3948 5350
162 408 257 463 217

1023 410 1267 467 SECTIU
1305 410 1429 464 I.—
1460 409 1646 464 ANTE
1666 408 1965 466 SCMMUM
2005 410 2540 468 PONTIFICAIUM.

3323 412 3428 469 2i8

160 528 351 598 Scripsi
409 526 599 598 itaque
664 528 1065 582 exhortatorias
1128 526 1385 597 epistolas
1442 525 1734 580 secundum
1766 528 1813 585 Λ
1843 526 2042 593 palatio
2097 527 2337 579 habitum
2382 543 2413 581 ν
2459 527 2580 582 ldus
2632 528 2799 582 Maias
2849 529 3028 583 subito
3072 528 3315 583 dissolvit
3367 543 3431 583 ac

160 621 486 675 intellectum
511 636 731 685 eorum,
769 619 1121 689 conjugibus,
1167 620 1350 674 liberis
1372 660 1386 683 ,
1418 619 1609 673 amicis
1638 636 1650 672 :
1680 628 1739 671 ut

162 712 206 763 in
237 710 335 765 fide
362 721 547 764 vestra
581 720 857 780 perstent,
905 710 1051 765 nullo
1089 712 1325 765 hostium
1371 712 1591 766 incursu
1634 721 1739 764 ter-

163 811 396 863 reantur,
444 817 745 873 eorumque
799 803 1081 872 exemplo,
1140 804 1183 857 si
1237 802 1455 857 fortuna
1520 803 1735 866 tulerit,

160 890 398 945 exsilium
473 892 655 960 potius
698 892 905 963 eligant
955 908 1052 963 pro
1108 893 1210 947 fide
1271 894 1425 947 vobis
1471 894 1736 947 servanda

159 999 308 1052 quam
352 985 548 1053 patria:
600 984 777 1037 solum
828 1000 952 1039 cum
1004 986 1251 1055 perfidia.
1301 985 1410 1039 Ilos
1452 999 1553 1055 ego
1596 985 1740 1039 viros

152 1078 208 1157 ίὶιι
234 1076 419 1143 primis
444 1076 801 1131 charissimos
823 1079 1017 1142 habeo,
1040 1078 1237 1147 quibus
1255 1078 1472 1149 gravius
1494 1077 1739 1147 estquod

163 1177 325 1219 vestra
354 1167 573 1235 negotia
599 1184 704 1220 non
738 1168 919 1222 valent
947 1170 1193 1239 exsequi,
1224 1185 1383 1237 quam
1407 1169 1547 1238 quod
1573 1168 1742 1238 capti-

163 1258 298 1311 vitati
324 1258 565 1312 hostium
595 1258 851 1312 videntur
880 1259 1101 1313 addicti.
1147 1258 1252 1314 Sed
1282 1260 1407 1330 quia
1437 1260 1739 1330 principum

163 1352 415 1406 dissensio
442 1352 703 1407 interitus
727 1368 1016 1423 regnorum
1052 1362 1165 1418 est,
1194 1353 1497 1423 principum
1534 1361 1743 1408 vestro-

165 1458 267 1496 rum
297 1443 591 1497 concordia
633 1444 930 1497 remedium
968 1451 1242 1497 tantorum
1286 1442 1551 1497 malorum
1585 1443 1740 1497 nobis

164 1533 263 1589 fore
283 1534 516 1589 videtur.
552 1534 853 1589 Funiculus
885 1535 1084 1605 quippe
1122 1534 1313 1605 triplex
1342 1532 1555 1590 diﬂicile
1587 1549 1738 1587 rum-

165 1626 311 1694 pitur.
354 1623 633 1681 Noveritis
679 1627 845 1680 etiam
887 1641 1045 1696 reges
1095 1625 1429 1680 Francorum
1481 1640 1580 1679 nos
1632 1640 1737 1679 non

163 1717 313 1785 aequis
344 1718 517 1772 oculis
546 1718 785 1781 intueri,
815 1732 880 1773 eo
905 1720 1046 1788 quod
1073 1720 1139 1773 de
1167 1729 1341 1771 vestra
1374 1717 1631 1772 fidelitate
1660 1716 1739 1773 eis

162 1808 420 1862 contraria
450 1810 760 1867 sentiamus
783 1851 795 1874 ,
826 1811 1096 1881 simulque
1139 1812 1281 1879 quod
1316 1810 1481 1864 multa
1510 1810 1739 1864 familia-

165 1901 306 1957 ritate
338 1902 585 1956 fruamur
613 1902 971 1958 Adalberonis
994 1903 1393 1973 archiepiscopi
1420 1902 1737 1968 Remorum,
1775 1910 1816 1968 Β

163 2008 303 2060 quem
337 1992 503 2047 simili
546 1995 615 2047 de
657 2010 824 2049 causa
856 1995 1189 2050 insectantes
1220 1993 1598 2050 nitidissimum
1636 1995 1737 2049 sibi

163 2090 359 2149 putant.
386 2080 439 2133 lu
471 2081 562 2136 his
584 2084 841 2138 omnibus
866 2084 995 2154 quid
1027 2100 1126 2139 nos
1158 2084 1335 2139 velitis
1365 2082 1544 2139 facere
1566 2126 1581 2149 ,
1618 2095 1672 2138 et
1695 2084 1739 2138 si

165 2172 288 2225 inter
332 2173 514 2226 hostes
562 2173 645 2226 via
686 2176 924 2242 patuerit
976 2176 1113 2235 ulla,
1162 2191 1269 2245 quo
1308 2184 1363 2229 et
1401 2178 1617 2243 quando
1653 2190 1715 2229 ve

165 2274 310 2320 stram
354 2268 698 2333 praesentiant
727 2283 1012 2335 possumus
1036 2268 1185 2322 adire
1212 2271 1413 2323 certius
1440 2268 1741 2337 s'g;.i.‘tca'e

165 2357 321 2421 nobis,
364 2360 570 2428 paratis
603 2373 701 2427 per
726 2358 907 2413 omnia
940 2360 1092 2413 vobis
1120 2360 1513 2428 obtemperare.
1542 2358 1649 2413 Res
1676 2375 1740 2413 eo

164 2457 447 2522 processit,
493 2468 546 2509 ut
581 2455 695 2523 jam
739 2473 845 2511 non
895 2458 961 2513 de
1016 2474 1111 2514 sua
1161 2459 1479 2529 expulsionc
1525 2469 1734 2528 agatur,

164 2548 287 2615 quod
316 2549 529 2602 malum
562 2549 838 2604 tolerabile
862 2562 1027 2616 esset,
1058 2552 1150 2607 sed
1179 2552 1245 2607 de
1268 2554 1378 2606 vita
1402 2554 1739 2622 etsanguine

167 2648 373 2694 certent.
429 2640 541 2696 Hoc
582 2642 712 2696 mihi
762 2658 946 2698 secum
996 2659 1286 2699 commune
1326 2654 1445 2709 est,
1490 2645 1643 2714 quasi
1680 2660 1739 2699 se

168 2742 330 2786 contra
347 2744 587 2788 conatus
602 2735 778 2805 regios
795 2735 1065 2790 incitanti.
1084 2736 1250 2791 Moles
1266 2737 1498 2805 denique
1518 2752 1738 2805 oppres-

168 2822 316 2876 siouis
356 2833 509 2877 tanta
537 2834 640 2888 est,
670 2826 947 2896 vestrique
977 2826 1215 2880 nominis
1253 2835 1399 2880 tanta
1428 2825 1647 2890 invidia,
1682 2834 1738 2879 ut

170 2928 278 2967 suas
291 2915 543 2970 miserias
557 2916 717 2971 nullis
732 2918 929 2972 audeat
949 2918 1101 2972 rubis
1115 2918 1418 2988 significare
1440 2918 1732 2987 rescriptis.

171 3004 262 3059 Sed
284 3005 395 3061 haec
421 3008 667 3077 tyrannis
698 3008 742 3063 si
778 3009 1083 3073 invaluerit,
1113 3009 1370 3079 locusque
1400 3012 1464 3065 az!
1492 3026 1586 3064 vos
1614 3026 1739 3079 pro-

173 3094 387 3167 fugiendi
421 3101 662 3168 patuerit
706 3100 808 3154 sibi
839 3141 854 3166 ,
881 3116 986 3155 non
1013 3100 1211 3155 frustra
1244 3104 1309 3157 de
1341 3103 1491 3157 vobis
1514 3102 1736 3156 meliora

174 3191 417 3255 senserit,
454 3205 607 3260 spem
634 3202 837 3247 certam
879 3192 1165 3259 habuerit,
1194 3196 1285 3263 qui
1335 3196 1487 3249 vobis
1528 3212 1592 3250 ac
1625 3194 1735 3249 filio

174 3291 332 3335 vestro
355 3282 406 3336 in
431 3298 543 3352 quo
570 3282 736 3337 valuit
761 3282 1079 3354 suffragium
1114 3287 1407 3341 meditatus
1431 3297 1533 3342 est.

688 3374 1025 3430 EPISTULA
1065 3376 1193 3431 Llll.

236 3479 297 3516 ΑΒ
334 3480 642 3520 ιοτιιιιῐιιωι
684 3482 856 3520 REGE)!
905 3483 969 3535 [ςῖ
1010 3484 1245 3523 PERSONA
1288 3486 1667 3525 AD.\I.BZRUNIS.

240 3550 359 3606 Vide
395 3552 720 3626 Putrologiw
767 3568 891 3610 lout.
926 3556 1119 3610 CXXX
1142 3558 1244 3611 γι]
1287 3561 1337 3614 iu
1383 3562 1738 3615 Aoacaenaae

175 3639 391 3699 REHENSI
409 3686 422 3709 ,
454 3647 606 3714 epist.
640 3647 692 3701 8.

696 3739 1026 3813 EPISTULA
1073 3742 1205 3796 LIV.

283 3843 347 3881 ΔΙ)
383 3845 747 3885 TREVIRENSEII
790 3848 1242 3890 ARCIIIEPISCOPUM
1281 3851 1346 3889 ΕΧ
1386 3852 1614 3892 Ρεῐιιοκλ

759 3920 1139 3961 ADAIJSEBONIS.

249 3989 365 4043 l'idc
394 3992 481 4045 ubi
508 4010 694 4060 supra,
724 3997 875 4061 epist.
905 3997 957 4051 9.

652 4105 1057 4161 EPISTOLA
1127 4108 1237 4164 LV.

770 4214 835 4251 AD
876 4214 1116 4254 EUMDEM.

247 4282 369 4339 ῖέτίε
399 4287 484 4339 ubi
511 4304 668 4357 supra
688 4329 701 4353 ,
734 4291 885 4358 epist.
916 4292 1003 4343 10.

699 4380 1029 4435 EI’IbTGL.\
1085 4382 1195 4437 LVI

773 4490 841 4526 ΑΙ)
879 4492 1116 4529 EL'DIDEM.

216 4554 373 4627 ,Vide
402 4561 489 4614 ubi
511 4579 685 4631 supra,
719 4565 868 4628 epist.
898 4564 981 4618 11.

392 4666 395 4669 '
679 4653 1007 4709 EI’ISTOLA
1050 4656 1203 4710 LVII.

567 4758 814 4799 OBJECTIO
845 4761 892 4797 ΙΝ
921 4760 1325 4799 Αωωειωκειι.

255 4824 377 4883 Vide
406 4830 490 4883 ubi
518 4850 693 4903 supra,
723 4835 872 4902 epist.
909 4834 994 4889 12.

676 4926 1007 4981 EI‘ISTOLA
1050 4927 1225 4982 LVIII.

806 5034 1002 5071 PLlIIlA'I
1019 5036 1089 5073 10.

261 5101 380 5157 Vide
410 5106 487 5160 ubi
510 5126 690 5179 supra,
722 5112 875 5178 epist.
908 5111 992 5163 15.

680 5200 1016 5255 EPISTOLA
1066 5202 1199 5255 LIX.

635 5308 920 5318 ...ι-..ιινμιπιο
956 5308 1239 5318 hn-.-n..-\o-.u
1274 5310 1599 5318 m-n-_-_-.__-

302 5302 316 5318 ι
328 5303 355 5318 λ
386 5302 547 5318 δην-ι.-

1844 616 2136 684 quuefecit.
2167 615 2527 671 Interfuerunt
2555 619 2623 672 de
2648 619 2844 673 vestris
2878 618 3100 687 quidem
3129 619 3234 673 dux
3264 620 3430 674 Caro-

1844 705 1946 771 lus,
1979 721 2163 760 eomes
2188 706 2526 769 Reinharius,
2558 709 2622 763 de
2652 709 2853 762 nostris
2881 708 3178 763 llerbertus
3206 709 3431 766 Trecas-

1842 798 2012 861 sinus,
2042 797 2136 852 sed
2164 798 2289 853 Otto
2319 798 2515 853 acriori
2564 814 2694 853 cura
2742 799 3017 863 exclusus,
3064 799 3236 853 adfuit
3264 802 3428 855 etiant

1842 888 2177 955 Gihewinus,
2225 890 2506 960 episcopus
2550 888 2927 945 Lauduneusis
2960 890 3231 945 Adalbero
3259 891 3431 945 frater

1842 980 2138 1046 Gocilonis,
2183 982 2371 1036 obside
2416 983 2564 1051 pacis
2610 984 2718 1035 tilio
2752 982 2939 1037 fratris
2966 983 3151 1037 Bardm
3187 988 3331 1047 dato,
3364 1002 3426 1039 ea

1841 1072 2152 1128 conditione
2181 1073 2373 1136 evasit,
2404 1083 2460 1126 ut
2486 1073 2628 1141 quod
2660 1071 2949 1143 Sigifridus
2995 1090 3057 1128 ac
3103 1071 3427 1131 Godefridus

1843 1164 2042 1218 facturi
2070 1164 2179 1217 sint
2206 1164 2429 1217 faciant.
2457 1164 2594 1231 Quid
2622 1165 2722 1219 hoc
2753 1165 2842 1228 sit,
2868 1164 3091 1220 Francis
3112 1181 3233 1236 spes
3258 1184 3427 1233 utero,

1843 1258 1997 1313 nobis
2025 1274 2112 1312 res
2138 1263 2323 1313 certa?
2354 1259 2587 1312 Tantum
2616 1268 2883 1329 superest.
2919 1276 3078 1327 quam
3115 1262 3339 1328 patriam
3376 1262 3427 1315 in

1844 1351 2095 1404 manibus
2121 1351 2349 1405 consilio
2383 1360 2437 1405 et
2466 1351 2665 1406 auxilio
2694 1361 2747 1406 et
2782 1350 2988 1404 viribus
3014 1354 3227 1415 tenetis,
3264 1354 3430 1405 hosti-

1842 1442 1942 1497 bus
1981 1443 2215 1499 consilio
2250 1453 2303 1497 et
2342 1444 2544 1497 auxilio
2575 1444 2847 1499 destitutis
2880 1445 3092 1499 tradere
3137 1461 3201 1499 ne
3231 1447 3427 1499 velitis.

1844 1534 2044 1590 Urbem
2079 1536 2497 1590 V'irdunensium
2549 1554 2577 1590 a
2624 1537 2811 1606 paucis
2860 1538 3195 1607 prtedonibus
3251 1539 3431 1607 quiete

1845 1628 2005 1691 tueri,
2040 1627 2282 1697 inquieto
2308 1637 2361 1682 et
2390 1629 2573 1698 iniquo
2616 1629 2800 1684 animo
2832 1630 2966 1693 fero,
3006 1631 3106 1685 nisi
3150 1630 3289 1686 forte
3331 1632 3431 1684 hoc

1844 1718 2036 1787 majori
2062 1718 2310 1771 dill’ertur
2339 1719 2589 1785 consilio,
2635 1728 2694 1774 ut
2741 1720 2880 1775 uttde
2911 1736 3014 1774 non
3046 1729 3265 1790 sperant
3290 1736 3429 1790 pra:-

1844 1808 1993 1879 cipiti
2022 1809 2235 1864 excidio
2262 1810 2559 1865 tabescunt.

2334 1923 2343 1933 ·
2397 1902 2727 1957 EPISTOLA
2762 1903 2874 1957 LX.

2286 2012 2595 2052 CEIIBERTL'S
2632 2014 2916 2052 INNOMINA'I
2928 2014 2983 2051 οο

1914 2089 2021 2143 Iles
2052 2088 2272 2144 celanda
2320 2089 2502 2144 multis
2548 2089 2811 2143 committi
2845 2106 2951 2142 non
3002 2089 3128 2141 vult.
3168 2086 3321 2155 Quod
3350 2088 3431 2143 di-

1842 2197 2000 2237 verso
2046 2182 2184 2252 ston
2235 2184 2391 2237 nobis
2438 2184 2713 2245 scribitur,
2765 2182 3008 2236 adversis
3059 2180 3281 2235 tractari
3321 2196 3430 2234 non

1842 2273 2036 2342 injuria
2071 2282 2309 2343 putatur.
2345 2272 2629 2328 Silentium
2672 2272 2831 2326 amici
2876 2273 3040 2326 vestri
3071 2271 3429 2326 Adalberonis

1842 2366 2116 2435 proprium
2148 2375 2369 2430 statum,
2404 2365 2671 2435 simulque
2704 2364 3067 2419 Ecclesiarum
3109 2363 3318 2417 Domini
3363 2378 3431 2418 ac

1840 2458 2022 2528 palatii
2053 2458 2382 2512 Francorum
2432 2458 2649 2512 indicat.
2686 2458 2841 2525 Quod
2873 2470 2930 2513 ut
2968 2466 3158 2528 potero
3195 2457 3431 2510 breviter

1840 2550 2138 2619 accingam.
2195 2548 2306 2619 Ego
2369 2548 2605 2603 fidelium
2657 2549 2886 2603 Caesaris
2954 2564 3058 2602 non
3119 2549 3427 2602 immemor.

1838 2642 2153 2711 Conjttratio
2180 2643 2232 2697 in
2262 2643 2427 2696 filium
2451 2642 2683 2697 (laesaris
2728 2657 2793 2697 ac
2823 2642 2874 2696 in
2917 2657 3009 2695 vos
3034 2649 3090 2696 et
3117 2649 3234 2695 acta
3265 2650 3347 2693 est
3376 2651 3429 2693 et

1838 2735 2033 2805 agitur,
2067 2750 2171 2788 non
2204 2734 2376 2789 solum
2406 2750 2433 2786 a
2461 2733 2817 2803 principibus,
2856 2734 2999 2788 inter
3029 2748 3164 2802 quos
3202 2730 3429 2784 Carolus

1838 2823 2075 2893 duxjam
2106 2842 2209 2878 non
2242 2824 2292 2878 in
2317 2823 2531 2879 occulto
2574 2833 2676 2887 est,
2729 2824 2821 2877 sed
2864 2823 3029 2877 etiam
3071 2836 3102 2875 a
3146 2819 3427 2881 militibus,

1838 2934 1973 2987 quos
2004 2932 2096 2986 spe
2136 2926 2227 2970 aut
2276 2925 2420 2970 metu
2476 2914 2617 2968 allici
2666 2925 2749 2969 εει
2804 2912 3080 2984 possibile.
3125 2910 3239 2963 Dux
3276 2908 3430 2979 ilugo

1838 3027 1929 3065 .vtv
1960 3010 2229 3065 Kalendas
2259 3009 2385 3064 Julii
2426 3025 2605 3078 regem
2647 3024 2710 3061 ac
2746 3008 2987 3079 reginam
3031 3003 3307 3059 osculatus
3350 3012 3434 3055 est

1839 3103 2054 3158 tandem
2085 3103 2281 3157 astutia
2313 3102 2692 3171 quorumdam,
2717 3109 2773 3153 ut
2802 3100 2853 3152 in
2885 3096 3262 3167 conjuratioue
3294 3094 3429 3147 tanti

1836 3195 1938 3247 viri
1970 3209 2163 3247 nomen
2216 3192 2331 3247 fore
2370 3200 2673 3263 putaretur,
2714 3190 2856 3259 quod
2912 3188 3132 3241 minime
3179 3197 3283 3250 est,
3333 3200 3435 3239 nec

1764 3270 1808 3330 (ἶ
1842 3283 1956 3337 fore
2004 3293 2257 3351 putamus
2300 3283 2398 3336 hac
2449 3290 2785 3352 tempestate.
2820 3277 3109 3345 Sigifridus
3154 3290 3337 3330 comes
3361 3276 3428 3328 ad

1844 3390 1939 3429 sua
1976 3374 2153 3436 rediit,
2190 3372 2515 3428 Godefridus
2547 3386 2753 3434 comes,
2803 3370 2847 3424 si
2893 3366 3275 3423 Castrilucium
3308 3380 3431 3418 cum

1844 3467 2051 3521 lIainao
2082 3466 2314 3520 Reniero
2356 3464 2624 3526 redderet,
2657 3478 2823 3532 seque
2861 3460 3137 3527 filiumque
3158 3473 3314 3512 suum
3345 3471 3439 3509 co-

1845 3563 2031 3616 mitatu
2077 3578 2140 3617 ac
2182 3562 2491 3630 episcopatu
2528 3559 2761 3629 privaret
2815 3555 3137 3612 Virdunensi
3166 3572 3179 3608 :
3207 3554 3272 3606 de
3309 3552 3436 3607 reli-

1843 3670 1949 3723 quo
1992 3654 2255 3722 integram
2297 3652 2455 3706 [idem
2498 3652 2832 3705 FranCorum
2878 3649 3097 3719 regibus
3128 3645 3434 3706 exhiberet,

1843 3745 1978 3799 datis
2012 3744 2290 3797 obsidibus
2340 3742 2587 3797 fortassis
2643 3740 2708 3793 ad
2756 3757 2851 3794 sua
2907 3752 3151 3793 remeare
3199 3735 3430 3789 valeret.

1843 3834 1991 3888 Finis
2038 3833 2353 3889 Theoderici
2401 3834 2553 3887 ducis
2601 3833 2880 3902 Hugoncm
2940 3832 3130 3884 ducem
3190 3828 3430 3897 respicit,

1842 3924 2095 3980 Ottonem
2164 3924 2504 3977 lleribcrtus.
2567 3923 2756 3977 Fidum
2827 3920 2975 3975 vobis
3036 3920 3430 3973 Ad.-.lberonem

1844 4016 2312 4084 archiepiscopum
2361 4030 2464 4083 pax
2520 4022 2800 4081 sequestra
2852 4025 2995 4064 nunc
3051 4011 3267 4063 tandem
3308 4024 3433 4061 couo

1844 4110 2018 4169 ciliat,
2067 4123 2131 4161 eo
2182 4115 2372 4174 pacto,
2418 4116 2475 4158 ut
2520 4105 2733 4159 interim
2794 4103 3107 4156 instituatur
3150 4109 3431 4169 perpetua.

1845 4204 1957 4267 Qua
1983 4199 2033 4251 in
2074 4213 2131 4251 re
2159 4208 2397 4251 vestrum
2440 4210 2791 4265 suorumque,
2825 4209 2920 4263 pro
2948 4206 3178 4261 quorum
3212 4189 3430 4243 nomine

1844 4291 2163 4356 antefertur,
2194 4308 2293 4345 nec
2330 4291 2445 4345 fieri
2469 4299 2649 4359 potest
2678 4298 2736 4343 ut
2766 4289 3059 4357 quidquam
3094 4284 3429 4345 instituatur,

1844 4384 1986 4451 quod
2017 4393 2207 4436 vestra:
2236 4397 2569 4451 suorumque
2616 4380 2776 4435 saluti
2817 4378 3080 4434 obsistere
3106 4375 3291 4446 possit.
3328 4373 3432 4425 La-

1846 4486 1963 4528 tens
2004 4490 2067 4528 ac
2112 4471 2308 4527 furtiva
2345 4473 2618 4541 expeditio
2668 4470 2849 4524 nescio
2893 4468 3088 4538 quibus
3131 4473 3432 4519 vestrorum

1845 4566 2021 4619 subito
2050 4565 2365 4619 intenditur.
2395 4565 2533 4631 Quid
2566 4575 2713 4617 trans
2736 4562 2984 4616 Rhenum
3016 4557 3316 4629 gesseritis,
3340 4571 3438 4608 nos

1768 4626 1818 4685 Ι)
1844 4654 1911 4710 de
1938 4665 2113 4710 vestra
2143 4654 2315 4709 salute
2348 4654 2592 4707 halantes
2622 4670 2728 4707 non
2758 4651 3025 4706 celabitis.

2383 4742 2717 4797 EPISTOLA
2760 4740 2897 4794 LXI.

2072 4852 2404 4891 Αωιιςειιοκι
2442 4848 2855 4889 ARCIIIEI‘ISCOPO
2887 4845 3212 4887 GERBERTUS.

1916 4931 1987 4987 Ut
2018 4930 2259 4984 voluistis
2287 4930 2591 4983 consultum
2625 4937 2728 4991 est,
2763 4942 2914 4979 mora
2945 4932 3124 4977 vestra
3171 4933 3337 4985 usque
3366 4917 3439 4969 ad

1847 5026 2262 5079 determinatum
2290 5024 2615 5092 colloquium
2642 5023 2690 5074 in
2721 5034 3009 5073 commune
3040 5014 3272 5067 laudata.
3299 5009 3441 5060 Arni-

1844 5116 1968 5168 citia
2000 5114 2238 5182 llugonis
2280 5129 2386 5166 non
2434 5114 2671 5181 segniter
2712 5109 3039 5176 expelenla,
3084 5100 3175 5154 Sed
3219 5098 3442 5151 υιιιιιίυυ

1843 5207 2148 5259 conandum
2199 5220 2264 5257 ne
2325 5204 2459 5257 bene
2514 5210 2687 5270 empta
2748 5199 2894 5251 tuale
2949 5197 3256 5249 abutamur.
3308 5188 3446 5241 Nam

2525 5294 2554 5316 1.
2577 5309 2637 5316 ,λη
2689 5298 2766 5316 .m-
2820 5289 2919 5316 ,ειηι
2970 5289 3158 5316 nncnin
3209 5293 3441 5314 nltnlutln
