3948 5350
507 407 615 466 219

1182 410 1545 467 SILVESTRI
1581 411 1622 467 II
1662 408 1866 466 ΡΛΡᾹΞ
1899 408 2049 465 OPP.
2081 405 2264 463 PARS
2282 404 2368 462 III.
2394 404 2692 461 -—EPIST.
2724 404 2813 460 ET
2836 401 3111 459 DIPLOM.

3686 401 3790 457 220

507 520 664 576 Gnal.
703 521 952 575 abbatem
993 529 1238 576 nostrum
1264 522 1558 576 Airardum
1589 521 1732 575 inter
1771 528 1998 575 caeteros
2034 518 2101 571 ad
2128 522 2179 580 Α
2204 515 2469 572 hilitatem
2499 514 2589 573 ob.
2611 526 2853 571 nostram
2894 514 3452 578 commendationem,
3480 521 3538 569 et
3575 514 3625 569 si
3661 530 3790 585 pace

508 627 566 667 se
600 612 783 666 venire
811 622 946 666 orat.
998 613 1053 667 ld
1106 626 1163 666 ut
1207 621 1429 683 peragat
1471 628 1790 682 persuasum
1836 611 1902 664 iri
1942 622 2099 680 posse

507 706 849 759 rontidixnns.
882 705 1162 775 Colloquio
1199 706 1378 760 soluto
1420 721 1601 760 moras
1646 719 1837 760 omnes
1883 702 2096 767 solvite,

507 795 739 864 urbique
769 810 832 851 ac
857 796 1055 850 vestris
1094 811 1190 850 vos
1218 796 1506 851 restituite.
1576 834 1577 839 η

1046 906 1374 962 EPISTOLA
1411 906 1564 961 LXII.

600 1016 666 1053 A‘D
703 1013 1003 1054 BEATRICEII
1042 1014 1215 1055 υυίιελι
1253 1015 1321 1053 EX
1362 1014 1593 1052 PEIISONA
1626 1008 2008 1052 ADALBBRONIS.

593 1069 718 1144 v'ide
769 1089 1087 1160 l’utrelogiw
1125 1100 1249 1144 (om.
1298 1087 1621 1144 CXXXVII
1652 1089 1705 1142 in
1744 1088 2101 1142 Αυλιιιειιοκε

512 1182 781 1248 Πευειιδι,
813 1186 963 1255 epist.
995 1183 1080 1237 Η.

1038 1275 1373 1333 EPISTOLA
1416 1274 1599 1330 LXIII.

1132 1383 1199 1422 AD
1237 1382 1477 1422 Ελιιυιξδι.

598 1458 725 1514 Vide
756 1459 842 1512 ubi
873 1476 1053 1531 supra,
1085 1460 1231 1529 epist.
1264 1459 1352 1513 I5.

1022 1551 1355 1607 EPISTULA
1398 1549 1580 1606 LXlV.

1129 1659 1197 1698 AD
1236 1658 1476 1698 ΕᾹΜΜΞΜ.

600 1730 725 1787 Vide
748 1734 835 1788 ubi
860 1752 1044 1805 supra,
1066 1734 1216 1805 epist.
1249 1734 1338 1789 16.

1044 1844 1375 1901 EPISTOLA
1414 1841 1573 1899 LXV.

708 1951 778 1990 λι)
816 1952 1128 1992 NITIIARDUM
1169 1952 1411 1991 ABIMTI-l.“
1453 1948 1890 1991 )IEIIIIIJ-ICENSEM.

590 2025 817 2097 Semper
853 2029 1068 2097 quidem
1110 2028 1464 2099 plurimorum
1510 2027 1727 2081 utilitati
1775 2023 2109 2096 prospicien-

519 2116 687 2183 dum,
751 2118 1087 2188 privatisque
1138 2121 1438 2175 commodis
1487 2120 1702 2189 publica
1749 2116 2102 2188 prmferenda.

516 2206 767 2264 Fratrem
800 2211 974 2266 Gaud.
1007 2212 1187 2268 subito
1211 2228 1332 2267 cum
1372 2227 1431 2267 re
1472 2213 1617 2266 omni
1648 2209 1896 2265 familiari
1923 2216 2107 2277 parata

519 2314 585 2353 ac
620 2303 860 2371 paranda
911 2304 1092 2359 redire
1138 2305 1362 2375 cogitis,
1408 2302 1551 2357 nulla
1596 2301 1852 2373 temporis
1900 2298 2108 2353 ratione

521 2394 727 2449 habita.
776 2395 960 2452 Soline
1001 2408 1182 2453 tantos
1222 2408 1402 2452 motus
1445 2396 1620 2453 civilis
1664 2393 1786 2450 belli
1833 2408 1939 2448 non
1985 2407 2112 2447 scn-

521 2488 711 2542 sistis?
736 2491 828 2558 qui
855 2491 1058 2546 domini
1086 2507 1266 2546 rerum
1298 2507 1363 2546 ac
1388 2491 1663 2562 principes
1690 2504 1809 2543 esse
1837 2488 2107 2551 videntur,

522 2577 716 2633 itinere
739 2578 1006 2651 frequenti
1028 2582 1183 2653 eqpis
1207 2583 1407 2638 attritis
1428 2582 1656 2638 comites
1682 2581 1918 2635 rariores
1948 2581 2114 2634 babe-

524 2686 666 2726 mus.
696 2672 878 2727 Taedio
911 2675 1227 2729 monasterii
1266 2690 1388 2729 cum
1416 2674 1555 2728 nolle
1586 2674 1761 2727 redire
1791 2672 2026 2734 dixistis,
2061 2671 2111 2726 id

525 2780 594 2818 ne
621 2779 808 2820 verum
839 2765 909 2821 sit
940 2783 1158 2837 «ptoqno
1194 2766 1353 2823 modo
1382 2767 1633 2822 reducem
1664 2765 1885 2820 tenetis.
1911 2763 2114 2818 Conse-

526 2859 712 2925 quitur
734 2874 864 2931 ergo
896 2869 954 2914 ut
983 2860 1034 2914 in
1068 2862 1172 2916 hoc
1200 2860 1548 2932 experiamur
1577 2872 1943 2931 paucornmne
1966 2872 2114 2911 cont-

527 2951 768 3019 modum,
799 2967 865 3006 an
898 2953 1211 3017 multorum,
1241 2953 1312 3008 sit
1337 2954 1489 3009 vobis
1516 2953 1827 3024 pretiosius.

1040 3064 1372 3120 EPISTOLA
1415 3065 1504 3119 LX
1517 3065 1600 3119 \‘l.

722 3169 789 3207 AD
829 3170 1173 3210 NOTEGAIIIL'M
1213 3172 1501 3212 EI‘ISCOI‘U)!
1545 3170 1927 3213 l.I~'.ODICE.\'SFJI.

600 3209 742 3298 ’νίιιε
787 3243 1106 3316 ραινοιυρετυ
1145 3209 1504 3301 etiam
1524 3209 1636 3301 vi]
1652 3209 1721 3300 is};
1756 3209 2113 3303 Abarnenoss
2140 3235 2187 3300 c

531 3331 772 3388 Rsueusr
831 3336 979 3405 epist.
1015 3335 1100 3390 t7.

1042 3426 1377 3485 EI’ISTOLA
1420 3428 1624 3485 LXVII.

831 3535 899 3574 AD
937 3535 1153 3576 EUMDEM
1194 3537 1261 3576 EX
1303 3538 1531 3577 PERSHSA
1572 3537 1819 3578 EJL'SIIEM.

616 3607 749 3665 Vide
782 3612 872 3665 ubi
898 3629 1091 3679 supra,
1123 3615 1274 3683 episl.
1312 3614 1394 3669 I8.

1026 3725 1358 3783 EPISTOIA
1398 3728 1484 3782 LX
1498 3728 1626 3783 VIII.

973 3833 1041 3871 AD
1098 3833 1344 3873 ADBATEII
1405 3835 1694 3875 IIAINEIICII.

610 3905 869 3973 Quamvis
913 3907 1323 3979 intelligentiam
1351 3920 1586 3964 vestram
1615 3926 1720 3965 non
1756 3910 1917 3968 lateat
1946 3920 2119 3966 artem

539 3999 739 4052 artium
789 3999 1029 4070 regimen
1060 4016 1180 4055 esse
1220 4002 1558 4067 animarum,
1602 4012 1781 4057 tamen
1817 4013 1925 4057 tant
1960 4018 2123 4059 occu-

538 4089 683 4158 patis
710 4090 761 4144 in
807 4093 995 4160 repnb.
1041 4094 1381 4165 Suggessisse
1424 4110 1528 4150 non
1575 4095 1764 4151 inutile
1808 4096 1981 4151 visunt
2014 4107 2118 4152 est.

540 4180 790 4238 Fratrem
838 4182 1031 4255 Menig.
1088 4202 1248 4255 quem
1298 4187 1451 4242 suavi
1502 4187 1749 4256 eloquio,
1805 4187 2123 4244 alfabilitate

538 4283 763 4342 paterna
795 4277 1154 4331 transmarina
1188 4286 1400 4333 mutare
1426 4279 1704 4347 eoegistis,
1737 4279 2032 4334 Inerentem
2059 4295 2123 4334 ac

543 4365 763 4420 dubium
812 4367 1008 4435 quibus
1049 4368 1315 4425 valuimus
1358 4371 1644 4425 sententiis
1688 4380 1924 4426 vestram
1972 4388 2124 4426 man-

544 4457 883 4512 suetudinem
933 4460 1033 4513 sibi
1079 4469 1258 4513 notam
1302 4461 1536 4530 experiri
1580 4462 1966 4530 persuasimus.
2010 4462 2124 4515 Erit

542 4564 673 4619 ergo
695 4549 839 4603 docti
870 4551 988 4609 viri.
1023 4566 1172 4607 more
1203 4552 1325 4607 boni
1361 4552 1573 4614 medici,
1610 4552 1811 4606 mellita
1854 4552 2119 4623 proferre,

546 4654 615 4694 ne
657 4640 830 4708 primo
872 4650 1026 4711 gustu
1068 4643 1269 4696 amaris
1312 4642 1535 4713 ingestis
1572 4642 1860 4708 antidotis,
1893 4644 2120 4699 salutem

544 4746 697 4785 suam
727 4730 1169 4788 formidabnndus
1197 4734 1417 4803 incipiat
1449 4750 1828 4803 expavescere.
1858 4733 1970 4788 IIac
1992 4751 2123 4789 con-

542 4823 765 4887 dit’one,
781 4824 823 4877 si
848 4824 1043 4893 placet,
1069 4826 1354 4894 suscipite;
1378 4826 1422 4881 si
1451 4827 1719 4895 displicet,
1749 4842 1816 4880 ne
1838 4824 1974 4881 forte
1996 4842 2127 4897 ιιι-οη

541 4916 734 4970 ditat-is
755 4914 1043 4988 fungantur
1063 4917 1257 4986 oliicio,
1283 4933 1389 4988 quo
1419 4918 1547 4974 velit
1572 4919 1746 4974 redire
1767 4933 1922 4990 mquo
1944 4919 2126 4974 animo

540 5007 699 5062 ferte.
1531 5013 1541 5019 '

1061 5103 1393 5161 EPISTOLA
1430 5103 1615 5160 LXIX.

674 5211 741 5250 Αι)
779 5212 1064 5252 εειιειιτιιη
1102 5214 1547 5255 Αιιειιιειηεοοιδυιι
1590 5213 1981 5254 τηεγιιιεκδειι.

613 5288 727 5314 MU...
766 5301 1073 5314 Ag.-._---l..-h
1108 5308 1217 5314 ρ---
1257 5293 1393 5314 ..ι-ΑΔ,

1467 5295 1493 5314 ¹’
1534 5291 1661 5314 ἐ’-’δ’
1702 5290 2026 5328 “’wInnnncI
2059 5290 2125 5328 tIn

2209 614 2393 662 vestra
2439 605 2555 662 ﬁeri
2584 615 2790 677 potest,
2824 620 2891 661 ne
2916 615 3098 661 careat
3127 604 3322 661 studiis
3347 605 3547 675 quibus
3576 606 3788 677 imper

2203 698 2316 754 sius
2344 712 2565 768 operam
2597 699 2727 754 dare
2757 699 3042 769 disposuit.
3082 752 3089 761 ,

2686 845 2691 849 -
2723 808 3057 865 EPISTOLA
3098 807 3265 864 LXX.

2453 920 2520 959 AD
2560 918 2798 958 MAIOLU‘I
2838 916 3084 957 ABBATEM
3122 915 3541 957 CLUNIACENSEII.

2273 995 2388 1050 Etsi
2433 994 2677 1066 vigilanti
2731 1008 2861 1048 cura
2909 1008 3101 1063 super
3133 1003 3319 1048 vestro
3365 1007 3528 1063 grege
3573 991 3792 1046 assidue

2202 1088 2450 1156 occupati
2476 1087 2610 1141 estis
2629 1127 2643 1153 ,
2674 1085 3043 1156 propensioris
3072 1095 3155 1139 est
3185 1092 3364 1138 tamen
3394 1083 3717 1147 charitatis,
3747 1082 3788 1136 si

2205 1178 2365 1232 alieni
2406 1179 2583 1249 gregis
2623 1177 2877 1248 contagio
2922 1177 3191 1231 interdum
3239 1175 3550 1230 medemini.
3589 1174 3793 1229 Floria—

2204 1270 2383 1325 censis
2413 1269 2646 1324 etenobii
2676 1278 2898 1339 propter
2920 1265 3279 1322 reverentiam
3308 1266 3488 1321 Patris
3514 1265 3794 1320 Benedicti

2204 1377 2476 1416 summum
2509 1361 2684 1416 locum
2717 1375 2883 1431 penes
2905 1360 3217 1421 monachos,
3248 1367 3308 1412 ut
3333 1358 3508 1419 aiunt,
3535 1370 3796 1427 pervasor

2203 1452 2511 1522 occupavit.
2544 1451 2599 1507 Si
2631 1467 2728 1506 vos
2758 1451 2977 1513 tacetis,
3010 1450 3134 1519 quis
3162 1447 3447 1518 loquetur?
3475 1446 3591 1501 Hoc
3619 1446 3796 1500 incor-

2207 1555 2376 1607 recto,
2407 1543 2529 1613 quis
2560 1542 2836 1612 improbus
2864 1540 3062 1595 similia
3087 1555 3193 1594 non
3224 1536 3503 1608 sperabit!
3537 1535 3652 1591 Nos
3684 1535 3797 1606 qui.

2206 1639 2331 1694 dem
2375 1640 2490 1693 luce
2530 1636 2647 1691 zelo
2677 1635 2844 1691 divini
2892 1634 3093 1689 amoris
3133 1633 3394 1695 dicimus,
3428 1639 3485 1686 et
3514 1638 3575 1685 ut
3614 1637 3797 1684 nostro

2206 1732 2456 1786 examine
2486 1731 2529 1786 si
2576 1731 2776 1801 probus
2815 1737 2899 1784 est
2926 1726 3239 1797 recipiatur,
3285 1724 3329 1780 si
3366 1722 3647 1793 improbus
3687 1734 3798 1776 om-

2204 1823 2356 1875 nium
2396 1821 2651 1875 abbatum
2699 1834 2762 1875 ae
2809 1817 3094 1873 monastici
3141 1816 3348 1871 ordinis
3389 1814 3691 1875 societate;
3733 1810 3797 1865 ad

2134 1885 2177 1942 Β
2207 1924 2419 1979 pomam
2443 1926 2554 1964 sua:
2583 1908 2943 1964 damnationis
2972 1908 3231 1978 privetur.
3271 1904 3424 1972 Quod
3444 1903 3595 1960 vobis
3622 1911 3801 1958 ratum

2207 2003 2403 2060 litteris
2424 2002 2619 2059 vestris
2646 2003 2801 2057 nobis
2830 2002 2921 2056 ﬁet
2947 1999 3408 2071 acceptissimum.

2728 2115 3065 2174 EPISTOLA.
3102 2114 3289 2171 LXXI.

2420 2228 2487 2266 AD
2523 2215 3091 2266 θεηλιωωιᾈυιιιλτελι
3132 2220 3579 2283 Αυιιθιιλλςεκςεδι.

2279 2301 2323 2359 Ο
2346 2302 2570 2356 nimium
2603 2302 2795 2356 dilecte
2827 2300 2958 2367 Deo,
2990 2301 3187 2355 ardere
3228 2297 3384 2353 bellis
3412 2298 3602 2352 orbem
3627 2304 3803 2351 terra-

2211 2405 2329 2443 rum
2375 2391 2561 2453 vides,
2603 2399 2657 2443 et
2701 2390 2766 2442 ad
2806 2388 3244 2458 Ommpotentem
3294 2400 3488 2441 manus
3524 2399 3622 2455 pro
3658 2394 3800 2440 statu

2211 2480 2573 2535 licelesiarnnt
2604 2478 2815 2533 Domini
2845 2492 2949 2532 non
2978 2477 3169 2549 erigis!
3205 2474 3556 2531 Salutit'crnm
3582 2474 3799 2543 quidem

2212 2571 2317 2625 iter
2353 2568 2746 2637 cltaritatisqne
2789 2567 3005 2638 plenum
3052 2567 3118 2621 ad
3166 2565 3352 2619 limina
3395 2563 3539 2619 beati
3583 2560 3803 2617 Ccraldi

2212 2678 2310 2719 nos
2331 2662 2532 2718 habere
2552 2661 2749 2731 cupitis
2774 2677 2789 2714 :
2815 2660 2900 2715 cui
2925 2668 3053 2714 voto
3074 2658 3278 2713 utinam
3311 2655 3482 2711 faveat
3509 2654 3796 2710 Div-initas!

2212 2754 2318 2808 Sed
2349 2752 2400 2807 id
2431 2767 2593 2823 quam
2623 2750 2838 2806 dillieile
2868 2751 3014 2804 laetu
3040 2749 3111 2804 sit
3143 2747 3302 2803 facile
3331 2745 3671 2816 intelligitur,
3700 2744 3801 2799 nisi

2213 2854 2391 2899 vestra
2442 2843 2728 2899 obtineant
2780 2842 2996 2898 merita.
3059 2842 3135 2897 De
3189 2854 3315 2911 rege
3365 2839 3637 2894 Ludovico
3682 2838 3801 2907 quis

2217 2936 2485 2990 habeatur
2534 2933 2848 2998 consulitis,
2908 2942 2965 2987 et
3013 2947 3082 2987 an
3135 2931 3412 2987 exercitus
3461 2928 3795 2984 Francorum

2214 3029 2473 3083 auxilium
2503 3026 2713 3084 Ilorello
2741 3026 2951 3080 laturus
2982 3024 3073 3080 sit.
3102 3022 3303 3078 llorum
3330 3022 3562 3093 primum
3590 3034 3621 3073 a
3649 3019 3802 3073 nobis

2217 3120 2440 3176 minime
2465 3118 2634 3189 quaeri
2668 3125 2914 3189 oportet,
2948 3116 3246 3185 quoniam,
3278 3122 3339 3168 ut
3373 3114 3452 3167 ait
3488 3109 3799 3174 Sallustius,

2218 3225 2407 3266 onlnes
2440 3210 2687 3264 homines
2713 3209 2805 3279 qui
2836 3207 2903 3262 de
2929 3206 3091 3261 rebus
3118 3204 3301 3259 dubiis
3330 3201 3619 3259 consulunt
3644 3214 3803 3270 Opor-

2222 3314 2297 3358 tet
2324 3316 2443 3357 esse
2482 3310 2717 3355 t‘t‘lttulos
2743 3301 2811 3355 ab
2838 3314 2934 3361 ll'd,
2966 3297 3112 3362 odio,
3145 3295 3535 3351 misericordia.
3558 3292 3803 3348 Alterum

2219 3410 2409 3470 suapte
2440 3408 2634 3454 natura
2662 3397 2869 3461 adesse,
2894 3405 2947 3450 et
2979 3410 3083 3449 non
3113 3406 3236 3447 esse
3255 3390 3539 3460 atqualiter
3559 3401 3811 3459 vergens,

2223 3502 2408 3547 nostra
2458 3489 2815 3561 intelligentia
2856 3487 3029 3558 magis
3068 3485 3281 3540 videtur
3325 3483 3547 3538 tendere
3594 3479 3662 3534 ad
3703 3495 3804 3532 non

2221 3599 2360 3638 esse.
2399 3582 2609 3653 Organa
2641 3597 2827 3652 porro,
2849 3590 2904 3635 et
2930 3595 3050 3648 qua:
3081 3576 3234 3631 vobis
3263 3574 3419 3645 dirigi
3451 3570 3804 3643 prmcepistis,

2224 3678 2278 3733 in
2324 3676 2473 3730 Italia
2510 3685 2926 3737 conservantur,
2954 3685 3087 3741 pace
3127 3683 3414 3740 regnorum
3443 3665 3582 3720 facta
3614 3663 3805 3718 vestris

2227 3767 2510 3822 obtutibus
2545 3761 3010 3835 repra‘sentanda.
3053 3759 3183 3827 Qua:
3213 3758 3351 3813 ltosti
3381 3754 3525 3824 juris
3555 3763 3721 3819 sunt,
3751 3761 3810 3805 nt

2226 3872 2405 3915 vestra
2446 3867 2708 3929 spectate.
2750 3853 3172 3911 Desiderabiletn
3212 3849 3558 3921 prazsenliam
3601 3847 3674 3917 pii
3707 3846 3805 3902 Pa-

2226 3952 2356 4015 tris,
2398 3951 2480 4005 vel
2531 3965 2693 4005 causa
2737 3948 2879 4003 beati
2928 3943 3158 4013 Remigii
3192 3943 3524 3998 Francorum
3573 3935 3802 4009 apostoli

2224 4043 2657 4098 desiderantilms
2680 4041 2805 4096 (iliis
2823 4039 3099 4104 exhibete,
3124 4045 3182 4091 ut
3205 4045 3451 4091 nostrum
3477 4028 3808 4103 impossibile

2224 4144 2408 4188 vestro
2436 4131 2682 4188 solvatur
2706 4129 2972 4201 possibili.

2721 4237 3057 4295 EPISTULA
3098 4236 3308 4293 LXXII.

2260 4350 2328 4389 AD
2368 4348 2679 4389 STEPHANI)“
2724 4344 3028 4395 DIACOXUII,
3071 4346 3212 4384 DATA
3252 4343 3304 4382 γι
3344 4342 3469 4382 NON.
3513 4341 3774 4381 NAB'I‘IAS.

2295 4425 2578 4494 Esseqniis
2608 4424 2808 4479 domini
2847 4422 3090 4477 Lotltarii
3136 4420 3276 4491 regis
3303 4419 3559 4488 occupati
3638 4417 3805 4472 multa

2226 4518 2321 4573 tibi
2350 4517 2613 4588 quaerenti
2649 4531 2816 4586 pauca
2855 4515 3254 4585 rescripsinms.
3296 4511 3690 4566 Lotbarienses
3720 4510 3809 4565 du-

2152 4607 2200 4666 D
2229 4612 2355 4668 dum
2383 4612 2525 4681 capti
2548 4625 2737 4665 onmes
2758 4608 2926 4679 elapsi
2949 4617 3096 4673 sunt,
3127 4614 3326 4676 praeter
3353 4603 3611 4659 comitem
3638 4600 3810 4657 Code-

2228 4701 2467 4768 fridmn,
2511 4705 2579 4757 de
2621 4717 2728 4773 quo
2774 4702 2826 4755 in
2861 4698 3015 4755 brevi
3057 4697 3279 4752 meliora
3323 4704 3636 4767 sperantur.
3685 4691 3809 4759 Qua:

2230 4814 2395 4870 penes
2433 4806 2484 4852 te
2523 4788 2750 4867 tuoSque
2780 4805 3012 4867 agantur
3042 4792 3282 4849 rescribe
3302 4832 3317 4857 ,
3347 4802 3509 4861 atque
3545 4803 3643 4859 per
3670 4786 3810 4843 hunc

2231 4889 2467 4960 legatum
2505 4888 2674 4943 libros
2717 4897 2805 4942 tua
2850 4885 3119 4940 industria
3160 4882 3317 4938 nobis
3360 4880 3658 4951 rescriptos
3685 4891 3811 4933 con—

2230 4990 2497 5037 summata
2529 4981 2796 5037 cbaritate
2823 4978 3062 5033 remitte.

2719 5090 3053 5148 EPISTOLA
3092 5087 3322 5145 LXXIII.

2434 5204 2502 5242 Αι)
2539 5201 2854 5242 ΝΙἸἹΙΑΙΠΠῙΜ
2891 5199 3135 5238 ΑΒΒΛΤΕΙΙ
3176 5192 3608 5236 ιιευειεοεκεειι.

2303 5280 2457 5314 nam:
2489 5291 2665 5314 uncum
2694 5276 2978 5314 nmnconlin
3021 5275 3288 5314 inlnrrInln
3326 5285 3431 5314 nnn
3462 5265 3802 5314 nerl'rnimur.
