3948 5350
158 439 245 493 221
378 486 390 494 .
1061 438 1302 494 SECTIO
1338 439 1376 492 Ι.
1403 470 1472 478 -
1508 438 1693 522 Ai‘t'TE
1734 441 1739 490 1

1850 437 2032 495 tuon
2074 437 2606 495 PONTIFICATUM.
2657 415 2659 417 ’

3324 438 3432 493 221

159 563 304 616 quor,
350 555 627 600 maturate
683 547 806 601 iter.
847 545 982 602 Nam
1029 557 1123 602 aut
1170 548 1464 617 imperialis
1506 549 1614 603 cito
1653 565 1736 603 me
1768 555 1814 613 Α
1844 567 2041 621 genere
2068 553 2279 621 pervasi
2305 561 2446 606 sunt.
2477 550 2857 606 Sanctuarium
2882 550 3094 607 Domini
3117 552 3429 621 corrupisti,

158 641 358 706 colliget
412 638 582 703 aula,
633 647 724 691 aut
771 639 1100 708 quantocius
1146 640 1344 694 omissa
1391 640 1480 690 diu
1534 647 1742 707 repetet

162 730 385 784 Hiberia.

636 819 969 874 EPISTOLA
1015 819 1175 872 LXXI
1190 820 1250 873 V.

300 928 366 966 AD
405 927 692 967 ECBERTUM
735 929 1187 968 ,ιιῐιαιιιεῐδιδεωῐιωι
1227 931 1294 968 Εἰ
1332 930 1560 970 I’ERSONA

757 1001 1141 1039 ADALBERONIS.

232 1071 354 1125 fide
388 1070 714 1144 Patralogiw
743 1085 870 1127 tom.
909 1072 1110 1127 CXXX
1129 1074 1235 1128 VII
1255 1115 1268 1137 ,
1311 1076 1363 1128 in
1387 1077 1744 1130 ADALBERONE

161 1165 385 1219 Iluassx
406 1205 420 1230 ,
453 1167 606 1234 epist.
641 1167 734 1220 2t).

658 1256 990 1311 EPISTULA
1032 1255 1244 1310 LXXV.

356 1366 426 1402 EX
472 1365 708 1402 Ρειιδυκλ
738 1365 896 1403 [Mihi-3
934 1364 1143 1403 ΒΕΟΙΝΞ
1176 1365 1242 1402 AD
1276 1363 1519 1402 NATBEI.

223 1462 459 1515 Domina:
511 1464 776 1515 Aoeutm
826 1460 1155 1530 imperatrici
1206 1474 1423 1528 semper
1490 1460 1741 1528 Augusta:

165 1554 305 1607 Etuta
336 1556 612 1622 quondam
648 1554 853 1624 regina,
887 1569 1029 1606 nunc
1058 1552 1258 1606 lumine
1286 1551 1619 1605 Francorum
1651 1566 1744 1605 or-

165 1650 294 1700 bat-.1.

224 1740 411 1809 Elapso
437 1748 568 1792 sunt
595 1748 834 1807 tempora
858 1753 1099 1791 mearum
1128 1735 1466 1801 deliciarum,
1499 1745 1743 1808 tempora

163 1833 357 1885 dcenris
388 1832 517 1893 mei,
547 1847 580 1884 0
609 1830 680 1882 ιιιὶ
707 1830 945 1892 domina,
974 1839 1029 1883 et
1049 1845 1082 1882 0
1111 1829 1281 1884 dulcis
1307 1838 1478 1882 mater
1503 1847 1514 1881 :
1543 1829 1668 1882 dum
1701 1831 1744 1883 is

1849 647 2220 700 sinctuarium
2276 647 2486 700 Domini
2541 646 2851 716 pervasisti,
2882 661 2946 700 ac
2996 646 3260 714 possides.
3301 645 3436 712 Spe-

1848 740 2001 792 lunca
2057 738 2325 791 latronum
2381 739 2521 790 facta
2572 753 2653 791 es.
2707 737 2900 792 llosles
2953 738 3172 791 humani
3219 737 3432 806 generis

1847 827 2006 880 amici
2063 827 2136 880 lui
2191 826 2340 879 obliti
2381 827 2670 896 virginum,
2719 827 3003 895 sanctique
3052 827 3152 879 tori
3202 841 3433 879 consan-

1848 917 2129 986 guiuitatis
2187 924 2240 969 et
2300 916 2558 978 muneris,
2609 926 2663 969 et
2724 914 2834 983 jam
2899 917 2950 969 in
3013 917 3184 971 sacris
3241 915 3434 971 diebus

1850 1018 1901 1062 et
1960 1010 2009 1061 in
2067 1010 2238 1062 sacris
2297 1009 2427 1063 locis
2496 1008 2823 1062 horrendum
2892 1010 3118 1080 lupanar
3187 1008 3433 1063 fecerunt

1849 1108 1920 1153 te.
1955 1099 2159 1152 Altaria
2193 1100 2400 1153 Domini
2452 1099 2692 1154 calcibus
2740 1101 2890 1154 allisa
2950 1117 3013 1154 ac
3054 1101 3322 1170 ligonibus
3347 1100 3432 1154 cf-

1847 1190 1990 1245 fossa
2018 1201 2161 1246 sunt.
2187 1191 2328 1260 Opes
2358 1191 2731 1260 religiosorum
2755 1202 2809 1245 et
2837 1209 3129 1262 pauperum
3155 1193 3354 1262 rapinae
3377 1201 3433 1246 et

1848 1284 2109 1337 incendiis
2137 1293 2446 1353 patuerunt.
2477 1285 2791 1349 Revertere,
2829 1295 3100 1339 revertere
3130 1287 3195 1340 ad
3242 1299 3427 1354 pacem

1850 1376 2212 1428 lieclesiarum
2267 1385 2322 1429 et
2367 1377 2432 1429 ad
2464 1375 2722 1428 unitatem
2759 1393 3068 1445 regnorum,
3101 1377 3289 1430 civitas
3316 1376 3429 1429 vir-

1850 1476 2020 1520 tutum
2045 1467 2335 1536 expultrix.
2365 1482 2427 1520 ac
2449 1468 2700 1522 vitiorum
2733 1469 3020 1536 receptrix.
3047 1470 3111 1522 Et
3135 1485 3246 1536 vos,
3270 1468 3430 1538 siqui

1847 1558 1998 1619 estis,
2029 1557 2234 1610 Domini
2267 1575 2390 1628 pars
2414 1559 2620 1624 melior,
2652 1560 2821 1614 redite
2845 1569 2898 1613 et
2928 1561 3253 1628 separantini
3289 1559 3434 1615 velut

1848 1665 1976 1702 oves
2029 1649 2097 1703 ab
2151 1651 2337 1704 haedis.
2374 1651 2630 1704 Novimus
2659 1652 3045 1718 antesignanos
3085 1652 3300 1721 pollutze
3352 1652 3431 1706 ci-

1847 1740 2054 1802 vitatis,
2092 1741 2338 1794 novimus
2368 1742 2634 1795 satellites
2664 1742 3052 1812 manipulares,
3087 1759 3224 1812 quos
3249 1743 3434 1798 divino

1850 1829 2026 1898 gladio
2061 1829 2330 1884 feriendos
2383 1832 2646 1888 hactenus
2694 1834 2952 1903 patientia
3005 1835 3244 1887 tulimus.
3281 1833 3433 1891 Nunc

163 1942 257 1992 quo
277 1923 500 1976 ﬂorente
528 1923 814 1984 ﬂorebant,
845 1938 950 1990 quo
982 1929 1239 1988 regnante
1267 1921 1580 1991 regnabam.
1610 1937 1738 1976 con-
1776 1916 1816 1972 Β
1845 1919 2089 1972 thcilatc
2114 1921 2310 1974 mentis
2328 1937 2544 1990 pressos
2565 1932 2619 1976 et
2641 1922 2870 1993 caligine
2896 1923 3083 1976 mortis
3101 1924 3429 1992 consopitos,

159 2019 323 2085 jrgeat
355 2016 406 2067 in
445 2023 775 2084 perpetuum
820 2015 1037 2066 viduam
1072 2012 1215 2066 fecit.
1249 2011 1293 2066 Ο
1324 2029 1509 2065 atuara
1545 2011 1660 2066 dies
1688 2029 1738 2064 vt

164 2107 420 2158 bonarum
443 2105 790 2164 Martiarum,
820 2120 937 2173 qua:
987 2104 1117 2157 mihi
1164 2104 1338 2157 viratu
1367 2104 1588 2173 eripuit,
1621 2119 1740 2172 qua}

166 2212 239 2252 n-.e
259 2199 308 2251 itt
340 2199 439 2252 bas
471 2198 726 2251 miserias
755 2196 1136 2265 praecipitavit!
1166 2196 1427 2264 lntelligat
1455 2196 1540 2265 pia
1569 2204 1741 2248 mater

164 2292 400 2358 gemitum
450 2299 508 2342 et
559 2289 837 2359 angustias
888 2288 1009 2342 ﬁlia:
1065 2287 1340 2342 doloribus
1385 2289 1575 2358 plena).
1624 2288 1740 2342 Non

165 2397 268 2434 esse
317 2399 398 2434 tne
433 2381 656 2450 penitus
689 2389 1064 2451 prmoptarem,
1112 2380 1212 2432 nisi
1246 2379 1511 2433 Divinitas
1550 2379 1742 2432 solatio

166 2475 453 2542 reliquisset
485 2475 619 2528 ntibi
651 2484 895 2527 matrem.
926 2471 969 2527 Ο
1014 2473 1228 2542 quando
1276 2472 1489 2534 videbo,
1521 2473 1742 2541 quando

165 2564 420 2632 alloquar!
461 2563 645 2616 Nostri
688 2562 903 2631 quidem
930 2572 1121 2616 vestra:
1153 2563 1473 2631 praesentiae,
1503 2577 1566 2614 ac
1603 2563 1744 2631 regis

166 2653 312 2706 (Jour.
337 2654 386 2705 in
418 2652 624 2707 vicinia
653 2651 925 2706 Romarici
958 2652 1176 2716 montis,
1206 2651 1295 2705 tibi
1324 2653 1619 2705 conﬁnium
1654 2667 1740 2705 re-

168 2759 374 2811 gnorum
411 2753 526 2806 est,
571 2759 638 2796 xv
683 2742 907 2797 Kalend.
953 2741 1118 2807 Junii,
1146 2758 1231 2797 nte
1257 2758 1320 2797 ac
1365 2744 1533 2797 ﬁliunt
1565 2758 1740 2796 meum

169 2850 437 2889 occurrere
469 2835 683 2889 V’Ullllll.
710 2834 814 2888 Sed
838 2835 950 2888 haec
974 2849 1123 2887 mora
1148 2834 1292 2888 mille
1321 2850 1584 2888 annorum
1610 2833 1740 2887 mihi

168 2935 254 2980 est.
283 2924 556 2981 Noveritis
590 2927 804 2979 interim
838 2926 1170 2980 Francorum
1218 2926 1489 2997 principes
1521 2927 1648 2980 mihi
1679 2943 1743 2980 ac

171 3017 267 3071 lilio
294 3019 450 3072 simul
481 3019 643 3071 [idem
670 3026 1012 3072 sacramento
1044 3016 1307 3070 ﬁrmasse.
1347 3017 1401 3070 In
1451 3016 1571 3082 hoc,
1605 3025 1658 3070 et
1690 3018 1741 3070 in

174 3111 392 3180 reliqu's,
427 3127 548 3180 qua:
572 3112 866 3180 sequenda,
896 3126 1016 3179 qua:
1039 3109 1256 3163 vitanda
1289 3109 1417 3173 sint,
1447 3107 1737 3176 vestroju-

172 3205 295 3258 dicio
321 3214 557 3259 utentur.
594 3203 663 3259 Ut
694 3219 800 3258 nou
832 3203 1001 3257 solum
1038 3202 1100 3256 ll.
1135 3203 1350 3272 reginze,
1378 3206 1470 3256 sed
1496 3202 1736 3256 oumium

1843 2010 2110 2062 sententia
2173 2011 2535 2066 damnationis
2584 2028 2647 2067 ex
2697 2013 2890 2068 divinis
2941 2013 3150 2083 legibus
3197 2013 3432 2080 promul-

1845 2114 1989 2171 gata,
2020 2105 2292 2157 comnmni
2330 2104 2571 2158 omnium
2611 2105 2878 2159 bonorunt
2935 2105 3185 2160 consultu
3241 2120 3431 2175 percu-

1845 2191 2026 2249 timus.

2334 2289 2665 2344 EPISTOLA
2694 2289 2928 2344 LXXXI.

2033 2396 2099 2432 AD
2139 2397 2417 2436 censure.“
2449 2382 2558 2452 (‘29)
2592 2398 2834 2436 ADBATEM
2865 2395 3236 2436 variosa-ssent.

1915 2472 2014 2528 Ubi
2040 2490 2246 2528 smuma
2279 2475 2551 2544 religionis
2575 2491 2762 2528 norma
2787 2491 2907 2530 esse
2929 2475 3134 2538 debuit,
3157 2491 3429 2529 summum

1843 2579 1962 2617 esse
1993 2563 2234 2633 illapsnm
2265 2565 2471 2618 crimen
2502 2581 2604 2618 non
2642 2566 2912 2618 inuncrito
2945 2580 3041 2619 nos
3067 2565 3332 2634 permovit
3377 2573 3434 2622 et

1843 2656 2125 2709 exterruit.
2179 2653 2281 2709 Sed
2314 2655 2436 2724 quis
2467 2656 2570 2709 erit
2606 2668 2798 2710 auctor
2845 2655 3004 2724 hujus
3049 2657 3430 2722 correctionis,

1846 2748 2149 2801 tacentibus
2200 2749 2409 2802 cunctis
2461 2749 2779 2816 primatibus
2835 2750 3000 2804 vestri
3052 2749 3291 2803 ordinis?
3323 2747 3432 2803 Nos

1844 2838 2059 2906 quidem
2112 2837 2404 2892 venerabili
2457 2839 2634 2891 abbati
2685 2837 2878 2893 Maiolo
2927 2855 3088 2909 super
3138 2839 3221 2892 bis
3260 2853 3431 2907 pauca

1844 2927 2296 2996 pra-scripsimus,
2329 2927 2454 2995 quia
2502 2928 2801 2996 sapientem
2833 2929 2884 2981 in
2918 2929 3105 2997 paucis
3137 2927 3302 2980 ntulta
3349 2927 3434 2980 in-

1844 3017 2084 3086 telligere
2108 3018 2326 3071 scimus.
2356 3017 2489 3070 lluie
2518 3027 2666 3070 tanto
2695 3018 2930 3087 negotio,
2957 3027 3031 3081 et,
3058 3026 3112 3070 ut
3142 3020 3325 3071 verius
3353 3015 3432 3070 fa-

1843 3118 2074 3174 teamur,
2111 3118 2272 3163 tanta:
2303 3110 2542 3164 audacia}
2570 3110 2892 3165 ulciscenda:
2916 3127 2944 3165 a
2969 3111 3126 3166 nobis
3149 3111 3257 3165 dux
3285 3110 3429 3164 desi-

1843 3211 2037 3270 gnatus
2070 3210 2172 3254 est.
2205 3201 2332 3270 Ejus
2361 3203 2684 3255 sententiam
2708 3203 2797 3272 qui
2825 3203 2973 3273 prior
2996 3212 3242 3258 nostrum
3269 3218 3432 3258 nove-

175 3297 404 3349 dlcatnini
462 3305 636 3349 mater
686 3310 994 3364 regnarunt.
1050 3294 1427 3347 lteconlatnini
1475 3303 1735 3362 pra-terea
1767 3284 1810 3344 C
1845 3295 1932 3358 rit,
1963 3293 2116 3348 alteri
2146 3295 2262 3348 sine
2296 3309 2443 3347 mora
2477 3295 2824 3363 signiﬁcabit.

176 3391 442 3441 verborum
474 3399 804 3451 vestrorum,
835 3387 976 3456 quod
1028 3387 1204 3440 virum
1263 3403 1439 3440 tttetutt
1496 3402 1605 3454 pra)
1656 3403 1742 3441 tne

177 3480 476 3546 dilexeritis,
505 3480 756 3548 quodque
780 3479 891 3546 ipse
920 3493 1029 3547 prae
1069 3494 1152 3531 me
1179 3493 1272 3532 vos
1294 3478 1578 3530 amaverit.
1611 3477 1741 3530 Pro-

176 3571 268 3623 sint
294 3572 482 3625 anima:
510 3570 627 3638 ejus
653 3571 704 3624 hi
731 3570 915 3624 dulces
945 3568 1190 3633 alTectus,
1217 3578 1270 3621 et
1301 3568 1440 3638 quod
1474 3578 1741 3638 tempora-

176 3660 282 3715 liter
301 3664 556 3719 exhibere
580 3681 682 3716 non
706 3663 915 3726 valetis,
939 3662 1293 3733 spiritualiter
1314 3662 1741 3729 recompensetis

179 3770 260 3821 per
316 3767 533 3810 sanctos
582 3754 807 3817 Patres,
862 3755 913 3807 id
977 3763 1062 3808 est
1117 3755 1419 3823 episcopos,
1473 3753 1738 3818 aibales,

180 3850 472 3915 monachos,
501 3864 566 3902 ac
592 3864 686 3919 per
714 3863 896 3902 servos
930 3846 1140 3901 Domini
1172 3861 1419 3916 quosque
1447 3845 1738 3914 religiosis-

178 3954 345 3992 διιιιοε.

239 4025 417 4093 (Nam.
452 4027 539 4088 76,
574 4029 663 4092 77,
688 4028 776 4088 78,
813 4028 902 4092 79,
947 4028 1182 4081 exhibent
1213 4028 1474 4096 cpilupliia
1504 4028 1742 4081 Lothurii

179 4099 294 4163 regis
321 4096 664 4161 Francorum,
694 4101 838 4151 (lucis
889 4098 1167 4161 Friderici,
1201 4100 1466 4151 Adulbcrti
1517 4096 1737 4151 Schola—

177 4170 587 4308 :tciet)01t0uis
615 4169 958 4238 imperatoris.
1002 4167 1130 4222 Haec
1177 4185 1338 4238 supra
1392 4170 1609 4222 seorsint
1645 4169 1740 4220 de—

212 4251 353 4290 imus.

212 4251 353 4290 imus.

365 4434 650 4474 INVECTIVA
688 4437 738 4475 ΙΝ
777 4437 1167 4476 νικυυκεκδιωι
1208 4435 1521 4475 ECCLESLUI.

240 4507 382 4574 Quod
418 4511 712 4566 remedium
747 4515 948 4568 ntorbis
987 4516 1090 4567 tuis
1141 4515 1504 4578 inveniemus,
1546 4513 1740 4569 Virdo-

2314 3403 2647 3460 El’li—STOL.\
2689 3405 2948 3460 LXXXII.

2129 3512 2195 3548 AD
2237 3509 2478 3548 ADSONl-lM
2515 3509 2760 3549 ΛΒΒᾹΊἙΜ
2803 3510 3136 3551 υεῐιγεκεειῐ.

1913 3607 2123 3678 Rumpe
2143 3624 2320 3662 moras
2341 3623 2552 3673 omnes,
2585 3609 2653 3662 mi
2684 3618 2857 3678 pater,
2879 3617 2933 3662 et
2961 3625 3017 3662 Ill
3043 3618 3096 3663 et
3121 3625 3156 3664 Il
3181 3607 3298 3662 Kal.
3322 3606 3429 3662 Jul.

1843 3701 2099 3768 egredere
2128 3702 2192 3754 de
2236 3700 2310 3756 Ur
2338 3701 2722 3755 Chaldeorum.
2755 3700 3252 3769 Obtentperamlum
3286 3710 3431 3755 vete-

1845 3791 1993 3843 ranis
2037 3791 2228 3845 amicis
2281 3806 2345 3845 ac
2377 3792 2429 3844 itt
2469 3791 2572 3846 ﬁde
2618 3791 2707 3844 ditt
2739 3790 2998 3860 probatis.
3050 3790 3434 3845 Nostet'Adal-

1842 3883 1973 3937 bero
2003 3893 2156 3951 pater
2182 3884 2392 3952 patria),
2433 3884 2704 3952 quondam
2739 3883 2892 3936 vobis
2926 3883 3086 3948 ﬁdus,
3115 3895 3169 3939 et
3197 3900 3338 3938 nunc
3367 3884 3430 3936 ﬁ-

1843 3974 2119 4040 dissimus,
2148 3989 2422 4026 morarum
2455 3973 2766 4040 impatiens,
2799 3981 3033 4028 vestram
3064 3975 3267 4042 expetit
3296 3988 3432 4043 pra:-

1843 4067 2096 4120 sentiam.
2127 4064 2292 4119 Nefas
2322 4064 2532 4116 absenti
2569 4050 2880 4134 signiﬁcare
2918 4081 2980 4119 ea
3028 4081 3149 4134 qua:
3186 4063 3433 4117 volumus

1841 4156 2092 4226 praesenti
2123 4155 2324 4208 dicere.
2358 4153 2690 4209 Charissima
2719 4155 2868 4208 vobis
2900 4170 2963 4209 ac
2993 4155 3148 4208 nobis
3170 4153 3430 4206 librorum

1841 4246 2115 4305 V0llllllillil
2147 4254 2385 4301 \‘GSll‘llill
2437 4246 2540 4300 ἱιρι·
2574 4254 2697 4299 SUlll
2735 4246 3008 4300 comitata.
3056 4243 3168 4298 Ηοο
3223 4251 3429 4298 tantum

1844 4342 2047 4396 dixisse
2073 4341 2322 4396 sufﬁciat.

2306 4429 2637 4487 El‘lS’l'OLA
2680 4429 2958 4484 LXXXIII.

2440 4541 2506 4577 AD
2544 4538 2842 4584 BOIllENSES.

182 4601 406 4654 nensium
434 4614 712 4656 exsecrata
742 4604 963 4657 civitas?
996 4603 1266 4658 Unitalem
1295 4615 1495 4658 sancta:
1526 4603 1732 4656 Domini
1765 4646 1814 4703 Ι)
1910 4623 2235 4678 ρεπεατεδ
2265 4619 2436 4690 gratia
2489 4617 2696 4671 Domini
2751 4616 2793 4669 si
2844 4614 2971 4683 qniJ
3012 4622 3095 4667 est
3142 4611 3429 4680 plurimam

183 4687 414 4746 Ecclesia:
453 4693 682 4758 scidisti,
710 4695 1104 4748 sanctissimam
1142 4693 1459 4747 societatem
1509 4693 1732 4747 humani

183 4782 373 4846 generis
399 4783 682 4851 abrupisti.
727 4785 864 4850 Quid
892 4785 1034 4838 enim
1065 4785 1210 4838 aliud
1261 4784 1458 4852 egeris,
1489 4799 1610 4838 cum
1642 4800 1736 4853 pa-

184 4880 364 4926 storem
412 4883 566 4926 qum
597 4875 868 4929 voluntate
906 4875 1231 4928 Inereditarii
1272 4875 1434 4941 regis,
1467 4890 1733 4929 consensu

182 4970 227 5012 et
250 4962 421 5018 favore
445 4966 972 5035 comprovincialium
1002 4968 1375 5036 episc0porum
1397 4977 1650 5029 eiectum,
1676 4983 1738 5022 ac

185 5054 382 5125 insuper
401 5059 692 5128 episcottali
714 5061 1080 5116 benedictione
1103 5064 1384 5127 donatum,
1411 5065 1588 5117 adhuc
1619 5078 1735 5131 per-

190 5153 313 5180 Ιιιμιγ
358 5150 580 5180 Ιιιῖηἶιιιη
627 5151 955 5180 Ιιιὶιιηινηηριιίι-
973 5152 994 5180 9
1053 5161 1213 5180 Ιηι-ιιη
1244 5151 1380 5180 eral-ul
1436 5153 1714 5180 -..n..\'\sunuu

1840 4714 2069 4767 salutem
2131 4711 2265 4764 dicit
2319 4708 2687 4764 dilectissimis
2747 4707 2850 4760 sibi
2914 4705 3038 4759 liliis
3085 4703 3435 4756 Bomeastsus

1842 4803 2123 4872 utriusque
2154 4801 2380 4854 ordinis.

1913 4895 2045 4948 Rem
2072 4894 2288 4963 dignam
2323 4899 2611 4961 vestroque
2655 4889 2857 4942 nomini
2901 4887 3313 4944 convenientem
3345 4898 3440 4952 pe-

1845 4986 1990 5038 nitus
2038 4983 2249 5053 egistis,
2298 4989 2508 5050 patrem
2559 4980 2871 5048 QII‘JBI‘Cllth,
2903 4987 3111 5049 patrem
3145 4974 3435 5034 visitando,

1845 5079 1968 5147 quia
1989 5079 2113 5148 jure
2142 5091 2236 5130 vos
2269 5089 2425 5129 veros
2459 5075 2599 5128 ﬁlios
2633 5087 2752 5125 esse
2781 5071 3057 5126 docuistis.
3089 5067 3230 5134 Ergo
3261 5072 3316 5117 et
3341 5079 3442 5130 pro

2935 5168 2964 5180 εἴ
2999 5172 3129 5180 Α...Αη
3160 5170 3244 5180 ιιιΛ
3295 5168 3444 5180 ..ιι-κη
