3948 5350
495 255 530 311 ‘2

536 256 603 310 2'5

957 364 1287 424 EI'ISTOLA
1327 362 1616 420 LXXXIV.

925 476 993 514 ΑΙ)
1025 473 1269 514 IIL'GOXEM
1293 472 1654 512 “ARCHIOXEM.

568 551 688 607 Non
716 550 988 607 immerito
1014 563 1110 602 vos
1138 547 1358 618 plurimi
1389 547 1551 611 facio,
1587 555 1642 601 et
1676 560 1774 599 vos
1816 554 1871 599 ct
1903 552 2082 599 vestra

497 644 636 699 votis
660 651 716 698 et
744 641 991 697 laudibus
1019 637 1209 703 effero,
1229 639 1321 708 qui
1346 646 1456 692 tam
1486 637 1736 707 occupati
1767 636 1872 690 mei
1895 636 2085 689 memi-

496 736 644 790 nisse
700 733 1024 806 dignamini.
1061 731 1208 787 Inter
1246 731 1474 786 honesta
1528 731 1650 795 hoc,
1712 730 1895 799 itaque
1942 729 2085 783 inter

497 826 769 895 praecipua
799 824 1072 895 ponimus,
1102 838 1166 878 ac
1193 821 1421 891 proinde
1475 821 1543 876 ad
1579 835 1673 874 vos
1704 820 1862 875 fidem
1912 818 2083 889 plur:-

498 931 640 970 mam
674 917 940 972 habemus
973 933 986 969 :
1017 923 1072 970 et
1101 923 1160 969 ut
1208 913 1378 969 nostri
1426 912 1687 967 memoria
1735 927 1842 966 non
1869 911 2086 967 excidat

496 1008 819 1077 propensius
843 1021 1086 1072 oramus,
1108 1013 1163 1060 et
1199 1014 1257 1059 ut
1287 1004 1446 1059 fessis
1466 1002 1580 1073 jam
1615 1003 1777 1058 rebus
1807 1002 1948 1056 beati
1975 1002 2083 1057 Co-

495 1098 735 1152 lumbani
783 1098 1135 1162 subveniatis,
1172 1111 1363 1168 preces
1399 1110 1537 1166 quas
1567 1094 1810 1149 valemus
1833 1093 2087 1149 absentes

494 1186 841 1245 effundimus.

967 1278 1305 1335 EPISTULA
1344 1277 1606 1335 LXXXV.

768 1388 835 1425 Αιι
874 1386 1116 1428 εοκοκειι
1157 1387 1411 1428 ιτΑιιευιι
1452 1385 1817 1427 )IAIICIIIOXEI.

568 1462 828 1531 Quamvis
853 1463 1011 1519 nullis
1032 1463 1335 1519 ciliciorum
1364 1463 1576 1519 meritis
1603 1472 1841 1518 vestram
1864 1476 2081 1532 prome-

499 1570 718 1611 reainur
753 1557 1009 1627 gratiam,
1048 1556 1224 1613 virtus
1275 1564 1455 1611 tamen
1510 1571 1576 1612 ac
1628 1555 1883 1611 nobilitas
1916 1555 2081 1610 vestri

497 1647 733 1719 generis,
764 1663 829 1703 ac
858 1648 1102 1719 propria,
1125 1647 1347 1703 adducit
1374 1662 1476 1703 nos
1505 1634 1572 1704 de
1602 1647 1755 1704 vobis
1786 1647 1926 1702 bene
1961 1660 2085 1702 sen-

1209 250 1569 309 SlLVES'l'ltl
1608 250 1649 305 lI
1688 247 1888 304 PAl‘AZ
1922 246 2093 304 01³1³.-

2197 243 2376 298 ιιδιιι.
2417 274 2487 283 --
2515 243 2733 301 EPIST.
2776 246 2865 302 ΕΤ
2906 243 3182 304 υιΡιοιί.

3668 247 3776 304 22L

2106 362 2152 423 Α
2184 364 2307 412 vota
2328 348 2452 412 'mea
2479 357 2532 412 in
2563 367 2771 427 patrem
2798 371 3002 429 creato,
3033 360 3212 415 denuo
3241 368 3385 416 totus
3412 359 3465 414 in
3491 359 3664 416 lilium
3690 378 3768 418 re-

2187 463 2404 504 nascor.
2459 447 2569 504 Nec
2611 448 2759 506 solus
2801 463 2983 507 vestro
3042 447 3247 507 honore
3292 450 3535 523 gaudeo,
3578 452 3774 523 gaudet

2187 532 2344 608 pater
2368 537 2654 606 Adalbcro,
2680 556 2742 596 se
2771 555 2977 611 suaque
3001 542 3152 597 vobis
3176 556 3243 596 ex
3265 541 3446 597 animo
3468 542 3774 610 conferens,

2189 645 2338 690 tanto
2382 636 2629 702 arctius,
2677 646 2882 707 quanto
2944 654 2974 691 a
3004 670 3009 683 ι
3038 637 3176 708 plins
3220 637 3338 693 luce
3384 637 3664 709 religionis
3713 655 3776 694 ac

2185 729 2427 787 scientias
2451 728 2730 785 collucetis
2759 747 2773 783 :
2801 727 2953 797 cujus
2981 729 3052 783 ob
3077 728 3331 783 meritum
3362 744 3633 795 amorem,
3663 730 3777 785 fere

2185 821 2501 876 continuum
2533 819 2821 874 triennium
2852 819 2904 873 in
2937 818 3163 873 Francia
3193 819 3523 889 consumpsi.
3547 818 3624 873 lbi
3649 818 3777 873 dum

2186 912 2297 966 iras
2324 924 2531 979 regum,
2567 909 2827 964 tumultus
2859 908 3197 979 populorum,
3232 924 3631 980 regnorumque
3671 911 3781 965 dis-

2186 1000 2475 1056 sidentium
2519 1009 2683 1054 aestus
2728 998 2962 1069 perfero,
3007 1008 3156 1053 tanto
3198 1000 3357 1054 taedio
3384 997 3611 1054 allectus
3637 1014 3783 1065 sum,

2189 1105 2246 1150 ut
2271 1110 2460 1151 curam
2482 1094 2793 1165 pastoralita
2803 1094 2870 1149 tis
2886 1093 3188 1165 suscepisse
3210 1109 3345 1164 pene
3372 1110 3456 1149 me
3471 1094 3788 1164 ptmiteret.

2185 1187 2256 1241 At
2298 1187 2553 1257 quoniam
2612 1187 2830 1243 domina
2887 1203 3009 1242 mea
3067 1188 3412 1258 'l‘heophania
3460 1189 3781 1259 imperatrix

2186 1292 2402 1348 semper
2419 1278 2681 1350 Augusta,
2716 1293 2811 1332 vui
2844 1277 2961 1332 Kal.
2988 1277 3160 1348 April.
3184 1278 3455 1349 proficisci
3485 1294 3780 1334 mesecnm

2188 1371 2243 1426 in
2267 1368 2747 1440 Saxoniamjubet,
2775 1386 2950 1440 coque
2971 1371 3235 1441 quosdam
3259 1386 3325 1426 ex
3352 1371 3487 1426 meis
3502 1371 3784 1426 monachis

2188 1477 2254 1519 ac
2283 1462 2547 1518 militibus
2583 1463 2651 1518 ab
2684 1462 2838 1518 Italia
2870 1462 3337 1534 convenirejussi,
3372 1478 3517 1519 nunc
3545 1479 3656 1517 non
3688 1463 3784 1518 ba-

2186 1556 2345 1612 beam
2375 1555 2520 1626 quod
2555 1564 2765 1612 certum
2814 1556 3051 1613 scribam
3081 1571 3245 1627 super
3285 1556 3503 1626 organis
3546 1556 3602 1609 in
3635 1554 3786 1609 Italia

2188 1648 2403 1718 positis,
2427 1664 2492 1704 ac
2519 1648 2788 1704 monacho
2815 1649 3097 1719 dirigeudo
3119 1648 3211 1718 qui
3239 1664 3302 1704 ea
3330 1648 3620 1713 conducat,
3646 1662 3785 1716 pnn-

500 1739 624 1803 tire,
657 1740 884 1793 meliora
943 1754 1187 1810 sperare.
1222 1738 1374 1807 Quod
1428 1740 1476 1796 si
1532 1756 1563 1795 a
1619 1739 1803 1809 parvis
1851 1740 2084 1793 maxima
2119 1723 2162 1782 Β
2189 1738 2377 1794 sertim
2399 1753 2520 1793 cum
2549 1737 2666 1793 sine
2689 1739 2977 1808 praesentia
3002 1737 3234 1792 domina:
3258 1752 3390 1791 mem
3418 1736 3789 1807 Theophania:

492 1830 670 1901 juvari
719 1841 982 1901 possunt,
1035 1833 1230 1888 honori
1274 1844 1459 1889 vestro
1506 1835 1687 1890 studia
1746 1843 1931 1890 nostra
1979 1851 2084 1889 non

497 1923 727 1978 deerunt
772 1924 824 1978 in
886 1924 1007 1980 loco
1060 1934 1117 1981 et
1169 1934 1428 1996 tempore.
1476 1924 1888 1990 Consultando,
1948 1926 2086 1981 bona

496 2012 662 2067 verba
714 2014 1069 2084 suggerenda,
1102 2024 1186 2082 ut,
1237 2016 1364 2071 dum
1418 2015 1575 2072 vobis
1628 2017 1845 2071 fortuna
1883 2016 2087 2084 riserit,

498 2104 599 2158 sub
652 2105 851 2161 vestris
903 2105 1006 2163 alis
1073 2118 1261 2163 nostra
1330 2108 1683 2165 mediocritas
1741 2109 2088 2179 requiescere

498 2192 691 2261 possit.

965 2285 1294 2344 EPlS'I‘OLA
1340 2287 1626 2345 LXXXVI.

640 2390 710 2430 AD
752 2391 1123 2433 TIIEOPIIAXM)!
1166 2395 1565 2436 ιιιιιειιιιτιιιςειι
1608 2394 1676 2436 εις
1715 2396 1951 2439 ιέιιεοκιι

1094 2466 1479 2505 Αυιιιιιειιυκιδ.

576 2534 705 2590 l'ide
736 2534 1056 2610 Palrologire
1103 2552 1228 2596 (om.
1262 2539 1462 2596 CXXX
1480 2541 1585 2599 γιι
1627 2544 1681 2598 in
1730 2544 2090 2599 Aoawenoss

498 2605 766 2674 Ιὶιειιιεδδι,
796 2605 1055 2681 εμὶιιιὲἰυ.

960 2723 1295 2783 EPISTOLA
1334 2727 1644 2784 LXXXVII.

603 2829 671 2868 Δί)
709 2829 1119 2873 ΟΟΝΒΤΔΝΊΊΝυΜ
1159 2832 1521 2876 εεοιηιςτιιξυιι
1563 2836 1982 2878 ηοιιιιιεεκιιειι.

572 2905 862 2979 Sapienter
899 2918 954 2963 et
991 2912 1165 2980 perite
1218 2912 1307 2968 ille
1352 2916 1435 2969 vir
1486 2915 1698 2971 Domini
1744 2932 2090 2988 pervasorem

501 3000 920 3070 improbandum
950 3018 1072 3058 esse
1120 3005 1353 3071 censuit,
1401 3008 1495 3061 sed
1534 3024 1649 3063 rem
1698 3010 1766 3063 ad
1813 3024 1872 3065 se
1914 3010 2093 3063 minus

2183 1830 2406 1886 credere
2444 1844 2532 1884 me
2576 1844 2680 1884 non
2721 1829 2897 1884 ausim
2949 1827 3070 1884 fidei
3104 1843 3346 1883 meorum
3392 1829 3629 1883 militum
3659 1828 3793 1898 quia

2186 1920 2303 1976 Itali
2342 1929 2491 1976 sunt.
2520 1920 2629 1975 Nec
2654 1920 2788 1975 satis
2812 1920 2981 1975 sciam
3008 1928 3186 1974 utrum
3215 1921 3511 1976 exercitum
3539 1927 3669 1975 ante
3695 1935 3797 1974 au-

2189 2020 2434 2065 tumnum
2466 2011 2518 2065 in
2548 2010 2756 2065 Italiam
2780 2010 3067 2076 deducam,
3098 2024 3166 2063 an
3194 2009 3248 2063 in
3278 2008 3574 2064 Germania
3606 2010 3796 2064 demo-

2189 2119 2396 2167 remur,
2429 2112 2488 2157 ut
2517 2118 2681 2172 quam
2713 2101 2980 2174 plurimas
3007 2101 3191 2171 copias
3217 2110 3407 2157 contra
3448 2100 3789 2157 Ludovicum

2187 2210 2370 2266 regem
2398 2193 2758 2261 Francorum,
2797 2193 2902 2249 nisi
2934 2193 3221 2264 quieverit,
3251 2209 3667 2265 comparemus,
3699 2194 3793 2264 qui

2188 2288 2379 2344 amicis
2406 2287 2855 2358 inquietissimus,
2895 2285 3370 2359 perniciosissimis
3392 2286 3646 2341 hostibus
3687 2300 3793 2339 non

2189 2376 2419 2432 multum
2456 2377 2751 2448 inquietus,
2782 2376 2907 2448 quis
2952 2377 3041 2443 sit,
3070 2377 3306 2448 quidque
3353 2376 3421 2430 de
3448 2391 3515 2432 eo
3563 2376 3794 2448 intelligi

2192 2479 2463 2540 oporteat,
2498 2469 2651 2525 velox
2700 2470 2880 2525 exitus
2922 2470 3315 2540 comprobabit.
3366 2469 3528 2526 Clara
3581 2470 3796 2527 indoles

2190 2559 2327 2614 diva:
2354 2559 2630 2614 memoriae
2654 2557 2870 2615 Ottouis
2896 2560 3149 2626 Carsai'is,
3179 2574 3313 2630 pace
3340 2560 3485 2615 inter
3520 2560 3693 2616 duces
3728 2576 3798 2615 ac

2190 2652 2464 2723 principes
2496 2653 2882 2724 redintegrata,
2909 2653 3158 2722 proxima
3191 2661 3381 2708 arsiate
3408 2653 3655 2725 legiones
3689 2654 3798 2709 mi-

2192 2740 2350 2795 litum
2383 2742 2539 2797 duxit
2567 2746 2619 2797 in
2666 2742 2973 2807 Sarmatas,
3011 2758 3149 2813 quos
3192 2756 3256 2798 ea
3297 2744 3480 2814 lingua
3528 2742 3801 2801 Guinidos

2191 2834 2401 2901 dicunt,
2423 2834 2608 2904 ibique
2631 2850 2727 2890 sex
2753 2844 2806 2889 et
2831 2834 3189 2905 quadraginta
3216 2834 3379 2890 urbes
3400 2834 3799 2891 munitissimas

2192 2941 2286 2982 sua
2318 2927 2608 2997 prmsentia
2646 2942 2711 2983 ac
2737 2926 2973 2981 militum
3008 2927 3202 2982 robore
3239 2927 3404 2997 cepit,
3437 2925 3609 2981 diruit
3634 2934 3801 2998 atque

2194 3019 2447 3073 vastavit.
2485 3018 2700 3074 Salutat
2728 3034 2847 3097 vos,
2878 3028 2934 3074 et
2962 3018 3270 3084 Airardum,
3302 3018 3573 3075 Adalbero
3599 3017 3803 3073 Remo-

500 3091 847 3160 significavit.
889 3092 1065 3161 Ipsum
1110 3105 1238 3149 ante
1287 3096 1516 3167 insignia
1555 3098 1780 3154 honoris
1812 3100 2088 3162 infamem,
2119 3090 2164 3151 C
2200 3125 2316 3163 mm
2345 3090 2813 3179 arcliiepiscOpus,
2852 3108 3121 3179 simulque
3149 3124 3311 3165 omne
3347 3109 3644 3180 collegium
3676 3107 3795 3163 Αυ-

500 3180 740 3237 fautores
790 3183 843 3236 in
897 3183 1178 3255 religiosos
1206 3190 1507 3255 augendam
1541 3189 1839 3254 infamiam,
1874 3193 1918 3247 si
1968 3208 2094 3247 san-

505 3282 717 3328 ctorum
752 3275 992 3345 privetur
1018 3279 1314 3345 consortio,
1344 3289 1504 3335 caute
1542 3283 1947 3352 prudenterque
1976 3283 2092 3338 dis-

502 3364 695 3419 seruit.
728 3365 935 3423 Matura
982 3385 1113 3440 ergo
1146 3368 1269 3436 iter,
1310 3380 1367 3426 et
1393 3387 1482 3426 xv:
1511 3372 1629 3427 Kal.
1666 3372 1942 3445 Septemb.
1998 3390 2097 3431 nos

502 3458 700 3523 revise,
733 3465 791 3511 ut
817 3457 871 3513 in
908 3459 992 3514 bis
1022 3462 1276 3516 omnibus
1298 3476 1393 3532 per
1422 3472 1474 3518 te
1501 3463 1711 3533 plenius
1740 3466 2093 3533 instruamur,

503 3548 776 3620 simulque
802 3549 1000 3607 Imteris
1032 3552 1506 3611 animadversione
1532 3566 1717 3612 nostra
1749 3560 1801 3613 in
1831 3575 2097 3629 pervaso-

502 3655 645 3704 rem,
672 3650 727 3695 et
750 3642 842 3712 qui
872 3650 924 3697 te
952 3658 1168 3699 caenum
1210 3648 1411 3702 nostris
1434 3650 1644 3719 putavit
1672 3650 1725 3704 in
1759 3652 2001 3717 naribus,
2034 3655 2099 3709 de

505 3748 565 3787 se
592 3733 795 3788 dictum
820 3736 1118 3801 existimet,
1145 3748 1306 3808 teque
1341 3742 1639 3812 thymiama
1674 3753 1994 3814 vaporatum
2017 3761 2101 3799 re-

505 3820 691 3878 dolere
732 3826 1135 3894 perhorrescat.
1159 3825 1502 3884 Comitentur
1540 3829 1644 3885 iter
1671 3841 1821 3887 tuum
1850 3833 2101 3890 Tulliana

505 3916 790 3985 opuscula,
820 3925 876 3972 et
904 3917 970 3973 de
999 3920 1186 3989 repub.
1210 3931 1263 3976 et
1292 3923 1341 3976 in
1379 3923 1621 3990 Verrem,
1653 3933 1707 3979 et
1735 3941 1855 3995 qua:
1886 3943 1983 3997 pro
2011 3928 2103 3983 dc-

507 4005 756 4063 fensione
824 4010 1117 4066 nmltorum
1182 4013 1415 4084 plurima
1472 4014 1732 4072 Romana:
1778 4019 2103 4091 eloquentia:

508 4116 707 4172 parens
735 4105 1082 4175 conscripsit.

940 4198 1270 4256 EPISTOLA
1315 4202 1646 4260 LXXXVIII.

582 4302 651 4341 AD
690 4303 927 4346 ΜΔιοιωι
978 4308 1226 4347 ΑΒΒΑΤΕΠ
1264 4308 1660 4350 ςιιιδιλεεκςιεη
1700 4311 1766 4352 EX
1806 4314 2035 4353 PERS’YNA

1114 4377 1504 4420 ADALBEIIONIS.

590 4471 720 4527 Vide
771 4475 1087 4548 Patrologire
1131 4489 1258 4535 tam.
1322 4480 1645 4538 CXXXVII
1669 4485 1722 4540 in
1748 4487 2104 4543 Anaceeuoss
2136 4442 2182 4501 Β

511 4540 775 4612 Rsnsxsi,
797 4550 947 4617 epist.
984 4540 1074 4602 ΕΞ.

973 4662 1308 4720 EPISTOLA
1347 4665 1637 4721 LXXXIX.

430 4826 433 4827 ν
515 4769 583 4807 an
621 4769 898 4810 scesnnou
938 4754 1289 4831 [nonanona]
1331 4776 1573 4814 luent-ta
1616 4778 1966 4818 runoxexssn
2008 4780 2104 4819 sua

986 4844 1217 4885 PERSONA
1259 4846 1641 4887 ADALBEIIOXIS.

590 4913 723 4973 Vide
761 4917 846 4972 ubi
880 4936 1061 4990 supra,
1094 4924 1247 4991 epist.
1277 4922 1368 4978 25.

1065 5012 1399 5069 EPISTOLA
1441 5014 1554 5071 XC.

623 5116 691 5155 AD
739 5115 1138 5159 ιιινειιιιτιιιιιειι
1180 5121 1559 5163 ’ΠΙΕΟΙἯΑΝΙᾹΜ
1596 5124 1665 5163 εἰ·
1705 5126 1774 5164 ΑΒ
1815 5126 1997 5167 Ριιιειι

1185 5192 1461 5233 OT'I'OXEM.

595 5257 727 5315 Vide
753 5263 841 5316 ubi
869 5280 1049 5335 supra,
1081 5268 1230 5337 epist.
1260 5268 1352 5322 24.

2197 3198 2514 3255 reliacensis
2558 3200 2817 3267 cmnobii,
2846 3216 2931 3271 me
2961 3199 3217 3270 adjuncto
3264 3216 3361 3271 per
3409 3202 3596 3258 omnia
3643 3201 3801 3256 vobis

2196 3288 2563 3345 devotissimo.
2596 3289 2795 3345 lterum
2822 3290 3127 3361 iterumque
3154 3290 3349 3347 valete.

2729 3378 3066 3436 EPISTOLA
3103 3379 3263 3436 XCII.

2614 3486 2682 3526 AD
2720 3488 3037 3528 BERNARDUI
3067 3489 3378 3530 MOXACIIUM.

2272 3561 2503 3630 Quaeris,
2556 3563 2871 3620 dulcissime
2901 3564 3096 3630 frater,
3120 3548 3125 3555 ’
3147 3580 3269 3635 quae
3310 3575 3366 3619 et
3393 3566 3575 3635 qualia
3605 3582 3803 3638 geran-

2201 3662 2291 3708 tur
2319 3670 2349 3707 a
2387 3670 2498 3719 me,
2528 3663 2585 3709 et
2614 3671 2682 3709 an
2731 3670 2796 3709 ea
2852 3656 2963 3710 sint
3002 3656 3284 3710 commoda
3334 3665 3388 3709 et
3430 3656 3800 3712 incommoda.

2201 3743 2341 3799 lluic
2364 3745 2612 3815 petitioni
2643 3760 2712 3799 an
2738 3744 3057 3800 satisfacere
3086 3745 3272 3815 paucis
3292 3745 3494 3815 possim
3516 3746 3802 3811 addubito,

2201 3836 2345 3906 quod
2369 3835 2533 3891 altius
2562 3849 2625 3890 ea
2660 3836 2881 3891 rimanti
2911 3834 3057 3891 nulla
3106 3850 3226 3891 esse
3263 3837 3555 3890 videantur
3584 3854 3599 3891 :
3635 3826 3803 3892 aut-si

2203 3925 2447 3996 quolibet
2467 3926 2628 3981 modo
2653 3934 2799 3991 sunt,
2824 3926 3119 3980 maximam
3164 3936 3374 3995 partem
3418 3928 3801 3982 incommodo-

2205 4032 2323 4071 rum
2355 4032 2538 4071 secum
2574 4017 2820 4073 trahunt.
2849 4015 3091 4070 Primum
3141 4016 3284 4087 quod
3322 4016 3383 4070 in
3414 4016 3656 4086 publicis
3678 4032 3807 4071 cau-

2206 4108 2284 4164 sis
2306 4107 2514 4163 versari
2568 4122 2713 4162 nunc
2748 4107 3072 4161 temeritatis
3111 4115 3214 4170 est,
3243 4108 3444 4177 quippe
3482 4105 3576 4160 ubi
3620 4106 3805 4161 divina

2208 4209 2263 4255 et
2304 4200 2539 4254 humana
2584 4195 2987 4252 confunduntur
3013 4197 3159 4268 jura,
3208 4207 3436 4268 propter
3478 4198 3803 4254 immensam

2208 4293 2496 4347 avaritiam
2546 4289 3040 4362 perditissimorum
3068 4291 3372 4353 hominum.
3412 4291 3578 4360 idque
3626 4291 3804 4345 solum

2203 4383 2296 4452 jus
2319 4382 2435 4438 fere
2458 4383 2741 4448 statuitur,
2766 4382 2909 4453 quod
2949 4382 3115 4438 libido
3155 4397 3220 4438 ac
3260 4383 3344 4437 vis
3384 4398 3533 4437 more
3560 4381 3811 4439 ferarum.

2208 4474 2521 4531 extorserit.
2552 4475 2651 4528 Ast
2678 4473 2730 4527 in
2754 4473 2983 4544 privatis
3004 4473 3056 4528 id
3072 4489 3182 4543 pra:
3210 4488 3295 4527 me
3319 4472 3456 4538 fero,
3487 4475 3636 4544 quod
3664 4474 3806 4528 ami-

2209 4584 2302 4622 cos
2332 4568 2383 4620 in
2414 4566 2660 4620 adversis
2708 4565 2853 4621 nulla
2884 4580 3177 4637 Oppressus
3210 4566 3523 4620 calamitate
3551 4565 3804 4622 destitui.

2209 4657 2318 4713 Sed
2352 4674 2420 4712 an
2449 4657 2713 4712 memoria
2761 4657 2981 4725 dignum
3014 4657 3088 4711 sit
3114 4656 3343 4712 aliorum
3383 4655 3593 4726 judicio
3642 4660 3802 4714 dere-

2208 4746 2415 4813 linqno,
2449 4756 2503 4801 et
2533 4745 2676 4816 quod
2705 4745 2853 4799 Italia
2888 4748 3117 4809 excessi,
3149 4760 3217 4799 ne
3260 4763 3384 4801 cum
3424 4747 3678 4803 hostibus
3709 4748 3810 4804 do-

2214 4836 2345 4892 mini
2370 4851 2433 4890 ae
2455 4835 2549 4889 lilii
2577 4835 2809 4890 senioris
2832 4837 2935 4890 mei
2955 4837 3017 4891 ι).
3048 4836 3117 4890 M.
3142 4836 3355 4893 Ottouis
3371 4838 3613 4908 quolibet
3644 4838 3806 4893 modo

2209 4935 2427 4999 cogeret
2457 4927 2681 4996 pacisci,
2712 4936 2766 4981 et
2789 4930 2934 4997 quod
2963 4928 3235 4984 interdum
3262 4928 3616 4985 nobilissimis
3642 4931 3807 4985 scho-

2212 5017 2419 5072 lasticis
2447 5016 2858 5086 disciplinarum
2911 5018 3215 5075 liberalium
3260 5020 3444 5076 suavis
3488 5019 3701 5076 fructus
3734 5022 3803 5075 ad

2208 5108 2535 5164 vescendum
2561 5104 2749 5163 offero.
2780 5108 3022 5176 Quorum
3073 5110 3143 5166 ob
3166 5125 3410 5166 amorem
3439 5120 3495 5166 et
3523 5111 3577 5165 in
3606 5122 3809 5168 exacto

2212 5209 2474 5254 autumno
2523 5199 2813 5267 quamdam
2870 5199 3097 5271 figuram
3147 5202 3288 5258 edidi
3335 5204 3470 5258 artis
3513 5202 3807 5258 rhetoricas

2215 5291 2516 5350 depositam
2542 5290 2597 5344 in
2634 5305 2729 5344 sex
2752 5299 2806 5346 et
2833 5290 3021 5350 viginti
3047 5295 3376 5350 membranis
3417 5294 3521 5350 sibi
3570 5294 3808 5350 invicem
