3948 5350
167 266 269 319 2'35

170 266 269 319 εδδ
990 264 1234 323 SECTIU
1276 264 1318 319 I.
1358 294 1431 308 --
1462 264 1647 319 ANTE
1688 264 1988 319 SCMMUM
2026 262 2560 319 PUNTIFICATUM.

3353 272 3460 323 “29.6

173 381 223 432 in
264 376 449 433 animo
486 376 853 433 coIIocandas.
908 376 1051 449 Ergo
1101 378 1147 433 si
1198 377 1484 447 quisquam
1534 385 1770 431 vestrum
1802 385 1846 440 Α
1878 383 2075 429 caetera
2100 375 2177 428 sic
2207 374 2337 427 dicit
2368 392 2380 427 :
2423 393 2439 425 ‹
2479 374 2715 429 Persona
2743 377 2961 445 quidem
3014 379 3164 433 vobis
3187 379 3301 450 jam
3331 386 3460 437 ol.m

168 488 292 525 cora
325 471 526 525 talium
564 486 746 525 rermn
801 480 1169 540 permovetur,
1197 478 1252 524 et
1300 468 1351 521 in
1406 468 1611 522 musica
1644 481 1767 537 per-

168 566 440 628 discenda,
469 574 525 619 et
570 565 623 618 in
656 564 740 617 his
770 580 895 633 qua:
933 565 1067 617 fiunt
1117 579 1182 618 ex
1226 563 1465 633 organis,
1498 563 1639 631 quod
1669 576 1765 629 per

169 670 248 707 me
281 654 585 723 adimplere
639 668 873 721 nequeo,
920 655 964 707 si
1020 668 1327 721 cognovero
1377 661 1587 706 certmn
1629 650 1767 703 velle

168 747 364 800 domini
423 746 640 800 abbatis
682 747 1000 810 ﬂaimundi,
1053 746 1140 800 cui
1182 746 1366 800 omnia
1415 744 1608 809 debeo,
1671 758 1768 810 per

168 836 385 890 Constaz
414 837 550 889 tium
606 836 1011 891 Floriaccnsem
1085 836 1335 905 supplere
1386 834 1611 889 curabo.
1672 833 1765 886 Est

170 929 309 981 enim
336 928 536 983 nobilis
566 930 935 983 scholasticus
959 930 1201 997 apprime
1228 928 1493 991 eruditus,
1520 926 1766 993 mihique

170 1018 219 1073 in
240 1020 486 1075 amicitia
513 1021 1022 1090 coniunctissimus.
1057 1019 1209 1085 Vale,
1233 1018 1547 1073 dulcissime
1573 1016 1764 1079 frater,

176 1125 395 1179 meaque
418 1126 641 1180 semper
690 1110 979 1164 dilectione
1025 1119 1210 1162 mutuo
1241 1107 1443 1170 fruere,
1473 1115 1767 1175 nostraque

170 1202 299 1255 bona
340 1212 530 1273 putato
560 1216 683 1256 esse
707 1200 1035 1254 erununmia.

713 1291 1046 1347 EPISTUL.\
1079 1289 1255 1344 XCiII.

486 1402 552 1437 Αἰ)
575 1396 965 1437 ΑθΛὶᾸὶῐίῐὶΟΝΕὶΙ
993 1394 1467 1434 ABCIIIEI’ISCOPUH.

238 1475 658 1544 Corruptissimi
722 1472 978 1543 temporis
1024 1480 1125 1534 est,
1188 1486 1294 1524 non
1336 1483 1496 1538 posse
1552 1466 1764 1520 decerni

173 1567 467 1621 secundum
511 1566 832 1635 popularem
895 1562 1208 1633 opinionem
1266 1561 1393 1630 quid
1455 1558 1525 1613 sit
1598 1557 1767 1624 magis

170 1660 313 1713 utile.
354 1660 504 1715 Utile
532 1668 617 1713 est
642 1658 782 1728 quod
807 1658 966 1727 agitis
994 1656 1264 1709 sententia
1307 1652 1625 1714 multorum,
1663 1650 1767 1702 uti-

1869 465 2057 521 infami
2103 466 2517 519 conversatione
2571 475 2691 520 erat
2745 466 2971 533 famosa,
3005 471 3097 524 sed
3151 470 3458 539 hujusmodi

1868 558 2137 613 arbitratu
2197 568 2395 627 prwlcr
2437 575 2585 627 spem
2639 560 2843 615 habita.
2876 561 3006 616 Item
3042 562 3095 617 in
3125 565 3312 618 eadem
3343 574 3462 635 post

1869 651 2166 719 aliquanta.
2210 649 2480 716 Quantum
2506 666 2638 721 ergo
2677 663 2865 706 nostra
2896 654 3125 710 interest
3170 656 3380 711 vicinos
3408 668 3463 713 et

1866 742 2203 797 contrilmles
2228 743 2502 796 adhortari
2534 746 2864 809 studuimus,
2892 747 2937 799 si
2968 748 3070 801 hoc
3113 748 3264 803 nefas
3288 752 3461 806 elimi~

1870 848 2003 886 nare
2036 841 2328 901 nequeunt,
2361 843 2673 887 sanctorum
2720 838 2998 890 consortio
3030 838 3347 907 privandum
3383 842 3464 894 in-

1868 925 2171 989 fatuabant,
2201 940 2299 979 nec
2339 925 2444 978 erit
2471 924 2671 979 Christi
2706 926 2878 981 fidelis
2907 928 2992 981 cui
3022 929 3137 983 hate
3167 930 3459 984 ambitiosa

1867 1017 2095 1071 audacia
2122 1032 2227 1070 non
2263 1017 2355 1070 fiet
2379 1017 2737 1072 detestabilis.
2764 1018 2927 1072 Facta
2958 1018 3179 1074 laudare
3202 1036 3305 1074 non
3337 1037 3464 1091 pas-

1872 1123 2080 1170 sumus,
2132 1107 2260 1176 quid
2317 1106 2556 1160 futurum
2588 1108 2659 1161 sit
2704 1109 2995 1163 nescimus.
3045 1110 3255 1163 Clamat
3305 1112 3461 1173 alter,

1868 1199 2136 1268 simulque
2192 1216 2291 1254 nos
2347 1200 2631 1264 denotans,
2689 1201 2919 1269 inquit:
2980 1200 3092 1255 Nec
3149 1203 3326 1256 minus
3358 1219 3458 1256 nos

1870 1300 2060 1360 gravat
2086 1291 2229 1359 quod
2264 1292 2612 1360 magistratus
2643 1292 2730 1346 ille
2752 1292 3090 1355 emnobialis,
3115 1308 3275 1362 quem
3315 1304 3462 1347 stare

1867 1382 2145 1435 credimus
2188 1382 2239 1434 in
2273 1383 2474 1435 vertice
2524 1382 2821 1452 religionis,
2855 1383 2981 1436 dum
3027 1385 3179 1436 vobis
3217 1385 3461 1437 subinili-

1872 1480 1967 1530 tat.
2003 1487 2032 1525 a
2086 1472 2240 1524 vobis
2298 1473 2532 1534 discors,
2575 1488 2672 1525 nos
2714 1488 2972 1527 erroncos
3001 1471 3246 1540 judicare
3284 1476 3463 1528 audet.

1870 1565 1939 1618 Et
1971 1566 2092 1633 quis
2123 1566 2267 1619 enim
2295 1565 2634 1619 fraudulenta
2680 1566 2977 1621 ambitione
3024 1566 3226 1620 elatum
3272 1569 3467 1620 audeat

1871 1657 2226 1725 approbare,
2272 1671 2395 1710 cum
2451 1666 2606 1725 pater
2662 1656 2986 1711 Benedictus
3043 1658 3188 1711 dicat
3245 1672 3465 1713 omnem

168 1752 271 1807 Iius
300 1768 429 1805 cum
466 1752 653 1820 plures
694 1750 939 1820 judicaut
970 1748 1022 1801 in
1058 1749 1189 1801 urbe
1226 1746 1439 1810 sedere,
1466 1759 1691 1813 paucam
1718 1750 1769 1794 t‘l
1807 1739 1845 1795 Β
1875 1749 2259 1803 exultationem
2307 1766 2477 1819 genus
2533 1765 2654 1804 esse
2702 1750 2970 1818 superbiae
3009 1750 3031 1803 ’ἰ
3074 1750 3205 1803 Item
3258 1752 3311 1805 in
3363 1754 3466 1803 line

170 1844 585 1914 ignavissimum
642 1849 951 1912 przedonum
999 1842 1277 1895 deterrere
1327 1853 1592 1901 manum,
1640 1852 1763 1889 cum

170 1938 463 2007 pnesentia
517 1948 703 1990 vestra
756 1945 864 1989 tum
910 1933 1136 1987 militum
1194 1930 1607 1985 numerositate.
1666 1927 1769 1980 Ve-

172 2040 346 2084 strum
381 2029 611 2083 fratrem
648 2044 743 2082 vos
788 2028 986 2082 debere
1028 2025 1229 2094 alloqui
1279 2030 1527 2086 censent,
1579 2019 1769 2073 audire

172 2134 288 2190 qua:
311 2120 490 2173 velint
518 2117 647 2173 Otto
682 2130 734 2173 et
766 2118 1106 2180 Ileribertus,
1140 2125 1326 2169 mutua
1374 2112 1555 2166 subito
1596 2126 1763 2180 expo-

172 2222 391 2266 scentes
432 2210 726 2279 colloquia.
760 2209 968 2275 Quibus
1015 2208 1115 2262 etsi
1163 2207 1308 2261 nulla
1337 2206 1479 2260 inest
1512 2204 1663 2265 fides,
1691 2213 1770 2255 Ia-

173 2320 291 2357 men
323 2318 429 2373 pro
481 2302 697 2355 fortuna
743 2302 821 2356 eis
851 2301 1128 2355 utendum.
1158 2299 1318 2354 Certe
1364 2314 1485 2351 cum
1539 2296 1589 2348 in
1624 2303 1765 2348 metu

170 2404 315 2459 sant,
344 2393 655 2463 periculum
686 2392 925 2462 ipsorum
948 2391 1016 2445 ab
1041 2391 1120 2446 eis
1143 2391 1344 2461 exiget,
1377 2387 1517 2458 quod
1551 2386 1766 2457 propria

176 2500 277 2541 non
311 2485 568 2555 exegerit
590 2483 739 2538 fides.

722 2576 1050 2632 EPISTULA
1084 2574 1265 2631 XCIV.

814 2685 880 2722 AD
915 2683 1158 2721 Ευιιοωι.

238 2762 454 2820 Octavo
490 2762 609 2816 Kal.
636 2761 823 2817 Octob.
850 2763 1172 2817 Reinherius
1198 2777 1226 2814 a
1261 2760 1533 2829 responsis
1563 2760 1764 2815 Remos

176 2854 358 2919 rediit,
391 2862 575 2909 vestra
631 2854 846 2922 negotia
898 2862 1275 2908 exsecuturus.
1332 2853 1460 2922 Ejus
1501 2852 1767 2904 sententia

177 2944 284 3000 Isaac
308 2954 426 3008 est,
480 2945 526 2999 si
555 2944 619 3000 de
646 2943 831 2999 fratris
858 2943 1076 2999 fortuna
1130 2953 1337 3007 certum
1369 2944 1527 2998 finem
1571 2956 1770 3012 cogno-

176 3053 323 3092 scere
362 3038 547 3103 vultis,
586 3053 649 3092 ac
695 3037 823 3091 nulli
858 3036 1166 3091 mortalium
1220 3034 1504 3090 indicanda
1541 3033 1639 3087 nisi
1671 3047 1767 3084 vo-

1868 1840 2110 1908 ejusdem
2140 1840 2423 1909 epistolae:
2479 1840 2591 1893 Etsi
2638 1842 2792 1895 vobis
2835 1857 2939 1896 non
2988 1842 3203 1895 videtur
3232 1842 3463 1905 fatuum,

1871 1937 2073 1982 :cterna
2104 1930 2355 1983 clausura
2392 1928 2511 1997 ejus
2560 1931 2625 1983 ad
2677 1947 2776 1985 nos
2808 1932 3188 1985 danmabinms
3234 1931 3461 1985 aditum.

1873 2024 2119 2086 Faciant,
2166 2024 2411 2093 judicent
2457 2024 2716 2093 primates
2770 2034 2827 2078 ut
2869 2024 3021 2089 libet,
3065 2040 3164 2078 nos
3202 2040 3467 2094 pauperes

1870 2114 2070 2169 Christi
2100 2116 2250 2169 favor
2273 2125 2365 2167 aut
2395 2115 2557 2168 timor
2582 2115 2922 2169 saecularium
2950 2116 3018 2171 ab
3060 2116 3162 2169 hac
3191 2116 3464 2170 senteazia

1872 2221 1976 2257 non
2009 2204 2207 2260 flectet.
2233 2224 2251 2256 ι
2289 2207 2565 2259 Attendite
2591 2206 2657 2259 ad
2709 2206 2843 2268 haec,
2876 2222 2908 2260 o
2939 2207 3071 2261 socii
3121 2217 3175 2261 et
3202 2207 3470 2262 commili—

1875 2304 2052 2361 tones,
2101 2296 2375 2350 sccernite
2410 2312 2507 2350 vos
2546 2312 2676 2350 oves
2702 2295 2903 2350 Christi
2933 2298 3001 2351 ab
3029 2313 3093 2351 eo
3125 2297 3216 2366 qui
3248 2313 3355 2351 non
3384 2308 3469 2349 est

1872 2396 2075 2457 pastor,
2104 2387 2197 2440 sed
2228 2386 2385 2456 lupus
2406 2388 2589 2441 ovium
2615 2386 2988 2457 depopulator.
3029 2386 3337 2441 Praetendat
3363 2388 3467 2442 sibi

1875 2497 2046 2551 reges,
2083 2483 2249 2536 duces
2304 2482 2509 2545 sreculi,
2544 2481 2818 2551 principes
2845 2483 2937 2550 qui
2977 2496 3035 2535 se
3077 2480 3263 2534 favore
3292 2480 3465 2535 solum

1872 2576 2032 2629 modo
2058 2591 2246 2630 eorum
2281 2576 2672 2629 monachorum
2702 2574 3003 2643 principem
3037 2574 3179 2635 fecit,
3217 2588 3317 2626 nec
3343 2588 3467 2625 cru-

1871 2666 1985 2720 buit
2012 2683 2069 2720 se
2094 2668 2341 2737 ingerere
2368 2667 2457 2735 qui
2481 2682 2545 2720 ex
2578 2666 2883 2720 lmmilitate
2909 2665 3168 2719 debuerat
3194 2664 3463 2735 refugere.

1873 2755 2148 2808 Hactenus
2174 2756 2481 2823 ignorantia
2532 2770 2629 2808 nos
2682 2756 2928 2809 deviasse
2977 2754 3231 2817 sufficiat,
3283 2762 3467 2806 careat

1872 2854 2060 2900 nostro
2106 2847 2404 2910 consortio,
2440 2846 2531 2915 qui
2583 2845 2769 2898 taliqu
2815 2844 3035 2898 Patrum
3073 2845 3470 2910 damnatorio-

1871 2936 2031 2991 dicio.
2065 2936 2216 2991 Tunc
2244 2938 2399 2992 nobis
2434 2946 2640 2991 tantum
2697 2938 2935 3003 uniatur,
2965 2953 3088 2991 cum
3122 2952 3307 2989 eorum
3336 2953 3465 2990 seu-

1877 3028 2043 3081 tentia
2094 3028 2260 3081 fuerit
2301 3027 2705 3093 reconciliatus,
2754 3042 2987 3097 quorum
3037 3026 3239 3097 judicio
3281 3036 3468 3080 nostro

178 3127 281 3194 his,
311 3143 364 3180 ιν
396 3126 517 3181 Kal.
570 3127 637 3181 ad
692 3127 1009 3181 Altovillare
1059 3124 1216 3179 fratri
1266 3140 1330 3179 ac
1359 3124 1648 3179 comitibus
1677 3137 1768 3175 oc-
1796 3095 1839 3157 Ο
1871 3130 1956 3177 est
1982 3137 2124 3176 nunc
2145 3122 2419 3199 consortio
2450 3120 2715 3190 privatus.

179 3232 415 3283 currere,
451 3228 704 3289 nepotem
766 3227 1005 3273 vestrum
1058 3217 1392 3280 I'Iecilonem,
1438 3231 1502 3269 ac
1560 3215 1768 3283 primos

180 3312 336 3365 vestri
379 3312 596 3380 generis
644 3312 1079 3383 consanguineos
1131 3311 1327 3364 iterum
1372 3323 1638 3375 nusquam
1690 3307 1765 3360 si-

181 3400 315 3453 natis
344 3399 519 3453 abire.
555 3399 747 3470 Magna
786 3418 870 3456 res
918 3401 1063 3456 serio
1116 3401 1315 3470 agitur.
1370 3398 1670 3452 Mosomum
1712 3404 1767 3449 et

182 3486 441 3545 Ilaecrias
462 3490 804 3544 multitudine
829 3493 1055 3545 militum
1087 3490 1438 3546 communito.
1471 3489 1588 3542 Dux
1620 3487 1767 3541 Cono

180 3594 275 3650 pro
296 3596 393 3634 suo
423 3578 623 3634 Ottone
646 3580 869 3636 insidias
892 3582 1131 3645 molitur,
1164 3582 1256 3636 sed
1287 3580 1442 3635 facile
1471 3579 1767 3633 remedium

182 3685 341 3739 penes
372 3687 473 3726 nos
522 3672 844 3742 reperietur.
896 3672 1268 3727 Lauduneosis
1320 3674 1603 3742 cpiscopus
1639 3687 1769 3723 con-

184 3760 299 3817 silio
324 3761 545 3818 Ottonis
568 3772 625 3816 et
653 3763 917 3819 lleriberti
948 3766 1047 3819 sibi
1072 3765 1366 3819 faventium
1394 3764 1585 3818 ducem
1609 3764 1763 3823 adiit,

184 3866 245 3906 eo
296 3854 402 3908 loci
434 3870 600 3924 quem
657 3855 839 3910 dicunt
868 3856 1218 3927 Dordingum.
1269 3857 1476 3919 Redite,
1518 3871 1667 3909 mora
1697 3856 1769 3908 sit

185 3949 337 4003 nulla.

713 4038 1043 4094 EPISTULA
1084 4037 1244 4093 XCV.

238 4146 299 4185 ΔΙ)
325 4148 581 4187 FRATRES
612 4146 988 4185 FLORIACI-IXSES
1023 4146 1088 4184 EX
1135 4144 1367 4184 PEIISONA
1402 4144 1703 4189 ιςελιῑκκιωι

861 4218 1125 4255 ABBA'IL'M.

249 4310 362 4367 Non
397 4311 683 4365 immerito
715 4327 810 4366 nos
854 4313 1009 4367 unius
1039 4312 1247 4383 collegii
1279 4326 1398 4367 esse
1426 4311 1761 4383 profiteumr,

188 4404 274 4471 qui
324 4413 523 4456 vestra
584 4401 837 4459 felicitate
890 4406 1145 4474 erigimur
1175 4446 1189 4471 ,
1240 4414 1420 4459 vestro
1471 4404 1764 4460 infortunio

2405 3214 2741 3270 EPISTULA
2768 3212 2929 3268 XCVI

2226 3324 2293 3362 AD
2321 3322 2562 3361 FRATRI-".8
2588 3319 3090 3361 BLANDIXIACEXSES.

1942 3399 2041 3466 Qui
2074 3414 2158 3453 me
2204 3401 2356 3455 vobis
2407 3399 2629 3453 fratrem
2663 3398 2981 3467 adeptastis,
3031 3398 3319 3453 orbitatem
3369 3412 3464 3452 ve-

1871 3502 2040 3549 stram
2081 3502 2138 3547 ut
2168 3495 2498 3547 sentiremus
2545 3507 2875 3563 magnopere
2905 3490 3166 3546 effecistis
3203 3509 3217 3545 :
3272 3491 3464 3560 virque

1872 3587 1963 3642 ille
1988 3587 2318 3641 venerabilis
2350 3586 2626 3640 memorim
2659 3602 2755 3640 nos
2805 3586 2887 3639 sui
2920 3600 3191 3639 memores
3222 3585 3273 3638 in
3304 3592 3463 3639 teter-

1870 3693 1998 3731 num
2053 3678 2297 3731 honestis
2324 3678 2561 3731 obtinuit
2608 3676 2818 3731 ofliciis.
2870 3676 3012 3747 Ergo
3040 3677 3204 3746 agite,
3255 3683 3466 3746 patrem

1872 3768 2026 3822 vobis
2057 3768 2277 3836 dignum
2321 3768 2482 3821 citius
2519 3768 2813 3837 CXqUII'IIC,
2868 3786 2937 3822 ne
2984 3784 3118 3838 grex
3150 3768 3464 3822 Dominicns

1869 3859 2091 3913 fluctuet
2121 3859 2237 3912 sine
2261 3868 2501 3927 pastore.
2533 3856 2725 3912 Nostra
2757 3874 2859 3925 0pc
2910 3858 2952 3911 si
2988 3858 3237 3925 indigetis
3278 3859 3460 3915 utimi-

1868 3952 1943 4014 ni,
1976 3958 2029 4003 et
2053 3950 2302 4011 consilio,
2336 3958 2391 4001 et
2423 3948 2648 4012 auxilio,
2672 3947 2825 4015 juxta
2872 3948 3014 4001 vires
3062 3963 3124 4001 ac
3154 3948 3458 4001 scientiam.

1870 4042 2058 4095 Libros
2084 4050 2301 4095 nostros
2335 4039 2677 4094 festinantius
2706 4039 2986 4106 remittite,
3016 4047 3069 4093 et
3096 4040 3140 4093 si
3173 4040 3218 4092 is
3245 4040 3335 4110 qui
3362 4055 3459 4109 per

1866 4136 2222 4191 Claudianum
2267 4135 2493 4189 rescribi
2544 4135 2750 4199 debuit,
2791 4136 3012 4204 insuper
3060 4136 3323 4197 mittetur,
3350 4135 3459 4188 erit

1871 4243 1960 4282 res
1982 4227 2304 4297 dignissima
2336 4226 2488 4279 vobis
2516 4242 2579 4280 ac
2604 4235 2782 4279 vestra
2811 4227 3099 4280 charitate.

2381 4316 2715 4373 EPISTULA
2754 4317 2959 4372 XCVII.

2098 4428 2165 4467 EX
2197 4425 2431 4466 PEBSUNA
2461 4426 2623 4464 ΕἈΙΜᾹΞ
2655 4426 2863 4465 REGINJS
2887 4426 2956 4465 AD
2983 4425 3225 4465 )IATIIEM.

185 4494 337 4547 etiam
366 4493 631 4563 opiniooe
653 4495 1067 4549 clarissimorum
1092 4496 1368 4550 hominum
1393 4496 1763 4549 humiliamur.
1798 4471 1842 4529 θ
1940 4504 2282 4574 Aggravaius
2311 4513 2395 4558 est
2419 4503 2573 4557 dolor
2614 4518 2791 4567 meus,
2817 4518 2849 4557 ο
2882 4504 2952 4555 mi
2985 4502 3222 4565 domina,
3251 4517 3284 4556 ο
3304 4502 3459 4557 dulce

188 4583 329 4637 llanc
354 4585 759 4638 sanctissimam
786 4587 1097 4640 societatem
1128 4586 1600 4655 castissimamque
1627 4586 1766 4640 ami-

185 4672 367 4727 citiam
408 4675 770 4744 quorumdam
802 4676 962 4731 fcedat
1004 4677 1227 4731 ambitio
1271 4677 1493 4741 lasciva,
1524 4678 1766 4732 detesta-

188 4760 309 4816 bilis
336 4766 583 4830 audacia,
612 4765 735 4817 dum
768 4782 861 4835 per
892 4765 1179 4822 factionem
1222 4768 1271 4821 is
1303 4769 1454 4823 vobis
1474 4770 1769 4841 praeficitur

191 4865 341 4923 pater
361 4872 519 4925 quem
571 4859 835 4913 verissimi
866 4875 969 4913 non
996 4871 1235 4915 metuant
1261 4862 1522 4919 damnare
1554 4864 1766 4921 Patres.

194 4948 257 5001 Et
278 4952 545 5019 quomodo
574 4967 680 5006 una
703 4961 783 5006 est
823 4954 1055 5008 Ecclesia
1083 4955 1379 5022 catholica,
1420 4968 1771 5013 cunctorum-

195 5056 295 5107 que
323 5042 554 5099 fidelium
601 5061 707 5098 una
760 5046 1007 5111 societas,
1051 5063 1081 5100 a
1122 5049 1406 5105 sententiis
1434 5068 1623 5106 eorum
1664 5066 1769 5104 non

197 5133 401 5192 deviare
455 5140 820 5203 decrevimus,
850 5140 937 5209 qui
970 5142 1021 5194 in
1059 5142 1301 5198 Ecclesia
1343 5143 1577 5211 Domini,
1625 5144 1773 5198 velut

199 5222 494 5286 clarissimae
520 5230 695 5286 stellae
729 5230 964 5285 relucent
991 5233 1039 5287 in
1088 5243 1377 5304 perpetuas
1413 5239 1766 5293 :eternitates.

579 5323 762 5350 Ῐρθζιιὶη
788 5322 935 5350 nlnlln
973 5327 1298 5350 -.‘-.A.......l..n
1333 5341 1417 5350 ..η-
1508 5328 1770 5350 ιι.-ῗ..1....⁶“)

1872 4598 2061 4651 matris
2086 4611 2304 4660 nomen,
2344 4595 2469 4649 dum
2518 4595 2801 4664 e0njugcm
2834 4595 3063 4664 perdidi.
3095 4594 3232 4663 Spes
3265 4594 3315 4647 in
3352 4594 3461 4646 filio

1870 4689 1990 4751 fuit,
2026 4690 2073 4743 is
2106 4689 2281 4743 hostis
2306 4686 2483 4741 factus
2527 4699 2630 4743 est.
2668 4689 2712 4740 A
2762 4703 2847 4741 me
2880 4696 3226 4742 recesserunt
3254 4686 3458 4739 dulcis-

1870 4780 1991 4833 simi
2033 4783 2307 4850 quondam
2340 4779 2443 4833 mei
2480 4779 2637 4833 amici
2692 4778 2758 4832 ad
2789 4778 3141 4847 ignominiam
3174 4791 3350 4829 mean:
3400 4789 3466 4827 ac

1871 4874 2037 4925 totius
2090 4873 2305 4943 generis
2357 4872 2484 4924 inci.
2520 4870 2913 4925 Nefandissima
2954 4872 3005 4924 in
3052 4867 3469 4924 Landuuensem
3536 4860 3539 4861 ⁷

1874 4960 2263 5014 confinxerunt
2298 4961 2632 5029 episcopum.
2690 4959 3100 5027 Perscqountur
3156 4969 3300 5016 eum,
3344 4968 3473 5019 pro-

1878 5052 2109 5121 prioque
2162 5053 2399 5119 Spoliare
2440 5053 2776 5107 contendunt
2826 5051 3059 5115 honore,
3116 5054 3175 5098 ιιι
3224 5044 3477 5097 ἱιιιιτιιίιιι·

1878 5142 2008 5197 mihi
2050 5144 2344 5216 ignominia
2398 5146 2749 5214 sempiterna,
2797 5156 2919 5208 quae
2980 5145 3051 5197 sit
3096 5136 3246 5208 quasi
3285 5134 3480 5202 justis-

1875 5235 2011 5292 sima
2054 5253 2227 5293 causa
2258 5237 2547 5291 amittendi
2581 5234 2801 5291 honoris
2837 5236 2970 5289 mei.
3006 5236 3224 5293 Adesto,
3245 5227 3334 5297 pia
3362 5244 3481 5282 ina-

2036 5332 2087 5350 ‘I‘
2172 5329 2251 5350 Δ.1..1
2274 5329 2442 5350 _-fl_---
2479 5331 2591 5350 _.I...
2618 5346 2644 5350 ...
2686 5325 2951 5350 ρΙ.ι.τξ.ι..ι.
2982 5345 3006 5350 ...
3032 5330 3215 5350 [ιιηιηρ
3240 5321 3341 5350 ιιιηῖ

2944 5347 2951 5350 .
2982 5345 3006 5350 ...
3032 5330 3215 5350 Ι.ιιηιηρ
3240 5330 3341 5350 ιιιηὶ
3372 5336 3479 5350 sane.
