3948 5350
511 260 621 317 227

1212 226 1570 349 SILUVISST'RI
1614 258 1653 313 II
1694 257 1894 313 ΡΑΡᾸΞ
1928 255 2084 313 OI‘P.
2127 254 2308 313 PARS
2347 257 2435 313 III.
2475 292 2546 302 —
2585 260 2803 318 EPIST.
2846 261 2929 317 ET
2967 260 3241 319 IIIPLOII.

3677 267 3782 323 228

509 392 689 434 meum
741 376 923 447 patior
970 384 1029 431 ut
1081 372 1382 430 inimicum.
1430 372 1731 443 Astringite
1783 371 1915 426 mihi
1946 369 2172 440 prin-A
2202 367 2265 421 iri
2316 371 2472 426 nobis
2518 371 2675 442 plena
2706 373 2809 429 ﬁde
2841 391 3104 432 oramus:
3147 385 3323 432 vestra
3370 388 3784 449 vestrornmquo

509 469 660 539 cipes
707 466 877 522 vestri
924 463 1113 538 regni,
1161 463 1405 536 proderit
1457 464 1538 518 eis
1587 478 1709 517 mea
1761 461 2093 532 coniunctio.

507 559 634 614 Otto
663 566 718 612 et
768 556 1090 613 Heribertus
1134 555 1363 611 comites
1392 553 1753 623 potentissimi
1795 566 2009 607 mecum
2042 552 2095 606 in

506 657 689 702 vestro
718 646 948 703 consilio
976 654 1157 703 erunt.
1208 646 1264 702 Si
1299 646 1416 700 ﬁeri
1449 651 1649 715 potest,
1702 642 1969 700 absolvite
1998 659 2097 699 nos

507 739 675 805 curis,
717 746 777 793 ut
809 738 1011 793 mutuis
1039 737 1287 792 fruamur
1333 735 1637 804 colloquiis.
1670 734 1789 800 Sin,
1816 734 2096 804 antiquam

506 833 826 903 sapientiam
858 840 1097 886 vestram
1138 829 1381 899 undique
1408 828 1667 899 colligite,
1700 827 1925 882 Francis
1954 827 2097 882 unde

506 938 614 976 non
664 930 888 991 sperant
933 920 1212 976 contraria
1258 928 1471 990 parate,
1527 926 1586 972 ut
1624 918 1677 971 in
1734 932 1833 971 nos
1861 918 2098 988 graviter

504 1012 734 1068 saaviens
762 1028 951 1068 eorum
993 1012 1314 1068 reinndatur
1344 1012 1600 1081 impetus.
1628 1009 1691 1063 Et
1727 1010 1944 1064 interim
1968 1011 2097 1080 quid

504 1105 658 1159 vobis
679 1105 748 1160 sit
774 1104 1103 1171 faciendum,
1138 1114 1192 1158 ct
1239 1103 1457 1173 scriptis
1483 1101 1791 1173 signiﬁcate
1821 1110 1879 1157 et
1907 1100 2096 1156 nuntio

506 1194 789 1250 lidissiino.
950 1213 956 1219 ε
1230 1216 1231 1219 η

928 1358 931 1359 ν
1000 1284 1335 1342 EPISTOLA
1375 1283 1606 1339 xcvm.

610 1393 676 1433 Εἰ
712 1394 947 1435 ΡειιεοΝΑ
979 1394 1340 1433 LAUDUNENSIS
1363 1391 1600 1432 EPISCOPI
1626 1391 1692 1429 AD
1715 1390 2015 1431 EPISCOPOS.

574 1466 832 1537 Quamvis
860 1464 999 1539 regia
1024 1478 1284 1539 potestate
1312 1483 1408 1539 per
1430 1467 1788 1536 quorumdam
1814 1467 2091 1521 hominum

505 1558 801 1615 factionem
829 1576 858 1615 a
900 1561 1118 1630 propria
1146 1560 1275 1614 sede
1307 1574 1425 1613 sum
1454 1559 1522 1613 ad
1549 1573 1789 1629 priesens
1818 1557 2091 1620 exclusus,

501 1651 794 1722 episcopali
835 1661 1011 1705 tamen
1047 1649 1222 1706 olIicio
1248 1650 1473 1705 minime
1506 1665 1626 1705 sum
1658 1649 1904 1719 privatus
1937 1668 1950 1703 :
1993 1664 2092 1704 nec

2197 474 2384 515 aversa
2418 464 2559 520 tristi
2590 466 2736 520 vultu
2782 469 3076 538 accepturi,
3105 484 3363 540 prospera
3386 470 3783 539 jucundissimo

2198 551 2380 607 animo
2410 553 2568 611 laturi
2595 572 2657 612 ac
2685 559 2968 628 perlaturi.

2751 651 3082 710 EPISTOLA
3136 614 3245 712 cn

2823 764 2891 803 AD
2917 763 3157 806 EUIDEM.

2267 831 2608 894 Multitudine
2653 854 2905 896 curarum
2934 839 3203 899 festinatae
3249 840 3557 916 legationis,
3590 845 3783 903 simul-

2198 943 2303 995 que
2333 929 2543 985 viarum
2575 933 2887 1003 prolixitate
2914 938 3108 1006 pressi,
3142 938 3482 995 desiderabili
3505 940 3782 1011 colloquio

2196 1029 2380 1075 vestro
2409 1038 2598 1093 magna
2625 1039 2744 1081 cum
2780 1028 3034 1082 maestitia
3081 1029 3272 1098 privati
3305 1044 3509 1086 smnus.
3554 1030 3666 1086 Sed
3700 1048 3782 1086 re-

2200 1108 2325 1164 fecit
2362 1126 2461 1165 nos
2492 1117 2777 1182 praesentia
2803 1119 3113 1187 spectabilis
3141 1121 3245 1176 viri
3288 1120 3545 1186 Fuluiari,
3574 1124 3632 1178 in
3674 1139 3780 1194 quo

2196 1212 2377 1256 vestra
2401 1204 2573 1260 virtus
2602 1206 2871 1263 intellecta
2896 1219 2998 1273 est,
3025 1213 3149 1265 dum
3177 1227 3241 1267 eo
3264 1213 3471 1268 utimini
3504 1215 3776 1279 ministro,

2197 1293 2285 1360 qui
2317 1294 2645 1351 voluntatem
2670 1299 2880 1354 Domini
2911 1303 3076 1356 etiam
3104 1319 3209 1358 non
3233 1307 3468 1361 monitus
3496 1306 3778 1362 laudabili-

2199 1391 2279 1436 ter
2315 1385 2547 1454 cxpleat.
2600 1388 2814 1445 Addicti
2847 1407 2977 1463 ergo
3026 1409 3214 1450 sumus
3259 1405 3451 1450 vestrm
3501 1398 3775 1459 servituti,

2195 1490 2315 1529 cum
2347 1477 2557 1543 hac-re,
2593 1488 2701 1533 tum
2736 1483 2898 1536 etiam
2932 1484 3162 1554 plurima
3209 1486 3493 1543 dilectione
3542 1489 3775 1544 senioris

2196 1566 2365 1619 nostri
2395 1566 2752 1624 Azlalberonis
2779 1571 2918 1626 circa
2949 1589 3071 1638 nos,
3099 1575 3188 1643 qui
3217 1592 3405 1631 earum
3431 1594 3611 1631 rerum
3641 1594 3775 1648 quas

2194 1656 2420 1714 fecimus
2442 1663 2731 1732 participes
2758 1680 2854 1718 vos
2883 1665 2998 1722 fore
3023 1683 3119 1737 per
3141 1685 3319 1723 on‘nna
3343 1670 3528 1725 voluit.
3570 1687 3626 1725 tv
3653 1670 3771 1725 Kal.

502 1746 763 1801 damnant
786 1745 1013 1800 crimina
1056 1744 1194 1799 falso
1223 1744 1391 1809 illata,
1421 1758 1583 1813 quem
1617 1742 1875 1798 innocens
1906 1742 1961 1795 in
1987 1742 2089 1796 hac
2121 1725 2163 1782 Β
2191 1749 2360 1818 April.
2387 1725 2602 1806 domina
2638 1725 2748 1808 dux
2792 1725 3181 1827 Bcalrix'apnd
3209 1760 3465 1829 palatium
3500 1761 3773 1831 Campe".

499 1846 655 1907 parte
681 1851 788 1891 non
827 1834 1105 1897 remordet
1133 1833 1490 1890 conscientia.
1533 1831 1748 1885 Sentiat
1798 1845 1931 1902 ergo
1960 1845 2089 1901 grex

500 1929 741 2001 pastoris
770 1928 1098 1993 absentiam,
1150 1926 1382 1980 sentiam
1429 1932 1480 1978 et
1510 1938 1610 1994 ego
1642 1938 1737 1978 vos
1789 1938 1964 1978 meam
1996 1923 2093 1977 do-

500 2019 615 2076 lere
640 2020 836 2075 vicem.
890 2018 1077 2089 Itaque
1126 2030 1341 2082 moneo,
1389 2030 1539 2087 rogo,
1589 2030 1707 2079 oro,
1741 2015 1994 2080 obsecro,
2026 2030 2090 2069 ac

498 2126 598 2182 pro
649 2112 873 2166 nomine
909 2108 1172 2165 terribilis
1222 2122 1438 2176 semper
1466 2106 1697 2160 viventis
1727 2104 1938 2159 Domini
1994 2104 2089 2159 ob-

498 2210 692 2265 testor,
725 2216 812 2256 me
843 2200 1100 2255 Ecclesiae
1124 2213 1257 2253 mere
1277 2196 1517 2268 quolibet
1538 2196 1717 2258 modo,
1759 2211 1856 2266 per
1895 2210 2088 2265 quam-

499 2292 635 2349 libet
663 2306 976 2364 personam,
1006 2299 1255 2346 sanctum
1286 2288 1525 2343 chrisma
1550 2286 1818 2350 tribuatis,
1850 2302 1949 2342 nec
1970 2287 2088 2356 epi-

498 2383 772 2456 scopalem
800 2382 1261 2447 benedictionem,
1312 2387 1368 2433 et
1400 2378 1691 2432 missarum
1743 2374 2004 2430 solemnia
2033 2377 2087 2432 in

499 2489 617 2530 mea
648 2473 908 2547 parochia
957 2472 1251 2544 peragatis,
1288 2471 1414 2541 quia
1471 2467 1735 2537 scriptum
1776 2477 1897 2522 est:
1933 2466 2088 2532 Quod

496 2565 592 2621 tibi
613 2566 732 2636 ﬁeri
771 2581 875 2619 non
906 2565 1005 2631 vis,
1050 2562 1204 2617 alteri
1239 2577 1302 2616 ne
1349 2559 1557 2631 feceris.
1607 2557 1678 2612 At
1717 2557 1761 2612 si
1807 2556 1991 2611 divina
2034 2565 2090 2612 et

495 2657 731 2713 humana
763 2653 1113 2712 contemnitis
1161 2646 1309 2723 jura,
1357 2665 1457 2705 nec
1505 2649 1708 2704 nostris
1748 2647 1966 2701 monitis
1993 2663 2085 2702 ac-

448 2764 451 2765 '
495 2749 822 2821 quiescitis:
873 2760 1185 2819 quanquam
1214 2743 1395 2799 divina
1426 2741 1629 2796 ultione
1671 2739 1792 2794 sitis
1831 2738 2085 2807 feriendi,

495 2851 674 2897 tamen
723 2842 791 2897 ad
852 2841 1112 2912 majorem
1147 2838 1478 2894 audientiam
1527 2834 1907 2891 ecclesiastica:
1956 2832 2087 2905 legis

495 2949 594 2989 vos
633 2943 988 3004 provocatum
1017 2933 1081 2986 iri
1118 2931 1479 3001 pernoscatis.

1013 3023 1345 3078 EPISTULA
1388 3020 1573 3077 XCIX.

2190 1839 2404 1895 discum
2444 1843 2547 1899 hoc
2585 1843 2861 1911 eﬂ‘ecerat,
2892 1858 2949 1901 ut
2980 1864 3072 1903 vui
3095 1848 3213 1903 Kal.
3246 1848 3388 1904 .lunii
3435 1852 3502 1904 ad
3536 1850 3772 1906 Montem

2190 1932 2439 1990 Falconis
2480 1936 2711 1992 domina:
2739 1937 2984 1994 Adelaidi
3016 1941 3366 2013 imperatriri,
3399 1943 3521 1997 duci
3552 1943 3773 2005 Carolo.

2191 2039 2286 2078 rex
2318 2025 2642 2093 Ludovicus,
2679 2030 2860 2098 regina
2887 2030 3132 2099 Ile-mna,
3165 2034 3271 2088 dux
3298 2032 3581 2098 Ilenricus,
3609 2050 3770 2090 causa

2188 2113 2538 2171 conﬁcienda:
2588 2118 2738 2187 pacis
2784 2131 3158 2177 occurrerent.
3214 2122 3319 2178 Sed
3375 2125 3633 2194 quoniam
3681 2141 3774 2195 per

2191 2203 2548 2272 ignorantiam
2580 2210 2812 2266 ilomimr
2844 2212 3206 2285 Tlieophanite
3231 2215 3594 2287 iinperatricis
3631 2233 3769 2272 seu»

2190 2311 2288 2366 per
2311 2297 2565 2369 Augusta:
2591 2301 2693 2356 hoc
2724 2302 2903 2368 fiebat,
2929 2304 3108 2358 dolum
3134 2307 3356 2362 subesse
3385 2307 3770 2380 intelligentia,

2190 2388 2267 2441 uti
2325 2405 2423 2459 per
2473 2406 2532 2446 se
2578 2393 2757 2462 potius
2808 2410 2909 2463 pax
2946 2394 3123 2461 ﬁeret,
3164 2398 3557 2464 eonsnluimus,
3608 2411 3773 2471 tthuc

2188 2477 2338 2546 prius
2367 2494 2462 2548 per
2494 2496 2590 2536 vos
2631 2498 2750 2551 qua:
2789 2484 3026 2539 conditio
3050 2487 3198 2556 pacis
3241 2486 3377 2544 foret
3407 2491 3769 2559 experiretur.

2188 2569 2341 2636 Quod
2375 2572 2647 2628 laudatum
2676 2583 2773 2650 est,
2807 2571 3324 2648 vestriquc'ilineris
3353 2583 3485 2638 socii
3521 2583 3771 2639 denomi-

2189 2665 2299 2719 nati
2328 2680 2393 2718 xv
2418 2665 2536 2720 Kal.
2565 2665 2708 2722 Junii
2741 2668 3073 2726 Francorum
3102 2672 3369 2744 colloquio
3396 2675 3550 2730 nobis
3577 2692 3771 2731 occur-

2191 2761 2437 2812 rendum.
2483 2759 2668 2829 Ibique
2705 2762 2748 2816 si
2795 2777 2982 2831 pacein
3026 2781 3151 2818 cum
3202 2781 3331 2835 rege
3375 2768 3561 2822 senior
3591 2780 3775 2823 noster

2189 2847 2504 2914 confecerit,
2533 2864 2631 2919 pro
2653 2867 2785 2920 pace
2814 2869 3101 2924 regnorum
3126 2855 3414 2923 plurimum
3444 2859 3769 2913 elaborabit.

2189 2937 2394 3009 Magum
2425 2941 2792 3013 intelligentia:
2836 2952 3028 3000 vestrae
3062 2961 3227 3015 pauca
3261 2948 3595 3018 suggessisse
3639 2951 3772 3005 satis

2190 3041 2290 3085 cst.
2323 3032 2591 3086 Caeterum
2641 3033 2707 3087 de
2738 3044 2904 3099 terra,
2936 3050 3056 3105 quae
3088 3036 3138 3090 in
3183 3038 3382 3092 nostris
3425 3039 3672 3106 partibus
3724 3040 3770 3092 vi

495 3134 560 3172 ex
606 3114 839 3173 ransom
878 3131 1242 3171 ADALBERONIS
1284 3128 1682 3168 AIICIIIEPISCOI‘I
1725 3128 1793 3166 an
1823 3128 2085 3166 BELLOVA-
2113 3086 2156 3146 (ί
2192 3121 2345 3175 vobis
2391 3122 2639 3191 eripitur,
2667 3086 3050 3181 monemuslad
3085 3141 3324 3196 praesens
3371 3086 3576 3191 taI-ere,
3626 3138 3773 3200 post-

1179 3201 1407 3242 CENSEM.

572 3279 703 3335 Vide
739 3278 1060 3348 Patralogiaa
1099 3288 1228 3334 toni.
1264 3275 1468 3331 CXXX
1486 3274 1589 3333 VII
1633 3276 1686 3329 in
1726 3276 2083 3329 Answaaons

496 3370 760 3436 REIENSI,
792 3372 953 3440 epist.
986 3369 1075 3424 25.
1332 3416 1336 3420 Α
1662 3391 1667 3395 ο

1078 3456 1415 3516 EPISTOLA
1447 3460 1508 3516 C.

630 3572 699 3609 ιθ
729 3569 1017 3610 εςιιειιτυω
1050 3568 1504 3610 Αιιειιιεριδοοῐδυιι
1547 3566 1939 3607 τιιιῖγιιιεκεεκ.

492 3714 499 3717 _
563 3649 836 3716 Quantum
868 3647 1118 3703 utilitatis
1148 3646 1360 3717 reipub.
1399 3644 1714 3709 contulerit,
1751 3653 2086 3713 quantumve

491 3741 755 3798 collatura
788 3743 860 3797 sit
889 3756 991 3811 pax
1042 3739 1188 3793 inter
1217 3752 1372 3808 reges
1410 3745 1626 3792 nostros
1674 3736 1808 3791 bene
1836 3734 2083 3801 fundata,

495 3837 649 3892 testis
668 3845 751 3891 est
769 3835 961 3890 civitas
976 3831 1413 3895 Virdunensiuin,
1432 3829 1548 3884 sine
1564 3828 1710 3884 caede
1731 3838 1787 3884 et
1802 3829 2082 3898 sanguine,

494 3927 612 3982 sine
651 3924 945 3988 obsidibus,
984 3923 1104 3976 sine.
1145 3921 1392 3992 pecuniis
1438 3921 1491 3975 in
1541 3920 1809 3991 integrum
1855 3920 2084 3991 imperio

494 4026 675 4081 vestro
707 4016 978 4071 restituta.
1018 4013 1199 4068 Testis
1239 4011 1345 4067 erit
1376 4010 1619 4077 Colonia,
1656 4013 1817 4066 rebus
1842 4011 1943 4066 sibi
1991 4010 2082 4065 diu

492 4107 784 4163 subtractis
834 4107 885 4159 in
944 4104 1213 4172 integrum
1263 4102 1636 4157 restituendis.
1691 4102 1845 4169 Quod
1895 4102 2081 4172 utique

482 4198 757 4253 maturius
786 4197 947 4260 foret,
987 4195 1088 4249 nisi
1122 4194 1302 4248 acrior
1334 4208 1465 4248 cura
1498 4208 1790 4264 regnatum
1820 4208 1994 4263 nuper
2028 4193 2080 4247 in

491 4289 828 4345 conficienda
866 4303 998 4357 pace
1052 4286 1260 4355 longius
1308 4299 1407 4339 nos
1456 4285 1802 4349 detinuisset,
1860 4294 2083 4355 propter

491 4384 738 4440 inversos
769 4396 948 4435 mores
973 4379 1333 4450 quorumdam
1365 4388 1693 4434 nostrorum.
1724 4376 1876 4432 Nunc
1900 4377 2079 4447 itaque

496 4486 707 4545 tempus
727 4482 1088 4544 opportunum
1111 4471 1277 4535 nacti,
1304 4471 1567 4540 obsequio
1595 4480 1774 4523 vestro
1796 4469 2071 4522 adsumus.
2109 4460 2154 4517 D

493 4569 772 4624 Monemus
802 4566 877 4619 uti
910 4564 1057 4619 Dudo
1085 4578 1150 4618 ac
1176 4560 1512 4617 Gesilbertus
1541 4575 1724 4615 comes
1748 4575 1928 4614 rerum
1976 4559 2077 4614 Ec-

493 4663 672 4719 clesia:
699 4670 891 4715 vestrm
920 4672 1238 4728 pervasores
1270 4657 1389 4711 sine
1416 4655 1672 4709 dilatione
1697 4654 2076 4709 excommuni-

493 4769 706 4814 ccntur.
742 4752 1020 4807 Moneitur
1046 4749 1234 4813 frater,
1265 4763 1333 4802 ne
1364 4747 1571 4802 amicus
1597 4756 1777 4800 vester
1804 4744 2078 4800 Adalbero

492 4850 786 4905 Remorum
811 4842 1252 4913 archiepiscopus
1278 4854 1441 4910 super
1454 4839 1694 4902 Dudonc,
1717 4836 1893 4893 Guido
1914 4836 2079 4892 Sues-

492 4941 713 4996 sonicus
762 4935 1046 5006 episcopus
1075 4948 1240 5002 super
1283 4930 1609 4995 Gesilberto,
1656 4944 1726 4983 ne
1775 4928 1915 4983 lilios
1967 4943 2078 4983 sua:

491 5029 749 5088 Ecclesia:
785 5029 1005 5101 impune
1030 5042 1127 5083 vos
1157 5028 1350 5083 lmdere
1387 5027 1568 5082 sinant
1595 5044 1608 5080 :
1641 5026 1734 5082 sed
1759 5040 2076 5081 excommu-

494 5123 702 5178 nicatos
723 5139 751 5175 a
780 5121 933 5176 vobis
960 5118 1451 5183 excommunicent,
1482 5116 1656 5173 donec
1677 5124 2079 5186 consequantur

492 5231 523 5269 ε
553 5215 708 5270 vobis
732 5215 947 5269 veniam
978 5212 1138 5283 digna
1183 5211 1575 5275 satisfactione,
1604 5211 1902 5281 quiconati
1953 5221 2078 5267 sunt

636 5318 639 5319 '
753 5308 764 5318 '
893 5307 930 5320 "
1031 5306 1042 5316 '
1090 5305 1101 5316 '
1131 5306 1143 5320 '
1296 5303 1349 5320 ¹’·
1394 5315 1406 5320 ‘
1522 5318 1529 5319 ί
1605 5304 1616 5314 ’
1642 5304 1679 5320 ’ί
1798 5301 1936 5344 nunt
1973 5296 2074 5344 (In-

2188 3211 2408 3266 modum
2439 3213 2858 3268 demonstraturi
2890 3204 3240 3284 quidexindc
3271 3218 3447 3274 facere
3471 3221 3738 3275 debeatis.

2733 3306 3069 3363 EPISTOLA
3109 3309 3214 3365 Cll.

2480 3411 2547 3450 AD
2588 3413 2971 3455 ADALDERONEM
3009 3418 3037 3455 A
3047 3417 3480 3459 ηοιιιευιεοοῐνωῐ.

2256 3487 2371 3554 Qua
2412 3487 2623 3549 fiducia.
2679 3507 2854 3561 quave
2894 3494 3105 3548 cautela
3155 3495 3418 3566 colloquia
3457 3497 3677 3554 Ottonis
3718 3509 3773 3554 et

2187 3579 2453 3635 IIeriberti
2484 3584 2784 3651 expetenda
2818 3585 2971 3639 vobis
3015 3587 3124 3641 sint
3170 3590 3471 3657 proviilete,
3517 3607 3587 3646 ne
3629 3591 3771 3647 forte

2185 3682 2408 3743 propter
2436 3684 2759 3743 praesentem
2786 3676 3124 3734 obsidionem
3162 3679 3524 3751 Caprimontis
3554 3701 3690 3740 nova
3719 3686 3768 3740 in

2185 3783 2282 3821 vos
2318 3768 2474 3822 novis
2505 3768 2644 3823 dolis
2684 3771 3045 3842 undecunque
3083 3786 3469 3844 comparentur
3517 3780 3765 3832 consilia.

2187 3859 2510 3915 Mementote
2538 3862 2703 3917 sortis
2723 3861 2954 3918 Gnilridi
2986 3864 3310 3936 [Gmlefridi,
3333 3878 3385 3921 et
3416 3866 3771 3924 Virduaensis

2182 3950 2441 4021 episcoiii,
2474 3953 2542 4012 ob
2572 3955 2947 4025 pervasionem
2980 3959 3149 4012 castri
3188 3958 3540 4031 Luciliburgi.

2729 4048 3056 4105 EPISTOl.A
3096 4051 3223 4107 CIII.

2182 4152 2250 4190 AD
2292 4151 2532 4191 DOMINAM
2570 4154 2944 4193 TIIEOI’IIANIA‘I
2986 4157 3385 4198 IIPEIIATIIICEH
3427 4157 3493 4197 EX
3533 4161 3770 4200 PERSONA

2787 4227 3170 4267 ADALBERONIS.

2262 4299 2390 4355 I'ide
2421 4299 2744 4372 Patrologim
2781 4314 2907 4357 (om.
2947 4277 3292 4372 CXXXIII,
3323 4307 3378 4361 in
3410 4280 3768 4363 Atiawsiioxs

2182 4395 2441 4457 “IZMENSI.
2472 4398 2623 4460 epist.
2655 4397 2747 4450 26.

2720 4489 3052 4547 EPISTOLA
3090 4490 3222 4547 CIV.

2179 4595 2246 4632 AD
2269 4593 2548 4636 ECBERTU”
2573 4596 2940 4637 TREVIIIENSEM
2963 4599 3415 4642 ARCHIEI‘ISCOPUH
3436 4602 3502 4641 EX
3528 4604 3767 4643 PERSOSA

2782 4671 3158 4711 ADALBERONIS.

2260 4739 2389 4795 Vide
2416 4741 2503 4795 ubi
2540 4760 2723 4812 supra,
2752 4746 2899 4813 epist.
2933 4746 3024 4799 ‘27.

2437 4900 2441 4904 ι
2738 4837 3066 4893 Eptsrom
3107 4838 3216 4893 cv.

2180 4946 2247 4983 AD
2272 4945 2509 4985 FRATRE‘?
2530 4946 3007 4986 Βιλκωκιλεεκδες
3024 4949 3087 4986 EX
3112 4947 3347 4988 PERSONA
3378 4951 3765 4994 ADALBI‘ZRONIS.

2268 5019 2393 5075 Vide
2418 5021 2503 5075 ubi
2531 5037 2709 5092 supra.
2742 5023 2889 5086 epist.
2924 5021 3012 5076 ‘28.

2734 5111 3062 5168 EPISTULA
3097 5115 3226 5169 CVI.

2329 5222 2397 5262 AD
2426 5220 2710 5261 ECBERTUM
2745 5221 3195 5262 ARCHIEI’ISCOPUI
3226 5224 3623 5266 TREVIRENSEI.

2257 5297 2383 5320 l‘.-!.-
2435 5300 2513 5320 12--
2564 5308 2737 5320 -..ι-ι-
2797 5300 3008 5320 -----;I3-
3048 5312 3155 5320 --,,.
3206 5318 3211 5319 γ
3304 5318 3311 5319 κ
3515 5305 3538 5320 ρ
3602 5306 3614 5318 ι
