3948 5350
1021 340 1263 399 SECTIO
1299 338 1342 394 I.
1381 367 1452 379 —
1486 336 1671 393 ANTE
1708 332 2006 392 SUMMUM
2040 330 2574 392 PONTIFICATUM.

3329 327 3436 384 254

128 441 324 533 'ipsius
357 459 423 515 ad
453 460 516 515 D.
545 458 609 526 Q.
641 458 708 512 ν.
735 456 805 511 Μ.
841 455 909 512 II.
939 455 1002 512 E.
1031 457 1348 526 jamdudum
1383 457 1620 520 directa,
1653 470 1745 510 cu-
1775 459 1819 519 Α
1851 460 1936 506 tus
1984 451 2050 506 ad
2098 450 2464 521 quorumlibet
2511 446 2761 506 notitiam
2815 446 3119 519 pervenire,
3161 461 3282 518 qum
3337 446 3438 504 sub

156 552 240 622 jus
267 550 552 620 exemplar
597 549 751 603 vobis
799 548 1064 613 misimus,
1099 559 1159 603 ut
1197 558 1252 603 et
1284 548 1414 618 quid
1458 558 1640 602 actum
1676 545 1748 600 sit

160 644 392 706 sciretis,
427 651 484 697 et
507 657 670 711 quam
707 642 844 696 nihil
891 641 992 696 sibi
1021 642 1306 711 profucrit,
1334 651 1401 712 et
1432 650 1492 695 ut
1528 654 1747 694 causam

164 732 284 796 doli,
310 733 356 786 si
394 742 574 784 tamen
607 729 763 785 dolus
792 739 894 796 est,
928 730 1282 801 investigetis.
1320 730 1481 785 Certe
1511 729 1750 784 clarissi-

165 837 300 875 mam
342 820 623 874 dominam
661 831 716 874 et
749 827 978 873 matrem
1022 835 1310 889 regnorum
1354 835 1450 874 vos
1491 819 1749 873 hactenus

165 913 324 968 fuisse
371 911 722 966 manifestum
772 920 887 975 est,
957 912 1155 966 nostris
1209 911 1499 980 periculis,
1550 911 1593 965 si
1641 925 1748 979 qua

164 1006 484 1075 ingruerint,
508 1005 842 1058 credidimus
867 1004 1000 1057 velle
1031 1019 1371 1066 succurrere,
1408 1007 1602 1058 nedum
1629 1003 1750 1057 ﬁlia:

166 1098 432 1168 quondam
472 1097 708 1159 dilectae,
746 1095 860 1149 sive
898 1104 1136 1166 potestas
1164 1107 1354 1166 erepta
1387 1108 1471 1151 est
1499 1097 1612 1151 sive
1642 1113 1749 1150 non

165 1197 260 1250 est,
291 1186 414 1240 ﬁlia:
444 1201 548 1240 non
581 1184 904 1249 subvenire,
947 1185 998 1240 in
1035 1186 1294 1240 mteslitia
1321 1195 1425 1241 est.
1459 1186 1751 1240 Hortamur

166 1286 338 1331 tamen
392 1293 490 1331 vos
535 1277 824 1348 explorare
864 1281 1002 1350 apud
1037 1280 1316 1347 Carolum,
1366 1298 1463 1352 per
1510 1281 1751 1336 valentes

165 1364 384 1436 legatos,
413 1377 600 1422 utrum
624 1369 754 1424 velit
783 1386 901 1424 eam
924 1372 1074 1426 vobis
1097 1373 1344 1436 reddere,
1371 1381 1461 1426 aut
1486 1373 1751 1427 creditam

166 1461 564 1516 mmmendare.
609 1461 832 1517 Videtur
875 1464 1073 1534 quippe
1120 1465 1242 1519 ideo
1294 1465 1438 1520 illam
1470 1464 1550 1519 sic
1588 1464 1754 1519 obsti-

165 1561 287 1604 nato
329 1551 518 1606 animo
573 1551 844 1618 retinere,
884 1567 954 1608 ne
1006 1553 1254 1608 videatur
1300 1554 1419 1609 sine
1463 1568 1626 1608 causa
1670 1567 1756 1610 ce-

168 1640 324 1711 pisse.

647 1732 984 1790 EPISTOLA
1022 1735 1258 1792 CXXIX.

530 1839 583 1878 ν.
613 1839 668 1878 V.
698 1839 754 1879 ι).
785 1842 839 1880 Δ.
867 1843 922 1882 ll.
954 1843 1005 1884 ϐ.
1033 1843 1074 1882 I.
1105 1844 1159 1883 υ.
1188 1843 1304 1886 v.1.
1334 1843 1389 1883 D.

228 1912 492 1980 Quamvis
543 1929 644 1973 vos
694 1915 749 1970 in
799 1918 1036 1988 propriis
1090 1919 1270 1975 causis
1320 1919 1566 1976 noverim
1617 1918 1754 1975 satis

164 2005 438 2072 occupari,
467 2013 652 2060 tamen
685 2021 973 2064 commune
1009 2009 1307 2079 periculum
1347 2011 1522 2081 magis
1555 2009 1754 2065 sollici-

166 2101 246 2149 tos
285 2096 520 2152 reddere
573 2097 755 2152 debet.
805 2097 968 2155 Scitis
1012 2115 1149 2168 quas
1194 2101 1583 2157 conventiones
1629 2116 1754 2156 cum

163 2183 347 2241 Odone
399 2198 459 2239 et
501 2187 789 2245 I-Ieriberto
831 2191 1121 2246 comitibus
1163 2193 1535 2259 habuerimus,
1573 2201 1626 2248 et
1657 2208 1756 2248 cur

163 2277 378 2333 obsides
405 2279 811 2336 donaverimus.
849 2283 1078 2348 Instant,
1115 2292 1170 2338 et
1197 2286 1521 2353 promissam
1561 2283 1755 2338 amici-

165 2365 291 2420 tiam
348 2370 659 2438 requirunt.
699 2370 884 2441 Itaque
934 2373 1138 2426 nuntiis
1190 2389 1378 2428 eorum
1431 2373 1756 2444 respondere

166 2455 331 2511 debeo
383 2457 454 2512 de
502 2474 621 2513 mea
659 2474 724 2514 ac
768 2470 948 2516 vestra
987 2462 1264 2517 voluntate
1314 2480 1371 2517 ιιι
1418 2463 1559 2519 Νοιι.
1602 2462 1752 2532 Sept.

165 2543 365 2612 Mores,
420 2549 628 2614 studia,
679 2549 864 2616 dolos,
919 2551 1138 2606 fraudes
1183 2568 1373 2608 eorum
1429 2554 1572 2608 inter
1619 2570 1756 2622 quos

167 2633 372 2702 habito,
408 2638 588 2693 scitis.
623 2638 816 2694 Redite
845 2655 976 2712 ergo
1015 2657 1186 2711 usque
1216 2643 1282 2696 ad
1309 2642 1647 2709 Bubliouem,
1678 2643 1756 2698 uti

167 2723 451 2779 vobiscum
479 2725 626 2796 loqui
650 2729 852 2798 possim
876 2731 941 2784 de
969 2730 1052 2785 his
1078 2747 1197 2800 qua:
1219 2733 1477 2786 mandare
1499 2748 1604 2787 non
1629 2749 1757 2804 pos-

167 2828 304 2868 sum.
339 2815 484 2869 Sunt
503 2818 648 2871 enim
673 2833 762 2873 res
788 2820 1037 2890 grandes,
1062 2815 1116 2875 e't
1137 2823 1203 2875 ad
1227 2836 1322 2876 vos
1345 2822 1569 2876 multum
1593 2823 1759 2893 perti-

169 2910 380 2968 nentes,
412 2912 472 2958 et
501 2904 629 2973 quia
669 2907 944 2962 civitatem
991 2909 1111 2964 sine
1141 2909 1265 2964 forti
1301 2911 1542 2980 periculo
1574 2912 1758 2966 dimit-

169 3001 282 3048 tere
319 3010 431 3050 non
466 3010 706 3065 possum,
737 2999 781 3053 si
818 3001 1014 3071 placet,
1047 3018 1242 3056 manus
1276 3003 1490 3057 comitis
1523 2984 1756 3074 Dianae.

169 3081 387 3157 Comes}
423 3086 611 3140 veniet
639 3089 792 3143 vobis
817 3089 1054 3152 obviam.
1092 3107 1212 3162 quae
1241 3107 1338 3148 vos
1378 3093 1522 3148 omni
1554 3093 1760 3147 securi-

170 3181 277 3229 tate
319 3175 390 3229 ad
436 3191 542 3231 nos
573 3193 745 3248 usque
787 3181 1066 3249 perducat.
1105 3160 1314 3248 Valete,
1356 3191 1411 3238 et
1446 3199 1566 3253 qua)
1605 3183 1758 3238 vobis
1786 3160 1831 3220 (ἶ

171 3267 344 3334 cordi,
377 3267 626 3324 velocius
657 3271 989 3326 remandate.

678 3363 1008 3420 EPISTULA
1045 3365 1262 3421 CXXX.

684 3470 747 3508 BA
755 3472 949 3511 ωλι]υο
987 3473 1254 3513 ΙΟΝΑΟῙῙΟ.

236 3540 358 3596 Non
409 3541 716 3609 existimes,
751 3544 1062 3602 dulcissime
1099 3547 1288 3611 frater,
1319 3547 1454 3603 vitio
1488 3562 1609 3603 meo
1647 3548 1763 3604 ﬁeri

170 3635 309 3702 quod
345 3635 540 3688 tandiu
563 3634 790 3690 fratrum
817 3652 1061 3692 meorum
1091 3639 1379 3709 praesentia
1403 3654 1582 3694 careo.
1613 3638 1767 3694 Post-

172 3741 330 3795 quam
363 3743 396 3780 a
442 3735 496 3782 te
525 3727 800 3798 digressus
825 3746 966 3796 sum,
993 3732 1203 3786 crebris
1229 3732 1517 3788 itineribus
1544 3748 1764 3788 causam

175 3818 345 3884 patris
383 3815 499 3872 mei
551 3816 865 3874 Columbani
913 3835 1012 3892 pro
1051 3822 1260 3876 viribus
1298 3832 1586 3878 exsecutus
1620 3839 1761 3878 sum.
1840 3798 1856 3818 ⁸

176 3904 490 3976 Regnorum
524 3907 770 3975 ambitio,
803 3910 926 3964 dira’
956 3919 1014 3965 et
1049 3912 1356 3967 miseranda
1397 3922 1638 3984 tempora
1686 3913 1766 3970 Ias

173 4009 459 4054 verterunt
498 3999 553 4054 in
587 3998 769 4067 nefas;
802 4001 931 4057 nulli
969 4003 1094 4073 jure
1132 4005 1449 4072 rependitur
1484 4022 1581 4060 sua
1612 4007 1763 4060 ﬁdes.

176 4087 286 4158 Ego
317 4098 531 4154 tamen,
560 4104 688 4145 cum
731 4091 896 4146 sciam
943 4093 1125 4148 omnia
1173 4109 1238 4148 ex
1280 4093 1492 4149 Domini
1534 4097 1768 4164 pendere

176 4181 473 4244 sententia,
503 4195 627 4249 quae
657 4180 818 4236 simul
845 4183 1006 4238 corda
1035 4193 1089 4237 et
1127 4199 1291 4252 regna
1325 4185 1556 4240 ﬁliorum
1589 4183 1766 4240 homi-

177 4284 303 4322 num
339 4278 644 4340 permutat,
692 4271 892 4325 exitum
938 4287 1120 4327 rerum
1171 4275 1448 4342 patienter
1491 4285 1764 4344 exspecto.

174 4357 320 4413 Idem
350 4374 574 4430 quoque
610 4359 791 4416 facere
833 4370 885 4416 te
931 4374 988 4418 et
1021 4379 1216 4418 moneo
1253 4373 1308 4420 et
1352 4366 1560 4421 hortor.
1590 4365 1766 4421 Unum

179 4462 360 4506 autem
416 4452 638 4507 interim
698 4453 988 4522 plurimum
1039 4463 1304 4523 exposco,
1360 4457 1504 4525 quod
1545 4466 1601 4512 et
1650 4457 1768 4512 sine

178 4543 428 4609 pericqu
474 4557 533 4598 ac
580 4543 906 4599 detrimento
956 4546 1032 4600 tui
1079 4546 1196 4611 ﬁat,
1247 4556 1302 4602 et
1347 4564 1434 4602 me
1478 4549 1571 4604 tibi
1604 4564 1765 4618 quam

180 4635 427 4688 maxime
451 4634 503 4689 iu
531 4635 775 4689 amicitia
797 4638 1150 4708 constringat.
1177 4637 1325 4693 Nosti
1353 4648 1558 4708 quanto
1590 4641 1769 4696 studio

181 4722 453 4777 librorum
477 4724 810 4795 exemplaria
844 4727 1080 4796 undique
1109 4729 1443 4798 conquiram,
1477 4729 1617 4784 nosti
1640 4739 1771 4799 quot

183 4813 489 4883 scriptores
537 4815 590 4869 in
639 4816 870 4870 urbibus
922 4826 1015 4870 aut
1065 4819 1118 4872 in
1165 4820 1310 4890 agris
1357 4819 1524 4874 Italiae
1571 4821 1770 4891 passim

184 4903 511 4959 habeantur.
564 4907 680 4978 Age
727 4921 890 4975 ergo,
926 4917 981 4961 et
1033 4917 1084 4962 te
1133 4909 1247 4964 solo
1294 4913 1510 4964 conscio
1547 4926 1610 4964 ex
1665 4909 1774 4964 tuis

185 4996 492 5065 sumptibus
539 4996 628 5052 fac
674 5005 742 5051 ut.
781 4997 915 5050 mihi
965 4999 1271 5054 scribantur
1312 4999 1381 5053 Μ.
1414 5000 1660 5055 Manilius
1707 5000 1773 5054 de

189 5086 510 5156 astrologia,
559 5087 884 5144 Victorinus
919 5087 982 5140 de
1032 5090 1333 5155 rhetorica,
1383 5091 1774 5147 Demosthenes

1781 1806 1832 1868 B

1799 4517 1846 4572 D

1851 551 2035 598 nostra
2060 541 2373 613 deposueris
2400 541 2524 596 ﬁde.

2334 631 2668 689 EPISTOLA
2704 630 2939 687 CXXXI.

1921 727 2075 794 Quod
2120 724 2494 780 benevolentia
2539 733 2718 779 vestra
2773 721 3066 777 secundum
3115 719 3432 792 dignitatem

1850 819 2014 872 vestri
2054 816 2287 870 nominis
2329 816 2544 869 assidue
2577 814 2928 884 perfruimur,
2967 813 3257 882 plurimum
3299 828 3434 868 con-

1851 909 2164 978 gaudcmus,
2197 921 2318 960 cum
2360 905 2529 959 nostri
2561 893 2815 970 utiﬁtate,
2852 913 2966 958 tum
3007 905 3173 959 vestri
3211 903 3434 959 n'onoris

1852 999 2218 1069 provectione.
2251 997 2526 1051 Lmtamur
2553 1011 2696 1050 nunc
2724 995 3012 1066 praesentia
3041 993 3253 1064 nepotis
3273 992 3436 1048 Adal-

1852 1088 2068 1143 beronis
2118 1087 2551 1142 Verdunensium
2606 1085 2876 1155 episcopi,
2938 1085 3031 1155 qui
3085 1101 3200 1149 vos,
3248 1085 3434 1139 habita

1852 1178 2061 1232 ratione
2088 1177 2189 1231 loci
2220 1185 2274 1235 et
2305 1176 2586 1246 temporis,
2615 1191 2738 1230 cum
2769 1176 2941 1245 copiis
2961 1175 3147 1230 adfore
3165 1175 3436 1244 pollicitus

1853 1278 1954 1325 est.
1985 1269 2170 1338 Itaque
2206 1269 2255 1324 ei
2297 1283 2402 1323 non
2441 1267 2780 1332 dissimilem,
2812 1275 3073 1335 quantum
3103 1266 3169 1319 ad
3197 1265 3438 1321 atl‘eetio-

1852 1375 1976 1415 nem
2031 1360 2196 1414 animi
2259 1368 2502 1429 spectat,
2551 1358 2980 1430 magnitudinem
3029 1367 3264 1412 vestram
3311 1357 3437 1412 urbi

1853 1449 2146 1506 Remorum
2171 1450 2496 1506 exhibebitis
2519 1466 2593 1504 ιιι
2627 1449 2746 1502 Kal.
2773 1446 2964 1505 Octob.
2999 1447 3152 1515 Quod
3170 1457 3223 1503 et
3248 1463 3439 1502 mona-

1852 1543 2016 1596 chum
2047 1542 2275 1598 latorem
2316 1540 2557 1611 epistola:
2588 1539 2865 1606 celabitis,
2894 1548 2948 1594 et
2978 1553 3092 1594 rem
3127 1547 3242 1592 tuto
3269 1537 3439 1592 silen-

1857 1633 1933 1689 tio
1966 1635 2181 1705 tegetis,
2212 1633 2289 1688 uti
2317 1632 2561 1688 occultus
2602 1646 2667 1688 ac
2694 1631 3020 1702 improvisus
3048 1630 3116 1684 ad
3145 1644 3246 1685 nos
3270 1627 3443 1700 possit

1855 1738 1976 1780 esse
1997 1733 2180 1781 vester
2213 1725 2501 1780 adventus.

2332 1813 2668 1872 EPISTOLA
2703 1813 2964 1870 CXXXII.

1923 1907 2195 1976 Quantum
2237 1910 2445 1966 consilii
2482 1918 2852 1980 quantumque
2883 1908 3106 1963 rationis
3135 1906 3356 1977 provida
3384 1906 3442 1962 in

1853 2010 2035 2057 mente
2079 2003 2329 2067 versetis,
2383 2017 2504 2057 cum
2553 2001 2675 2056 aliis
2728 2000 3048 2065 innotuerit,
3101 2008 3210 2054 tum
3263 1999 3441 2054 exitus

1851 2091 2061 2146 viarum
2093 2091 2272 2147 Caroli
2305 2091 2645 2147 manifestius
2682 2091 3056 2160 prodiderunt.
3088 2090 3195 2146 Sed
3233 2092 3276 2145 si
3313 2105 3437 2144 eum

1854 2195 1882 2235 a
1909 2182 2185 2252 provincia
2211 2191 2392 2238 vestra
2415 2183 2564 2238 velut
2586 2183 2792 2237 hostem
2817 2181 3130 2252 propulsare
3157 2182 3256 2236 nisi
3283 2181 3439 2245 estis,

1854 2275 2158 2331 amicorum
2200 2265 2526 2343 vestrorum,
2567 2277 2809 2333 Ilemmte
2856 2276 3076 2347 regium,
3121 2286 3178 2332 et
3205 2275 3446 2346 episcopi

1854 2364 2210 2422 Adalberonis
2237 2367 2549 2423 meminisse
2577 2367 2863 2433 debuistis,
2895 2376 2946 2422 et
2978 2367 3021 2422 si
3055 2367 3183 2422 velit
3208 2368 3443 2422 amicum

1857 2452 1911 2506 in
1944 2469 2167 2525 regnum
2214 2455 2528 2520 sublimare,
2572 2455 2923 2511 nihilominus
2969 2472 3155 2512 eorum
3197 2457 3446 2514 oblivisci

1857 2558 1965 2597 non
1994 2547 2253 2614 oportuit,
2283 2547 2555 2616 simulque
2585 2546 2725 2615 apud
2757 2547 2954 2601 inﬁdos
2983 2547 3247 2603 maleﬁcia
3280 2549 3447 2604 bene—

1859 2632 1998 2689 ﬁciis
2028 2652 2133 2690 non
2177 2638 2444 2706 superari.
2479 2636 2794 2708 Signiﬁcate
2833 2653 2961 2706 ergo
2998 2639 3044 2693 si
3076 2639 3202 2708 quid
3253 2640 3446 2694 harum

1860 2738 2041 2778 rerum
2086 2727 2140 2780 in
2177 2728 2368 2783 melius
2406 2743 2505 2798 per
2552 2743 2646 2784 vos
2677 2729 2999 2784 commutari
3036 2729 3223 2798 possit.
3266 2737 3321 2784 et
3349 2744 3450 2784 cur

1861 2814 2118 2871 indictum
2150 2819 2472 2888 colloquium
2506 2835 2604 2889 pro
2632 2835 2764 2890 pace
2792 2821 2935 2875 inter
2961 2834 3117 2892 reges
3143 2820 3446 2891 neglectum

1861 2911 1959 2973 sit,
1995 2920 2051 2965 et
2099 2911 2144 2966 si
2203 2909 2393 2965 saltem
2439 2910 2615 2966 futura
2663 2911 2818 2980 quies
2866 2911 3009 2967 inter
3059 2927 3158 2968 eos
3208 2920 3446 2968 constat.

1860 3001 2070 3056 Interea
2120 3003 2163 3055 si
2225 3001 2520 3072 quidquam
2577 3001 2951 3058 benevolentia
3009 3002 3447 3072 promeruimus,

1863 3093 2088 3146 multum
2141 3093 2408 3162 petimus,
2464 3092 2800 3163 multumque
2852 3109 3105 3158 oramus,
3170 3109 3238 3147 ne
3291 3094 3450 3148 militi

1863 3191 2048 3238 nostro
2075 3180 2194 3236 We.
2238 3197 2337 3252 pro
2374 3181 2496 3236 Ber.
2541 3183 2910 3254 prmjudicium
2957 3185 3066 3240 ﬁat.
3120 3185 3216 3240 Est
3253 3201 3454 3255 quippe

1863 3275 1945 3329 eis
1972 3289 2259 3328 commune
2291 3274 2548 3343 prmdium
2579 3274 2630 3328 in
2661 3274 2755 3329 lite
2784 3291 2906 3330 cum
2936 3275 3201 3342 Ecclesia,
3230 3277 3454 3345 vultque

1861 3365 1924 3419 B.
1957 3365 2059 3419 sibi
2085 3364 2201 3419 cedi
2232 3366 2283 3418 in
2311 3375 2520 3434 partem
2559 3382 2626 3421 ex
2669 3366 2791 3421 novi
2834 3368 3014 3437 operis
3052 3369 3277 3439 capella,
3309 3371 3455 3440 quod

1866 3473 1972 3512 non
1997 3457 2167 3526 possit
2190 3455 2315 3526 jure
2349 3457 2533 3512 haberi
2566 3458 2670 3512 nisi
2707 3452 2957 3529 exaequo
2986 3456 3132 3514 facta
3163 3459 3452 3514 divisione.

1864 3544 2010 3601 Bene
2049 3545 2245 3610 valete,
2287 3561 2351 3601 ac
2405 3555 2647 3601 nostrum
2697 3543 2964 3615 codicem,
3015 3549 3060 3605 si
3107 3548 3308 3619 placet,
3358 3565 3457 3621 per

1866 3637 2031 3691 ﬁdum
2059 3637 2309 3692 nuntium
2342 3637 2636 3707 resignate.

2330 3747 2664 3822 EPISTOLA
2705 3747 2990 3804 CXXXIII.

2515 3835 2644 3872 Z.R.
2675 3835 2726 3874 Β.
2761 3835 2854 3873 Ιαι

1936 3909 2110 3964 Anxie
2137 3909 2354 3978 quidem
2376 3908 2693 3978 jamdudum
2717 3918 2895 3964 vestra
2919 3911 3204 3980 praesentia
3228 3911 3457 3967 frustra-

1867 4015 2011 4064 ntur,
2044 3999 2209 4052 multa
2239 3999 2435 4052 vestris
2456 3998 2697 4052 consiliis
2725 3999 3057 4068 disponenda
3092 4016 3452 4056 reservamus.

1867 4090 2049 4146 Nostis
2082 4106 2244 4160 quam
2293 4105 2589 4161 paucorum
2637 4091 2759 4146 ﬁdei
2805 4092 3013 4161 reipub.
3065 4095 3280 4164 negotia
3330 4103 3457 4150 sunt

1867 4181 2274 4236 committenda.
2329 4181 2512 4252 Itaque
2552 4189 2822 4252 Optamus,
2881 4198 3184 4251 monemus,
3232 4201 3456 4241 oramus

1868 4271 2013 4326 omni
2071 4271 2264 4328 ail‘ectu
2321 4273 2606 4328 charitatis
2664 4272 2849 4328 adfore
2895 4289 2991 4329 vos
3035 4275 3221 4332 Remis
3257 4294 3292 4332 ι
3331 4277 3453 4333 Kal.

1869 4363 2059 4420 Octob.
2091 4380 2215 4420 cum
2251 4379 2351 4435 pro
2378 4365 2606 4420 sunnnis
2633 4367 2948 4432 rationibus,
2983 4383 3118 4438 quas
3143 4371 3297 4427 vobis
3330 4380 3454 4426 tan-

1871 4465 1984 4510 tum
2010 4456 2233 4511 credere
2265 4455 2347 4511 fas
2393 4464 2495 4521 est,
2543 4466 2653 4511 tum
2703 4459 2864 4513 etiam
2899 4475 2997 4528 pro
3032 4461 3279 4518 habenda
3317 4462 3458 4519 ordi-

1871 4547 2092 4602 natione
2116 4547 2179 4602 Ο.
2208 4546 2630 4603 Silvanectensis
2655 4549 2890 4619 episcopi
2920 4551 3205 4622 designati.

2332 4659 2664 4715 EPISTOLA
2705 4660 2990 4718 CXXXIV.

2103 4746 2170 4784 AD
2210 4746 2470 4785 REMIGIUM
2512 4746 2798 4787 NONACIIUM
2843 4748 3233 4788 TREVIRENSEM.

1944 4821 2089 4877 Bene
2117 4823 2334 4892 quidem
2365 4823 2713 4878 intellexistis
2739 4824 2804 4876 de
2836 4839 3060 4879 numero
3091 4826 3152 4878 Ι).
3191 4827 3462 4895 quomodo

1876 4929 1935 4969 se
1974 4915 2148 4984 ipsum
2201 4924 2478 4969 metiatur.
2519 4917 2702 4972 Semel
2744 4930 2975 4984 namque
3001 4933 3162 4980 unus,
3191 4933 3330 4972 unus
3355 4927 3462 4982 est,

1877 5003 1971 5059 sed
2001 5021 2104 5059 non
2134 5005 2337 5060 idcirco
2369 5005 2546 5059 omnis
2575 5019 2836 5060 numerus
2869 5004 3105 5073 seipsum
3138 5004 3376 5068 metitur,
3406 5015 3465 5058 ut

1878 5095 2165 5164 scripsisti,
2195 5096 2290 5164 qui
2318 5095 2421 5151 sibi
2466 5111 2658 5166 mquus
2706 5102 2809 5148 est.
2862 5092 3001 5150 Nam
3049 5110 3170 5149 cum
3216 5097 3383 5151 semel
3416 5112 3468 5149 IV
