3948 5350
547 345 657 429 :35

1194 360 1569 452 SILVESTR‘I
1595 359 1637 418 ll
1675 358 1878 418 PAPE
1904 356 2072 416 ‘OPP.
2098 357 2291 422 PARS
2320 358 2411 429 III.
2442 389 2509 403 --
2545 357 2763 441 EPIST.
2800 359 2890 422 ET
2912 358 3187 422 DIPLOM.

3711 364 3818 423 236

527 480 701 558 parvi
731 464 936 537 laboris
969 486 1077 535 tam
1119 465 1397 545 occupatis
1436 476 1491 531 in
1533 466 1782 531 civilibus
1823 467 2023 529 causis.
2070 471 2128 527 Si
2155 474 2207 536 Α
2233 472 2706 533 οὶιὶειηρεοὶεηιθι·
2754 478 2961 535 violare
2991 477 3264 546 molimur,
3314 494 3443 558 nec,
3472 490 3757 553 acceptam
3787 499 3820 541 ει

539 589 668 647 ergo
702 572 774 628 ’te
826 585 957 627 cura
1010 576 1282 623 tantarum
1342 566 1546 621 detinet
1597 577 1814 629 rerum,
1871 561 2122 617 volumen

536 662 865 719 Acbilleidos
893 659 1050 715 Statii
1080 657 1368 728 diligenter
1400 654 1760 725 compositum
1801 653 1958 708 nobis
1986 650 2122 706 diri-

536 759 624 828 ge,
662 762 723 810 ut
755 742 1044 824 sphzcram,
1084 764 1249 823 quam
1280 748 1451 821 gratis
1498 754 1718 818 propter
1752 744 2122 811 difﬁcultatem

539 847 622 901 sui
652 861 757 902 non
788 842 1038 917 poteritis
1083 841 1310 932 haberez
1346 849 1440 897 tuo
1472 832 1907 896 munere'valeas
1940 844 2125 898 extor-

535 951 722 1011 quere.

1012 1024 1347 1109 EPISTOLA
1384 1023 1649 1083 cxxxv.

1034 1134 1102 1175 AD
1149 1133 1622 1176 ARCHIEPISCOI‘UU.

608 1212 763 1270 Sicut
804 1213 983 1269 audita
1015 1211 1386 1282 peregrinatio
1413 1217 1598 1266 vestra
1632 1222 1921 1265 mmrorem
1966 1205 2122 1263 nobis
2212 1220 2217 1225 '

539 1302 747 1374 intulit,
790 1306 863 1362 ita
898 1313 1235 1377 permutatas
1283 1318 1471 1359 rumor
1503 1301 1655 1358 dilati
1709 1301 1919 1358 itineris
1967 1299 2124 1371 quasi

538 1398 774 1455 fructum
803 1396 1004 1453 laetitia:
1033 1393 1360 1467 importavit.
1384 1394 1755 1471 Anxiabamur
1778 1394 1977 1465 quippe
2003 1408 2126 1449 cum

536 1492 705 1547 vestri
737 1491 1003 1557 absentia,
1026 1498 1135 1545 tum
1161 1490 1302 1561 quod
1331 1499 1492 1546 tanta:
1517 1504 1762 1561 persona:
1787 1488 1994 1569 meritis
2020 1502 2127 1543 non

537 1582 944 1653 respondebant
995 1574 1252 1637 honeres.
1299 1581 1852 1656 Elaboramushergo,
1886 1590 1946 1637 et
1985 1580 2125 1651 quod

535 1672 781 1729 brevitas
806 1664 1071 1742 temporis
1088 1686 1195 1725 non
1239 1670 1431 1726 habuit
1465 1670 1640 1741 spatio
1669 1670 1930 1742 temporis
1963 1670 2126 1725 attri-

508 1760 782 1829 buimus;
808 1777 872 1817 ae
908 1776 1131 1816 munera
1162 1759 1318 1828 juxta
1344 1760 1490 1816 vires
1538 1775 1815 1832 paramus.
1850 1759 2005 1816 Vires
2044 1759 2126 1814 di-

2230 569 2434 626 nostris
2459 569 2711 641 injuriam
2754 571 3093 640 propulsare,
3120 572 3214 626 sed
3248 587 3277 625 a
3305 555 3426 633 Kal.
3453 572 3617 628 Janu.
3645 584 3819 645 usque

2228 660 2296 715 ad
2326 660 2538 714 initium
2566 660 3028 728 Quadragcsimaz,
3062 662 3117 717 in
3140 662 3376 719 conlinio
3407 647 3611 720 nostra:
3640 666 3816 723 Fran-

2230 750 2351 816 cize,
2373 750 2701 822 Burgundize
2721 765 2785 806 ac
2808 750 3182 808 Lothariensis
3212 755 3367 827 regni
3397 766 3699 812 occurrere
3721 771 3817 813 vo-

2227 841 2313 897 bis
2335 841 2512 911 parati
2540 856 2750 906 sumus,
2788 842 2930 897 sicut
2948 843 3300 914 designabitis
3327 844 3472 901 diem
3497 857 3737 912 certum,
3767 854 3822 900 et

2228 928 2404 987 locum
2434 946 2532 987 suo
2557 930 2780 987 nomine
2802 931 3132 1003 descriptum
3170 950 3183 987 :
3211 943 3269 989 ut
3292 950 3398 1006 pax
3436 945 3492 991 et
3525 937 3821 992 concordia

2229 1038 2539 1094 regnorum,
2569 1032 2625 1080 et
2655 1022 3016 1081 Ecclesiarum
3045 1024 3278 1087 Domini,
3310 1037 3499 1085 nostro
3525 1030 3666 1085 vitio
3707 1044 3813 1085 non

2229 1112 2574 1169 destituatur.
2769 1136 2790 1143 η
3240 1116 3262 1158 ’.
3718 1114 3721 1115 ⁷

2682 1202 3021 1265 EPISTOLA
3073 1199 3360 1263 CXXXIX.

2300 1293 2524 1351 Erudito
2575 1295 2804 1362 homini,
2856 1306 3022 1367 atque
3053 1311 3243 1369 puram
3278 1290 3458 1367 fidem,
3496 1315 3621 1372 qua:
3662 1300 3824 1358 hodie

2226 1403 2524 1459 paucorum
2557 1397 2660 1455 est,
2693 1398 3006 1445 constanter
3034 1391 3262 1457 tenenti,
3301 1392 3407 1446 duo
3441 1392 3612 1447 verba
3664 1392 3827 1448 (Ebrio

2229 1483 2317 1544 Sli,
2345 1491 2398 1538 et
2422 1495 2666 1538 nostrum
2712 1477 2997 1538 consilium
3048 1474 3377 1552 aperiemus,
3416 1493 3473 1539 et
3527 1482 3823 1555 proposita

2228 1574 2515 1643 quaestioni
2569 1566 2987 1629 satisfacientes.
3022 1568 3264 1629 Dicimus
3307 1582 3487 1629 autem
3538 1592 3552 1628 :
3603 1575 3824 1629 Reddite

2227 1682 2344 1737 qua:
2366 1676 2484 1721 sunt
2513 1665 2739 1721 Caesaris
2771 1665 2992 1732 Caesari,
3021 1676 3069 1720 et
3097 1684 3215 1737 quae
3242 1678 3363 1722 sunt
3409 1668 3507 1723 Dei
3540 1669 3690 1732 Deo;
3717 1677 3773 1724 et
3804 1685 3819 1721 :

2230 1757 2356 1813 Sine
2388 1769 2620 1812 mortuos
2649 1748 2867 1829 sepelire
2892 1756 3127 1813 mortuos
3164 1775 3308 1813 suos.
3352 1756 3448 1815 His
3475 1761 3823 1815 animadver-

502 1853 734 1918 rcimus,
767 1853 893 1923 quia
946 1851 1118 1906 nostis
1163 1836 1320 1905 inter
1372 1865 1509 1920 quos
1542 1849 1871 1919 habitamus,
1921 1859 2122 1921 quanta
2157 1855 2199 1915 Β
2230 1848 2323 1910 sis,
2360 1847 2882 1918 legitime‘iujuncta
2941 1848 3010 1903 ab
3061 1848 3316 1919 episcopo
3363 1849 3593 1905 honeste
3637 1860 3825 1919 prose-

523 1943 762 2016 perfidia
794 1943 1148 2014 quorumdam
1174 1940 1508 2013 exagitemur
1527 1982 1542 2009 ,
1572 1943 1699 2012 quia
1724 1942 1888 1998 etiam
1916 1941 2127 1997 obsidio

506 2035 913 2093 'Laudunensis
961 2034 1109 2090 urbis
1157 2033 1431 2104 praeterita
1486 2048 1617 2105 pace
1646 2043 1928 2104 sequestra
1960 2035 2128 2088 inter-

531 2127 701 2184 missa
726 2135 843 2191 est,
874 2143 907 2180 κ
934 2125 1054 2181 Kal.
1106 2124 1367 2181 Novemb.
1400 2127 1715 2197 repetenda.
1763 2124 2124 2194 Quamobrem

532 2218 680 2273 sicut
704 2232 1036 2281 mounmms,
1063 2230 1369 2279 monemus,
1398 2223 1452 2271 et
1476 2231 1576 2285 pro
1597 2215 1790 2271 solatio
1821 2216 2053 2270 militum
2079 2217 2124 2271 si

534 2307 950 2379 indigucrtmus,
978 2322 1037 2361 et
1058 2323 1156 2377 pro
1183 2306 1387 2361 auxilio
1426 2307 1569 2378 capti
1615 2307 1905 2363 coufratris
1951 2308 2121 2363 nostri

534 2398 604 2453 A.
637 2408 806 2470 utque
826 2398 889 2454 Β.
914 2397 1061 2454 etG.
1093 2406 1276 2453 vestra
1317 2398 1696 2477 exhortatione
1743 2398 2017 2469 digniores
2066 2412 2125 2452 se

522 2500 1298 2562 'reprzvsentent‘germanos,
1351 2488 1408 2545 in
1462 2498 1614 2546 tanto
1671 2489 2125 2546 discrhnine‘re-

528 2595 681 2637 rum.
970 2606 976 2611 ’
1192 2608 1199 2612 ’

1002 2676 1339 2736 EPISTOLA
1380 2678 1661 2736 CXXXVI.

484 2794 488 2799 τ
516 2770 521 2775 ’
580 2769 684 2826 "Ne
705 2770 946 2843 graviter
965 2781 1018 2826 et
1048 2772 1234 2844 iniquo
1267 2774 1447 2830 animo
1468 2774 1984 2849 fcrasjustissimam
2007 2788 2125 2831 cor-

515 2863 833 2918 'rectionem
861 2861 1097 2931 Domini,
1131 2865 1443 2921 dulcissime
1467 2866 1651 2922 frater.
1681 2868 1945 2922 Diviuitas
1966 2868 2123 2938 quip-

530 2973 602 3028 pe
625 2972 731 3012 uon
763 2957 1018 3028 dignatur
1043 2957 1238 3028 impios
1269 2973 1368 3014 suo
1399 2957 1627 3031 flagello,
1659 2960 1878 3015 aeternis
1904 2944 2122 3014 crucia-

502 3049 678 3105 *tibus
700 3065 982 3106 reservans
1005 3051 1320 3121 puniendos.
1342 3051 1497 3107 Disce
1527 3053 1885 3107 constantiam
1905 3066 2123 3107 servare

516 3140 591 3197 'in
628 3141 892 3197 adversis.
924 3142 990 3197 Et
1015 3143 1059 3197 si
1085 3141 1186 3198 Job
1212 3150 1265 3196 et
1289 3143 1462 3196 nostri
1513 3142 1720 3221 ordinis
1745 3144 1999 3212 antiquos
2035 3158 2124 3197 sa-

530 3237 785 3293 cerdotes
808 3252 915 3292 non
970 3236 1118 3291 vales
1167 3235 1390 3301 imitari,
1423 3235 1615 3290 saltem
1656 3235 1825 3290 nostri
1866 3234 2124 3306 temporis
2151 3228 2194 3288 C

531 3328 735 3384 laicum
760 3329 1058 3392 hominem,
1096 3327 1300 3397 tibique
1324 3324 1558 3390 afﬁnem,
1590 3326 1869 3395 exemplar
1906 3326 2121 3391 habt-to,

530 3422 789 3478 comitem
812 3419 1203 3495 Godefridum.
1225 3418 1334 3475 Nos
1380 3419 1728 3488 quidemtum
1776 3412 1967 3473 salutis
2018 3417 2123 3471 im-

516 3518 804 3568 memores
824 3526 931 3566 non
957 3509 1183 3578 erimus,
1207 3524 1309 3566 nec
1332 3509 1628 3580 quidquam
1658 3524 1848 3564 eorum
1877 3524 1997 3579 qua:
2025 3524 2125 3578 pro

510 3586 590 3660 ἰθ
629 3602 744 3659 fieri
798 3610 1051 3673 oporteat
1096 3588 1423 3656 intentatum
1464 3599 1855 3669 relinquemus.
1904 3597 2126 3653 Noverit

534 3712 667 3769 ergo
700 3696 741 3752 Ι.
766 3696 831 3754 ν.
865 3695 930 3762 Q.
963 3692 1153 3773 omnia
1176 3707 1295 3762 quae
1325 3692 1470 3748 circa
1526 3698 1579 3746 te
1610 3697 1756 3755 sunt,
1784 3698 1843 3745 ut
1883 3688 2121 3760 legatum

531 3798 780 3844 nostrum
803 3785 1049 3842 Parisius
1077 3784 1131 3841 in
1166 3783 1307 3839 festo
1333 3780 1478 3838 beati
1504 3780 2121 3853 Dionysiicertissimnm

535 3878 592 3933 in
614 3875 867 3935 omnibus
897 3875 1126 3931 reddere
1150 3874 1344 3944 possit,
1389 3880 1451 3927 ut
1484 3870 1532 3927 si
1558 3869 1769 3927 obsidio
1804 3869 1986 3925 futura
2016 3879 2120 3936 est,
2206 3880 2212 3885 ‘

447 4003 450 4006 ~
512 3961 589 4030 'et
617 3988 724 4028 non
751 3977 856 4037 est,
883 3968 988 4026 alia
1013 3979 1176 4040 atque
1197 3966 1301 4022 alia
1324 3965 1692 4037 refringantur
1714 3964 1960 4020 consilia.
1989 3963 2122 4021 Vale

528 4066 785 4131 feliciter,
845 4071 903 4119 et
953 4062 1057 4118 hoc
1085 4076 1250 4116 unum
1280 4059 1517 4125 attende,
1564 4074 1633 4114 ne
1685 4065 1736 4112 te
1790 4056 2117 4127 prmeipitem

526 4157 770 4224 dederis,
800 4164 863 4212 ut
898 4155 1072 4210 satius
1123 4152 1291 4209 fuerit
1339 4151 1445 4207 alio
1479 4151 1637 4206 modo
1667 4150 1915 4221 periisse,
1957 4165 2117 4219 quam

529 4246 944 4318 perimet-itum
971 4244 1067 4299 tibi
1110 4243 1326 4314 tuisque
1352 4241 1583 4313 posteris
1616 4249 1877 4295 aeternum
1924 4254 2120 4308 oppro-

534 4338 716 4395 brium
741 4337 1050 4407 reliquisse.
1093 4335 1293 4389 lterum
1325 4333 1463 4398 vale,
1495 4341 1549 4388 et
1575 4348 1602 4385 a
1624 4331 1665 4386 l.
1694 4330 1759 4386 γ.
1789 4329 1828 4383 1.
1863 4328 1927 4396 Q.
1957 4328 2014 4383 Ζ.
2050 4329 2114 4383 ll.

533 4428 595 4485 Ζ.
627 4429 693 4484 Α.
723 4428 1017 4500 plurimum
1053 4441 1211 4488 cave,
1239 4433 1297 4478 ut
1326 4440 1355 4478 a
1387 4422 1593 4494 perfido
1621 4429 1676 4475 et
1704 4420 2017 4491 impostore.

979 4513 1315 4572 EPISTOLA
1352 4512 1661 4570 CXXXVII.
1689 4514 1693 4517 “

2228 1939 2476 2009 quimiui.
2496 1938 2697 1994 Contra
2727 1939 2809 1995 fas
2846 1954 3012 2009 porro
3056 1955 3086 1994 a
3111 1939 3353 2010 quolibet
3376 1940 3588 2010 prolata
3615 1941 3830 1996 devita-

2226 2030 2374 2086 bitis.
2398 2029 2517 2084 Non
2547 2025 2835 2085 inhoneste
2861 2040 3085 2089 utantur
3119 2047 3219 2086 suo
3256 2039 3500 2102 tempore
3539 2032 3637 2088 lilii
3666 2041 3816 2089 tene-

2227 2126 2472 2191 brarum,
2523 2124 2620 2180 filii
2676 2124 2842 2181 Belial
2875 2132 3015 2181 :nos
3044 2123 3448 2191 liliilucis,lilii
3499 2127 3672 2195 pacis,
3727 2127 3823 2197 qui

2227 2234 2377 2288 spem
2402 2219 2454 2274 in
2479 2219 2699 2275 homine
2715 2208 2862 2275 velut
2881 2218 3064 2275 fenum
3084 2230 3389 2287 arescente,
3412 2236 3519 2276 non
3540 2221 3817 2292 ponimus.

2226 2310 2360 2364 Cum
2391 2310 2656 2379 patientia
2712 2302 3260 2381 exspectemus'illud
3303 2310 3590 2380 Propheta:
3633 2329 3648 2365 :
3701 2308 3820 2364 Vidi

2224 2399 2440 2469 impium
2472 2399 2917 2467 superexaltatum
2970 2408 3016 2453 et
3042 2398 3294 2454 eleuatum
3323 2414 3480 2469 super
3520 2396 3706 2452 Cedro:
3735 2397 3827 2451 Li-

2226 2489 2382 2554 bani;
2405 2489 2647 2556 transiri,
2685 2499 2732 2543 et
2763 2506 2879 2544 ecce
2909 2506 3012 2545 non
3039 2502 3186 2555 erat;
3221 2490 3438 2561 qua'sim'
3461 2505 3606 2555 eum,
3640 2499 3689 2544 et
3717 2506 3821 2543 non

2225 2591 2298 2636 est
2324 2583 2560 2637 inventus
2587 2581 2731 2637 locus
2759 2582 2893 2652 ejus.

2753 2693 3087 2751 EPISTULA
3129 2693 3290 2751 CXL.
3344 2746 3347 2749 .

2295 2782 2909 2841 Beneficiisliberatoris
2937 2785 3110 2840 nostri
3143 2795 3328 2858 grates
3372 2785 3693 2857 persolvere
3738 2786 3817 2842 di-

2225 2893 2361 2948 gnas
2403 2891 2508 2932 non
2559 2874 3085 2952 sullicimuszetiam
3143 2877 3385 2952 membra
3433 2888 3650 2943 nostra,
3696 2894 3815 2948 qu:c

2226 2969 2471 3024 infernus
2493 2967 2839 3023 absorbuisse
2864 2965 2916 3020 in
2939 2948 3096 3022 VOIHS
3127 2948 3289 3021 visus.
3313 2976 3419 3033 est,
3446 2968 3523 3039 ab.
3550 2965 3674 3036 ejus
3706 2967 3816 3023 fau-

2226 3062 2380 3118 cibus
2408 3069 2613 3130 erepta,
2645 3060 2852 3114 victore
2879 3055 3119 3123 Christo,
3143 3058 3411 3113 laetamur.
3448 3060 3652 3137 Verum
3677 3060 3819 3129 quod

2225 3154 2387 3224 hujus
2419 3151 2677 3221 temporis
2707 3160 2789 3206 est
2821 3164 3122 3217 monemus,
3186 3151 3262 3205 uti
3308 3136 3523 3205 nostro
3548 3150 3820 3220 colloquio

2226 3245 2550 3317 perdiscatis
2582 3260 2704 3315 quae
2733 3234 3059 3314 appetenda,
3093 3258 3215 3314 quae
3250 3243 3471 3297 vitanda
3498 3241 3657 3296 vobis
3688 3243 3813 3302 sint,

2226 3336 2538 3408 priusquam
2561 3335 2730 3390 nostri
2761 3333 2912 3405 regni
2938 3333 3245 3404 principum
3295 3326 3664 3389 conventibus
3713 3330 3811 3385 mi-

2225 3429 2506 3484 sceautiui.
2544 3426 2715 3482 Simul
2748 3427 2911 3481 etiam
2966 3418 3073 3491 aut,
3105 3425 3302 3482 litteris
3347 3434 3443 3480 aut
3485 3427 3599 3480 lido
3625 3425 3816 3480 intutio

2225 3519 2550 3590 significate,
2596 3526 2777 3573 utrum
2811 3525 2924 3572 tuta
2976 3517 3228 3572 videatur
3270 3516 3425 3572 vobis
3472 3517 3542 3571 ad
3575 3530 3819 3587 praesens

2224 3609 2488 3680 profectio
2522 3608 2587 3662 A.
2623 3608 2690 3661 ll.
2719 3616 2882 3677 atque
2925 3606 3024 3676 Ba.
3052 3607 3119 3662 ad
3149 3606 3407 3662 comitem
3434 3604 3719 3672 Ottonem,
3762 3615 3818 3681 et

2223 3716 2330 3771 quo
2351 3700 2698 3755 conveniant.
2796 3745 2799 3749 .
3008 3690 3013 3695 ’
3234 3744 3235 3747 η

2738 3788 3074 3844 EPISTOLA
3108 3787 3294 3851 CXLI.

2292 3879 2505 3936 Diutius
2527 3880 2882 3937 consultando
2912 3880 3047 3935 nihil
3095 3889 3263 3935 tutius
3292 3881 3345 3935 in
3390 3894 3685 3936 commune
3732 3895 3815 3935 re-

2221 3979 2435 4042 pertum
2462 3982 2563 4037 est,
2590 3988 2750 4043 quam
2786 3988 2814 4026 a
2839 3970 3105 4041 colloquio
3141 3970 3306 4026 vestri
3331 3970 3566 4025 senioris
3586 3972 3656 4025 ad
3683 3986 3817 4041 pra:-

2222 4080 2348 4121 scns
2406 4065 2697 4129 abstinere,
2762 4065 2807 4121 si
2846 4065 2960 4120 fieri
3007 4073 3185 4134 potest
3230 4065 3477 4119 honeste.
3512 4063 3569 4143 _Si
3636 4073 3814 4143 autem

2222 4174 2330 4212 non
2359 4159 2588 4227 potestis
2632 4156 2895 4225 majorum
2922 4172 3213 4212 causarum
3237 4144 3477 4211 summas
3517 4138 3813 4224 attingere,

2222 4247 2355 4303 nihil
2392 4249 2494 4302 nisi
2524 4247 2805 4303 evidenter
2840 4247 2973 4302 utile
3016 4246 3244 4302 delinire
3273 4246 3475 4301 bonum
3506 4256 3612 4300 est.
3647 4246 3818 4301 Porro

2221 4340 2463 4395 omnium
2493 4340 2751 4394 bonormu
2788 4340 2890 4394 fide
2919 4338 3019 4393 Ra.
3046 4337 3181 4393 feria
3214 4336 3258 4390 V
3284 4348 3528 4393 vestrum
3577 4338 3814 4411 legatum

2222 4431 2547 4487 Silvancctis
2577 4430 2997 4501 praestolabitur,
3037 4431 3118 4484 vel
3152 4430 3431 4483 Carnotim
3461 4430 3813 4500 profecturus

2222 4527 2268 4581 si
2295 4524 2609 4590 laudabitis,
2654 4533 2710 4579 et
2762 4522 3219 4593 Compendiacum
3270 4536 3598 4578 reversurus
3648 4521 3701 4577 si
3738 4521 3816 4576 sic

605 4610 870 4667 Absentia
918 4609 1165 4665 militum
1211 4618 1522 4663 nostrorum
1574 4620 1663 4662 res
1703 4621 1865 4677 quam
1907 4604 2118 4676 petistis
2147 4588 2196 4650 ί)
2223 4615 2495 4673 annuens,

530 4705 752 4777 plenum
782 4717 886 4783 non
931 4700 1120 4756 habuit
1148 4699 1431 4766 effectum;
1465 4706 1547 4754 est
1596 4707 1772 4753 tamen
1804 4700 1857 4753 in
1886 4707 2034 4765 voto,
2064 4706 2120 4754 et.

534 4795 590 4851 in
610 4807 798 4849 eorum
848 4791 1021 4846 reditu
1068 4790 1209 4860 quod
1248 4789 1548 4859 poterimus
1597 4803 1974 4858 exsequemur.
2009 4788 2117 4844 Sed

510 4878 580 4941 ἐἰ
607 4893 923 4956 perpetuam
947 4896 1133 4951 pacem
1168 4880 1385 4935 rusticis
1431 4880 1638 4936 Asineti
1669 4880 1868 4949 optatis
1900 4879 2113 4933 veniam

533 4993 678 5035 com.
704 4974 837 5031 Cen.
868 4986 925 5029 et
952 4983 1010 5028 ut
1032 4974 1097 5028 ad
1146 4990 1244 5029 nos
1274 4990 1444 5044 usque
1479 4990 1639 5042 quam
1672 4973 1936 5042 proxime,
1966 4980 2027 5025 ut
2063 4976 2118 5025 et

533 5062 813 5121 inmerita
863 5072 1247 5133 comparentur
1293 5062 1539 5127 consilia,
1568 5071 1623 5117 et
1654 5071 1831 5116 vestra
1867 5060 2117 5115 militaris

2724 4703 3060 4783 Εριδτοιᾼ
3096 4704 3299 4762 CXLII.

2220 4814 2501 4857 ΑυΔιΒειιο
2578 4812 2860 4853 EPISCOPUS
2912 4813 2966 4850 R.
3023 4813 3094 4852 ET
3160 4812 3453 4853 SCHOLARIS
3507 4813 3708 4865 ABBAS,
3747 4812 3810 4851 ιο

2699 4883 3109 4922 CONSTANTINUI
3150 4883 3309 4922 SUUM.

2292 4960 2750 5033 Congratulamur
2783 4957 2903 5023 tibi,
2932 4958 3244 5013 dulcissime
3276 4958 3472 5026 frater,
3518 4974 3813 5030 pervasere

2222 5062 2387 5124 atque
2423 5055 2578 5108 hoste
2608 5050 2922 5105 monastica:
2972 5050 3269 5121 religionis,
3295 5051 3362 5105 ad
3396 5049 3697 5106 multorum
3723 5050 3810 5106 sa-

2594 5153 2674 5166 ..ῖε-
2700 5153 2858 5166 ..ΑΙ-..Α
2897 5153 3139 5166 Α--Ασνλιεοη
3195 5153 3330 5166 Ιιι⁸..ι
3367 5160 3488 5166 ,ιμ’-ς-
3554 5153 3597 5166 -l
3640 5159 3680 5166 δ-
3707 5158 3789 5166 ιιι..
