3948 5350
165 343 261 401 237

1049 341 1292 401 SECTIO
1328 343 1366 398 I.
1399 372 1468 383 -—
1504 342 1688 399 ANTE
1726 339 2026 400 SUMMUM
2065 339 2595 398 PONTIFICATUM.

3325 350 3434 410 258

165 454 449 529 placuerit,
504 464 559 510 et
611 470 655 510 st
711 454 950 526 dignaris
1018 466 1280 526 praestare
1331 457 1474 526 quod
1535 457 1749 528 placere
1777 467 1822 520 Α
1854 471 1953 527 ego
1993 456 2079 510 illa
2117 456 2304 511 Ernma
2354 457 2625 526 quondam
2674 454 3002 512 Francorum
3049 456 3256 530 regina,
3315 478 3436 533 quae

199 561 345 605 OSSll.

170 573 345 628 passu.

664 639 997 694 ΕΡΙΞΤΟΙιΛ
1037 639 1258 694 CXLIII.

226 728 282 783 Si
315 744 467 791 eam,
525 745 689 799 quam
722 730 772 783 in
812 731 1066 784 maximis
1113 731 1276 784 rebus
1320 729 1748 784 benevolentiam

165 819 274 874 sine
296 818 500 874 affectu
533 821 860 883 contulistis,
891 836 1032 874 nunc
1059 821 1114 872 in
1147 821 1385 874 minimis
1415 821 1592 875 causis
1618 836 1753 890 pne-

164 911 333 973 statis,
368 927 480 963 non
515 926 739 979 parvam
789 910 1000 972 laudem
1032 924 1131 965 nec
1182 910 1464 964 :ninimum
1516 909 1750 965 fructum

163 1013 374 1067 Sperare
408 999 645 1054 debetis.
697 999 1010 1057 Laborastis
1067 1002 1263 1070 quippe
1298 1009 1356 1053 ιιι
1385 1001 1749 1055 liberaremur

164 1092 225 1143 ab
248 1090 422 1152 hoste,
476 1091 571 1145 sed
625 1092 919 1160 contempti
958 1092 1090 1148 estis
1118 1094 1300 1157 modo,
1337 1095 1463 1163 quia
1508 1093 1754 1148 liberavit

164 1199 254 1236 nos
277 1181 550 1237 Dominus
591 1184 660 1237 de
687 1199 780 1237 ore
808 1183 999 1239 leonis.
1032 1184 1259 1239 Sulitam
1285 1200 1504 1254 operam
1541 1185 1751 1255 impen-

165 1274 286 1336 dite,
328 1283 386 1326 ιιι
418 1275 654 1343 imperio
681 1275 910 1329 senioris
933 1291 997 1329 ac
1025 1275 1257 1330 domina!
1286 1284 1480 1330 vestra:
1521 1276 1608 1331 ille
1635 1278 1752 1330 vio-

165 1363 330 1418 lentus
378 1366 571 1432 praedo
601 1365 795 1420 saltem
826 1365 1218 1435 supellectilem
1244 1375 1485 1420 nostram
1527 1367 1754 1420 reddere

163 1467 395 1525 cogatur.
434 1455 555 1510 Non
584 1471 776 1510 aurum
807 1457 1123 1526 quzerimus,
1150 1472 1249 1511 nec
1276 1473 1485 1512 massas
1519 1457 1750 1526 argenti,

163 1550 247 1602 sed
274 1549 474 1618 quibus
501 1565 695 1604 carere
746 1550 980 1604 dedecus
1010 1558 1112 1603 est.
1150 1549 1391 1603 Dicimus
1437 1557 1616 1602 autem
1654 1563 1751 1600 au-

163 1636 273 1700 I;ea,
299 1640 534 1706 tapetia,
563 1647 620 1693 et
641 1639 705 1692 iis
719 1639 935 1701 similia,
968 1639 1236 1709 simulque
1255 1639 1491 1708 petimus
1511 1646 1751 1692 nostram

163 1727 311 1784 Iidem
348 1747 458 1784 non
492 1746 561 1786 ex
609 1729 722 1798 ejus
763 1730 864 1784 ﬁde
910 1732 1167 1801 perpendi
1201 1731 1289 1799 qui
1333 1730 1466 1784 nihil
1515 1743 1750 1799 unquam

161 1823 442 1892 spopondit
464 1823 613 1892 quod
646 1833 822 1876 ratum
848 1823 962 1878 fore
988 1825 1312 1878 decreverit.

655 1914 990 1970 EPIS'I‘OLA
1029 1914 1257 1970 CXLIV.

224 2005 374 2060 Sicut
411 2005 647 2075 epistola
680 2007 812 2078 regii
838 2007 1092 2072 nominis,
1117 2023 1279 2076 quam
1314 2008 1463 2062 vobis
1482 2009 1747 2077 misimus,

161 2100 413 2165 continet,
444 2115 755 2164 monemus,
785 2116 1065 2172 rogamus,
1113 2102 1480 2167 obsecramus,
1511 2112 1568 2157 ιιι
1595 2119 1751 2158 exse-

160 2193 242 2261 qui
275 2191 513 2254 cttretis,
547 2205 667 2245 cum
702 2205 800 2259 pro
822 2200 1000 2246 vestra
1029 2192 1401 2246 benevolentia
1432 2194 1576 2247 circa
1627 2211 1748 2260 nos,

161 2294 265 2337 tum
291 2292 528 2353 propter
564 2298 747 2352 pacem
787 2284 1042 2338 Ecclesia:
1100 2284 1310 2338 Domini
1366 2300 1500 2354 pace
1548 2287 1750 2354 princi-

162 2388 274 2443 pum
307 2381 730 2440 proventuram,
761 2375 864 2428 nisi
912 2373 1054 2428 forte
1077 2374 1419 2429 desiderabili
1461 2376 1748 2445 praesentia

164 2472 328 2516 vestra
360 2463 721 2528 frustrantur,
751 2463 892 2533 apud
927 2463 1063 2518 fidos
1089 2463 1238 2518 inﬁdi
1276 2480 1339 2520 ac
1364 2467 1600 2536 suspecti
1648 2467 1748 2521 ba-

162 2555 364 2610 bentur.

671 2645 1006 2703 EPISTOLA
1041 2647 1246 2704 CXLV.

475 2752 768 2792 PAMSII-ZNSI
819 2752 1066 2792 EPISCOPO
1101 2753 1428 2794 GEIIBEIITUS.

225 2825 333 2880 Etsi
365 2829 555 2881 omnis
609 2828 848 2882 Ecclesia
892 2829 1162 2884 catholica
1217 2847 1319 2883 una
1363 2839 1527 2900 atque
1559 2831 1748 2886 eadem

165 2903 520 2988 cst,‘singulis
550 2928 730 2972 tamen
763 2920 1136 2974 sacerdotibus
1162 2921 1350 2974 modus
1370 2923 1588 2990 quidam
1611 2938 1749 2990 pra:-

165 3008 387 3076 scriptus
420 3017 526 3070 est,
556 3023 664 3077 quo
694 3024 752 3063 se
780 2993 1094 3076 extendere,
1115 3010 1203 3064 ubi
1234 3012 1494 3066 terminos
1516 3013 1748 3066 debeant

165 3100 447 3155 collocare.
476 3099 664 3170 Itaque
693 3102 744 3155 in
775 3117 938 3156 causa
991 3103 1232 3158 Rotberti
1258 3105 1496 3167 abbatis,
1525 3106 1592 3159 ob
1623 3120 1743 3160 eam
1776 3163 1815 3183 η

166 3205 314 3256 quam
361 3189 650 3245 servamus
703 3207 766 3246 ac
811 3207 1024 3262 semper
1058 3194 1212 3248 vobis
1252 3209 1471 3248 servare
1498 3195 1743 3250 volumus

166 3281 333 3339 fidem.
390 3283 509 3335 [nec
557 3282 658 3335 tria
693 3283 1047 3338 consultando
1079 3285 1447 3353 proponimus.
1480 3285 1742 3352 Primum,

167 3389 265 3427 non
302 3390 424 3429 esse
448 3375 772 3444 nostrijuris
802 3377 994 3432 falcem
1029 3377 1080 3430 in
1113 3378 1286 3432 aliena
1311 3394 1488 3433 messe
1513 3394 1740 3448 ponere:

167 3460 338 3532 inquo
367 3464 696 3534 multiplices
734 3466 1074 3535 rependimtts
1098 3477 1279 3536 grates
1313 3468 1476 3522 etiam
1508 3469 1746 3523 indebito

166 3555 362 3623 dignari
394 3563 492 3611 nos
520 3558 746 3613 honore.
783 3557 1114 3624 Secundum,
1145 3561 1320 3614 sancti
1350 3559 1592 3630 Dionysii
1634 3575 1746 3614 cos-

167 3646 374 3699 ltehiutn
405 3647 524 3718 ejus
554 3663 672 3703 esse
705 3648 1020 3703 reverentiae
1049 3663 1112 3703 ac
1133 3649 1431 3720 dignitatis,
1463 3658 1519 3704 ut
1549 3649 1746 3704 nullius

167 3734 232 3789 ibi
263 3740 617 3808 magistratus
657 3740 852 3794 debeat
879 3740 1070 3808 deponi
1105 3749 1198 3793 aut
1230 3741 1426 3810 imponi
1456 3740 1572 3794 sine
1594 3755 1743 3794 com-

167 3831 600 3895 provincialium,
629 3848 856 3900 quorum
906 3831 1150 3896 interest,
1176 3847 1442 3885 consensu
1477 3847 1538 3886 ac
1565 3831 1747 3886 favore

167 3918 406 3973 solemni.
438 3919 681 3975 Tertium
712 3923 1079 3992 proponimus,
1130 3923 1175 3977 si
1226 3939 1338 3978 rem
1389 3923 1442 3976 in
1491 3923 1746 3978 dilatione

166 4010 376 4076 ponitis,
440 4021 633 4066 vestrze
690 4013 1089 4068 mansuetudini
1139 4014 1747 4085 suggeremlum,¢;uid—

167 4099 284 4166 quid
313 4101 595 4156 honestius
625 4113 677 4156 et
706 4104 886 4158 utilius
915 4120 1038 4158 cum
1080 4104 1509 4176 religiosissimis
1540 4113 1595 4159 ct
1624 4120 1708 4158 am
1728 4133 1743 4144 -

165 4187 419 4256 plissintis
450 4193 578 4247 viris
605 4195 959 4248 inveniemus.

641 4284 974 4340 EPIS'I‘OLA
1011 4286 1240 4342 CXLVI.

230 4372 450 4428 Decimo
497 4375 611 4430 Kal.
660 4377 882 4432 Januar.
930 4395 959 4434 a
992 4396 1114 4452 rege
1145 4388 1423 4450 acceptam
1461 4381 1742 4450 epistolam

170 4462 487 4520 fraternitati
517 4478 711 4523 vestra:
745 4470 1040 4526 direximus
1067 4487 1162 4541 per
1190 4472 1254 4525 R.
1285 4471 1618 4539 tequivocum
1650 4489 1738 4542 pa-

170 4557 253 4620 tri,
285 4557 340 4610 in
384 4573 485 4626 qua
540 4570 725 4614 vester
775 4577 836 4613 ac
868 4561 1048 4617 fratris
1097 4564 1198 4617 mei
1231 4563 1493 4618 adventus
1529 4564 1580 4618 in
1613 4562 1750 4618 urbe-

170 4644 451 4704 Remorum
485 4653 860 4720 expetebatur,
888 4669 918 4705 v
952 4654 1067 4707 Kal.
1101 4653 1328 4726 Ianuar.
1361 4655 1526 4724 regiis
1553 4655 1746 4726 legatis

159 4738 373 4817 ebriam
403 4746 705 4809 occursnri,
730 4745 820 4813 qui
849 4760 912 4798 ex
936 4724 1186 4801 condicto
1212 4746 1430 4816 quidem
1458 4756 1742 4811 venerunt,

172 4833 255 4886 sed
304 4849 396 4888 vos
445 4852 548 4890 non
613 4837 954 4890 invenerunt.
1006 4839 1173 4892 Porro
1227 4838 1504 4908 exemplar
1547 4839 1744 4909 prioris

171 4923 401 4990 epistola:
437 4935 634 4981 nostra:
687 4941 835 4980 nime
867 4928 1147 4992 mittimus,
1180 4927 1517 4999 postulantes
1558 4929 1742 4982 datum

173 5015 232 5068 iri
262 5027 491 5072 sumtum
545 5033 876 5089 responsum
908 5020 1192 5076 voluntatis
1222 5020 1458 5094 prOprite
1503 5021 1661 5076 simul
1691 5028 1747 5073 ct

173 5107 409 5163 actionis.
625 5139 634 5152 -

622 5201 970 5260 EPISTOLA
1007 5205 1250 5264 CXLVII.

1777 1809 1824 1869 B

1857 555 1936 600 tot
1959 546 2195 600 millibus
2241 547 2521 616 imperavi,
2559 563 2704 602 nunc
2735 561 2833 602 nec
2865 549 3182 606 vernaculos
3211 554 3439 610 comites

1853 637 2048 702 habeo,
2074 638 2271 706 quibus
2308 639 2487 692 saltim
2525 639 2718 708 stipata
2763 649 3059 695 conventus
3083 641 3272 697 adeam
3300 645 3437 700 tanti

1853 728 2008 784 ducis
2056 728 2297 793 llenrici,
2352 745 2450 784 nec
2513 731 2856 786 desiderabili
2907 733 3196 802 praesentia
3253 747 3438 792 vestra

1853 818 1959 872 frui
2013 819 2138 874 licet
2187 835 2353 874 causa
2403 823 2682 890 captanda
2741 821 2932 877 salutis
2987 833 3150 892 atque
3199 827 3437 883 consilii.

1853 907 2056 964 Adsitis
2083 923 2212 976 ergo
2242 917 2442 965 nostra:
2483 926 2660 965 causa:
2685 911 3010 978 diﬂ‘erendae,
3042 929 3151 968 non
3179 915 3441 974 determi-

1853 998 2044 1053 nanda:
2075 1014 2244 1069 usque
2272 1000 2339 1052 ad
2386 1009 2569 1053 mutua
2599 1000 2784 1056 verba.
2829 1003 2904 1056 De
2954 1013 3134 1059 castro
3173 1005 3238 1072 Q.
3266 1005 3332 1061 G.
3369 1007 3436 1062 Β.

1854 1092 2104 1157 dicimus,
2135 1108 2236 1147 nec
2281 1093 2558 1161 patiatnini
2587 1092 2811 1148 fratrem
2837 1104 3078 1150 vestrum
3119 1096 3224 1152 dici
3255 1099 3441 1169 prodi-

1855 1193 2046 1249 torem,
2089 1200 2249 1255 quem
2277 1185 2539 1240 hactenus
2582 1186 2928 1254 probavimus
2957 1187 3010 1240 in
3043 1187 3146 1242 fide
3174 1203 3279 1243 non
3314 1189 3440 1244 ﬁcta

1852 1285 2281 1346 permanentem.
2309 1275 2543 1339 Interea,
2580 1276 2836 1346 quoniam
2874 1291 3056 1330 rerum
3100 1286 3438 1348 nostrarum,

1853 1374 1914 1419 ut
1947 1366 2120 1428 scitis.
2147 1374 2470 1435 procurator
2500 1381 2601 1421 nec
2631 1366 2809 1429 rediit,
2840 1381 2939 1420 nec
2963 1367 3092 1435 quid
3123 1367 3172 1421 ei
3201 1368 3438 1424 obvene-

1853 1457 1925 1511 rit
1953 1457 2276 1521 audivimus,
2307 1473 2373 1511 ne
2395 1472 2582 1512 .vacua
2615 1472 2779 1510 manu
2813 1457 3066 1511 redeatis.
3109 1457 3208 1511 Diu
3242 1473 3438 1528 exspe-

1853 1558 2053 1605 ctatam
2079 1551 2357 1620 pecuniam
2382 1550 2432 1603 in
2457 1549 2646 1604 loculis
2666 1549 2860 1604 vestris
2883 1547 3104 1615 referte,
3132 1550 3436 1605 mercedem

1853 1655 1918 1696 ac
1938 1642 2166 1712 gratiam
2195 1641 2264 1696 ob
2293 1642 2484 1695 merita
2517 1641 2777 1696 beneficia
2810 1641 3031 1696 relaturi
3059 1641 3186 1697 cum
3205 1656 3271 1696 ex
3305 1642 3434 1710 hoc,

1854 1739 1966 1784 tum
1997 1746 2063 1785 ex
2091 1731 2210 1784 aliis
2236 1745 2608 1799 saepenumero
2636 1731 2866 1786 collatis.

2324 1818 2656 1874 EPISTULA
2701 1819 2973 1875 CXLVIII.

2078 1924 2146 1963 AD
2187 1926 2446 1964 “ET-IIGIL'.“
2485 1925 2771 1964 MONACIIL’M
2812 1925 3205 1966 TREVIBENSEH.

1923 2001 2247 2057 Genet-:ttrus
2277 2003 2540 2056 scholaris
2571 2001 2984 2058 abbasRsntcto
3014 2004 3278 2060 monacho
3307 2004 3440 2062 Tre-

1851 2092 2078 2148 virensi.

1922 2184 2232 2254 Prwgravat
2260 2183 2485 2239 all‘cctus
2516 2192 2662 2248 tuus,
2687 2183 3061 2240 amantissime
3084 2182 3274 2250 frater,
3301 2200 3440 2256 opus

1851 2274 2197 2339 Achilleidos,
2228 2277 2371 2343 quod
2402 2275 2540 2331 bene
2585 2274 2803 2343 quidem
2842 2274 3132 2344 inempisti,
3163 2275 3256 2329 sed
3290 2275 3441 2331 defe-

1851 2370 1971 2423 cisti
2013 2370 2138 2422 dum
2174 2367 2451 2438 exemplar
2492 2366 2711 2422 defecit.
2743 2367 2928 2436 Itaque
2975 2376 3030 2420 et
3060 2382 3156 2421 nos
3189 2366 3440 2422 beneficii

1852 2476 1956 2515 non
1981 2461 2350 2523 immemores,
2371 2458 2680 2512 difficillimi
2710 2457 2893 2528 operis
2916 2457 3239 2526 irreuepimus
3265 2457 3441 2527 sphze-

1850 2568 1989 2615 ram,
2027 2568 2149 2622 qua:
2200 2559 2255 2604 et
2303 2560 2458 2604 torno
2497 2549 2611 2618 jam
2650 2549 2722 2604 sit
2769 2547 3028 2618 expolita,
3058 2556 3113 2602 et
3143 2547 3440 2602 artiﬁciose

1851 2645 2049 2714 equino
2077 2643 2224 2698 corio
2253 2642 2528 2697 obvoluta.
2575 2639 2681 2694 Sed
2716 2639 2764 2693 si
2801 2637 2968 2692 nimia
3017 2653 3146 2692 cura
3191 2636 3439 2706 fatigaris

1849 2736 2081 2791 habendi
2127 2735 2356 2806 simplici
2404 2733 2524 2787 fuco
2566 2732 2984 2793 interstinctam,
3018 2729 3161 2784 circa
3208 2727 3438 2784 Martias

1850 2825 1966 2881 Kal.
2000 2842 2118 2881 eam
2166 2839 2444 2895 eXSpecta,
2477 2824 2577 2877 nisi
2613 2823 2750 2877 forte
2785 2838 2907 2876 cum
2943 2820 3228 2875 Itorizunte
3259 2835 3324 2874 ac
3354 2821 3436 2875 di-

1847 2931 2128 2970 versorum
2166 2915 2405 2968 colorum
2438 2909 2836 2982 pulchritudine
2867 2909 3180 2980 insignitam
3209 2919 3438 2979 praesto-

1849 3008 1996 3074 Ieris,
2042 3024 2277 3062 annuum
2323 3006 2713 3079 perhorrescas
2761 3003 3022 3058 laborem.
3073 3002 3340 3059 Caeterum
3371 3003 3440 3058 de

1849 3100 1975 3154 dato
1998 3109 2048 3153 et
2076 3107 2297 3168 accepto
2343 3097 2484 3152 inter
2519 3105 2734 3151 nostros
2772 3096 3000 3150 clientes
3029 3094 3108 3150 sic
3147 3094 3270 3166 jure
3301 3109 3434 3150 cono

1847 3190 2006 3256 Stilil,
2040 3198 2098 3242 ut
2127 3188 2258 3242 nihil
2282 3188 2532 3242 redderet
2552 3186 2640 3256 qui
2675 3185 2808 3239 nihil
2835 3185 3077 3240 deberet.

2267 3289 2270 3292 ’
2325 3278 2678 3334 'EI’ISTOLA
2703 3277 2934 3332 CXLIX.

1918 3372 2064 3428 Satis
2089 3370 2307 3442 quidem
2337 3370 2561 3424 moleste
2583 3368 2884 3423 absentiam
2917 3375 3157 3422 vestram
3186 3366 3434 3436 ferimus,

1848 3465 1942 3519 sed
1984 3457 2177 3531 majori
2215 3477 2368 3530 cura.
2393 3460 2694 3531 premimur
2737 3459 2806 3513 ob
2840 3457 3204 3528 ignorantiam
3245 3473 3436 3512 earum

1848 3569 2031 3609 rerum
2054 3569 2173 3624 qua:
2192 3552 2338 3606 circa
2358 3567 2455 3606 vos
2482 3559 2763 3622 geruntur.
2795 3548 2929 3602 Nam
2953 3549 3108 3618 cujus
3138 3548 3432 3603 affectuum

1848 3659 2035 3699 sumus
2066 3642 2375 3713 participes,
2428 3641 2546 3712 ejus
2600 3648 2748 3695 certe
2793 3653 3115 3710 progressus
3157 3650 3213 3693 et
3250 3638 3432 3694 exitus

1846 3739 2058 3792 viarum
2091 3738 2342 3807 ignorare
2373 3735 2600 3789 minime
2627 3731 3200 3788 debemus.Festinate
3229 3746 3359 3800 ergo
3381 3739 3438 3785 et

1849 3826 2044 3882 litteris
2069 3828 2287 3897 planum
2325 3826 2502 3880 facere
2541 3821 2670 3891 quid
2700 3820 3068 3876 communium
3092 3820 3434 3890 negotiorum

1847 3936 1912 3975 ac
1960 3922 2297 3990 privatorum
2352 3915 2693 3986 postmodum
2743 3913 2988 3982 egeritis,
3021 3901 3246 3984 agatis,
3307 3926 3436 3968 mox

1848 4029 2008 4085 agere
2049 4011 2365 4082 disponatis,
2396 4008 2664 4076 simulque
2713 4005 3016 4075 significate
3059 4004 3186 4073 quid
3228 4019 3326 4058 nos
3353 4003 3438 4056 fa-

1848 4120 1973 4160 cere
1996 4104 2192 4159 velitis.
2224 4103 2279 4156 In
2309 4101 2576 4156 electione
2616 4097 2855 4168 episcopi
2879 4113 2918 4152 ιι
2949 4097 3136 4151 Iduum
3161 4097 3428 4151 Februar.

1850 4197 2118 4260 habenda,
2144 4210 2250 4265 qua
2274 4193 2362 4247 die
2394 4201 2448 4248 et
2482 4192 2662 4262 potius
2685 4189 2858 4260 pridie
2885 4197 3067 4244 vestra
3091 4187 3429 4258 praestolabi-

1848 4305 1970 4344 mur
1998 4300 2277 4356 responsa,
2329 4291 2382 4338 et
2428 4283 2556 4353 quid
2589 4279 2756 4336 Ansel
2797 4280 2939 4348 apud
2968 4279 3197 4334 comites
3239 4277 3433 4349 egerit.

1845 4390 1902 4436 et
1939 4395 2037 4435 cur
2075 4379 2192 4447 ejus
2241 4376 2488 4430 nuntium
2535 4374 2711 4428 adlmc
2765 4371 2991 4426 minime
3033 4369 3352 4436 viderimus,
3382 4379 3440 4424 et

1848 4477 2027 4522 utrum
2063 4480 2240 4536 regem
2273 4479 2336 4518 ac
2359 4463 2588 4519 comites
2618 4463 2769 4532 prius
2797 4459 3090 4515 convenire
3120 4459 3437 4524 debeamus,

1850 4569 1904 4614 et
1943 4559 1988 4614 si
2028 4558 2129 4612 iter
2182 4557 2250 4610 ad
2301 4556 2601 4625 injunctum
2651 4552 2981 4622 colloquium
3033 4549 3179 4605 Cala:
3219 4549 3441 4605 differre

1849 4649 2163 4712 debeamus,
2191 4654 2247 4701 et
2277 4646 2320 4700 si
2359 4661 2424 4700 eo
2453 4645 2704 4708 venietis,
2749 4653 2804 4697 et
2831 4641 2986 4711 cujus
3025 4639 3209 4695 favore
3238 4640 3357 4696 haec
3385 4651 3442 4697 et

1849 4744 1935 4799 his
1955 4741 2174 4804 similia,
2191 4739 2559 4808 plenissimam
2576 4739 2732 4792 ﬁdem
2749 4735 2816 4790 ad
2831 4751 2924 4790 vos
2945 4732 3272 4789 habentibus
3282 4733 3439 4803 plena

1851 4833 1954 4889 fide
1991 4831 2261 4902 deponite.

2404 4917 2742 4975 EPISTOLA
2779 4915 2884 4970 CL.

1919 5013 2180 5068 Gratuita:
2209 5011 2605 5066 benevolentiae
2632 5019 2826 5064 vestrae
2859 5005 3020 5060 nullis
3043 5002 3442 5071 respondemus

1849 5105 2076 5158 meritis.
2101 5103 2238 5171 Quid
2267 5102 2410 5156 enim
2437 5102 2772 5156 contulimus
2801 5095 3090 5166 aliquando
3117 5093 3342 5161 dignum
3367 5093 3445 5147 le-

1849 5194 2065 5264 gatione
2101 5191 2388 5248 Roderici?
2439 5189 2555 5245 IIoc
2597 5190 2771 5247 solum
2813 5191 3061 5255 superest
3089 5187 3148 5234 ut
3175 5181 3438 5248 intelliga-

1851 5299 1969 5318 rnnv
2017 5283 2288 5316 nunmnﬂn
2320 5282 2523 5316 tlinlnm
2580 5284 2646 5316 cit
2723 5293 2789 5316 nn
2831 5275 3128 5316 mni-renisam
3182 5274 3327 5314 νησὶς
3362 5276 3443 5314 νιιΙ
