3948 5350
523 395 639 454 259

1212 390 1567 450 SILVESTRI
1593 390 1638 447 ll
1674 390 1879 448 PAPJE
1919 390 2070 450 OPP.
2107 392 2288 451 PARS
2322 395 2408 451 lll.
2444 424 2516 437 —
2553 395 2770 453 EPIST.
2792 396 2883 454 ET
2917 397 3191 456 DIPLOM.

3698 401 3806 458 240

528 510 606 568 tis
672 495 903 565 ortunae.
956 505 1072 562 Rex
1119 504 1272 577 Hugo
1309 520 1374 562 ac
1400 504 1568 561 vicini
1617 504 1880 577 episcopi,
1932 514 1986 562 et
2030 505 2125 577 qui
2152 510 2371 576 Amus,
2406 509 2533 580 quia
2576 505 2769 565 vestrm
2813 510 3074 567 doctrinae
3120 510 3460 582 disciplinata
3502 517 3804 584 proceritas

528 590 720 657 sedem
767 598 1060 653 Remorum
1106 596 1645 666 ambiunt,-plurima
1694 594 1950 651 offerunt.
2005 594 2135 652 Sed.

522 690 679 753 nulla
714 710 745 750 a
779 694 937 750 nobis
968 692 1145 747 adhuc
1185 701 1402 763 recepta
1430 700 1574 756 sunt,
1621 706 1725 746 nec
1769 691 1886 746 sine
1931 699 2120 746 vestro

524 786 784 845 consultu
808 784 1099 856 quidquam
1120 799 1282 855 agere
1308 782 1584 839 molimur.
1619 764 1905 852 Ea'gratia
1937 796 2119 852 regem

537 877 690 932 adire
713 875 1043 941 distulimus,
1068 889 1137 930 ne
1170 874 1309 929 forte
1338 872 1406 929 ab
1424 890 1488 929 eo
1516 873 1654 943 rapti
1685 881 1865 927 vestra
1896 872 2122 942 imperia

518 964 798 1037 refugisse
840 964 1168 1031 videremur,
1191 966 1260 1021 ob
1285 965 1654 1021 dulcissimum
1686 964 1938 1020 affectum
1970 963 2122 1019 cbari

522 1056 706 1128 patris
736 1056 841 1112 mei
872 1056 1228 1113 Adal-beronis
1261 1057 1515 1112 omnibus
1542 1054 1863 1111 mortalibus
1894 1065 2118 1126 antepo-

516 1148 738 1214 ‘-nenda,
769 1163 891 1218 qua:
942 1150 996 1204 in
1045 1149 1201 1205 vobis
1246 1149 1643 1220 quodammodo
1682 1147 1881 1204 intueri
1909 1147 2124 1203 deside-

524 1237 711 1293 «rabile
735 1242 842 1293 est.
886 1237 1120 1304 Caetera,
1165 1253 1287 1309 qua:
1320 1238 1372 1293 iu
1420 1236 1579 1293 nobis
1610 1237 1806 1294 mentis
1832 1246 2034 1301 essent.
2068 1243 2124 1290 et

522 1344 660 1402 aqua:
705 1329 824 1386 ﬁeri
872 1328 1020 1385 circa
1055 1344 1154 1386 vos
1190 1329 1470 1395 vellemus,
1513 1327 1786 1384 Roderico
1834 1327 2126 1399 diligenter

538 1422 886 1494 exsequenda
913 1422 1310 1479 commisimus.

1077 1530 1414 1589 EPISTOLA
1457 1529 1569 1587 CLI

539 1637 851 1680 CERBEBI‘US
890 1638 1135 1680 SALUTEI
1174 1638 1274 1679 SIBI
1326 1637 1602 1678 SCBIBENTI
1661 1637 1755 1676 SUB
1789 1634 1989 1676 NOMINE
2027 1634 2124 1675 RE-

527 1718 531 1727 '
572 1708 804 1751 YERENDI
829 1709 1017 1751 PATRIS
1053 1708 1416 1750 ADALBEBONIS
1437 1707 1804 1748 VERDUNENSIS
1826 1706 2084 1747 EPISCOPI.

602 1805 671 1863 Si
706 1808 773 1862 de
799 1822 920 1864 meo
951 1815 1095 1864 statu
1142 1807 1363 1879 quaeris,
1393 1806 1536 1863 bona
1582 1807 1852 1863 sententia
1888 1806 2120 1877 quicun-

538 1919 645 1978 que
666 1903 1094 1960 familiaritatem
1118 1903 1426 1976 praetendis,
1460 1902 1623 1958 liceat
1649 1901 1999 1972 respondere,
2030 1909 2122 1954 tua

524 2010 675 2077 _pace
706 2011 795 2051 me
822 1996 1057 2067 positum
1086 1995 1140 2050 in
1183 1995 1447 2059 adversis,
1495 1993 1671 2048 virum
1719 1992 1915 2047 fortem
1945 1991 2122 2059 sequi,

538 2102 649 2142 non
679 2086 959 2155 consequi.
1007 2086 1273 2142 Caeterum
1303 2086 1517 2156 reipub.
1567 2098 1764 2140 causas
1813 2098 1919 2138 non
1960 2082 2125 2154 signi-

539 2180 666 2252 fico,
702 2181 959 2251 quoniam
992 2181 1122 2251 quid
1150 2179 1385 2235 scribam
1413 2177 1618 2234 nescio.
1652 2175 1918 2247 Specialia
1944 2185 2124 2230 tamen

530 2271 727 2329 d‘ratris
757 2273 948 2329 morbo
978 2271 1171 2328 calculi
1195 2270 1496 2326 laborantis
1524 2269 1736 2341 plenius
1763 2281 2122 2338 exsequerer,

534 2365 586 2421 si
609 2365 827 2421 inventa
854 2379 884 2419 a
910 2363 1180 2435 prioribus
1202 2363 1401 2419 intueri
1432 2362 1644 2417 liceret.
1675 2359 1829 2427 Nunc
1854 2359 2125 2430 particula

541 2455 769 2511 antidoti
799 2439 1255 2526 philoantbropos‘
1281 2468 1344 2508 ac
1369 2450 1487 2522 ejus
1515 2439 1787 2522 Scriptura
1815 2458 2122 2517 contentus,

539 2554 634 2602 tuo
652 2546 785 2601 vitio
830 2545 1034 2616 imputa
1068 2545 1113 2599 si
1140 2544 1285 2615 quod
1333 2551 1584 2613 paratum
1630 2550 1717 2597 est
1753 2541 1818 2596 ad
1871 2541 2125 2607 salutem,

536 2650 646 2692 non
705 2635 974 2692 servando
1008 2635 1248 2700 diaetam,
1296 2632 1526 2688 verteris
1563 2631 1616 2686 in
1654 2629 1974 2702 perniciem.
2017 2626 2129 2684 Nec

538 2746 629 2788 me
676 2740 903 2787 auctore
953 2745 1075 2801 quae
1121 2728 1457 2785 medicorum
1511 2733 1636 2781 sunt
1683 2730 1917 2779 tractare
1970 2721 2127 2789 velis,

528 2818 844 2894 pnesertim
892 2835 1018 2877 cum
1045 2818 1334 2875 scientiam
1363 2831 1552 2872 eorum
1596 2822 1807 2870 tantum
1837 2811 2128 2883 affectam,-

527 2912 668 2983 a-im,
692 2910 932 2970 officium
960 2924 1176 2981 semper
1197 2907 1451 2980 fugerim.

1066 3040 1403 3099 EPISTOLA
1440 3038 1594 3097 CLII.
1620 3062 1623 3075 ·

1140 3149 1209 3189 ΔΙ)
1248 3145 1532 3190 Βειιοιυκ.

604 3227 847 3284 iisutcro
877 3222 1032 3280 fratri
1054 3222 1398 3280 Genaunos.

604 3318 671 3375 ιιι
697 3324 1029 3374 momentum
1062 3329 1127 3370 ac
1148 3329 1211 3369 ea
1240 3314 1322 3368 vis
1346 3319 1467 3368 erat
1494 3309 1697 3367 domini
1742 3309 1849 3366 mei
1879 3316 1936 3366 et
1956 3307 2126 3380 patris

534 3411 646 3469 mei
674 3407 1034 3465 Adalberonis
1058 3404 1309 3461 incausis
1332 3401 1694 3473 pendentibus
1713 3415 1782 3456 ex
1808 3410 2034 3464 aeterno,
2064 3406 2126 3454 ut

539 3518 608 3562 eo
642 3503 696 3559 in
729 3516 908 3558 rerum
934 3498 1204 3571 principia
1235 3495 1473 3552 resoluto
1495 3495 1547 3550 in
1580 3491 1931 3565 primordiale
1954 3492 2125 3547 chaos

538 3605 828 3671 putaretur
870 3593 1100 3649 mundus
1144 3589 1340 3646 relabi.
1381 3589 1440 3653 ln
1472 3596 1624 3643 tanta
1652 3586 1822 3657 igitur
1842 3582 2120 3655 perturba-

534 3689 710 3754 tione,
734 3695 809 3752 et,
840 3693 900 3740 ut
939 3683 1014 3739 ita
1065 3682 1264 3744 dicam,
1296 3678 1633 3745 confusione,
1664 3675 1973 3733 mortalium
2002 3673 2125 3729 ofti-

541 3781 750 3837 ciorum
793 3777 1103 3841 immemor,
1152 3772 1284 3843 quid
1320 3778 1563 3842 optares,
1605 3768 1736 3839 quid
1779 3775 2015 3839 peteres,
2047 3766 2129 3821 in-

541 3871 755 3930 cautius
799 3866 1148 3940 perspexisti.
1187 3863 1327 3919 Num
1372 3862 1425 3917 in
1452 3860 1571 3931 ejus
1610 3859 1757 3915 modi
1794 3857 2127 3924 discrimine,

542 3960 822 4032 republica
865 3956 1152 4022 derelicta,
1202 3952 1618 4025 demigrandum
1659 3949 1764 4006 fuit
1797 3950 1864 4006 ad
1894 3949 2132 4022 philoso-

538 4053 772 4126 phorum
802 4056 1131 4114 commenta,
1148 4045 1419 4100 interdum
1445 4057 1551 4098 non
1578 4039 1925 4097 necessaria?
1953 4037 2130 4093 Taceo

536 4146 610 4202 de
657 4158 768 4210 me,
813 4141 901 4198 cui
956 4140 1115 4196 nulla:
1163 4149 1369 4195 mortes
1411 4135 1831 4193 intendebantur
1860 4152 1873 4187 :
1904 4140 1958 4187 ct
1986 4132 2131 4202 quod

535 4244 696 4309 pater
735 4233 1003 4289 Adalbero
1043 4244 1130 4287 me
1174 4235 1551 4286 successorem
1590 4225 1694 4282 sibi
1725 4223 2127 4294 designaverat,

542 4340 667 4382 cum
714 4323 879 4379 totius
918 4321 1075 4384 cleri,
1115 4329 1171 4376 et
1199 4318 1442 4374 omnium
1472 4316 1876 4387 episcoporum,
1912 4328 1977 4367 ac
1999 4326 2133 4382 quo-

539 4416 790 4473 rumdam
839 4413 1070 4470 militum
1116 4411 1323 4475 favore,
1352 4418 1408 4465 et
1444 4407 1590 4479 quod
1635 4405 1878 4460 omnium
1928 4417 2129 4466 rerum,

543 4524 666 4581 qua:
694 4504 1066 4577 displicerent,
1094 4516 1179 4555 me
1205 4510 1485 4556 auctorem
1518 4497 1687 4553 fuisse
1710 4494 2127 4552 contenderent.

542 4598 682 4654 Nam
706 4597 891 4662 amici,
907 4595 996 4664 qui
1021 4591 1391 4648 familiaritate
1408 4590 1552 4646 beati
1581 4587 1752 4658 patris
1772 4584 2130 4640 Adalbcronis
2159 4591 2211 4651 Ῑ)

544 4706 759 4748 mecum
810 4690 894 4745 usi
943 4687 1181 4752 fuerunt,
1214 4696 1532 4754 mecumque
1561 4680 1897 4743 laborabant,
1922 4679 1991 4733 ob
2023 4684 2129 4732 tor-

534 4781 710 4838 -natilc
733 4779 942 4850 lignum
970 4776 1252 4832 deserendi
1285 4782 1464 4831 erant.
1489 4772 1680 4827 Patere
1705 4786 1833 4842 ergo
1858 4771 2129 4841 patienter

543 4887 729 4930 moras
779 4872 1107 4927 necessitate
1147 4867 1453 4939 impositas,
1499 4881 1562 4920 ac
1610 4864 1835 4921 meliora
1887 4872 2130 4931 tempora

543 4972 820 5032 exspecta,
837 4963 1032 5035 quibus
1046 4961 1260 5017 valeant
1277 4954 1584 5016 resuscitari
1607 4956 1784 5014 studia
1801 4955 2128 5028 jampridem

544 5058 604 5114 in
632 5056 791 5113 nobis
811 5064 1080 5112 emortua.
1743 5047 1747 5052 '

1069 5159 1404 5218 EPISTOLA
1437 5158 1607 5216 CLllI.

783 5270 1016 5310 OTTONIS
1054 5267 1413 5308 IMPERATORIS
1451 5268 1516 5306 AD
1555 5262 1896 5307 GERBERTUH.

2218 612 2419 657 nostra:
2447 601 2782 672 simplicitati
2816 617 3035 673 semper
3079 602 3182 658 fuit
3223 603 3367 658 haud
3402 602 3690 660 fastidiens
3715 620 3808 661 au-

2219 691 2465 747 ctoritas.
2497 692 2754 746 Attamen
2784 701 2867 758 ut,
2896 692 3044 748 omni
3080 693 3308 762 ambage
3343 692 3570 760 dimota,
3617 694 3686 749 ad
3713 710 3810 751 vos

2220 783 2378 838 nudae
2403 783 2652 839 veritatis
2682 783 2928 839 fruamur
2958 783 3193 855 loquela,
3210 784 3603 855 judicavimus,
3630 794 3689 841 et
3718 785 3811 841 fir-

2221 890 2369 929 mum
2412 874 2795 944 disposuimus,
2844 883 2902 929 ut
2933 874 3086 930 vobis
3127 875 3438 931 manifestet
3470 876 3577 931 hoc
3607 886 3808 932 nostra:

2221 963 2515 1020 voluntatis
2544 964 2792 1036 epistola,
2830 965 2974 1034 quod
3021 965 3074 1019 in
3121 964 3223 1021 hac
3260 981 3319 1021 re
3369 982 3579 1022 summa
3610 978 3811 1022 nostra;

2224 1056 2530 1127 adoptionis
2576 1066 2630 1112 et
2677 1058 3028 1127 singularitas
3073 1066 3157 1113 est
3200 1058 3499 1129 petitionis,
3540 1068 3811 1128 quatenus

2222 1150 2381 1205 nobis
2425 1149 2660 1205 indoctis
2723 1159 2779 1204 et
2811 1150 2950 1205 male
2992 1150 3372 1222 disciplinatis,
3419 1160 3604 1206 vestra
3640 1151 3815 1207 solers

2208 1242 2564 1313 providentia
2597 1242 2650 1297 in
2684 1244 2923 1312 scriptis,
2954 1258 3053 1297 nec
3085 1259 3191 1297 non
3238 1252 3295 1298 ct
3318 1243 3497 1308 dictis,
3538 1259 3648 1298 non
3678 1259 3816 1314 pra:-

2225 1340 2311 1388 ter
2356 1334 2578 1389 solitum
2629 1335 2891 1388 adhibeat
2941 1334 3180 1389 studium
3233 1333 3619 1397 correctionis,
3662 1342 3720 1386 et
3759 1333 3810 1386 in

2224 1427 2433 1498 republ.
2463 1427 2749 1483 consilium
2773 1442 2998 1482 summae
3024 1426 3297 1482 fidelitatis
3325 1425 3446 1499 [al.,
3480 1422 3813 1496 felicitatis].

2227 1517 2398 1588 llujus
2439 1532 2570 1590 ergo
2597 1526 2801 1574 nostra:
2847 1515 3142 1571 voluntatis
3170 1517 3222 1571 in
3252 1530 3359 1570 non
3396 1515 3649 1586 neganda
3692 1513 3816 1568 insi-

2227 1609 2526 1675 nuatione,
2577 1608 2829 1662 volumus
2879 1620 2976 1660 vos
3053 1605 3380 1662 Saxonicam
3450 1604 3813 1658 rusticitatem

2227 1700 2540 1765 abhorrere,
2577 1699 2671 1754 sed
2708 1696 3035 1753 Grieciscam
3067 1706 3313 1752 nostram
3357 1695 3719 1751 subtilitatem
3749 1693 3814 1747 ad

2228 1790 2282 1845 id
2318 1790 2483 1845 studii
2523 1789 2696 1860 magis
2737 1803 2835 1843 vos
2876 1802 3215 1858 provocare:
3241 1786 3496 1856 quoniam
3537 1785 3581 1839 si
3611 1783 3814 1853 estqui

2152 1863 2201 1926 Β
2229 1881 2458 1936 suscitet
2484 1880 2651 1945 illam,
2696 1878 2837 1950 apud
2882 1893 2980 1934 nos
3025 1878 3330 1933 invenietur
3370 1875 3687 1931 Graecorum
3734 1876 3814 1928 in-

2226 1974 2450 2035 dustrim
2475 1972 2653 2043 aliqua
2677 1970 2934 2026 scintilla.
2958 1969 3125 2039 Cujus
3146 1970 3221 2024 rei
3250 1968 3449 2041 gratia,
3475 1967 3603 2022 huic
3626 1974 3817 2021 nostro

2225 2064 2461 2138 igniculo
2509 2075 2700 2120 vestrm
2751 2063 2995 2120 scientia:
3022 2060 3239 2116 flamma
3272 2059 3615 2115 abundanter
3647 2072 3814 2127 appo-

2225 2157 2351 2222 sita,
2380 2147 2570 2211 humili
2603 2168 2766 2225 prece
2809 2151 3175 2224 deposcimus,
3220 2160 3281 2205 ut
3310 2149 3629 2205 Graecorum
3660 2147 3815 2202 vivax

2214 2245 2500 2323 ingenium
2525 2243 2635 2298 Deo
2660 2243 2907 2315 adjutore
2932 2241 3230 2306 suscitetis,
3254 2249 3312 2295 et
3331 2254 3430 2294 nos
3454 2236 3818 2291 arithmetica:

2225 2336 2424 2393 librum
2454 2335 2753 2400 edoceatts,
2775 2342 2835 2389 ut
2857 2333 3088 2404 plemter
3108 2330 3227 2401 ejus
3250 2329 3502 2385 instructi
3527 2329 3815 2384 documen-

2228 2429 2299 2484 tis
2329 2427 2531 2498 aliquid
2579 2426 2822 2496 priorum
2875 2424 3238 2495 intelligamus
3287 2421 3626 2478 subtilitatis.
3678 2418 3816 2486 Quid

2229 2530 2408 2577 autem
2453 2519 2522 2575 de
2568 2519 2672 2574 hac
2709 2533 2768 2574 re
2817 2517 2972 2573 vobis
3018 2514 3286 2588 agendum
3334 2515 3566 2584 placeat,
3621 2511 3817 2583 quidve

2228 2611 2532 2681 displiceat,
2568 2618 2747 2664 vestra
2790 2607 3093 2679 paternitas
3137 2604 3336 2660 litteris
3378 2602 3535 2658 nobis
3563 2599 3817 2655 nuntiare

2229 2718 2337 2757 non
2370 2698 2602 2756 differat.
2633 2698 2841 2754 Valete.
2872 2695 3074 2753 Versus
3094 2710 3366 2766 nunquam
3391 2691 3696 2762 composui,
3718 2702 3817 2744 nec

2227 2794 2282 2849 in
2311 2793 2490 2849 studio
2520 2791 2683 2849 habui
2713 2807 2731 2859 ;
2758 2790 2884 2846 dum
2931 2790 2987 2845 in
3022 2806 3120 2845 usu
3147 2789 3409 2853 habuero,
3436 2794 3492 2842 et
3536 2786 3591 2841 in
3629 2784 3714 2839 eis
3740 2780 3816 2837 vi-

2228 2890 2399 2955 guere
2437 2883 2557 2957 [al.,
2599 2880 2883 2955 ﬂoruere],
2932 2890 3066 2952 quot
3109 2880 3276 2937 habet
3319 2878 3470 2935 viros
3516 2875 3712 2951 Gallia,
3742 2881 3817 2930 tot

2212 2977 2385 3035 vobis
2414 2978 2629 3034 mittam
2656 2975 2922 3032 carmina.

2752 3081 3087 3139 EPISTULA
3121 3078 3301 3161 cuv.

2631 3187 2944 3233 GEBBERTUS
2969 3188 3170 3230 OTTONI
3199 3184 3422 3227 CESARI.

2157 3233 2204 3298 C
2303 3268 2534 3327 Domino
2561 3277 2617 3326 et
2642 3269 2879 3340 glorioso
2907 3266 3118 3323 Orrom
3156 3262 3360 3321 Caesari
3395 3275 3613 3332 semper
3638 3260 3821 3331 Augu-

2229 3376 2314 3421 sto
2336 3361 2685 3427 Genusnrus,
2710 3359 2883 3432 gratia
2905 3358 2998 3413 Dei
3023 3357 3317 3414 Remorum
3337 3354 3649 3425 episcopus,
3672 3350 3825 3422 quid-

2229 3454 2360 3525 quid
2390 3460 2540 3508 tanto
2567 3451 2895 3522 imperatore
2932 3448 3175 3519 dignum.

2304 3540 2737 3617 Supereminenti
2777 3537 3166 3594 benevolentia:
3193 3541 3387 3590 vestrae
3406 3572 3422 3599 ,
3452 3546 3558 3602 qua
3594 3531 3651 3585 in
3682 3545 3822 3585 sem-

2228 3634 2503 3707 piternum
2530 3630 2676 3703 digni
2701 3638 2888 3685 vestro
2919 3627 3227 3700 iudicamur
3254 3623 3547 3694 obsequio,
3592 3621 3825 3676 fortasse

2231 3728 2393 3793 votis,
2423 3725 2519 3781 sed
2548 3722 2880 3793 respondere
2908 3737 3015 3777 non
3054 3717 3298 3775 valemus
3337 3716 3571 3773 meritis.
3616 3714 3676 3770 Si
3721 3728 3825 3784 quo

2230 3816 2377 3872 enim
2406 3813 2553 3870 tenui
2582 3812 2824 3868 scientiae
2848 3810 3086 3881 ignicqu
3113 3809 3477 3873 accendimur,
3515 3814 3692 3862 totum
3726 3805 3825 3859 hoc

2231 3908 2402 3980 gloria
2430 3916 2609 3961 vestra
2645 3903 2878 3975 peperit,
2911 3903 3082 3973 patris
3108 3902 3283 3958 virtus
3320 3900 3469 3966 aluit,
3501 3899 3588 3954 avi
3616 3897 3825 3970 magni-

2231 3998 2448 4055 ﬁcentia
2497 3995 2850 4066 comparavit.
2895 3995 3036 4061 Quid
3082 3993 3253 4065 ergo?
3294 3992 3591 4047 Thesauris
3636 3991 3826 4045 vestris

2232 4106 2340 4147 non
2373 4087 2657 4146 inferimus
2704 4085 2973 4157 proprios,
3007 4085 3102 4140 sed
3152 4084 3488 4154 resignamus
3537 4090 3825 4153 acceptos,

2233 4196 2370 4253 quos
2419 4180 2620 4251 partim
2657 4186 2972 4242 assecutos,
3023 4175 3218 4248 partim
3269 4190 3366 4229 vos
3413 4173 3825 4243 quamproxime

2233 4280 2583 4330 assecuturos
2611 4269 2812 4325 indicio
2833 4279 2936 4337 est,
2971 4270 3198 4323 honesta
3224 4276 3277 4324 et
3300 4266 3506 4322 utilitas
3539 4282 3609 4321 ac
3636 4265 3828 4321 vestris

2234 4364 2519 4434 majestate
2542 4362 2703 4432 digna
2737 4360 2948 4430 petitio.
2976 4359 3089 4415 Nisi
3125 4360 3271 4415 enim
3311 4359 3530 4414 firmum
3571 4358 3826 4412 teneretis

2236 4474 2301 4512 ac
2328 4457 2517 4521 fixum,
2544 4454 2655 4509 vim
2692 4444 3044 4508 numerorum
3082 4452 3166 4508 vel
3199 4452 3253 4506 in
3286 4467 3344 4507 se
3367 4449 3613 4505 omnium
3652 4462 3826 4504 rerum

2236 4549 2518 4605 continere
2564 4544 2890 4618 primordia,
2924 4542 3009 4599 vel
3048 4558 3116 4599 ex
3159 4557 3278 4598 sese
3322 4538 3678 4611 profundere,
3724 4552 3825 4592 non

2236 4658 2425 4700 eorum
2465 4641 2680 4712 plenam
2716 4636 3122 4711 perfectamque
3149 4635 3395 4690 notitiam
3428 4641 3578 4687 tanto
3606 4628 3826 4686 festina-

2238 4735 2371 4790 retis
2398 4732 2577 4789 studio
2605 4749 2619 4786 :
2654 4739 2709 4786 et
2742 4729 2846 4784 nisi
2881 4727 3101 4783 moralis
3129 4723 3478 4797 philosophiae
3506 4721 3827 4793 gravitatem

2237 4822 2726 4897 amplecteremini,
2772 4835 2878 4874 non
2911 4819 2983 4872 ita
3023 4818 3202 4871 verbis
3241 4814 3441 4871 vestris
3485 4820 3672 4866 custos
3712 4826 3827 4865 om-

2240 4920 2391 4976 nium
2415 4909 2675 4972 virtutum
2706 4913 2970 4984 impressa
2993 4921 3137 4966 esset
3167 4907 3464 4964 humilitas.
3499 4904 3619 4959 Non
3649 4913 3827 4957 tamen

2242 5008 2408 5067 animi
2444 5008 2547 5063 sibi
2587 5007 2725 5061 bene
2756 5001 2957 5059 conscii
3005 5001 3169 5056 tacita
3218 5007 3305 5055 est
3349 4994 3657 5057 subtilitas,
3704 5006 3825 5047 cum

2224 5095 2380 5170 ejus,
2410 5107 2471 5152 ut
2497 5097 2570 5152 ita
2597 5096 2796 5161 dicam,
2821 5093 3115 5148 oratoriam
3143 5088 3460 5145 facultatem
3493 5093 3547 5140 et
3573 5099 3606 5138 a
3632 5096 3693 5138 se
3713 5090 3769 5136 et
3797 5095 3828 5133 a

2240 5192 2550 5248 Graecorum
2582 5186 2730 5242 fonte
2769 5181 3119 5256 proﬂuentem
3149 5180 3387 5237 oratorie
3412 5175 3694 5234 docuistis.
3725 5172 3829 5230 Ubi

2240 5283 2424 5310 ..ΑΑΑΞΛ
2467 5280 2592 5310 ιιι-ΞΑ
2622 5278 2859 5310 ιΙέυἶηηηὶ
2889 5275 3212 5310 ηιοιιπιῖιιιῖιην
3289 5286 3412 5310 num
3442 5271 3606 5310 hnmn
3633 5282 3830 5310 anno"!
