3948 5350
176 378 274 434 Sil

1064 384 1306 446 SECTIO
1338 350 1385 444 i.
1424 413 1494 425 -
1529 380 1711 439 ANTE
1752 382 2051 444 SUMMUM
2089 385 2616 446 PONTIFICATUM.

3329 383 3440 441 2ιῖ

183 511 215 568 q
256 504 322 557 io.
350 496 443 567 qui
480 498 612 555 nihil
638 487 1083 559 inter'bumanas
1119 518 1207 558 res
1235 502 1444 559 dulcius
1474 502 1765 574 aspicimus
1792 504 1844 565 Α
1868 499 2038 556 Italici
2085 501 2226 557 aeris
2270 500 2620 572 qualitatibus
2660 497 2766 553 mei
2796 496 3039 567 corporis
3078 496 3309 569 quadam
3358 500 3440 555 sui

183 595 359 642 vestro
389 590 639 661 imperio.

714 682 1046 739 EPISTOLA
1084 684 1235 739 CLV.

612 792 843 830 OTTONIS
881 792 948 829 Αῐ)
985 792 1324 833 εειωειιτυι.

249 864 407 919 Οῐτο
455 866 730 934 Augustus
786 867 1080 935 imperator
1134 865 1570 922 reverentissimo
1615 881 1765 937 papa:

179 956 470 1012 Graeen'ro
498 959 634 1027 ('51).
1644 980 1669 1009 ο

244 1049 381 1113 Quia
408 1049 693 1104 divinitate
719 1048 948 1118 prepitia
973 1064 1075 1102 non
1103 1049 1276 1104 solum
1304 1049 1578 1120 sanguinis
1601 1049 1762 1115 linea,

180 1152 360 1189 verum
391 1136 557 1189 etiam
590 1138 735 1190 inter
757 1146 981 1193 cunctos
1004 1138 1258 1192 mortales
1286 1140 1518 1208 quadam
1557 1138 1637 1192 sui
1666 1153 1762 1207 ge-

180 1229 319 1281 neris
352 1227 652 1279 eminentia
681 1228 1055 1281 conuectimur
1088 1226 1304 1293 ail'ectu,
1332 1227 1590 1296 qualitate
1618 1226 1763 1280 circa

183 1318 385 1370 Domini
424 1319 634 1371 cultum
661 1334 767 1371 non
800 1319 1047 1389 dispares
1082 1333 1201 1373 esse
1231 1320 1504 1374 debemus.
1535 1318 1764 1387 Ideoque

180 1420 357 1462 nostro
403 1411 589 1463 animo
634 1420 871 1487 vestrum
918 1420 1221 1466 metuentes
1270 1412 1575 1483 ingenium,
1622 1413 1764 1467 hunc

179 1501 422 1552 ahhatem
453 1499 680 1553 Petrum
718 1509 897 1553 vestro
927 1501 1370 1555 commendamus
1404 1500 1762 1571 apostolatui,

181 1600 232 1643 ut
258 1607 377 1659 qua:
420 1594 654 1647 honesta
699 1602 751 1647 et
793 1594 945 1647 utilia
992 1595 1133 1647 circa
1176 1610 1334 1665 suum
1379 1596 1763 1650 monasterium

179 1682 283 1736 fore
310 1687 552 1753 agenda,
584 1696 642 1740 et
669 1702 696 1739 a
724 1703 781 1741 se
808 1696 861 1740 et
889 1703 919 1740 a
949 1697 1133 1742 nostro
1172 1688 1346 1756 legato
1372 1688 1762 1759 cognoveritis,

172 1790 285 1827 cum
310 1776 464 1829 omni
490 1776 771 1847 diligentia
801 1779 1022 1847 exsequi
1050 1779 1347 1834 studeatis:
1378 1788 1438 1833 ut
1460 1780 1585 1834 dum
1616 1794 1764 1833 mar-

1868 594 2081 665 generis
2108 594 2493 650 contrarietate
2523 590 2763 662 opponit.
2805 588 3075 643 Mutantur
3115 604 3243 659 ergo
3272 587 3443 642 solum

1867 698 2115 753 corpore,
2146 682 2423 739 vobiscum
2451 680 2688 737 mansuri
2715 689 2917 744 mente,
2942 689 3229 749 vestroque
3250 679 3445 734 solatio

1867 784 2029 846 atque
2060 775 2300 831 subsidio
2338 774 2603 845 primores
2644 771 2808 826 Italia:
2845 769 3216 840 relinquimus.
3267 768 3446 841 Hugo-

1867 885 1990 925 nem
2034 870 2270 924 Tuscum
2313 868 2465 923 vobis
2506 881 2604 936 per
2645 865 2825 921 omnia
2877 863 3064 928 ﬁdunt,
3101 860 3160 916 S.
3190 861 3445 917 comitem

1867 960 2157 1030 Spoletinis
2197 970 2251 1015 et
2292 957 2595 1015 Camerinis
2623 955 2966 1028 przefectum,
3004 954 3089 1008 cui
3119 962 3242 1008 octo
3279 952 3447 1007 comi-

1868 1061 2031 1117 tatus,
2063 1052 2155 1122 qui
2195 1052 2295 1106 sub
2324 1050 2417 1104 lite
2448 1056 2595 1115 sunt,
2621 1056 2859 1102 vestrum
2889 1046 2959 1100 ob
2991 1058 3227 1099 amorem
3257 1052 3447 1098 contu-

1866 1140 2044 1205 limus,
2076 1149 2427 1209 nostrumque
2456 1138 2691 1208 legatum
2726 1135 2805 1191 eis
2834 1134 2902 1189 ad
2940 1128 3174 1205 praesens
3202 1130 3446 1202 prtefeci-

1865 1245 2007 1296 mus,
2030 1239 2090 1284 ut
2117 1230 2298 1300 populi
2325 1237 2591 1284 rectorem
2620 1228 2872 1293 habeant,
2904 1235 2960 1281 et
2980 1226 3130 1281 vobis
3150 1224 3264 1296 ejus
3283 1237 3463 1293 opera.

1866 1320 2044 1376 debita
2067 1322 2286 1377 servitia
2317 1321 2629 1376 adhibeant.

2374 1409 2709 1467 EPISTOLA
2745 1407 2925 1465 CLIX.

2137 1520 2403 1561 GEBBERTI
2432 1520 2501 1559 AD
2532 1517 2835 1559 Αυειλιῡεδί
2865 1516 3166 1558 ΑυϐυετΔὶΙ.

1936 1596 2179 1650 Domina:
2206 1604 2260 1649 et
2297 1595 2546 1667 gloriosze
2571 1594 2831 1649 Annum
2864 1593 3065 1661 reginae
3094 1606 3307 1663 semper
3332 1593 3449 1647 Au-

1865 1696 2034 1757 gusta:
2071 1687 2391 1742 (inlinemus
2437 1686 2609 1757 gratia
2657 1684 2869 1740 Domini
2918 1680 3210 1738 Remorum
3241 1684 3449 1754 episco-

1867 1791 1990 1845 pus,
2016 1786 2071 1832 et
2096 1778 2346 1832 omnibus
2373 1778 2484 1831 suis
2507 1775 2871 1831 confratribus
2902 1784 2955 1830 et
2980 1775 3313 1846 coepiscopis
3337 1774 3447 1829 Re-

175 1877 345 1936 tyrum
400 1870 701 1923 memorias
748 1871 798 1924 in
844 1886 1129 1927 commune
1174 1873 1522 1941 honoramus,
1558 1889 1758 1954 forum
1794 1856 1836 1915 Β
1865 1882 2073 1921 morum
2102 1868 2415 1934 ἀίωεεεεοδ,
2442 1866 2578 1923 bene
2602 1866 2783 1920 valere
2814 1866 2867 1921 Ῐι]
2894 1865 3130 1937 Chiis“)-

171 1955 431 2010 liencﬁcia
457 1958 515 2010 in
545 1973 830 2012 commune
856 1960 1172 2015 sentiamus.
1206 1960 1412 2016 Valete.

700 2070 1029 2127 EPISTOLA
1067 2073 1242 2129 CLVI.

401 2156 646 2197 OTTOXIS
675 2158 1028 2199 IIPERATOBIS
1063 2160 1129 2198 AD
1170 2162 1222 2198 Β.
1261 2160 1522 2200 COIIITEI.

237 2230 398 2286 Οττο
445 2232 630 2300 gratia
671 2232 882 2289 Domini
929 2234 1227 2305 imperator
1250 2236 1525 2307 Augustus
1563 2234 1628 2290 R.
1672 2250 1762 2291 co-

172 2320 279 2374 miti
320 2321 585 2377 salutem.

236 2412 464 2466 Diversa
497 2413 650 2483 regni
693 2414 902 2483 negotia
949 2414 1217 2471 interdum
1253 2425 1451 2488 cogunt
1492 2432 1591 2473 nos
1629 2416 1764 2473 inci-

169 2502 293 2556 dere
320 2503 544 2557 diversa
578 2505 816 2574 imperia.
841 2504 977 2560 llinc
1000 2515 1103 2571 est,
1127 2506 1267 2576 quod
1291 2508 1561 2561 ahbatiam
1590 2507 1761 2563 sancti

172 2589 443 2647 \‘inceutii
470 2594 670 2663 Capuae
699 2594 856 2649 sitam
892 2594 961 2648 ob
984 2596 1339 2665 quarumdam
1371 2612 1551 2651 rerum
1574 2612 1762 2652 neces-

166 2682 439 2737 situdines
475 2699 648 2752 nuper
668 2683 858 2738 Joanni
887 2686 1149 2741 monacho
1188 2688 1538 2754 donavimus,
1580 2688 1755 2742 Roth-

169 2773 305 2829 frido
330 2777 534 2829 abbate
571 2792 666 2830 nec
717 2776 1041 2844 adjudicato,
1107 2794 1208 2834 nec
1237 2780 1501 2849 deposito.
1531 2780 1761 2836 Proinde

169 2875 423 2932 respectu
467 2866 848 2920 misericordiae
877 2869 1051 2922 eidem
1091 2869 1271 2923 abbati
1314 2870 1599 2925 liothl'rido
1627 2886 1760 2925 con-

169 2953 417 3006 cedimus
460 2954 650 3008 cellam
691 2964 888 3009 sanctae
930 2956 1127 3018 Marizc,
1173 2974 1295 3012 cum
1327 2960 1576 3014 omnibus
1604 2950 1669 3013 ad
1702 2974 1763 3014 se

170 3046 594 3111 pertinentibus,
619 3046 670 3099 in
699 3046 856 3101 Marsi
885 3050 1166 3115 comitatu,
1196 3050 1249 3103 itt
1280 3065 1345 3103 eo
1369 3050 1487 3105 loco
1513 3051 1601 3120 qui
1626 3050 1765 3105 dici-

174 3147 259 3190 tur
299 3137 604 3206 Apininiei,
628 3138 747 3193 etim
780 3140 999 3211 reliquis
1036 3142 1194 3197 rebus
1219 3144 1389 3198 sancti
1414 3144 1681 3199 V'incentii
1708 3144 1759 3198 in

1934 1956 2175 2025 Epistula
2223 1957 2388 2011 vestri
2434 1955 2669 2011 nominis
2714 1954 2834 2009 laeta
2884 1953 3144 2024 principia
3192 1952 3448 2024 pertulit,

1863 2048 2069 2102 monita
2098 2047 2336 2102 salubria
2364 2048 2584 2114 habuit,
2629 2047 2724 2102 sed
2753 2046 2890 2100 tristi
2921 2048 3028 2101 line
3064 2045 3318 2100 conclusa
3344 2054 3448 2099 est.

1864 2136 2096 2191 Suavem
2141 2138 2341 2208 quippe
2371 2138 2536 2191 animi
2577 2136 2743 2191 vestri
2775 2134 3024 2191 allectum
3054 2135 3202 2190 circa
3234 2149 3319 2189 me
3354 2148 3450 2189 os-

1866 2228 2056 2292 tendit,
2084 2227 2151 2282 ad
2181 2228 2456 2297 propriam
2479 2226 2663 2283 sedem
2692 2226 2927 2282 reditum
2965 2233 3240 2281 maturare
3264 2225 3454 2280 admo-

1863 2320 2004 2377 nuit.
2037 2318 2143 2374 Sed
2179 2321 2307 2390 quid
2336 2320 2438 2375 sibi
2465 2319 2635 2375 voluit
2666 2327 2774 2374 tam
2806 2318 3001 2373 acerba
3036 2316 3347 2373 conclusio?
3373 2314 3458 2369 Ita

1862 2408 2006 2461 enim
2049 2422 2108 2463 se
2154 2408 2360 2463 habet:
2401 2408 2722 2479 Cognoscite
2763 2406 2889 2477 quia
2939 2406 2985 2461 si
3032 2406 3191 2461 modo
3228 2403 3453 2473 hujusce

1863 2497 2068 2553 monita
2097 2498 2248 2568 parvi
2275 2497 2593 2568 penderitis,
2624 2507 2842 2553 utemur
2868 2505 3174 2553 nostrorum
3205 2506 3261 2551 et
3289 2496 3451 2549 rebus

1863 2582 1918 2645 et
1940 2588 2183 2645 consiliis
2223 2590 2426 2658 absque
2460 2588 2692 2644 crimine
2736 2588 2924 2644 vestri.
2973 2586 3057 2641 Me
3095 2586 3215 2642 urbi
3253 2585 3452 2640 Remo-

1863 2700 1981 2740 rum
2008 2684 2351 2754 praesidente,
2381 2684 2596 2754 quando
2626 2698 2732 2738 non
2766 2683 2939 2746 licuit,
2977 2681 3126 2745 licet,
3156 2678 3239 2734 vel
3270 2677 3453 2732 licebit

1862 2779 2059 2832 vestris
2104 2777 2181 2832 uti
2221 2778 2484 2842 consiliis,
2512 2785 2567 2830 et
2601 2776 2761 2831 rebus
2805 2774 2938 2829 milii
2982 2772 3327 2829 commissis?
3365 2770 3451 2825 An

1864 2868 2055 2923 melius
2086 2868 2235 2923 licuit
2268 2868 2494 2923 Arnullo
2519 2884 2639 2923 eam
2673 2867 2994 2923 obtinente?
3042 2866 3148 2921 Sed
3195 2865 3284 2920 ille
3326 2879 3449 2921 eam

1860 2960 2015 3016 vobis
2063 2961 2183 3016 dolo
2210 2972 2264 3015 et
2293 2960 2479 3016 fraude
2509 2960 2750 3023 abstulit,
2781 2974 2880 3030 ego
2917 2968 3107 3014 contra
3156 2959 3447 3014 multorum

1864 3050 2014 3104 dolos
2041 3058 2095 3105 et
2123 3049 2337 3105 fraudes
2367 3052 2521 3106 vobis
2556 3065 2674 3106 eam
2707 3051 2893 3105 multis
2932 3051 3130 3122 vigiliis
3175 3052 3452 3122 multoque

1864 3138 2047 3194 labore
2088 3140 2425 3195 conservavi.
2469 3140 2663 3193 Mirum
2701 3142 2863 3195 nimis
2906 3149 2988 3196 est
3018 3150 3323 3196 vestrorum
3355 3143 3454 3197 ho-

169 3231 361 3283 eodem
394 3232 658 3286 comitatu
694 3235 902 3302 positis.
943 3235 1144 3290 cellam
1176 3252 1388 3307 quoque
1417 3248 1617 3294 sancta:
1647 3239 1760 3295 Ma-
1790 3231 1836 3296 C
1868 3229 2031 3284 stium
2056 3245 2153 3284 vos
2182 3246 2285 3285 non
2321 3230 2527 3285 sentire
2570 3230 2812 3285 insidias.
2859 3230 2959 3297 Qui
2988 3232 3135 3285 enim
3160 3229 3447 3285 Aruull‘um

172 3322 261 3375 ria:
288 3323 340 3375 in
370 3325 621 3392 partibus
650 3324 964 3394 Beneventi,
1004 3329 1093 3383 ubi
1125 3330 1323 3384 dicitur
1368 3332 1547 3387 Sanus
1590 3333 1760 3400 locus,

171 3428 287 3466 Cum
322 3415 582 3470 omnibus
611 3418 783 3472 sancti
817 3417 1081 3475 Vincentii
1116 3421 1277 3477 rebus
1321 3423 1375 3477 in
1421 3433 1563 3479 terra
1594 3425 1765 3480 Bene-

173 3516 409 3558 ventaua
457 3506 597 3560 sitis.
654 3508 805 3563 Unde
856 3510 948 3564 tibi
996 3519 1050 3565 et
1098 3510 1481 3568 Beneventano
1532 3515 1761 3585 principi

172 3595 540 3663 pchipimus,
581 3606 657 3661 ut,
706 3598 841 3651 sicut
870 3614 955 3653 res
998 3600 1150 3654 vobis
1185 3601 1374 3655 vicina:
1401 3612 1556 3669 sunt,
1592 3605 1663 3657 ita
1693 3605 1762 3659 ob

171 3694 417 3736 nostram
470 3683 779 3741 ﬁdelitatem
824 3686 1168 3742 Rothfridum
1217 3691 1467 3746 abbatem
1515 3693 1630 3762 ejus
1674 3708 1762 3749 res

174 3783 358 3831 tenere
382 3774 590 3845 juvetis
614 3779 729 3833 sine
756 3780 860 3832 ulla
888 3782 1332 3837 contradictione.

688 3869 1017 3926 EPISTOLA
1058 3871 1253 3927 CLVII.

475 3975 703 4015 OTTONIS
735 3977 799 4015 AD
830 3978 1128 4017 ADELAIDEI
1159 3978 1441 4020 AUGUSTAM

238 4050 491 4105 Domina:
528 4051 785 4107 Ancum
848 4054 976 4123 imp.
1039 4069 1252 4125 semper
1305 4056 1561 4128 Augusta:
1606 4056 1761 4113 Οττο

172 4145 336 4210 g:atfa
367 4143 586 4196 Domini
619 4145 906 4213 imperator
934 4146 1226 4217 Augustus.

238 4234 379 4298 Quia
420 4234 715 4288 secundum
749 4244 871 4289 vota
909 4244 963 4290 et
995 4237 1258 4292 desideria
1296 4245 1475 4292 vestra
1505 4238 1758 4294 divinitas

173 4326 321 4377 nobis
345 4324 475 4391 jura
504 4326 712 4394 imperii
753 4326 974 4381 contulit
1021 4327 1163 4383 felici
1198 4344 1476 4395 successu,
1508 4330 1760 4383 divinita-

174 4425 273 4467 teut
319 4418 544 4486 quidem
573 4419 891 4483 adoramus,
936 4421 1089 4476 vobis
1131 4436 1259 4477 vero
1287 4432 1468 4493 grates
1508 4423 1755 4492 rependi—

174 4522 305 4561 mus.
365 4508 583 4563 Scimus
621 4511 765 4563 enim
808 4522 862 4565 et
894 4512 1240 4584 intelligimus
1284 4524 1584 4569 maternum
1627 4514 1756 4569 alle-

1865 3320 1933 3374 ad
1957 3319 2122 3374 vestri
2154 3320 2301 3388 regni
2326 3320 2695 3376 confusionem
2725 3336 2834 3375 suae
2864 3323 2973 3377 sedi
3003 3323 3286 3377 restituere
3306 3338 3456 3392 quaa-

1866 3420 2014 3475 runt,
2040 3426 2146 3466 non
2177 3413 2278 3467 sibi
2311 3413 2413 3467 hoc
2442 3422 2612 3466 tutum
2652 3412 2765 3467 fore
2804 3423 3019 3482 putant,
3051 3414 3151 3468 nisi
3182 3429 3269 3469 me
3302 3413 3453 3483 prius

1863 3503 2105 3573 qualibet
2132 3505 2415 3559 occasione
2444 3507 2690 3574 perdant.
2724 3504 2877 3571 Quod
2911 3505 3134 3558 multum
3158 3504 3453 3559 verisimile

1862 3608 1983 3648 esse
2014 3594 2209 3664 duplici
2234 3595 2477 3664 capimus
2507 3604 2847 3666 argumento,
2871 3596 2995 3665 quia
3022 3610 3109 3649 me
3138 3594 3321 3650 Remis
3350 3611 3451 3649 titt-

1863 3701 1957 3757 per
1994 3689 2171 3757 posito
2202 3704 2323 3743 eum
2357 3688 2637 3745 absolvere
2676 3690 3032 3746 decrevistis:
3078 3699 3129 3746 et
3173 3691 3301 3761 quia
3339 3690 3451 3747 Leo

1862 3780 2140 3836 Romanus
2182 3782 2349 3837 abbas
2388 3792 2448 3837 ut
2496 3782 2807 3836 absolvatur
2845 3782 3111 3848 obtinuit,
3148 3784 3217 3837 ob
3256 3785 3454 3838 conﬁr-

1862 3871 2119 3925 mandum
2151 3873 2380 3927 senioris
2419 3874 2522 3927 mei
2569 3874 2711 3942 regis
2754 3873 2976 3927 Roberti
3021 3888 3217 3927 novum
3266 3872 3451 3943 conju-

1860 3961 2029 4030 gium,
2063 3972 2121 4016 ut
2153 3963 2283 4017 mihi
2329 3978 2357 4016 a
2397 3963 2752 4018 Remensibus
2788 3978 2884 4033 per
2924 3963 3134 4019 litteras
3176 3964 3449 4032 signitice-

1864 4060 1974 4106 tum
2005 4061 2107 4107 est.
2148 4054 2371 4108 Accedit
2402 4056 2466 4109 ad
2501 4055 2602 4109 hoc
2626 4054 2913 4109 discrimen
2954 4055 3088 4110 ﬁdes
3112 4072 3139 4109 a
3168 4055 3451 4125 pt‘arsenti-

1862 4143 1962 4197 bus
1990 4152 2140 4198 certe
2175 4144 2501 4199 Calmiciaca
2543 4161 2569 4199 a
2600 4144 2833 4200 Gibuiuo
2858 4145 3075 4201 Gibuini
3109 4154 3302 4216 nepote
3330 4161 3451 4216 per-

1862 4248 2008 4288 vasa.
2038 4233 2304 4300 lnﬁnitus,
2335 4236 2518 4300 credo,
2557 4246 2676 4290 erat
2715 4236 2964 4291 villarum
3013 4254 3298 4304 nttmerus,
3348 4252 3455 4292 nec

1862 4326 1928 4379 ad
1976 4326 2355 4395 possrdeudum
2408 4326 2651 4382 sullicere
2685 4338 2938 4396 poterant
2967 4329 3263 4384 Remenses
3285 4371 3299 4397 ,
3338 4330 3447 4389 ,ηἰςί

1862 4417 1927 4471 ad
1960 4418 2203 4473 colonias
2240 4420 2558 4474 obtinendas
2603 4421 2962 4477 invitarentur
3001 4422 3446 4479 Catalaunenses.

1862 4506 1999 4573 Quid
2027 4510 2196 4579 ergo?
2236 4511 2280 4564 si
2314 4510 2572 4566 Aruull‘us
2601 4513 2960 4568 absolvendus
2991 4524 3094 4579 est,
3123 4512 3207 4573 vel
3242 4514 3287 4568 si
3312 4515 3486 4570 Gui-u

174 4608 339 4663 ctum,
375 4608 429 4652 et
460 4602 636 4654 studia
668 4602 900 4670 pietatis,
946 4605 1141 4674 quibus
1182 4605 1340 4660 rebus
1368 4606 1626 4676 obsequio
1667 4622 1757 4661 ve-
1788 4574 1835 4633 D
1859 4598 2051 4661 binus,
2100 4600 2181 4655 vel
2210 4601 2346 4656 alius
2389 4602 2619 4671 quilibet
2645 4604 2695 4658 in
2727 4604 2854 4658 sede
2887 4620 3003 4659 mea
3036 4604 3448 4660 iutronizandus

174 4698 282 4741 stro
312 4688 505 4744 deesse
534 4705 640 4745 non
676 4707 976 4759 possumus.
1014 4694 1245 4751 Proinde
1288 4697 1445 4766 quia,
1478 4698 1601 4752 dum
1634 4714 1759 4768 pro-

176 4792 477 4843 moventur,
506 4790 687 4835 vester
719 4782 888 4836 honor
918 4785 1199 4851 attollitur,
1244 4788 1504 4858 rempubl.
1539 4804 1634 4857 per
1661 4804 1755 4843 vos

177 4869 499 4934 promoveri,
531 4886 595 4925 ac
640 4881 940 4941 promotam
984 4876 1213 4931 feliciter
1251 4878 1302 4931 in
1332 4893 1431 4933 suo
1460 4888 1602 4933 statu
1645 4880 1755 4950 regi

179 4963 407 5016 multum
435 4979 656 5020 oramus
683 4975 737 5019 et
764 4976 1028 5035 Optamus.
1067 4968 1265 5025 Valete.

672 5076 1002 5134 EPISTOLA
1037 5080 1259 5135 CLVIII.

1859 4701 1964 4757 est,
1994 4694 2225 4748 reditum
2252 4710 2429 4749 meum
2456 4696 2574 4751 sine
2599 4698 2793 4768 capitis
2834 4700 2937 4753 mei
2974 4699 3210 4770 periculo
3250 4700 3449 4754 intelli-

1858 4798 1985 4855 gere
2010 4800 2115 4838 uon
2147 4794 2247 4839 est.
2280 4784 2433 4852 Quod
2470 4786 2542 4841 ita
2570 4803 2720 4854 esse,
2746 4788 2837 4842 sed
2869 4804 2964 4843 vos
2992 4790 3169 4844 minus
3208 4790 3451 4845 animad-

1860 4885 2101 4939 vertere,
2147 4875 2396 4930 dubitare
2438 4893 2548 4932 non
2580 4878 2768 4934 debeo.
2810 4878 2944 4932 Novi
2977 4880 3117 4933 enim
3150 4880 3325 4934 studia
3356 4894 3461 4932 νοο-

1860 4972 1973 5019 stra
2025 4966 2276 5020 omnibus
2322 4967 2642 5023 mortalibus
2692 4968 3057 5038 praedicanda,
3108 4968 3231 5021 novi
3278 4968 3443 5021 animi

1860 5054 2025 5107 vestri
2066 5054 2409 5110 dulcissimos
2455 5055 2685 5113 aﬁ‘ectus
2725 5057 2867 5110 circa
2898 5073 3003 5112 me.
3040 5056 3243 5122 Quibus
3279 5057 3322 5109 si
3366 5071 3449 5109 re-

3172 5148 3234 5168 ιε-
3308 5147 3421 5168 Παλ
3458 5146 3463 5149 λ

1859 5147 2121 5172 ΑηΑηᾸΑ-κ
2169 5162 2372 5170 και----Α
2422 5151 2632 5170 κςρμῗι⁹λ
2712 5162 2899 5168 μ-----γ
