3948 5350
473 433 582 496 245

1117 410 1474 478 SILVESTRI
1513 413 1557 474 II
1589 411 1793 472 PAPE
1832 408 1984 468 OPP.
2022 402 2205 463 PARS
2241 400 2327 458 Ill.
2365 429 2439 445 -—
2478 394 2696 455 EPIST.
2737 392 2827 451 ΕΤ
2862 386 3139 450 DIPLOM.

3642 376 3749 434 ΞΗ

477 543 834 609 subveniatis.
862 542 996 608 Qua:
1039 536 1294 607 quoniam
1335 533 1485 605 regni
1523 531 1860 588 Francorum
1906 529 2066 593 caput
2093 517 2542 588 Aepiscoporum
2591 509 2798 580 judicio
2860 505 3167 574 relinquere
3206 494 3347 553 volo.
3391 492 3505 551 Nec
3562 504 3755 547 rursus

477 650 583 707 est,
615 637 661 695 si
688 633 1004 706 deperierit,
1027 638 1087 684 ut
1116 628 1356 706 membra
1386 626 1683 695 sequantur
1716 631 1936 675 necesse
1961 623 2077 677 est.

476 734 551 787 At
578 725 849 800 quomodo
890 736 997 778 non
1028 717 1269 789 deperit,
1308 731 1428 786 quae
1455 714 1556 770 sub
1586 710 1805 767 nomine
1839 708 2068 763 duorum

2172 582 2369 663 contra
2393 603 2772 673 episcoporum
2801 596 3091 667 judicium,
3119 590 3209 645 ubi
3251 587 3424 658 major
3451 582 3757 639 auctoritas

2172 696 2348 761 adsit,
2397 708 2519 748 eam
2557 690 2715 763 quasi
2760 702 2859 759 per
2905 686 3016 740 vim
3046 681 3285 737 retinere
3336 676 3585 749 dispono.
3626 671 3758 738 Quze

478 759 551 787 ιιι
578 759 849 800 ιιυυιιιυυυ
891 759 997 778 uvu
1028 759 1269 789 υνγυιιυ,
1309 759 1428 786 ειν-ν..
1455 759 1554 770 ..ν-..ι
1586 759 1802 767 ..νη-η--
1844 759 1962 763 τι--
1984 759 1993 760 ,
2336 759 2342 761 _
2576 759 2592 763 _

478 821 636 893 quasi
683 819 829 873 inter
873 812 1126 869 malleum
1177 818 1234 864 et
1288 807 1569 870 incudem,
1617 800 1900 873 disposita,
1941 797 2069 852 dum
2163 785 2370 858 judicia
2409 784 2535 839 dum
2563 787 2844 850 exspecto,
2871 773 3159 834 exsilium,
3183 766 3328 837 quod
3355 781 3386 819 a
3415 761 3607 819 multis
3628 759 3755 815 felix

1790 890 1802 893 ‘
1930 888 1942 893 -
2249 886 2260 893 -
2280 892 2283 893 ν
2307 885 2317 893 -
2470 890 2481 893 ρ
2502 890 2555 893 -ᾼ
2604 873 2715 893 -ε-.-
2750 868 2917 893 “nl...
2961 865 3143 893 ,ιι-ΙΛ-ιη
3170 860 3354 893 ιΛΙοιιηο

479 888 671 967 eorum
725 914 977 963 neutrum
1029 903 1300 957 rectorem
1354 895 1656 967 approbat,
1723 890 1869 947 velut
1929 888 2073 942 inter

480 1001 654 1056 undas
684 994 1008 1052 marissine
1039 992 1239 1062 remige
1278 987 1544 1044 fluctuat?
1578 984 1716 1053 Quid
1753 994 1916 1053 porro
1953 977 2070 1032 fieri

480 1089 707 1162 putatis,
739 1088 784 1142 si
833 1085 1025 1141 tertius
1064 1083 1182 1138 sine
1219 1079 1426 1149 judicio
1462 1074 1721 1132 Ecclesiae
1766 1071 1833 1126 ad
1878 1080 2072 1123 nume-

481 1196 602 1237 rum
637 1176 974 1235 accesserit?
1012 1172 1200 1242 Neque
1236 1185 1366 1225 vero
1405 1160 1523 1225 haec
1560 1166 1780 1235 loquor,
1816 1170 2071 1230 tanquam

476 1273 661 1342 'augur
693 1278 789 1323 aut
822 1266 1059 1322 divinus.
1092 1260 1310 1335 Memini
1347 1259 1526 1314 etiam'
1547 1269 1697 1311 meos
1733 1251 2076 1321 conspiraSSe

481 1377 591 1416 non
640 1359 816 1414 solum
863 1354 1088 1419 milites,
1134 1352 1226 1407 sed
1265 1358 1320 1405 et
1350 1343 1615 1413 clericos,
1664 1352 1727 1399 ut
1774 1354 1934 1396 nemo
1962 1353 2075 1393 me-
2114 1411 2117 1414 ⁴

486 1468 613 1508 cum
644 1449 973 1513 comederet,
1021 1458 1183 1499 nemo
1225 1441 1393 1497 sacris
1430 1440 1740 1494 interesset.
1788 1433 1967 1487 Taceo
2009 1428 2078 1483 de

483 1544 697 1599 vilitate
744 1551 801 1596 et
852 1542 1206 1608 contemptu,
1260 1533 1394 1589 nihil
1445 1533 1566 1588 dico
1625 1530 1693 1584 de
1742 1521 2076 1599 gravissimis

487 1634 702 1706 injuriis
750 1646 894 1701 saepe
928 1629 1060 1685 mibi
1093 1644 1123 1682 a
1161 1626 1404 1698 pluribus
1441 1621 1623 1678 illatis.
1650 1620 1731 1675 Ad
1758 1621 1875 1673 haec
1900 1627 1958 1671 ut
1993 1628 2079 1669 re-

488 1727 643 1782 deam
673 1723 1004 1795 provoeatis,
1032 1729 1086 1776 et
1111 1728 1169 1774 ut
1195 1718 1443 1789 graviora
1466 1714 1664 1786 patiar,
1697 1712 1871 1766 minas
1896 1722 2080 1779 super-

487 1816 639 1871 addit
681 1813 931 1884 epistola.
964 1811 1104 1879 Quid
1127 1810 1251 1865 est?
1281 1798 1323 1863 of
1346 1807 1527 1862 divina
1555 1801 1839 1874 majestasl
1874 1800 2081 1854 adeone

488 1920 578 1960 me
608 1883 951 1966 infamatum,
979 1899 1062 1954 vel
1089 1914 1118 1953 a
1146 1910 1197 1953 te
1226 1896 1593 1951 abalienatum
1637 1898 1860 1962 putant,
1901 1896 1962 1941 ut
1996 1883 2082 1939 vel

489 1993 700 2065 gladios
728 1991 1077 2046 imminentes
1102 2002 1210 2043 non
1240 1985 1474 2049 videam,
1501 1982 1587 2037 vel
1610 1979 1910 2035 Ecclesiam
1933 1983 2082 2029 tuam

495 2085 791 2140 schismate
821 2079 1185 2137 confundam?
1210 2079 1325 2146 Ego
1347 2091 1475 2131 vero
1503 2073 1870 2144 improborum
1899 2082 2092 2122 versu-

488 2177 595 2231 tias
623 2185 782 2230 acute
801 2171 1098 2243 conspicio,
1131 2178 1185 2226 et
1213 2178 1403 2225 contra
1426 2167 1606 2222 omnia
1632 2163 1928 2220 schismata
1966 2156 2090 2213 uni-

490 2277 656 2323 tatem
705 2265 962 2322 Ecciesiae
990 2305 1006 2330 ,
1046 2263 1091 2318 si
1139 2262 1219 2318 sic
1263 2261 1541 2316 decretum
1571 2266 1695 2319 est,
1740 2261 1916 2309 morte
1965 2262 2085 2304 mea

490 2359 742 2416 defendo.
775 2357 909 2412 Peto
937 2360 1153 2426 ergo,‘o
1181 2352 1397 2408 domina
1430 2364 1548 2404 mea
1579 2360 1798 2415 semper
1818 2342 2082 2413 Augusta,

491 2454 625 2506 item
673 2465 703 2503 a
735 2447 996 2502 fratribus
1050 2447 1185 2499 meis
1230 2439 1608 2512 coepiscOpis,
1641 2437 1731 2507 qui
1788 2448 1887 2505 pro
1919 2443 2084 2488 causa

491 2537 773 2593 traditoris
798 2534 1085 2605 Arnulpbi,
1117 2533 1231 2587 sive
1268 2530 1415 2600 justo
1442 2530 1558 2584 sive
1585 2524 1782 2594 injuste
1814 2523 1914 2578 sub
1954 2533 2081 2574 ana-

491 2633 731 2685 themate
769 2630 931 2701 positi
955 2638 1116 2693 sunt,
1162 2635 1221 2681 ut
1264 2641 1352 2681 me
1389 2622 1652 2692 judicium
1684 2617 1943 2674 Ecclesia:
1988 2628 2084 2669 ex-

492 2733 829 2794 spectantem
856 2721 1128 2792 patienter
1153 2720 1349 2774 ferant.
1379 2717 1566 2785 Neque
1590 2713 1735 2769 enim
1761 2707 2083 2771 Ecclesium,

491 2831 656 2886 quam
708 2815 1088 2887 episcoporum
1129 2810 1341 2882 judicio
1376 2808 1666 2880 regendam
1701 2802 1926 2874 accepi,
1966 2800 2088 2856 sine

2171 885 2413 951 putatur,
2455 890 2564 932 non
2601 873 2719 929 sine
2750 868 2922 925 multo
2958 865 3144 920 dolore
3170 860 3356 916 tolero;

2272 994 2306 1029 ο
2699 958 3036 1018 EPISTOLA
3071 952 3229 1014 CLX.
3752 1018 3755 1021 η

2191 1110 2201 1117 .
2245 1063 2497 1123 Occurrit
2523 1058 2654 1117 mihi
2710 1055 2943 1113 senioris
2984 1050 3088 1107 mei
3129 1048 3274 1117 regis
3317 1040 3569 1100 Rotberti
3612 1038 3761 1094 clara

2175 1155 2370 1220 facies,
2392 1152 2548 1207 laetus
2568 1156 2823 1219 aspectus
2842 1184 2857 1211 ,
2887 1142 3105 1199 visitata
3137 1134 3404 1204 colloquia
3433 1172 3449 1197 ,
3477 1141 3767 1185 sermones

2175 1245 2339 1301 vestri
2362 1241 2624 1313 sapientia
2652 1248 2709 1295 et
2744 1235 3014 1309 gravitate
3054 1227 3245 1300 pleni,
3296 1234 3410 1279 tum
3452 1219 3767 1292 principum

2175 1347 2232 1395 et
2267 1308 2645 1408 episcoporum
2696 1336 2849 1400 grata
2898 1321 3231 1383 affabilitas,
3280 1330 3399 1385 qua:
3447 1310 3589 1378 mihi,
3638 1308 3767 1361 dum

2175 1395 2401 1500 eripitur
2426 1395 2589 1495 ,ipsa
2633 1395 3030 1491 quodammodo
3057 1412 3168 1465 vita
3207 1420 3438 1464 onerosa
3478 1409 3588 1459 est.
3640 1395 3771 1453 Sola

2178 1518 2309 1575 mihi
2335 1515 2531 1573 solatio
2556 1520 2640 1568 est
2668 1508 2801 1564 clari
2828 1503 3061 1561 Caesaris
3085 1497 3315 1557 Othonis
3349 1495 3525 1566 pietas
3543 1533 3560 1558 ,
3610 1487 3771 1543 heni-

2178 1606 2441 1671 volentia,
2474 1600 2796 1662 liberalitas,
2828 1595 2919 1665 qui
2964 1599 3117 1647 tanto
3145 1603 3331 1643 amore
3355 1599 3454 1639 vos
3475 1589 3774 1647 vestraque

2181 1698 2375 1768 diligit,
2415 1702 2474 1748 ut
2499 1693 2614 1749 dies
2642 1699 2941 1758 noctesque
2972 1695 3183 1739 mecum
3224 1689 3533 1734 sermonem
3565 1667 3774 1726 confe-

2182 1761 2306 1857 rat:
2320 1761 2411 1843 ubi
2450 1793 2504 1841 et
2525 1782 2743 1854 quando
2794 1793 2890 1834 vos
2932 1772 3277 1830 familiariter
3321 1769 3510 1823 videre
3548 1761 3775 1834 possit:

2185 1896 2424 1971 eoa-.thn
2457 1877 2559 1933 sibi
2586 1883 2640 1931 et
2666 1872 2863 1930 studiis
2894 1866 3233 1925 consimilem
3271 1861 3544 1918 seniorem
3588 1870 3777 1911 meum
3874 1877 3887 1889 -

2498 1964 2541 1971 _
2831 1964 2864 1971 __
2983 1962 2995 1971 _
3058 1967 3066 1971 Α
3287 1955 3300 1971 ,
3546 1949 3603 1971 οἳ
3652 1962 3778 1971 ﬂ“

2188 1949 2393 2046 regem‘
2426 1964 2747 2027 Rutbertum
2797 1962 3075 2031 alloquiet
3125 1953 3478 2027 complexari.
3546 1949 3604 2005 Si
3646 1962 3782 2018 ergo

2187 2041 2493 2121 Romanum
2543 2061 2681 2123 iter,
2738 2056 2881 2127 quod
2924 2067 3086 2109 causa
3114 2048 3408 2120 plurimum
3441 2041 3639 2115 synodi
3692 2053 3782 2093 me

2185 2155 2411 2221 detinet,
2440 2152 2544 2207 hoc
2568 2158 2809 2217 tempore
2834 2143 3058 2199 dilatum
3083 2138 3280 2204 fuerit,
3306 2135 3453 2191 circa
3480 2130 3782 2187 Novembr.

2184 2247 2305 2303 Kal.
2329 2260 2418 2300 me
2446 2238 2854 2313 exspectabitis,
2882 2245 2937 2290 et
2967 2235 3161 2288 harum
3196 2242 3380 2284 rerum
3420 2226 3784 2294 interpretem

2188 2337 2531 2401 fidissimum,
2563 2341 2619 2388 et
2657 2346 2754 2402 per
2779 2329 2960 2383 omnia
2994 2325 3150 2379 vobis
3177 2321 3543 2377 obedientem.

2698 2419 3034 2478 EPISTOLA
3073 2415 3253 2473 CLXI.

2493 2533 2562 2573 AD
2600 2526 3007 2574 CONSTANTINUM
3046 2517 3466 2563 SCHOLASTICUI.

2260 2613 2356 2668 Vis
2382 2610 2638 2666 amicitiae
2674 2619 2812 2677 pene
2859 2597 3214 2672 impossibilia
3270 2593 3468 2664 redigit
3498 2591 3567 2644 ad
3616 2587 3791 2661 possi-

2186 2706 2341 2770 bilia,
2376 2714 2483 2759 etc.
2523 2699 2714 2753 Exstat
2749 2710 2910 2767 supra
2937 2733 2952 2760 ,
2992 2688 3167 2745 libello
3207 2685 3288 2741 De
3319 2697 3661 2739 numerorum
3700 2677 3785 2732 di-

2189 2796 2387 2852 visione
2411 2791 2656 2864 prmﬁxa.

1132 2924 1867 3101 EPISTOLE
1972 2920 2344 3090 AL‘IQIE
2441 2958 3153 3082 GERBERTI

504 3216 781 3280 Curante
845 3209 1093 3273 Δηὼ-θα
1155 3205 1503 3269 Duchesnio
1533 3202 1817 3283 primum
1864 3215 1951 3337 ex;
1995 3214 2108 3257 ms.
2155 3186 2505 3332 egempfari
2547 3180 2774 3245 Jacobi
2806 3174 3132 3243 Strmondi
3162 3154 3503 3237 Socielatis
3536 3168 3695 3231 Jrsu
3725 3167 3793 3230 in

1956 3292 2125 3337 uccm
2166 3291 2192 3332 ε
2244 3281 2365 3332 tlte.

1956 3292 2125 3337 uccm
2166 3281 2365 3332 educe.

1575 3445 1740 3519 (Hist.
1771 3442 1969 3498 Franc.
2010 3392 2206 3509 Script.
2235 3444 2366 3491 tom.
2390 3433 2455 3501 II,
2478 3386 2608 3505 pag.
2639 3428 2791 3499 828.)

924 3660 925 3663 η
1013 3605 1345 3665 EPISTOLA
1384 3601 1588 3660 CLXII.

506 3740 739 3784 ILECTIO
769 3736 997 3779 ARNUIﬂ-‘l
1036 3734 1291 3775 BENORUI
1325 3725 1721 3771 ARCIIIEPISCOPI
1749 3722 1783 3762 Δ
1816 3716 2097 3763 GEBBEBTO

1210 3823 1394 3863 EDITA.
1838 3842 1839 3845 π

592 3904 811 3961 Sancta:
857 3916 921 3956 ac
963 3896 1253 3954 universali
1300 3892 1554 3949 Ecclesia:
1611 3885 1896 3944 catholicae
1955 3881 2102 3939 salu-

516 4006 626 4050 tem
660 3994 847 4048 dicunt
886 3989 982 4044 filii
1013 3989 1306 4043 Remorum
1339 3980 1675 4051 metropolis.

585 4087 728 4141 Diva-
757 4082 1036 4138 memoriae
1063 4088 1216 4151 patre
1240 4084 1428 4131 nostro
1456 4074 1523 4128 A.
1572 4085 1766 4127 sensus
1809 4079 2102 4137 corporeus

511 4180 876 4249 relinquente,
900 4174 1106 4229 clarum
1144 4172 1325 4226 lumen
1354 4167 1590 4240 pastoris
1620 4164 1921 4227 amisimus,
1971 4174 2105 4230 prie-

492 4266 580 4324 ἐδτι
603 4269 840 4324 hostium
867 4265 993 4321 facti
1017 4279 1226 4320 sumus.
1258 4261 1445 4331 Itaque
1472 4261 1597 4314 dum
1639 4257 1915 4319 molimur,
1942 4267 2103 4307 cona-

513 4375 637 4414 mur
676 4356 813 4410 tauti
844 4355 947 4409 viri
987 4353 1254 4408 resarcire
1286 4351 1489 4405 ruinas.
1526 4348 1737 4416 Elapsa
1775 4351 1905 4399 sunt
1941 4354 2105 4394 cano-

517 4452 639 4505 nica
674 4459 950 4518 tempora,
1003 4445 1219 4500 violata:
1267 4451 1390 4496 sunt
1442 4440 1612 4509 leges,
1639 4437 1837 4506 quibus
1880 4439 2106 4490 cavetur

522 4542 725 4596 nullam
750 4540 933 4594 sedem
962 4536 1191 4606 amplius
1222 4533 1442 4603 triginta
1469 4530 1678 4584 dierum
1711 4526 1887 4596 spatio
1908 4534 2107 4575 vacare

519 4634 707 4688 licere.
742 4631 1001 4698 Nuncque
1051 4626 1267 4680 tandem
1306 4621 1648 4691 pulsantibus
1681 4616 1860 4672 divina
1907 4613 1999 4666 lux
2048 4624 2107 4665 se

525 4723 801 4793 apparuit,
832 4729 889 4775 et
915 4724 1033 4790 quo
1049 4728 1402 4784 sequeremur
1423 4710 1680 4770 ostendit,
1709 4704 1934 4775 depulso
1963 4701 2107 4757 anti-

524 4815 754 4877 cltristo,
792 4809 1102 4866 Simoniaca
1140 4808 1328 4859 haeresi
1369 4804 1644 4857 damnata.
1678 4798 1819 4863 Nos,
1852 4783 2107 4864 inquam,

525 4912 616 4981 qui
680 4910 915 4963 dicimur
953 4903 1191 4972 episcopi
1231 4900 1529 4955 diwceseos
1571 4896 1863 4950 Remorum
1909 4897 2108 4944 metro-

525 5001 688 5072 polis,
728 5011 849 5051 cum
890 4994 1034 5048 omni
1081 4993 1225 5045 clero
1250 5031 1266 5054 ,
1305 4990 1503 5044 diversi
1542 4986 1746 5041 ordinis
1784 4981 1977 5055 populo
2012 4994 2107 5033 ac-

885 5084 1191 5108 ‘h“>nnlf\-l:-
1226 5084 1437 5108 -..υἷι-..ος
1479 5078 1680 5108 ..αις-ἠἶιτ
1719 5070 2106 5108 ΛΛηοοηΙῖΩηΙί-

2126 3592 2172 3656 C
2206 3586 2450 3661 mysticis
2471 3584 2636 3641 abluit
2676 3578 3033 3637 sacramentis
3070 3597 3083 3632 :
3115 3564 3309 3641 hunc,
3348 3573 3572 3643 inquam
3607 3610 3625 3636 ,
3655 3569 3795 3624 dicio

2202 3696 2322 3736 mus
2373 3675 2748 3733 Landuncnsis
2796 3671 3050 3726 Ecclesiae
3101 3667 3305 3732 filium,
3354 3673 3447 3730 et,
3490 3673 3553 3717 ut
3613 3662 3799 3718 verius

2202 3770 2491 3832 fateamur,
2543 3764 2851 3820 Bernensis.
2898 3760 2974 3815 Ea
3033 3759 3233 3829 quippe
3279 3752 3487 3811 civitas
3530 3751 3800 3807 Remense

2203 3860 2554 3921 territorium,
2582 3854 2864 3910 Remensis
2892 3850 3150 3922 paroebia
3184 3857 3270 3903 cst
3298 3865 3311 3901 :
3343 3862 3445 3901 nee
3471 3846 3555 3900 sic
3582 3859 3614 3898 a
3641 3844 3800 3898 beato

2204 3951 2451 4021 Remigio
2485 3949 2655 4004 divisa
2686 3985 2701 4010 ,
2731 3953 2791 4000 ut
2823 3945 2978 3999 ﬁeret
3030 3928 3228 3995 aliena.
3261 3938 3525 3993 Nimirum
3572 3935 3671 3990 ille
3717 3933 3802 3988 vir

2206 4047 2314 4100 Deo
2338 4043 2547 4113 plenus,
2582 4039 2846 4093 unitatem
2896 4020 3193 4104 appetens,
3232 4046 3337 4085 non
3368 4027 3697 4083 scissionem
3722 4023 3805 4078 af.

2206 4136 2432 4199 fectans,
2464 4135 2545 4189 sic
2585 4131 2745 4187 scidit
2774 4137 2835 4183 ut
2875 4127 3177 4182 cohmreret
3226 4122 3371 4178 velut
3412 4135 3540 4189 pars
3577 4119 3635 4174 in
3668 4126 3800 4174 toto.

2206 4230 2273 4283 lit
2301 4229 2422 4298 quis
2449 4236 2505 4281 et
2532 4232 2769 4294 quantus
2807 4219 3020 4273 futurus
3048 4226 3195 4273 esset
3223 4214 3530 4283 intelligens
3558 4252 3573 4275 ,
3625 4208 3803 4265 natale

2208 4319 2382 4375 solum
2440 4316 2624 4372 beavit
2679 4311 2973 4368 sacerdotii
3025 4298 3312 4380 dignitate.
3368 4304 3636 4375 Eligimus
3676 4315 3805 4371 ergo

2208 4414 2351 4466 hunc
2386 4408 2723 4477 Arnulpltum
2778 4405 2907 4459 hinc
2947 4411 3127 4458 ortum
3156 4440 3175 4469 ,
3212 4401 3300 4455 hic
3336 4399 3665 4460 educatum,
3713 4392 3800 4447 Si-

2209 4502 2473 4557 moniaca:
2530 4497 2801 4553 haereticis
2830 4504 3146 4565 expertem,
3184 4507 3215 4546 a
3248 4491 3479 4545 factione
3523 4485 3803 4560 tyrannica

2214 4603 2500 4656 remotum,
2548 4605 2644 4644 sua
2676 4590 2869 4657 cuique
2899 4586 3077 4641 debita
3119 4582 3238 4653 jura
3280 4580 3639 4642 reddentem,
3679 4591 3805 4630 san-

2215 4686 2483 4741 ctuarium
2526 4681 2621 4737 Dei
2652 4696 2758 4735 non
2784 4679 3158 4749 dissipantem.
3196 4674 3317 4730 Sint
3356 4670 3543 4742 procul
3580 4670 3649 4723 ab
3696 4666 3805 4722 ele-

2210 4777 2390 4833 ctione
2440 4784 2627 4828 nostra
2680 4771 2834 4826 dolus
2867 4783 3062 4824 et......
3119 4781 3221 4820 nec
3258 4771 3448 4834 putent
3476 4757 3703 4816 eam'ad
3747 4771 3807 4812 se

2216 4870 2487 4943 pertinere
2518 4866 2612 4920 lilii
2641 4862 2809 4919 Belial
2836 4899 2854 4928 ,
2905 4861 2997 4935 lilii
3035 4859 3185 4928 pacis
3217 4868 3272 4911 et
3296 4854 3600 4909 concordia:
3634 4848 3803 4907 stabi-

2141 4957 2187 5014 I)
2216 4961 2321 5015 lem
2360 4939 2414 5012 et
2435 4956 2663 5011 solidam
2695 4954 2746 5007 in
2777 4960 3099 5021 perpetuum
3149 4945 3357 5001 faciant
3391 4939 3804 5005 confirmando,

2220 5045 2648 5108 corroborando,
2690 5038 3100 5097 subscribendo.
