3948 5350
159 221 268 286 ets
699 236 707 240 -
824 203 960 246 ν’

1097 219 1336 287 SECTIO
1368 223 1409 283 I.
1446 256 1517 268 -——
1553 219 1740 282 ANTE
1777 223 2075 286 SUMMUM
2112 221 2644 285 PONTIFICATUM.

3338 220 3457 281 246

168 336 554 414 pet-vadentem
571 336 838 408 patientia
867 339 1113 406 ferimus,
1145 356 1309 414 utque
1334 359 1457 399 eum
1479 343 1758 411 quiescere
1788 349 1837 409 Α
1862 342 2138 398 beneﬁciis
2190 342 2437 412 quamvis
2469 338 2776 412 ingentibus
2807 337 3002 395 oblatis
3037 337 3264 396 inﬂexus
3301 353 3449 396 sum.

158 432 398 501 jubeatis
419 447 667 486 oramus.
714 432 850 487 Etsi
891 432 1030 489 forte
1064 435 1508 501 dissimulaverit,
1553 445 1762 490 utrum-

169 535 272 593 que
301 522 640 576 monitorem
663 524 980 592 experiatur
1010 525 1094 578 sui
1117 524 1480 594 justissimum
1524 526 1757 581 hostem.

662 635 997 693 EPISTOLA
1046 635 1274 694 CLXIV.

256 743 310 783 Ε.
351 742 607 782 ΕΡ15ΕοΡο
648 743 978 785 τηενειιεκδι
1027 746 1096 783 ει
1135 743 1370 785 PERSONA
1410 745 1666 786 EIUSDEM.

236 820 434 874 Sciens
479 819 954 886 benevolentiam,
1005 822 1088 876 vel
1133 822 1315 891 potius
1375 823 1764 892 pietatetuu’e-

166 920 357 972 stram,
392 926 500 980 qua
534 925 752 980 semper
784 912 865 966 usi
898 913 1032 967 estis
1060 913 1204 967 circa
1235 913 1405 968 beatae
1436 913 1761 968 recordation

170 1003 252 1055 nis
280 1002 747 1070 pnedeccssorem
792 1018 998 1068 meum,
1032 1001 1327 1057 feliciorem
1359 1018 1443 1058 me
1467 1002 1668 1072 judico,
1717 999 1763 1056 si

167 1110 284 1148 eam
349 1095 431 1149 sie
486 1096 701 1164 accipio
750 1096 826 1150 uti
883 1105 1162 1165 acceptam
1213 1097 1476 1151 terminus
1533 1094 1759 1151 uesdat.

171 1183 347 1249 Itaque
383 1200 452 1238 ex
495 1183 798 1240 abundanti
837 1187 1108 1242 charitate
1136 1203 1164 1240 a
1205 1186 1359 1242 vobis
1386 1186 1527 1240 Iacto
1561 1186 1766 1247 princi-

168 1273 253 1340 pio
278 1276 714 1344 congaudemus,
753 1291 817 1330 ac
844 1286 1028 1330 mutua
1065 1276 1354 1331 dilectione
1401 1276 1506 1330 frui
1537 1277 1766 1331 indisso-

170 1357 406 1417 Iubiliter
453 1376 729 1434 optamus.
775 1366 841 1420 Et
897 1368 1025 1436 quia
1075 1366 1338 1421 tumultus
1387 1367 1763 1422 dissidentium

172 1468 485 1524 regnorum,
517 1470 581 1509 ac
605 1456 822 1510 novitas
853 1467 1052 1511 nostrre
1078 1457 1441 1511 ordinationis
1469 1457 1765 1512 decernere

173 1553 230 1596 ac
259 1543 550 1612 perﬁcere,
584 1545 679 1614 qui
713 1545 956 1601 animose
987 1546 1289 1616 impediunt
1318 1558 1533 1602 actuum
1559 1556 1766 1602 nostro-

172 1649 283 1688 rum
345 1636 731 1693 moderamina
761 1678 776 1702 ,
831 1638 1034 1694 consoli
1070 1650 1172 1694 alte
1223 1640 1520 1710 prudentiae
1572 1649 1766 1694 vestra:

170 1729 480 1798 delegamus
529 1745 543 1782 :

173 1817 386 1872 dctinite
416 1820 722 1888 praescribi,
778 1822 870 1875 ubi
917 1831 972 1877 et
1002 1822 1218 1892 quando
1253 1831 1376 1892 post
1411 1821 1641 1876 reditum
1673 1836 1766 1876 ve-

172 1918 338 1962 strum
386 1927 417 1962 a
457 1911 666 1979 palatio
695 1913 988 1968 convenire
1027 1913 1301 1980 possimus
1328 1952 1342 1977 ,
1375 1912 1652 1982 simusque
1699 1909 1766 1966 ad

171 2016 410 2070 pnesens
442 2005 581 2058 certi
611 2045 626 2069 ,
663 2004 708 2060 si
751 2006 878 2074 quid
911 2021 1088 2059 rerum
1132 2020 1394 2058 novarum
1445 2003 1762 2069 didiceritis,

172 2105 288 2163 post
328 2096 550 2164 plenius
594 2097 902 2152 instruendi
951 2098 1097 2168 quod
1149 2097 1360 2167 planius
1408 2097 1764 2166 pernoseetis.

177 2186 428 2254 Magnum
468 2199 849 2258 argumentum
887 2198 972 2244 est
1013 2191 1066 2243 in
1113 2189 1458 2244 sanctissima
1505 2187 1768 2254 amicitia,

175 2298 234 2336 ac
257 2282 418 2337 ﬁrma
451 2284 713 2338 societate
752 2300 850 2338 nos
895 2283 948 2337 in
997 2291 1258 2338 :eternum
1293 2297 1611 2345 mansuros,
1643 2298 1769 2337 eum

174 2373 376 2428 eisdem
412 2383 641 2428 utamur
681 2375 994 2429 auctoribus
1019 2375 1214 2443 quibus
1241 2373 1380 2443 apud
1408 2373 1770 2442 praedecesso-

175 2482 284 2520 rem
319 2483 507 2521 meum
538 2469 592 2524 in
621 2469 730 2524 otio
749 2477 802 2524 et
836 2467 1053 2537 negotio
1080 2481 1296 2537 semper
1326 2465 1409 2521 usi
1433 2466 1566 2522 estis
1599 2467 1770 2521 inter-

176 2560 448 2628 pretibus.

677 2673 1006 2731 EPISTOLA
1047 2671 1252 2728 CLXV.

176 2755 182 2760 ’
239 2765 554 2820 Plurimum
600 2765 844 2836 intelligo
895 2783 992 2821 vos
1031 2765 1336 2835 intelligere
1382 2771 1560 2819 motus
1608 2761 1775 2817 animi

178 2858 304 2921 tuei,
327 2873 508 2927 eoque
532 2857 760 2926 amplius
781 2873 874 2912 vos
896 2865 1148 2912 accurate
1170 2856 1351 2927 diligo,
1377 2865 1428 2910 et
1454 2855 1774 2925 amplector.

181 2950 460 3006 Recordor
513 2951 711 3021 quippe
763 2949 1161 3005 honestissima:
1213 2948 1619 3012 admonitionis,
1671 2962 1776 3017 qua

181 3060 265 3098 me
295 3045 434 3098 satis
464 3043 555 3098 diu
594 3059 623 3096 a
654 3042 1036 3098 communione
1064 3041 1420 3112 quorumdam
1471 3040 1775 3111 principum
1805 3070 1848 3130 Ο

182 3137 568 3204 snspendistis,
596 3136 725 3207 quid
755 3136 964 3192 velletis
991 3135 1355 3206 signiﬁcastis.
1385 3134 1494 3190 Oro
1522 3150 1650 3203 ergo
1678 3149 1774 3202 per

185 3227 494 3282 venerabile
552 3242 748 3283 nomen
799 3228 969 3298 patris
1018 3227 1162 3291 mei,
1210 3235 1266 3282 et
1311 3243 1405 3296 per
1464 3223 1772 3279 inviolatam

188 3316 358 3378 Iidem,
387 3333 495 3386 qua
526 3333 585 3372 se
614 3333 846 3388 suosque
870 3331 1084 3387 semper
1108 3315 1270 3380 colui,
1298 3331 1364 3370 ne
1396 3330 1560 3383 cogar
1586 3329 1772 3367 eorum

189 3405 464 3459 hominum
496 3407 741 3462 oblivisci
773 3421 908 3478 quos
937 3407 1007 3461 ob
1031 3407 1148 3478 ejus
1177 3421 1416 3462 amorem
1458 3404 1591 3458 meis
1622 3418 1772 3457 eom-

189 3496 357 3549 modis
405 3495 666 3566 neglectis
709 3496 975 3566 praecipue
1015 3511 1230 3566 semper
1287 3493 1471 3549 dilexi.
1535 3491 1775 3546 Dominae

189 3602 314 3641 mea:
367 3587 716 3656 Thcophanze
759 3597 973 3644 servata
1031 3588 1164 3644 ﬁdes
1215 3588 1357 3642 circa
1409 3602 1467 3642 se
1512 3600 1776 3654 suumque

189 3677 381 3742 Iilintn,
433 3693 500 3732 ne
528 3679 672 3733 sinat
701 3695 787 3735 me
835 3679 952 3735 fore
1005 3679 1230 3752 gloriam
1259 3693 1481 3733 suorum
1515 3677 1772 3743 hostium,

189 3783 318 3837 quos
342 3777 567 3838 propter
605 3784 682 3834 se,
720 3771 766 3824 si
807 3769 1022 3840 quando
1049 3770 1212 3833 valui,
1241 3769 1438 3824 abduxi
1480 3769 1534 3823 in
1583 3782 1778 3838 oppro-

193 3859 366 3914 brium
419 3871 474 3916 et
527 3871 915 3933 contemptum.
967 3863 1168 3919 lterum
1221 3863 1277 3918 in
1325 3877 1613 3918 commune
1657 3877 1774 3929 oro,

193 3961 243 4002 et
284 3953 517 4006 obsecro
564 3967 630 4008 ne
683 3955 799 4024 ejus
845 3954 997 4009 vobis
1047 3953 1329 4026 displiceat
1387 3955 1638 4020 servitus,
1690 3953 1777 4008 cui

195 4050 428 4095 vestrum
475 4043 782 4112 imperium,
832 4043 1028 4110 honor,
1067 4054 1330 4114 potestas,
1367 4026 1633 4100 hactenus
1660 4043 1776 4114 pla-

197 4140 440 4183 cuerunt.
509 4131 694 4187 Facite
761 4143 938 4189 vestra
1007 4134 1333 4190 liberalitate
1397 4151 1464 4189 ne
1534 4133 1777 4189 absentia

198 4221 531 4288 honestatis,
585 4224 708 4294 fuga
756 4228 1077 4297 optimarum
1129 4228 1356 4292 artium,
1427 4228 1629 4282 etliciar
1695 4242 1781 4280 sc-

198 4326 366 4369 czator
422 4316 692 4384 Catilinae,
759 4321 848 4390 qui
912 4321 964 4374 in
1024 4324 1134 4375 otio
1186 4329 1241 4375 et
1296 4321 1508 4391 negotio
1574 4335 1778 4389 praece-

199 4414 408 4473 ptorum
447 4407 613 4462 Marci
654 4409 808 4464 Tullii
847 4411 1074 4481 diligens
1112 4411 1188 4466 fui
1220 4422 1527 4466 exsecutor.

697 4543 1026 4600 EPISTOLA
1057 4545 1280 4602 CLXVI.

267 4631 378 4687 Non
411 4633 650 4688 alienum
679 4645 758 4690 est
780 4652 810 4690 a
851 4646 1029 4692 vestra
1073 4637 1430 4704 humanitate,
1461 4645 1515 4693 et
1544 4651 1573 4691 a
1598 4652 1781 4693 sacro.

203 4739 379 4782 sancto
409 4730 742 4795 sacerdotio,
774 4733 1136 4802 qnzerentibus
1181 4733 1464 4787 consilium
1496 4733 1777 4788 consilium

204 4819 343 4874 dare.
362 4820 497 4876 Nulli
522 4822 826 4875 mortalium
851 4822 1524 4893 aliquandojusjurandum
1550 4824 1775 4893 praebui,

206 4910 297 4960 nisi
344 4911 402 4962 Ι).
442 4910 511 4964 Μ.
566 4909 784 4964 Othoni.
815 4912 867 4965 Id
909 4914 975 4967 ad
1022 4911 1293 4968 dominun
1339 4898 1512 4967 theam
1563 4912 1664 4966 Th.
1713 4926 1776 4967 ac

208 4998 362 5053 ﬁlium
391 5000 502 5068 ejus
532 5002 661 5057 0th.
690 5001 827 5073 Aug.
853 5018 1198 5073 permanasse
1230 5013 1377 5059 ratus
1403 5019 1552 5070 sum;
1579 5004 1776 5074 quippe

210 5106 321 5146 cum
345 5094 398 5148 iu
425 5095 596 5150 tribus
625 5110 791 5148 unum
819 5089 1040 5165 quidem
1058 5097 1454 5168 quodammodo
1497 5096 1775 5151 intellexe-

210 5183 325 5236 rim.
373 5186 658 5258 Quousque
701 5202 831 5256 ergo
874 5188 1007 5246 hanc
1061 5189 1215 5243 [idem
1279 5189 1597 5244 servandam
1645 5202 1775 5242 cen-

209 5276 373 5330 setis?
432 5278 554 5335 Dico
616 5278 868 5347 equidem
920 5281 1059 5350 quod
1111 5280 1371 5348 Spoliatus
1425 5278 1774 5350 amplissimis

592 1731 752 1785 simul
790 1748 1004 1802 quoque
1055 1747 1274 1786 oramus
1329 1733 1372 1787 si
1424 1731 1540 1786 Iieri
1593 1739 1768 1802 potest
1802 1711 1842 1770 Β
1873 1706 2278 1778 ¹¹Ῑ¹’⁰¹“⁰Ι’⁰⁵⁵ί⁸’

1863 433 2152 504 Quousque
2177 448 2306 502 ergo
2332 433 2383 488 id
2412 449 2582 504 genus
2612 432 2864 487 amicitiae
2888 433 3195 489 exercebo?
3239 431 3450 488 Consu-

1862 525 1975 593 lite,
2030 542 2093 581 ac
2144 525 2393 582 solatium
2447 525 2752 597 imploranti
2783 527 3039 595 przebetc,
3085 525 3184 581 etsi
3229 541 3336 581 non
3381 525 3451 579 ob

1863 633 1984 672 mea
2012 617 2228 681 merita,
2262 615 2355 672 sed
2384 625 2560 671 tamen
2589 626 2643 672 et
2666 627 2885 689 propter
2910 626 3094 673 vestra
3114 631 3241 690 erga
3263 630 3466 672 omnes

1865 723 2080 781 semper
2112 708 2330 763 laudata
2357 710 2641 764 beneﬁcia.

2347 795 2680 855 EPISTOLA
2721 798 2970 854 CLXVII.

1936 890 2266 960 Conceptam
2298 889 2537 944 laetitiam
2586 889 2814 944 Romani
2849 889 3078 953 itineris,
3131 903 3239 959 quo
3267 899 3459 945 vester

1867 983 2158 1038 comitatus
2201 997 2266 1036 ac
2307 982 2540 1036 dominae
2588 981 2931 1051 Theophanae
2960 995 3174 1050 semper
3200 980 3458 1052 Augustae

1868 1075 2107 1130 l'uturum
2171 1074 2466 1144 alloquium
2531 1073 2848 1144 ampliorem
2910 1071 3155 1139 fecerat,
3223 1072 3458 1129 senioris

1868 1167 1972 1222 mei
2022 1165 2315 1236 prohibitio
2369 1164 2680 1221 centurbat.
2733 1164 2892 1219 Vices
2935 1179 3066 1235 ergo
3119 1180 3267 1219 meas
3308 1164 3468 1220 velut

1868 1259 2074 1313 amicus
2101 1257 2261 1311 amici
2288 1257 2545 1314 obtinete.
2587 1257 2654 1313 Et
2681 1266 2740 1312 ut
2781 1256 2999 1328 pallium
3025 1273 3054 1310 a
3079 1257 3297 1311 domino
3320 1272 3460 1328 papa

1869 1363 1966 1420 per
1991 1362 2088 1402 vos
2115 1363 2536 1417 consequamur,
2593 1356 2648 1402 et
2696 1347 2931 1419 gratiam
2981 1347 3212 1402 domina:
3259 1358 3460 1402 nostra:

1867 1454 1966 1509 per
2005 1455 2100 1494 vos
2152 1448 2384 1510 coeptam
2431 1440 2784 1496 retineamus.
2829 1437 2993 1508 Cujus
3037 1439 3319 1508 obsequio,
3351 1439 3462 1495 Deo

1869 1537 2158 1591 annuente,
2215 1528 2269 1582 in
2317 1527 2526 1584 Pascha
2581 1531 2808 1594 erimus,
2864 1545 2962 1586 nec
3017 1529 3303 1600 quisquam
3353 1528 3461 1582 eri:

1871 1618 1961 1686 qui
1989 1632 2085 1670 vos
2111 1618 2178 1671 ab
2205 1617 2322 1686 ejus
2350 1633 2416 1675 ac
2445 1619 2539 1675 lilii
2567 1619 2650 1676 sui
2679 1617 2938 1676 ﬁdelitate
2976 1634 3040 1675 ac
3077 1619 3298 1676 servitio
3339 1632 3471 1690 pro-

2333 1805 2670 1862 EPISTOLA
2708 1802 2980 1860 CLXVIII.

2106 1912 2172 1950 AD
2214 1913 2524 1953 IIMNARDUII
2562 1913 2851 1953 MONACHUM
2891 1909 3206 1952 BOBIENSEI.

1941 1983 2170 2052 Quidam
2221 1987 2546 2054 Tetbaldus,
2608 1997 2668 2043 ut
2721 1989 2836 2058 ipse
2880 1987 3110 2051 ferebat,
3164 1984 3467 2041 monachus

1871 2071 2171 2141 Bobiensis,
2209 2077 2479 2145 prmterita
2506 2086 2715 2144 aestate,
2747 2077 2813 2132 ad
2856 2093 2954 2133 nos
2985 2078 3150 2142 venit,
3183 2091 3279 2146 per
3301 2091 3464 2147 quem

1873 2178 2057 2223 nostra
2083 2169 2284 2239 scripta
2310 2170 2404 2224 tibi
2429 2170 2742 2236 direximus,
2776 2171 2974 2240 quibus
3004 2179 3107 2226 tua:
3137 2170 3330 2225 littera:
3354 2184 3464 2222 non

1872 2260 2005 2313 satis
2048 2260 2398 2331 respondent.
2445 2260 2632 2331 Itaque
2673 2270 2728 2315 et
2761 2261 3040 2330 exemplar
3094 2260 3289 2330 prioris
3351 2259 3469 2328 cpi-

1873 2349 2025 2404 stola:
2052 2351 2400 2414 remittimus,
2431 2359 2489 2404 et
2527 2359 2630 2404 tua:
2671 2351 2913 2422 petitioni
2944 2349 3044 2404 hoc
3081 2350 3242 2404 modo
3269 2365 3466 2404 consu—

1873 2437 2055 2494 limus.
2107 2438 2164 2494 Si
2207 2441 2307 2494 sub
2351 2440 2536 2510 regula
2579 2442 2750 2510 patris
2792 2440 3064 2496 Benedicti
3105 2455 3168 2495 ac
3197 2439 3493 2509 spirituali.

1873 2530 2070 2586 abbate
2101 2531 2192 2586 tibi
2224 2532 2458 2587 militare
2486 2532 2721 2588 delectat
2751 2533 2804 2587 in
2837 2532 2943 2587 alio
2967 2532 3315 2594 monasterio,
3343 2546 3466 2586 mea

1874 2622 2093 2677 licentia
2119 2632 2292 2688 utere,
2321 2639 2421 2678 nec
2460 2624 2604 2680 obsit
2641 2623 2732 2679 tibi
2761 2623 3020 2678 transitus
3052 2638 3214 2678 causa
3245 2621 3465 2692 religioé

1875 2714 1980 2780 nis,
2013 2726 2066 2770 et
2089 2716 2314 2786 imperio
2343 2715 2554 2772 abbatis
2589 2717 2660 2771 tui
2694 2715 2888 2772 factus.
2918 2714 3185 2768 therum
3211 2715 3264 2767 in
3289 2712 3478 2769 dando-

1877 2815 1931 2859 et
1957 2805 2270 2874 aecipiendo
2303 2805 2454 2860 l‘rcua
2481 2806 2710 2861 licentim
2744 2806 3050 2861 relaxamus
3077 2806 3313 2874 partium,
3341 2820 3468 2874 par-

1880 2895 1973 2948 tim
2000 2896 2412 2965 rcstringimus:
2449 2897 2552 2951 hoc
2583 2897 2740 2951 modo
2777 2906 2987 2952 servata
3023 2896 3372 2957 discretione.
3407 2904 3470 2948 nt.

1880 2985 2022 3055 quod
2061 2985 2182 3055 jure
2215 2995 2288 3040 et'
2312 2985 2428 3040 sine
2463 2985 2757 3040 olfensione
2788 2987 3092 3040 divinarum
3120 2985 3298 3055 legum
3335 2984 3473 3038 dan-

1882 3078 2011 3131 dum
2041 3093 2103 3132 ac
2129 3077 2495 3146 recipiendum
2527 3086 2626 3138 est,
2658 3077 2753 3132 des
2781 3093 2844 3132 ac
2877 3078 3122 3148 recipias.
3173 3075 3286 3130 Nec
3317 3084 3474 3145 putes

1880 3169 1947 3223 ad
1993 3185 2168 3223 meam
2222 3169 2494 3224 licentiam
2535 3170 2830 3240 pertinere,
2883 3171 2928 3225 si
2959 3169 3086 3240 quid
3116 3178 3348 3240 tyranno
3376 3175 3475 3223 aut

1880 3260 2046 3331 impio
2069 3272 2262 3333 Sponte
2295 3262 2571 3327 tribueris,
2597 3261 2682 3318 vel
2704 3262 2772 3317 ab
2806 3263 2884 3318 eis
2907 3261 3201 3333 acceperis.

2371 3376 2705 3433 EPISTOLA
2741 3377 2975 3433 CLXIX.

2111 3463 2178 3502 ΑΙ)
2217 3463 2478 3504 IIEIIIGIUM
2518 3465 2802 3504 HONACIIUﬂ
2844 3462 3232 3504 TRFVIRENSEH.

1949 3537 2146 3594 Petitio
2201 3549 2328 3606 tua,
2383 3540 2694 3595 dulcissime
2750 3540 2956 3605 frater,
3009 3541 3166 3597 toties
3218 3539 3473 3610 repetita,

1879 3631 2076 3700 quibus
2119 3629 2390 3700 jactemur
2435 3631 2689 3687 ﬂuctibus
2740 3633 2873 3686 satis
2925 3632 3177 3687 ostendit.
3237 3629 3429 3688 Nescis
3453 3672 3486 3700 ,.

1880 3725 2062 3779 neseis
2089 3739 2209 3791 qua:
2257 3724 2534 3796 naufragia
2580 3725 2990 3795 pertulerimus,
3023 3733 3311 3796 postquam
3352 3741 3382 3780 a
3423 3735 3476 3780 to

1881 3813 2106 3884 digressi
2136 3830 2342 3869 sumus.
2372 3814 2718 3870 Gravissimis
2747 3814 2944 3884 quippe
2966 3814 3240 3870 laboribus
3268 3815 3473 3871 mstivis

1883 3915 1936 3961 ct
1975 3905 2246 3961 continuis
2287 3922 2379 3961 eos
2419 3907 2791 3962 contraximus
2819 3905 3037 3962 morbos
3075 3906 3269 3976 quibus
3305 3906 3477 3977 pesti-

1883 3996 1998 4050 lens
2029 4006 2317 4052 autumnus
2347 4012 2481 4067 pcne
2517 3998 2681 4052 vitam
2710 3998 2960 4052 extorsit.
2990 3996 3232 4053 Accessit
3262 3997 3328 4052 ad
3356 3998 3471 4052 lucc

1883 4088 2115 4142 violenta
2160 4086 2394 4151 fortuna,
2425 4099 2618 4144 cuncta
2661 4105 2781 4159 qua:
2830 4088 3054 4143 dederat
3097 4096 3348 4158 repetens
3377 4103 3475 4157 per

1886 4195 1979 4234 eos
2016 4179 2297 4249 prmdones
2327 4179 2417 4250 qui
2447 4178 2632 4234 urbem
2666 4180 2960 4235 Remorum
2989 4179 3298 4251 depopulati
3327 4187 3474 4235 sunt.

1886 4270 2038 4325 Nunc
2067 4271 2364 4326 amicorum
2397 4271 2763 4342 captivitatem
2795 4271 3075 4336 deﬂemus,
3106 4279 3160 4325 et
3206 4286 3272 4324 an
3320 4269 3478 4324 sedes

1888 4363 2041 4418 nobis
2072 4364 2178 4417 sint
2221 4365 2588 4433 permutandae
2611 4355 2613 4357 ’
2636 4363 2878 4434 pervigili
2911 4379 3042 4418 cura
3090 4361 3476 4417 deliberamus.

1809 4434 1857 4494 D
1886 4457 1960 4510 Eo
1987 4456 2040 4509 in
2080 4455 2246 4521 luctu,
2293 4471 2464 4525 coque
2512 4455 2566 4510 in
2610 4469 2847 4510 maerore
2898 4463 3085 4510 nostra
3141 4453 3316 4523 patria
3367 4461 3476 4506 est.

1883 4546 2069 4600 Timor
2111 4557 2165 4600 ct
2213 4555 2415 4600 tremor
2457 4539 2641 4602 muros
2683 4543 3042 4610 circumdant,
3101 4542 3279 4614 inopia
3329 4541 3477 4596 cives

1880 4639 2098 4709 premit.
2149 4637 2339 4692 Clerus
2387 4637 2672 4708 utriusque
2715 4636 2922 4690 ordinis
2965 4643 3186 4707 prepter
3236 4633 3474 4686 futuram

1885 4733 2192 4786 vastitatem
2254 4729 2498 4797 ingemit.
2559 4732 2699 4800 Ergo
2749 4729 2818 4784 sit
2865 4728 2942 4802 tui
2993 4726 3233 4782 muneris
3283 4739 3482 4779 manus

1819 4880 1824 4885 ,
1884 4823 2067 4877 levare
2115 4823 2179 4876 ad
2205 4822 2644 4892 Omnipotcntem
2689 4836 2786 4890 pro
2816 4819 2988 4872 nobis.
3043 4817 3182 4873 Etsi
3218 4814 3488 4871 Divinitas

1885 4930 2100 4984 pmnant
2128 4913 2460 4967 allcviavertt
2500 4912 2714 4982 peccati
2767 4910 2966 4962 erimus
3002 4925 3106 4960 non
3136 4908 3506 4964 immemores

1886 5007 1960 5060 tui
1989 5021 2084 5075 per
2105 5007 2284 5060 omnia
2316 5007 2591 5062 beneﬁcii.

2382 5094 2725 5153 EPIS'I‘OLA
2761 5089 2962 5145 CLXX.

2712 5192 2998 5229 ῐὶέιεὲυὲἰὲοδ

2714 5219 2930 5234 ..ιι-..νισι

2355 5203 2673 5244 ῧῖἰῖὶΒῖ-Ξῖίῒῖὃ

1954 5278 2151 5336 Nostro
2208 5281 2660 5338 reverentissimo
2714 5271 2852 5343 patri
2910 5269 3201 5324 “MMUNDO
3249 5266 3340 5322 duo
3387 5267 3542 5329 ἰδίη.
