3948 5350
477 262 587 320 267

1149 261 1505 348 SILVISSTRI
1542 261 1586 318 II
1615 261 1818 319 ΡΑΡᾸΞ
1847 259 2000 318 ΟΡΡ.
2042 260 2079 315 Ρ

2186 260 2223 317 S
2258 262 2346 318 Ill.
2379 294 2448 305 —
2484 265 2702 325 EPIST.
2741 268 2830 328 ET
2857 270 3132 330 DIPLOM.

3636 272 3751 328 ω

478 391 587 435 non
614 374 897 439 discedere
919 389 951 434 a
972 375 1221 432 clientela
1248 384 1302 433 et
1328 375 1554 433 consilio
1574 376 1744 447 patris
1779 375 1885 431 mei
1916 371 2057 431 beati
2091 377 2141 436 Α
2166 374 2331 432 etiam
2353 392 2421 435 ex
2464 382 2812 441 anathemate
2852 385 2905 441 in
2940 388 3224 456 praedones
3268 386 3556 444 Remensis
3596 389 3747 445 urbis

478 458 610 543 Ade:
648 474 873 537 repente
907 466 987 550 Sic
1011 480 1077 522 εο
1115 467 1358 538 ιπίνοιυε
1384 482 1525 535 sum.
1556 477 1619 523 ιη
1660 484 1748 524 me
1779 481 2064 538 superesse
2129 464 2133 478 ’
2158 468 2272 538 jam
2304 474 2663 545 promulgata.
2691 476 2858 549 Cujus
2886 466 3340 550 exemplar-vobis
3371 480 3667 543 mittimus,
3692 489 3751 534 ut

480 546 918 634 expavescerem.
971 557 1177 631 Quippe
1213 575 1337 616 cum
1378 568 1524 617 esset
1564 559 1722 615 nobis
1766 574 1863 616 cor
1897 573 2064 613 unum

480 659 538 708 et
570 651 752 707 anima
782 666 906 717 una,
954 665 1056 707 nec
1083 652 1265 707 hostes
1292 652 1411 722 ejus
1435 667 1558 708 eum
1589 660 1843 722 putarent
1885 659 2064 705 trans-

480 743 672 810 latum,
713 757 837 798 cum
879 756 966 797 me
987 757 1271 813 superesse
1300 743 1565 809 viderent,
1595 758 1683 799 me
1715 745 1781 799 ad
1809 742 2067 798 invidiam

482 832 656 889 Caroli
686 841 927 887 nostram
955 832 1185 902 patriam
1225 841 1354 890 tunc
1380 843 1433 888 et
1462 848 1606 889 nunc
1631 833 1879 888 vexantis
1900 831 2068 903 digito

480 921 765 987 notabant,
787 922 880 991 qui
902 938 1060 993 reges
1085 924 1410 996 deponerem
1433 939 1696 996 regesque
1734 924 2064 981 ordinarem.

479 1013 548 1069 Et
575 1013 666 1085 qui
699 1013 764 1068 Ii.
795 1028 847 1084 p.
875 1013 1169 1083 permistus
1194 1030 1366 1081 eram,
1424 1031 1550 1071 cum
1596 1014 1664 1069 R.
1714 1030 1767 1084 p.
1795 1013 2069 1085 periclita-

479 1104 602 1169 bar,
629 1103 776 1159 velut
815 1104 868 1161 in
913 1105 1268 1175 perditionem
1309 1114 1510 1163 nostrae
1551 1105 1701 1161 urbis
1727 1119 1852 1173 pars
1873 1102 2069 1175 praedas

482 1195 719 1251 maxima
746 1193 844 1250 fui.
893 1195 1076 1268 anue
1096 1211 1184 1252 res
1207 1197 1311 1252 iter
1339 1211 1519 1252 meum
1542 1195 1595 1251 in
1618 1193 1825 1249 Italiam
1854 1193 2069 1264 penitus

482 1285 711 1351 distulit,
744 1285 834 1340 ubi
867 1295 921 1339 et
942 1300 1144 1356 organa
1191 1286 1355 1341 etiam
1406 1292 1716 1350 servantur,
1766 1291 1823 1338 et
1866 1283 2070 1354 Optima

481 1377 663 1451 portio
705 1391 838 1431 meae
866 1377 1237 1447 supellectilis.
1282 1376 1399 1433 Non
1423 1377 1568 1433 enim
1618 1376 1892 1446 potuimus
1917 1375 2071 1432 obsi-

484 1480 636 1527 stere
690 1470 958 1542 praecipiti
1010 1469 1282 1535 fortunae,
1347 1484 1449 1525 nec
1476 1468 1746 1523 Divinitas
1774 1466 2072 1522 declaravit

484 1562 663 1617 adhuc
691 1577 925 1632 quonam
971 1562 1025 1617 in
1054 1554 1212 1633 portu
1257 1576 1342 1616 me
1384 1560 1578 1616 sistere
1609 1558 1758 1613 velit.
1807 1556 1978 1630 Igitur
2003 1555 2072 1613 de

488 1668 572 1708 me
600 1661 657 1708 et
697 1653 766 1708 de
795 1653 931 1710 meis
960 1652 1192 1709 fortunis
1218 1652 1473 1724 gavisuri,
1524 1657 1838 1721 exspectant
1864 1648 2070 1703 exitum

486 1744 740 1800 instantis
775 1742 1024 1799 fortunae.
1077 1744 1227 1798 Dabo
1272 1757 1491 1812 operam
1543 1757 1642 1812 pro
1696 1740 1923 1804 viribus,
1972 1752 2075 1794 nec
2107 1725 2149 1785 Β

484 1835 778 1905 quidquam
825 1848 1012 1891 eorum
1062 1849 1183 1904 qua:
1228 1832 1346 1889 ﬁeri
1393 1840 1643 1903 oporteat
1688 1830 2069 1895 intermittam,

485 1927 656 1982 donec
684 1927 884 1996 Optatis
906 1919 1158 1997 perfruar
1187 1926 1427 1992 sedibus,
1455 1924 1784 1985 reddamque
1808 1922 1927 2003 Deo;
1948 1930 2074 1977 vota

484 2029 606 2070 mea
635 2016 688 2070 in
716 2012 870 2072 Sion.
903 2014 1055 2083 Vale,
1086 2014 1459 2072 amantissime
1497 2014 1678 2080 Pater,
1705 2011 1879 2069 valeat
1904 2012 2078 2068 frater

456 2107 770 2173 .Ariardus,
798 2107 975 2164 valeat
1000 2108 1403 2164 sanctissimum
1426 2106 1714 2177 collegium
1770 2104 1865 2161 tibi
1897 2102 2077 2173 subje-

483 2208 657 2268 ctum,
686 2199 900 2271 meique
944 2199 1065 2255 sitis
1108 2213 1377 2255 memores
1401 2197 1457 2254 in
1491 2197 1925 2269 coutemplativis
1953 2211 2077 2254 cum

485 2299 642 2361 patre
666 2305 789 2347 meo
812 2290 970 2346 Adal.

981 2380 1319 2439 EPISTOLA
1351 2379 1581 2437 CLXXI.

639 2491 960 2532 VENERABILI
999 2490 1174 2532 ADBUC
1207 2489 1458 2531 EPISCOPO
1495 2491 1551 2529 Δ.
1590 2487 1918 2530 GEBBEBTUS.

559 2567 709 2625 Itane
737 2568 1000 2625 socordiae
1019 2579 1185 2638 atque
1208 2566 1389 2624 dubiis
1428 2565 1647 2622 casibus
1690 2563 1991 2632 credidisti,
2021 2571 2084 2619 ut

491 2660 699 2734 gladios
744 2661 943 2717 cervici
990 2659 1340 2716 imminentes
1370 2672 1477 2713 non
1513 2657 1722 2724 videas,
1773 2658 1974 2713 arietes
2018 2670 2085 2713 ac

489 2750 676 2805 vineas
731 2749 826 2806 ilia
871 2758 961 2805 tua
988 2749 1264 2820 pulsantes
1299 2763 1405 2804 non
1457 2747 1708 2804 sentias?
1751 2746 2080 2814 Recordare,

490 2856 696 2912 quaeso,
727 2841 856 2913 quid
898 2851 1081 2897 actum
1123 2841 1216 2908 sit,
1246 2855 1281 2896 o
1330 2839 1458 2895 felix
1502 2838 1771 2909 quondam
1825 2847 1881 2894 et
1913 2838 2084 2894 dulcis

489 2933 703 3001 amice,
733 2934 835 2990 sub
885 2933 1112 3005 imperio
1160 2933 1333 3005 patris
1362 2932 1468 2989 mei
1518 2932 1897 2988 Adalbcronis.
1962 2932 2081 2987 Divi

481 3027 628 3098 .Aug.
681 3027 927 3084 Lotharii
969 3043 1260 3100 germanus
1291 3027 1480 3096 frater,
1510 3028 1685 3083 haeres
1711 3028 1885 3098 regni,
1915 3041 2084 3099 regno

490 3117 747 3187 expulsus
786 3127 888 3173 est.
920 3114 1049 3188 Ejus
1072 3116 1270 3183 tumuli,
1324 3126 1384 3171 ut
1432 3116 1615 3187 opinio
1647 3115 1935 3170 multorum
1976 3129 2079 3180 est,
2109 3100 2154 3161 Ο

490 3212 639 3268 inter
680 3226 835 3282 reges
877 3211 1044 3266 creati
1076 3220 1220 3266 sunt.
1271 3209 1391 3278 Quo
1431 3211 1555 3279 jure
1595 3209 1867 3280 legitimus
1912 3210 2085 3266 haeres

486 3288 871 3379 exhaeredatus
906 3311 1011 3368 est,
1044 3317 1151 3373 quo
1191 3286 1337 3371 jure
1367 3316 1532 3373 regno
1580 3302 1821 3371 privatus
1875 3311 1978 3369 cst,
2028 3313 2087 3358 et

492 3410 603 3464 quo
633 3393 686 3448 in
712 3403 995 3463 paternam
1023 3390 1242 3447 domum
1274 3392 1463 3447 rediit?
1489 3391 1619 3460 Qua:
1644 3393 1860 3448 decreta
1883 3392 2082 3446 Roma-

493 3502 689 3542 norum
718 3485 1032 3558 pontificum
1064 3484 1297 3542 infantes
1327 3486 1586 3556 baptizari
1616 3485 1948 3541 vetuerunt?
1981 3485 2084 3552 Qui

494 3579 638 3634 sacri
681 3590 919 3633 canones
961 3577 1276 3633 innocentes
1324 3576 1669 3649 presbyteros
1713 3576 1781 3641 ab
1824 3575 2088 3634 altaribus

490 3664 883 3726 removerunt?
908 3671 1032 3741 Agit
1055 3669 1329 3726 Abraham
1356 3685 1477 3726 cum
1505 3669 1616 3726 Deo
1637 3685 1875 3737 causam,
1906 3680 2086 3726 utrum

495 3766 551 3820 in
583 3764 834 3821 Sodomis
864 3765 1057 3820 debeat
1080 3765 1308 3835 perdere
1332 3765 1539 3836 justum
1573 3779 1695 3819 cum
1733 3763 1919 3834 impio,
1949 3771 2005 3818 et
2032 3771 2086 3818 ttt

493 3864 683 3924 pastor
712 3870 819 3910 non
846 3854 1059 3910 dubitas
1089 3854 1340 3910 addicere
1384 3869 1559 3925 paena:
1599 3854 1818 3909 noxium
1843 3853 2004 3909 simul
2032 3861 2089 3908 et

484 3948 817 4023 innoxium?
864 3947 970 4004 Sed
1011 3948 1140 4019 quid
1168 3963 1267 4020 ego
1310 3948 1427 4004 haec
1475 3948 1720 4015 minima,
1767 3963 1889 4003 cum
1917 3946 2086 4003 sciam

495 4041 895 4097 accusationem
927 4048 1073 4096 tuam
1100 4055 1131 4095 a
1167 4040 1544 4096 sacerdotibus
1586 4039 1682 4095 Dei
1728 4037 2084 4108 descriptam,

470 4142 549 4205 _,ct
592 4130 805 4199 plenam
839 4129 1181 4197 criminibus,
1221 4130 1498 4201 gravidam
1537 4128 1882 4185 sceleribus?
1917 4127 2087 4183 Electi

494 4231 623 4274 sunt
642 4219 877 4289 judices,
917 4234 1146 4290 quorum
1167 4219 1376 4290 judicio
1405 4220 1449 4276 si
1474 4219 1729 4285 defueris,
1756 4220 1821 4275 de
1843 4218 2093 4275 absentia
2116 4206 2121 4212 ’

494 4311 632 4367 nihil
664 4311 983 4367 lucraberis.
1029 4310 1097 4366 Et
1126 4312 1171 4365 si
1204 4311 1463 4375 adfueris,
1503 4308 1788 4382 episc‘opus
1821 4326 1942 4367 esse
1969 4325 2088 4367 ces-

495 4402 663 4459 sabis.
700 4401 958 4457 Inventus
988 4411 1073 4457 est
1111 4403 1202 4472 qui
1237 4412 1354 4459 tuas
1402 4403 1550 4458 vices
1588 4403 1863 4458 sortiatur.
1916 4403 2085 4458 Curre

2168 579 2237 620 ex
2260 579 2327 620 eo
2359 573 2698 636 pernoscatis
2723 568 2876 639 cujus
2916 571 3083 626 animi
3112 572 3304 639 simus,
3350 571 3628 641 simulque
3656 585 3753 625 nos

2166 658 2377 729 majora
2404 673 2775 731 aggressuros,
2816 676 2936 730 qua:
2966 677 3064 717 suo
3104 663 3330 733 tempori
3381 674 3749 718 reservamus.

2168 750 2359 807 Omnia
2380 752 2525 806 enim
2555 748 2766 822 tempus
2791 752 3012 808 habent.
3042 753 3278 809 Dicimus
3316 754 3564 814 tacenda.
3608 761 3754 805 tace-

2170 860 2290 900 mus
2320 845 2566 900 dicenda.
2594 845 2817 916 Agimus
2863 847 3004 916 quod
3035 846 3302 910 nolumus,
3330 846 3473 916 quod
3503 845 3755 899 volumus

2168 924 2475 1007 neqitimus.
2504 937 2580 993 Ita
2626 945 2753 993 sunt
2789 937 2977 993 omnia
3024 937 3179 1007 plena
3210 936 3659 1007 perturbationis,
3689 948 3755 989 ac

2168 1029 2349 1100 potius
2379 1029 2714 1086 confusionis
2743 1048 2757 1083 :
2792 1046 2891 1086 nec
2921 1044 2981 1085 se
3025 1030 3105 1085 sic
3144 1030 3397 1099 ingerunt
3426 1028 3757 1097 expetenda,

2170 1123 2626 1195 quemadmodum
2650 1122 2957 1178 devitanda.
3003 1121 3139 1177 Nam
3181 1123 3229 1177 si
3262 1121 3441 1176 oblata
3472 1128 3622 1174 esset
3664 1135 3757 1173 ra-

2170 1214 2445 1271 tionabilis
2473 1213 2719 1281 facultas,
2760 1213 2871 1286 jam
2901 1214 3100 1269 dudum
3130 1223 3310 1270 vestra
3357 1210 3628 1277 colloquia
3665 1225 3763 1264 ex-

2169 1303 2513 1378 petissemus.
2558 1303 2786 1376 Regium
2837 1301 3063 1370 nomen,
3122 1304 3265 1374 quod
3318 1302 3459 1373 apud
3514 1301 3762 1356 Francos

2170 1411 2309 1469 pene
2337 1404 2642 1452 emortuum
2669 1405 2773 1461 est,
2796 1396 3007 1466 magnis
3031 1395 3297 1459 consiliis,
3321 1392 3531 1464 magnis
3555 1391 3767 1445 viribus

2173 1488 2692 1544 resuscitassemus:
2732 1487 2824 1543 sed
2858 1495 3081 1558 propter
3129 1486 3294 1557 impia
3331 1494 3596 1555 tempora,
3638 1496 3768 1553 pro-

2174 1589 2295 1652 pter
2320 1579 2814 1652 perditissimorum
2858 1579 3040 1650 iniqua
3070 1589 3401 1643 commenta,
3453 1576 3598 1632 clam
3647 1573 3772 1645 agi-

2176 1685 2296 1726 mus
2343 1671 2486 1741 quod
2534 1671 2714 1740 palam
2767 1685 2874 1724 non
2928 1685 3239 1740 possumus.
3294 1666 3509 1731 Veniet,
3560 1665 3770 1730 veniet,

2178 1761 2425 1832 inquam,
2456 1761 2594 1827 dies,
2626 1772 2681 1817 et
2727 1775 2896 1831 prope
2940 1772 3045 1827 cst,
3098 1762 3151 1815 iu
3200 1776 3307 1831 qua
3338 1757 3774 1827 uniuscujusque

2177 1868 2425 1912 nostrum
2456 1855 2755 1925 probentur
2801 1862 2855 1909 et
2903 1854 3164 1926 cogitata,
3209 1862 3265 1907 ct
3310 1851 3454 1906 dicta
3504 1858 3561 1904 et
3603 1847 3773 1902 facta.

2175 1944 2398 2002 Interim
2431 1946 2777 2015 praescriptas
2818 1943 2973 1999 vobis
3016 1954 3188 1998 metas
3225 1938 3619 2011 recognoscite.
3672 1951 3777 1992 nec

2178 2038 2385 2109 majora
2417 2037 2567 2109 regni
2597 2035 2813 2106 negotia
2845 2036 3021 2091 velitis
3059 2034 3289 2090 definire
3331 2032 3450 2087 sine
3488 2039 3773 2097 metropo-

2178 2130 2333 2186 litani
2362 2128 2719 2195 conscientia,
2749 2142 2849 2182 nec
2876 2125 3200 2182 sententiam
3232 2123 3286 2178 in
3320 2122 3406 2177 bis
3429 2118 3777 2191 praecipitate

2180 2237 2299 2293 quae
2322 2236 2429 2291 quo
2449 2219 2630 2275 animo
2652 2218 2785 2273 fiant
2808 2217 3087 2288 ignoratis.
3117 2213 3469 2270 Prudentium
3496 2210 3779 2279 roburque

2181 2324 2422 2370 vestrum
2457 2319 2753 2376 reservate,
2785 2318 2912 2365 tunc
2948 2307 3242 2363 fortissima
3272 2312 3496 2375 pectora
3524 2299 3779 2358 hostibus

2182 2423 2281 2478 pro
2324 2406 2478 2462 nobis
2504 2402 2825 2475 exposituri,
2864 2417 2989 2458 cum
3027 2399 3277 2456 videritis
3320 2394 3573 2453 victricia
3619 2392 3778 2464 signa

2184 2502 2340 2558 nobis
2368 2498 2682 2557 ductoribus
2712 2495 2994 2553 anteferri.

2643 2608 2983 2668 EPISTULA
3028 2606 3305 2665 CLXXIII.

2257 2710 2407 2764 Mare
2446 2705 2716 2762 fluctuans
2746 2700 2974 2774 ingressi
3013 2699 3404 2769 uaufragamur
3455 2701 3515 2750 et
3547 2688 3781 2763 ingemi-

2186 2801 2426 2865 scimns;
2468 2811 2734 2867 nusquam
2765 2802 2877 2849 tuta
2911 2793 3113 2856 littora,
3162 2801 3429 2858 nusquam
3471 2793 3784 2856 portusoo-

2186 2895 2379 2951 currit.
2397 2891 2453 2945 lu
2478 2887 2633 2945 vobis
2651 2886 2888 2957 quietem
2910 2884 3223 2955 quaerimus.
3247 2880 3304 2935 In
3325 2877 3480 2935 vobis
3505 2885 3660 2932 certe
3674 2883 3780 2940 est,

2179 2964 2330 3058 quod
2373 2998 2496 3040 cum
2542 2979 2802 3037 dederitis
2848 2993 2955 3033 non
3000 2975 3160 3040 desit,
3189 2970 3476 3044 accipienti
3517 2967 3783 3038 supersit.

2187 3079 2425 3134 Petimus
2445 3088 2573 3144 ergo
2585 3070 2732 3127 omni
2760 3068 2955 3144 affectu
2976 3066 3263 3124 charitatis
3286 3079 3380 3118 vos
3403 3062 3573 3116 affore
3598 3058 3784 3113 [tentis

2188 3188 2227 3228 Il
2258 3170 2376 3226 Kal.
2406 3166 2629 3238 Aprilis,
2666 3164 2712 3219 si
2744 3164 2868 3234 jure
2910 3159 3165 3216 amicitice
3209 3158 3507 3228 quidquam
3557 3165 3782 3224 prome-

2188 3266 2397 3322 ruimus
2448 3269 2541 3317 aut
2568 3256 2868 3331 promereri
2896 3269 3056 3328 posse
3085 3261 3358 3326 putamus.

2656 3367 2994 3426 EPISTOLA
3021 3363 3300 3423 CLXXIV.

2459 3482 2528 3523 ΔΙ)
2553 3477 2843 3521 ROIIULFUI
2868 3475 3115 3517 ΔΒΒΑΤΕΙ
3145 3470 3506 3515 SENONENSEII.

2260 3581 2447 3640 Officia
2470 3578 2647 3636 dantis
2670 3585 2727 3633 et
2750 3573 3068 3646 accipientis
3095 3571 3412 3628 muneribus
3449 3569 3655 3625 vestris
3686 3584 3786 3624 ex-

2187 3676 2361 3733 secuti
2396 3674 2547 3730 estis.
2570 3670 2717 3727 Nihil
2741 3670 2887 3727 enim
2917 3667 3073 3724 nobis
3098 3664 3373 3735 antiquius
3424 3662 3480 3717 in
3526 3661 3788 3717 humanis

2189 3771 2354 3825 rebus
2381 3764 2805 3822 clarissimorum
2839 3759 3118 3816 hominum
3153 3755 3407 3819 scientia,
3435 3768 3557 3823 quae
3597 3752 3787 3820 utique

2191 3858 2581 3931 multiplicibus
2611 3849 3250 3910 librorumvoluminibus
3279 3845 3606 3917 exlilicatur.
3626 3843 3786 3914 Agite

2189 3968 2319 4024 ergo
2362 3959 2424 4005 ut
2455 3947 2712 4019 coepistis,
2754 3951 2810 4000 et
2848 3943 3048 3998 fluenta
3078 3938 3149 3994 Μ.
3197 3937 3357 3994 Tullii
3400 3934 3609 3992 sitienti
3640 3948 3785 4004 pra:-

2189 4046 2332 4101 bete.
2367 4042 2438 4097 M.
2463 4040 2668 4102 Tullius
2693 4036 2885 4092 mediis
2914 4050 2974 4091 se
2995 4034 3207 4103 ingerat
3233 4030 3405 4095 curis,
3436 4028 3640 4099 quibus
3662 4035 3787 4098 post

2190 4133 2342 4190 urbis
2370 4139 2573 4187 nostrae
2620 4126 2980 4197 perditionem
3019 4124 3101 4179 sic
3142 4121 3507 4191 implicamur,
3540 4126 3613 4172 ut
3659 4126 3787 4172 ante

2189 4224 2377 4282 oculos
2413 4220 2690 4277 hominum
2740 4217 2948 4283 felices,
2985 4222 3173 4270 nostro
3223 4212 3429 4282 judicio
3481 4210 3789 4264 habeantur

2192 4317 2460 4373 infelices.
2501 4314 2631 4382 Qua:
2679 4310 2861 4366 mundi
2907 4317 3035 4364 sunt
3082 4308 3397 4377 quaerimus,
3446 4301 3785 4364 invenimus,

2190 4406 2523 4478 perficimus,
2569 4411 2624 4459 et
2659 4409 2719 4456 ut
2764 4402 2837 4455 ita
2877 4400 3055 4456 dicam
3085 4397 3359 4469 principes
3391 4392 3619 4450 sceleris
3656 4391 3785 4446 facti

496 4509 628 4566 ergo
661 4495 788 4551 dum
816 4494 1019 4564 aliquid
1062 4494 1157 4549 otii
1202 4503 1470 4565 superest,
1517 4508 1695 4564 neque
1740 4507 1888 4564 spem
1940 4501 2085 4548 luant
2115 4473 2165 4532 D
2189 4473 2399 4552 sumus.
2434 4494 2533 4549 Fer
2554 4506 2730 4562 opem,
2767 4489 2952 4554 Pater,
2974 4497 3035 4543 ut
3061 4486 3346 4550 Divinitas,
3378 4498 3500 4554 qua:
3532 4481 3785 4565 multitu-

494 4602 667 4659 ponas
716 4586 771 4642 in
820 4586 997 4656 Ligeri
1027 4596 1080 4642 et
1123 4585 1395 4658 Sequana,
1426 4586 1561 4641 nihil
1590 4583 1927 4657 profuturus.
1976 4585 2088 4656 Ego

496 4680 715 4752 quidem
747 4679 1067 4744 factionum,
1098 4678 1582 4750 conspirationum,
1619 4676 1995 4747 iurisconsulti
2022 4691 2087 4732 ac

497 4774 895 4832 consulentium
922 4774 1191 4839 conscius,
1236 4776 1306 4831 ob
1349 4775 1505 4831 ﬁdele
1542 4774 1816 4831 silentium
1847 4775 1960 4830 haec
1992 4774 2085 4830 tibi

496 4881 663 4923 causa
693 4865 893 4942 veteris
928 4864 1179 4921 amicitiae
1208 4866 1371 4921 habui
1397 4867 1596 4933 dicere,
1645 4876 1704 4922 ut
1750 4876 1801 4921 te
1842 4866 2088 4937 lethargo

496 4958 830 5016 alleviarem.
889 4955 1063 5011 Tuum
1119 4957 1190 5013 sit
1230 4958 1440 5027 plenius
1478 4959 1773 5015 remedium
1813 4973 2086 5029 quaerere,

496 5049 591 5122 qui
633 5048 795 5105 etiam
826 5048 881 5104 in
911 5047 1242 5104 comitialem
1284 5050 1531 5106 morbum
1573 5050 1773 5106 videris
1802 5050 2084 5107 decidisse.

502 5144 650 5200 Vale.

972 5252 1309 5311 EPIS’I’OLA
1351 5253 1604 5309 CLXXII.

2191 4588 2315 4643 diue
2358 4561 2702 4656 peccatorum
2747 4579 3072 4644 excluditur,
3124 4577 3231 4633 tuis
3276 4574 3530 4647 precibus
3584 4561 3786 4628 inﬂexa

2189 4681 2399 4743 redeat,
2425 4692 2525 4732 nos
2548 4675 2751 4741 visitet,
2781 4682 2837 4730 et
2858 4672 3140 4728 nobiscum
3162 4670 3389 4733 habitet,
3422 4677 3624 4737 tuaque
3643 4681 3785 4737 prae-

2189 4770 2387 4832 sentia,
2419 4768 2463 4822 si
2495 4765 2609 4820 ﬁeri
2641 4771 2839 4835 potest,
2868 4761 3132 4828 lmtetnur,
3162 4760 3257 4831 qui
3290 4758 3433 4814 beati
3462 4755 3649 4813 Patris
3677 4753 3787 4811 Ad.

2193 4859 2439 4918 absentia
2472 4858 2774 4912 tristamur.

2576 4971 2599 4993 ·
2676 4962 3010 5021 EPISTOLA
3034 4926 3290 5021 CLXXV.

2454 5077 2523 5117 AD
2549 5075 2603 5114 Β.
2630 5071 3083 5115 Ακεηιειηεοορυκ
3115 5070 3509 5111 τιιενιιιεαεειι.

2269 5152 2539 5215 Pervenit,
2568 5148 2880 5204 beatissime
2913 5145 3093 5211 Pater,
3127 5145 3340 5217 gladius
3366 5159 3541 5215 usque
3564 5144 3637 5198 ad
3659 5143 3779 5199 aui-

2122 5236 2126 5240 Δ
2194 5265 2339 5304 mam
2368 5265 2381 5301 :
2413 5243 2608 5316 gladiis
2635 5242 2872 5298 hostium
2908 5239 3149 5310 undique
3178 5239 3615 5310 perstringimur.
3645 5238 3783 5295 Hinc

2794 5333 2806 5350 Ι
2874 5348 2881 5350 .
2933 5332 2974 5350 1-3
3362 5348 3365 5350 .
3474 5347 3551 5350 -..
3643 5331 3706 5350 η’
3762 5346 3777 5350 -
