4036 6334
239 389 350 450 249

1136 381 1382 439 SECTIO
1400 379 1444 438 I.
1485 413 1552 422 -
1589 381 1774 436 ANTE
1813 380 2114 437 SUMMUM
2151 377 2683 438 PONTIFICATUM.

3419 377 3526 435 ‘250

243 510 482 568 invicem
513 518 682 561 onera
713 510 989 574 portemus
1019 498 1217 555 elIecit.
1258 499 1338 553 Ad
1363 514 1460 554 vos
1491 499 1674 568 itaque
1709 511 1839 549 con-
1869 500 1912 556 Α
1946 496 2041 549 tris
2064 496 2168 550 mei
2210 495 2349 549 beati
2377 492 2479 549 Ad.
2509 489 2575 547 ad
2603 488 2889 548 Dominum
2921 485 3219 547 discessum
3246 503 3350 548 cur
3377 498 3527 546 tanto

253 602 484 672 'ugimus
533 607 794 666 tauquam
839 594 908 649 ad
951 601 1158 647 rectum
1205 589 1537 662 praesidium,
1580 596 1835 655 tanquam

244 695 312 746 ad
360 705 514 743 aram
557 686 877 757 prudentiae,
925 693 1180 752 tanquam
1219 680 1285 734 ad
1342 678 1642 732 divinarum
1675 683 1838 744 atque

247 787 611 839 humanarunt
665 782 840 852 legum
908 779 1247 846 interpretes.
1305 775 1583 844 Erantque
1632 769 1848 842 perlata-

246 877 499 932 consulta
539 875 666 930 [iliis
693 872 890 927 vestris
920 869 1161 926 coelestia
1191 866 1428 922 oracula.

710 979 1044 1036 EPISTOLA
1093 976 1372 1034 CLXXVI.

612 1093 664 1132 ϐ.
695 1093 810 1131 SAL.
841 1090 986 1129 DICIT
1015 1089 1068 1126 Β.
1101 1086 1200 1126 SIBI
1235 1083 1482 1124 DILEC'I‘O.

318 1172 564 1228 Grandia
589 1170 804 1239 quidem
835 1169 1032 1236 poscis,
1062 1163 1374 1219 dulcissime
1398 1161 1584 1222 frater,
1613 1160 1706 1214 sed
1733 1161 1838 1216 tuis

246 1266 463 1321 meritis
517 1279 623 1317 non
679 1260 934 1316 indebita.
974 1256 1109 1311 Nam
1153 1255 1280 1324 quid
1321 1262 1404 1309 est
1450 1261 1559 1306 tam
1603 1251 1838 1322 optabile

249 1357 396 1426 quod
440 1350 810 1408 benevolentia
859 1359 947 1402 tua
974 1363 1082 1402 non
1109 1343 1529 1416 promereatur?
1561 1342 1688 1412 quid
1731 1351 1837 1394 tam

250 1446 456 1502 humile
483 1446 623 1514 quod
663 1441 896 1498 conferri
931 1439 1120 1493 amicis
1167 1438 1284 1492 hare
1328 1444 1568 1505 tempora
1621 1431 1840 1487 sinant?

247 1542 440 1610 Itaque
475 1554 596 1594 cum
630 1537 723 1591 tibi
761 1534 901 1589 desit
930 1531 1124 1588 artifex
1162 1530 1426 1590 medendi.
1476 1527 1632 1582 nobis
1663 1540 1839 1580 reme-

249 1633 468 1688 diorum
499 1629 748 1693 materia,
796 1625 1199 1698 supersedimus
1247 1623 1554 1678 describere
1614 1637 1677 1676 ea
1721 1634 1842 1689 qum

251 1727 588 1780 medicorum
653 1721 966 1793 peritissimi
1023 1719 1174 1773 utilia
1235 1717 1603 1788 judicaverint
1652 1717 1842 1769 vitiato

241 1815 440 1884 jecori.
491 1815 660 1880 Quem
709 1812 954 1876 morbum
994 1817 1049 1863 tu
1087 1817 1340 1876 corrupte
1369 1815 1638 1878 postuma,
1671 1805 1838 1860 nostri

248 1915 552 1976 apostema,
586 1903 773 1960 Celsus
811 1900 1094 1958 Cornelius
1133 1915 1164 1953 a
1201 1898 1406 1954 Graecis
1433 1899 1679 1958 ἡπατικὸν
1707 1897 1841 1951 dicit

247 1995 536 2068 appellari.

717 2106 1052 2164 EPISTOLA
1078 2105 1380 2162 CLXXVII.

508 2218 572 2258 Δί)
612 2215 898 2258 ιιοιιυιῖυιι
935 2214 1181 2254 ΑΒΒΔΤΕΜ
1223 2211 1584 2252 SENONENSEM.

319 2293 518 2365 Magno
568 2308 818 2347 curarum
864 2292 1105 2362 pondere
1143 2290 1196 2344 in
1249 2299 1526 2343 momento
1587 2286 1845 2356 temporis

245 2384 564 2440 alleviatum
602 2383 667 2438 iri
714 2382 1092 2437 existimamus
1135 2379 1618 2434 deliberationibus
1644 2377 1843 2432 nostris

247 2475 322 2528 ad
356 2473 484 2528 utile
529 2481 587 2527 et
641 2473 925 2528 honestum
970 2484 1124 2540 teque
1171 2469 1405 2523 inﬂexis.
1460 2467 1614 2534 Quod
1659 2469 1846 2538 utique

244 2563 408 2633 puris
464 2561 746 2617 all'ectibus
777 2563 975 2616 vestris
1030 2559 1084 2613 in
1136 2557 1314 2612 divina
1365 2556 1738 2628 speculatione
1787 2565 1845 2611 ut

245 2664 528 2722 emptum,
589 2653 661 2712 ita
713 2649 1196 2706 consummandum
1242 2657 1345 2703 est.
1404 2647 1604 2720 Sicque
1651 2647 1844 2720 aptiori

247 2746 376 2802 loco
397 2753 584 2800 mutua
611 2741 998 2816 pet-fruendum
1024 2741 1296 2797 charitate

699 2854 1033 2912 EPISTOLA
1065 2853 1386 2912 CLXXVIII.

492 2966 562 3005 AD
589 2964 866 3006 BRUNOXEII
898 2961 1190 3002 EI‘ISCOPUM
1218 2959 1605 3002 LI‘NGONENSEU.

331 3065 678 3123 Serenissimi
707 3062 931 3134 Augusti
961 3060 1164 3116 domini
1208 3059 1379 3113 nostri
1433 3057 1846 3112 desiderabilem

251 3158 600 3230 presentiam
634 3164 869 3210 vestrant
911 3168 1073 3207 causa
1129 3150 1472 3207 consultandi
1524 3149 1839 3218 jamdudum

252 3257 540 3320 exoptant.
571 3246 760 3302 Moneo
789 3261 918 3315 ergo
941 3260 1042 3300 vos
1083 3253 1247 3314 atque
1292 3259 1422 3313 rogo
1451 3258 1615 3298 causa
1652 3241 1842 3297 salutis

253 3341 425 3394 totius
455 3337 785 3407 reipublicae,
821 3335 1224 3406 quamprimum
1278 3342 1554 3387 maturare
1603 3332 1726 3386 iter.
1777 3331 1842 3387 Et

253 3434 385 3503 quia
412 3446 510 3486 vos
535 3431 674 3501 apud
706 3429 964 3484 Roceium
992 3427 1168 3481 audivi
1201 3441 1299 3497 pro
1345 3440 1464 3480 mea
1503 3424 1698 3487 salute,
1732 3439 1846 3480 me-

257 3540 383 3579 rear
424 3537 566 3576 nunc
608 3519 930 3575 Silvanectis
965 3517 1139 3573 audiri
1168 3531 1268 3588 pro
1297 3515 1540 3570 omnium
1579 3516 1844 3572 bonorum

253 3613 598 3671 liberatione.

725 3723 1059 3780 EPISTOLA
1105 3721 1384 3777 CLXXIX.

414 3837 475 3874 Λυ
504 3833 786 3873 ECBEIITUM
816 3830 1264 3871 ABCIIIEPISCOPUM
1296 3828 1691 3869 TBEVIBENSEH.

328 3936 445 3991 Etsi
483 3935 820 4006 prudentiam
847 3942 1080 3987 vestram
1123 3931 1175 3984 in
1209 3929 1393 3984 multis
1421 3936 1682 3999 expertus
1721 3927 1843 3990 sim,

259 4043 434 4097 nuper
461 4041 637 4082 tamen
669 4026 956 4096 plurimmn
988 4022 1248 4088 intellexi,
1278 4038 1399 4077 cum
1429 4021 1845 4092 querimoniam,

257 4133 426 4186 quam
465 4130 532 4169 ex
577 4130 808 4184 persona
837 4115 932 4167 Ar.
968 4113 1359 4182 archiepiscopi
1400 4112 1845 4175 subornaveram,

258 4206 445 4263 subtili
485 4221 744 4276 responso
774 4203 1188 4274 perstrinxistis.
1224 4202 1440 4256 Veritus
1487 4203 1668 4270 itaque
1707 4216 1847 4264 sum,

257 4296 559 4351 famulante
584 4295 938 4360 conscientia,
975 4309 1042 4348 ue
1078 4295 1129 4346 in
1157 4293 1328 4348 oculis
1368 4292 1562 4347 vestris
1597 4292 1852 4362 displice-

260 4405 405 4452 rem,
459 4387 550 4456 qui
598 4386 948 4454 mihimetipsi
977 4384 1260 4455 displicere
1299 4381 1413 4451 jam
1444 4398 1741 4448 creperum,
1787 4399 1852 4437 eo

259 4480 405 4551 quod
433 4494 541 4534 non
567 4478 746 4533 socius
783 4478 1060 4542 vitiorum,
1101 4475 1194 4530 sed
1224 4475 1477 4544 princeps
1525 4474 1854 4544 dijudicarer

1943 600 2183 662 tempore
2211 591 2392 647 Remis
2411 599 2780 646 commoratus
2802 604 2946 654 sum,
2981 603 3089 658 quo
3111 597 3235 643 ante
3267 586 3532 658 perditio-

1941 699 2063 742 nem
2099 685 2248 738 urbis
2276 694 2330 738 et
2368 692 2489 754 post
2535 683 2891 752 perditionem
2941 679 3092 736 abire
3129 681 3527 736 contenderim.

1941 773 2149 845 Sa-pius
2195 789 2411 844 quoque
2458 773 2588 827 illud
2640 773 3029 828 Terentianum
3082 771 3410 845 recepistis:
3467 771 3527 826 Si

1939 840 2046 922 non
2077 840 2252 937 potest
2284 840 2398 921 lieri
2445 867 2587 936 quod
2627 867 2726 931 vis,
2777 867 2831 921 id
2867 865 3002 920 velis
3031 865 3175 936 quod
3213 840 3421 935 Vp‘ossis.
3462 865 3530 921 Et

1941 976 2082 1014 nunc
2119 959 2337 1029 quidem
2381 959 2768 1014 beneﬁciorum
2802 973 2864 1013 ac
2895 958 3112 1028 pietatis
3146 966 3342 1012 vestra:
3383 958 3528 1013 circa

1941 1066 2028 1105 me
2071 1067 2176 1104 non
2210 1049 2518 1114 immemor,
2566 1055 2888 1117 conceptum
2954 1062 3193 1102 amorem
3251 1061 3380 1116 erga
3433 1062 3530 1102 vos

1941 1154 2266 1211 ve5trosque
2328 1157 2614 1206 conservo,
2670 1154 2846 1210 eoque
2907 1154 2993 1194 me
3055 1117 3352 1195 beatiorem
3411 1139 3531 1195 ﬁeri

1934 1237 2137 1307 judico.
2177 1235 2457 1302 Quomodo
2485 1235 2628 1290 enim
2661 1251 2768 1289 non
2809 1234 3028 1304 diligam
3067 1234 3353 1305 diligentes
3403 1251 3525 1290 me:

1945 1327 2135 1384 Sentio
2178 1328 2376 1398 quippe
2413 1343 2510 1382 vos
2555 1326 2921 1382 condelectari
2959 1330 3101 1396 quod
3141 1327 3532 1382 sceleratorum

1944 1420 2223 1474 hominum
2257 1419 2616 1474 conciliabula
2651 1417 2954 1490 ell'ugerim.
2987 1418 3129 1488 quod
3163 1419 3536 1473 communioni

1943 1511 2327 1568 ecclesiastica:
2378 1511 2664 1566 restitutus
2713 1511 2838 1565 sim.
2894 1509 3054 1580 Agite
3122 1525 3252 1579 ergo
3315 1525 3534 1564 causam

1945 1605 2107 1658 amici
2141 1603 2304 1659 solito
2332 1617 2502 1668 more,
2529 1605 2582 1658 id
2604 1613 2688 1658 est
2725 1612 2783 1656 ut
2823 1601 3005 1658 Lelius
3045 1601 3112 1656 ab
3152 1601 3412 1656 Ilelvetiis
3450 1600 3535 1655 vel

1949 1697 2144 1750 Suevis
2177 1695 2382 1760 redeat,
2427 1695 2635 1766 Aquilze
2665 1694 2864 1749 dilecto
2902 1693 3204 1765 diligendus
3249 1693 3537 1763 conquira-

1951 1795 2037 1840 tur
2065 1802 2184 1856 par,
2215 1794 2274 1840 ut
2293 1801 2521 1856 operum
2551 1793 2863 1840 nostrorum
2895 1785 2966 1840 sit
3008 1785 3132 1840 linis
3159 1789 3536 1840 consummata

1945 1878 2044 1932 cha
2054 1878 2206 1932 ritas.

2401 1989 2736 2048 EPISTOLA
2787 1989 3068 2047 CLXXXI.

2008 2113 2343 2183 Prmcipuam
2372 2125 2436 2164 ac
2466 2109 2792 2182 singularem
2815 2107 3113 2164 amicitiam
3140 2113 3375 2162 vestram
3405 2104 3534 2158 dum

1944 2206 2150 2262 arctius
2176 2201 2580 2274 amplectimur,
2613 2199 2910 2254 multorum
2957 2199 3240 2254 hominum
3273 2195 3537 2250 invidiam

1947 2299 2266 2362 toleramus,
2317 2295 2662 2362 maximeque
2715 2308 2906 2347 eorum
2952 2292 3044 2362 qui
3091 2289 3326 2344 senioris
3372 2285 3538 2342 vestri

1945 2399 2131 2449 contra
2163 2405 2260 2445 nos
2301 2387 2527 2442 consilia
2569 2385 2921 2441 conturbant.
2979 2382 3187 2438 Crescit
3230 2378 3433 2436 malum
3484 2377 3542 2432 in

1945 2485 2080 2539 dies.
2113 2478 2537 2549 Multiplieantur
2576 2475 2782 2531 inimici
2821 2472 3012 2538 nostri,
3048 2471 3418 2542 maioremque
3445 2483 3540 2524 su-

1946 2583 2099 2630 munt
2126 2571 2406 2627 audaciam
2434 2584 2528 2639 spe
2561 2566 2938 2622 dissidentium
2978 2578 3292 2636 regnorum.
3324 2560 3382 2617 Si
3412 2574 3542 2630 ergo

1945 2679 2010 2721 ea
2043 2667 2094 2720 in
2130 2663 2283 2719 vobis
2313 2669 2398 2717 est
2420 2661 2592 2715 virtus
2629 2675 2792 2728 quain
2838 2655 3112 2712 credimus
3154 2664 3210 2708 et
3260 2661 3534 2722 optamus,

1947 2758 2245 2816 sentiamus
2275 2770 2380 2810 non
2414 2752 2571 2807 nobis
2601 2751 2796 2806 obesse
2824 2747 2969 2819 quod
3001 2754 3245 2802 vestrum
3297 2756 3540 2798 amorem

1951 2848 2119 2905 amori
2148 2845 2288 2916 regis
2321 2844 2386 2899 Ο.
2417 2840 2831 2913 prmposuimus.
2855 2836 3110 2892 Sentiant
3135 2833 3338 2888 inimici
3363 2829 3538 2886 nostri

1939 2947 2044 3012 'per
2074 2953 2169 2992 vos
2198 2915 2447 2991 stabilem
2478 2946 2600 2988 esse
2626 2944 2916 2998 regnorum
2959 2924 3332 2986 concordiam,
3372 2915 3540 2992 quam

1949 3033 2067 3087 sine
2095 3045 2195 3084 suo
2221 3024 2470 3081 consultu
2509 3036 2669 3092 posse
2697 3019 2812 3074 ﬁeri
2849 3025 3064 3088 negant.
3098 3016 3166 3070 Et
3209 3015 3334 3084 quia
3367 3013 3544 3069 credi-

1947 3123 2148 3180 bilibus
2172 3120 2366 3190 legatis
2389 3117 2531 3170 inter
2559 3114 2744 3168 hostes
2773 3109 3002 3166 difﬁcilis
3023 3117 3109 3164 est
3135 3106 3240 3170 via,
3275 3119 3370 3176 vos
3393 3103 3541 3174 lega-

1870 3216 1916 3279 C
1950 3227 2128 3270 torum
2182 3218 2493 3265 nostrorum
2543 3207 2690 3260 vices
2744 3201 2993 3272 explete,
3049 3198 3194 3269 quod
3252 3197 3537 3252 honestum

1941 3303 2256 3376 judicabitis
2283 3316 2380 3373 pro
2408 3299 2566 3354 nobis
2597 3297 2875 3367 spondete.
2914 3293 3008 3348 Sic
3051 3291 3120 3347 de
3160 3289 3317 3346 nobis
3344 3287 3543 3342 absen-

1949 3402 2094 3456 tibus
2139 3393 2450 3467 prxsumite
2509 3402 2770 3461 tanquam
2827 3387 2895 3442 de
2944 3381 3334 3456 praesentibus;
3387 3389 3443 3434 ct
3493 3379 3540 3434 si

1949 3490 2079 3562 quid
2117 3487 2355 3543 salutare
2399 3481 2702 3554 reperietis,
2753 3476 3156 3549 quamprimum
3203 3473 3401 3527 litteris
3451 3470 3538 3524 vel

1951 3560 2154 3638 nuntiis
2183 3575 2505 3648 signiﬁcate,
2548 3583 2607 3628 ιιι
2655 3568 3035 3642 ignorantibus
3082 3564 3285 3620 nostris
3329 3560 3541 3617 aemulis

1951 3688 2047 3744 per
2094 3670 2384 3725 ﬁdissimos
2422 3664 2788 3720 internuntios
2831 3660 3115 3728 utriusque
3149 3656 3321 3728 partis
3365 3662 3546 3723 empta

1951 3764 2192 3819 amicitia
2235 3761 2640 3817 corroboretur.
2681 3755 2795 3810 lloc
2827 3755 2946 3809 ideo
2978 3753 3227 3816 dicimus,
3255 3747 3380 3819 quia
3425 3761 3545 3801 ma-

1947 3856 2084 3928 joris
2119 3853 2460 3910 auctoritatis
2509 3851 2715 3920 legatos
2759 3863 2883 3902 cmn
2931 3845 3014 3899 sui
3069 3857 3262 3914 magno
3300 3837 3542 3911 periculo

1953 3951 2075 4006 sine
2107 3957 2254 4004 certa
2282 3961 2448 4001 causa
2485 3946 2704 3998 mittere
2739 3939 3012 4004 nolumus,
3045 3948 3101 3993 et
3139 3936 3265 4008 quia
3311 3949 3548 3990 cornea-

1955 4051 2040 4096 tus
2069 4055 2255 4107 regum
2279 4037 2584 4090 laboriosus
2619 4043 2720 4099 est,
2749 4041 2804 4088 et
2835 4033 2940 4087 hoc
2971 4040 3216 4099 tempore
3246 4043 3343 4097 per
3364 4025 3548 4081 omnia

1955 4131 2160 4186 inutilis
2187 4135 2406 4199 propter
2438 4123 2735 4179 "malivolos
2763 4123 3049 4190 utriusque
3077 4118 3270 4188 partis.
3317 4115 3473 4183 Quod
3500 4114 3548 4169 si

1956 4236 2246 4294 pravorum
2274 4218 2550 4274 horninqu
2583 4215 2810 4272 consilia
2850 4211 3194 4268 convaluisse
3241 4205 3549 4270 seuseritis,

1955 4333 2054 4371 nec
2082 4315 2363 4368 honestam
2406 4318 2461 4364 et
2490 4309 2681 4364 utilem
2726 4320 2887 4378 posse
2927 4304 3045 4360 ﬁeri
3085 4299 3414 4362 amicitiam,
3463 4297 3553 4352 in-

1957 4407 2144 4478 primis
2170 4405 2312 4475 quod
2341 4403 2637 4458 maximum
2665 4410 2748 4456 est
2776 4399 3062 4454 consilium
3108 4395 3270 4451 simul
3302 4403 3357 4448 et
3397 4392 3552 4446 auxi-

1958 4504 2086 4557 lium
2127 4518 2156 4556 a
2199 4500 2353 4555 vobis
2391 4498 2764 4568 imploramtts.
2799 4493 2985 4564 Neque
3037 4507 3150 4550 nos
3182 4487 3363 4545 deludi
3410 4499 3554 4540 vana

261 4585 628 4625 manmomm
676 4567 960 4664 sedem?"
1017 4566 1110 4664 In?
1143 4580 1424 4664 _eg°!__qm
1472 4566 1602 4664 θυι),
1625 4579 1852 4664 ¹¹¹¹ί’,⁰¹’ξ⁰
1884 4591 1928 4651 D
1957 4593 2360 4664 exspectatione
2381 4566 2598 4654 sinatis,
2630 4603 2766 4657 quos
2789 4587 2936 4641 omni
2962 4598 3160 4655 genere
3187 4579 3558 4636 amicitiarum

259 4667 435 4722 beata:
466 4663 740 4717 memoriae
766 4659 1052 4731 patrismei
1078 4657 1178 4711 Ad.
1209 4656 1563 4710 militaverant
1591 4656 1642 4709 iu
1669 4654 1850 4709 schola

259 4758 507 4815 omnium
539 4756 822 4819 virtutum,
876 4769 1020 4808 nunc
1053 4768 1155 4823 ego
1193 4752 1398 4822 regiam
1428 4749 1604 4805 incolo
1651 4748 1847 4814 aulam,

261 4830 387 4906 cum
408 4848 781 4906 sacerdotibus
815 4847 910 4902 Dei
941 4846 1102 4901 verba
1135 4845 1252 4898 \itaa
1292 4842 1596 4915 conferens.
1649 4842 1758 4896 Nee
1785 4842 1855 4897 ob

260 4956 506 4996 amorem
553 4938 734 4994 Caroli
761 4939 845 4992 vel
881 4936 1087 4990 Arnulli
1130 4951 1322 5004 passus
1348 4950 1466 4989 sum
1497 4933 1700 4988 diutius
1736 4933 1854 4987 ﬁeri

262 5051 529 5107 organum
584 5032 802 5097 diaboli,
852 5046 950 5100 pro
998 5015 1282 5084 mendacio
1324 5036 1518 5082 contra
1568 5027 1855 5081 veritatem

264 5130 645 5190 declamando.
670 5127 781 5185 Oro
808 5129 992 5197 itaque
1016 5124 1238 5195 antiqua
1267 5121 1644 5179 benevolentia
1675 5127 1856 5174 vestra

265 5226 462 5296 dignus
508 5222 762 5279 inveniri.
813 5219 1023 5290 Quippe
1069 5217 1472 5288 existimatione
1506 5225 1684 5270 vestra
1728 5230 1853 5268 con-

267 5313 555 5368 scientiam
587 5326 762 5365 meam
799 5309 996 5371 detexi,
1042 5317 1100 5362 ut
1143 5323 1208 5362 ex
1238 5321 1323 5360 me
1361 5303 1700 5375 pernoscatis
1727 5303 1856 5373 quid

269 5399 333 5462 de
356 5405 660 5477 perditione
687 5402 979 5457 Remorum
1008 5399 1306 5470 intelligere
1328 5396 1590 5452 debeatis.

743 5531 1082 5590 EPISTOLA
1113 5528 1373 5586 CLXXX.

458 5647 526 5686 AD
549 5642 936 5685 ADALBEBONEI
964 5637 1258 5680 EPISCOPUII
1282 5636 1677 5678 VIRDUNENSEH.

342 5745 596 5802 Omnium
624 5743 976 5800 consiliorum
1000 5759 1242 5799 meorum
1267 5743 1518 5813 participi
1547 5758 1610 5798 ac
1640 5739 1861 5796 conscio

277 5854 379 5894 non
402 5837 570 5893 multa
610 5837 774 5894 verba
808 5837 1052 5893 facturus
1091 5851 1228 5891 sum.
1263 5834 1407 5892 Satis
1433 5835 1579 5892 enim
1610 5841 1731 5905 post
1760 5831 1860 5886 Pa-

1957 4695 2013 4741 et
2041 4685 2316 4740 afﬁnitatis
2343 4683 2536 4754 dignos
2561 4681 2825 4736 hactenus
2855 4676 3108 4732 duxistis.

2413 4791 2748 4850 EPISTOLA
2784 4789 3089 4846 CLXXXII.

2029 4909 2287 4968 Felicitas
2317 4917 2496 4963 vestra
2522 4906 2749 4978 gloriam
2778 4902 2939 4959 simul
2984 4900 3139 4956 nobis
3159 4899 3302 4970 parit
3327 4904 3382 4952 ct
3407 4893 3556 4952 sola-

1961 5003 2118 5058 tium.
2147 5002 2245 5057 Ubi
2277 5001 2423 5055 enim
2452 5007 2536 5053 est
2564 5012 2670 5051 una
2699 5010 2848 5060 caro,
2891 5003 2945 5048 et
2974 5007 3112 5047 unus
3139 4988 3378 5059 sanguis,
3405 4986 3476 5041 ibi
3501 4993 3558 5041 et

1962 5110 2104 5149 unus
2151 5089 2398 5146 allectus.
2454 5088 2600 5143 Abiit
2625 5087 2714 5140 illa
2763 5085 2902 5150 dies,
2936 5098 3036 5138 nec
3068 5079 3253 5136 redeat
3294 5091 3554 5146 unquam,

1965 5187 2016 5240 iu
2047 5200 2152 5255 qua
2180 5190 2362 5236 vester
2393 5192 2596 5233 maeror
2627 5173 3029 5230 ineluctabilcm
3055 5169 3210 5224 nobis
3237 5167 3379 5238 parit
3409 5167 3558 5220 dolo-

1963 5293 2099 5332 rem.
2125 5274 2195 5330 Et
2226 5288 2368 5327 nunc
2419 5269 2636 5340 quidem
2668 5268 2722 5322 itt
2754 5281 2908 5337 pace,
2956 5265 3098 5317 sicut
3128 5269 3183 5316 et
3221 5267 3350 5312 tunc
3383 5257 3434 5309 itt
3461 5269 3552 5308 an4

1961 5367 2157 5439 gustia,
2194 5379 2290 5419 nos
2313 5371 2608 5430 nostraque
2637 5369 2816 5414 vestro
2843 5356 3216 5412 condonamus
3245 5347 3508 5419 obsequio
3533 5366 3552 5404 :

1965 5470 2022 5514 ut
2053 5460 2097 5514 si
2121 5457 2249 5528 quid
2293 5469 2549 5525 magnum
2596 5459 2884 5520 vestraque
2921 5446 3142 5517 dignum
3175 5441 3439 5498 memoria
3470 5439 3558 5494 vel

1965 5553 2014 5607 vi
2038 5551 2124 5608 vel
2155 5549 2370 5621 ingenio
2393 5545 2610 5619 aggredi
2639 5539 2934 5604 conamini,
2963 5545 3149 5594 nostra
3175 5534 3404 5591 utamini
3429 5546 3560 5601 ope-

1969 5663 2052 5710 ra,
2093 5643 2397 5714 diligentia,
2449 5638 2700 5702 cousilio,
2749 5634 2991 5706 ingenio,
3045 5631 3274 5686 viribus.
3325 5625 3560 5695 Quodsi

1966 5737 2136 5792 auieti
2164 5743 2219 5790 et
2249 5733 2464 5790 silentio
2506 5727 2761 5796 studetis,
2789 5737 2842 5783 et
2886 5725 2952 5781 ad
2979 5739 3218 5796 praesens
3236 5733 3291 5778 et
3325 5721 3378 5776 in
3399 5729 3564 5774 acter-

1969 5839 2097 5887 ‘num
2128 5828 2287 5885 liceat
2317 5823 2472 5882 nobis
2514 5822 2749 5893 gaudere
2790 5825 2944 5877 vobis
2972 5831 3094 5875 cum
3117 5828 3252 5888 pace
3279 5826 3334 5889 et
3357 5824 3558 5883 qurere,
