  <div class='ocr_page' id='page_1' title='image "/cluster/home/n/w/nwhite01/storage/ocr_20150623/139/hvd.32044015471782/131.png"; bbox 0 0 4036 6334; ppageno 0'>
   <div class='ocr_carea' id='block_1_1' title="bbox 499 310 598 368">
    <p class='ocr_par' dir='ltr' id='par_1_1' title="bbox 499 310 598 368">
     <span class='ocr_line' id='line_1_1' title="bbox 499 310 598 368; baseline 0.04 -5"><span class='ocrx_word' id='word_1_1' title='bbox 499 310 598 368; x_wconf 66' lang='lat'><strong>2‘51</strong></span> 
     </span>
    </p>
   </div>
   <div class='ocr_carea' id='block_1_2' title="bbox 501 526 2084 609">
    <p class='ocr_par' dir='ltr' id='par_1_2' title="bbox 501 526 2084 609">
     <span class='ocr_line' id='line_1_2' title="bbox 501 526 2084 609; baseline 0.018 -36"><span class='ocrx_word' id='word_1_2' title='bbox 501 531 743 588; x_wconf 81' lang='lat' dir='ltr'><strong>sequam</strong></span> <span class='ocrx_word' id='word_1_3' title='bbox 774 538 870 577; x_wconf 83' lang='lat' dir='ltr'><strong>vos</strong></span> <span class='ocrx_word' id='word_1_4' title='bbox 900 526 1176 594; x_wconf 83' lang='lat' dir='ltr'><strong>prodesse.</strong></span> <span class='ocrx_word' id='word_1_5' title='bbox 1207 529 1309 600; x_wconf 90' lang='lat' dir='ltr'><strong>Sit,</strong></span> <span class='ocrx_word' id='word_1_6' title='bbox 1337 534 1383 589; x_wconf 92' lang='lat' dir='ltr'><strong>si</strong></span> <span class='ocrx_word' id='word_1_7' title='bbox 1411 535 1527 592; x_wconf 84' lang='lat' dir='ltr'><strong>ﬁeri</strong></span> <span class='ocrx_word' id='word_1_8' title='bbox 1572 549 1768 609; x_wconf 88' lang='lat' dir='ltr'><strong>potest,</strong></span> <span class='ocrx_word' id='word_1_9' title='bbox 1812 542 1957 600; x_wconf 87' lang='lat' dir='ltr'><strong>inter</strong></span> <span class='ocrx_word' id='word_1_10' title='bbox 1985 562 2084 603; x_wconf 90' lang='lat' dir='ltr'><strong>uos</strong></span> 
     </span>
    </p>
   </div>
   <div class='ocr_carea' id='block_1_3' title="bbox 499 610 2080 692">
    <p class='ocr_par' dir='ltr' id='par_1_3' title="bbox 499 610 2080 692">
     <span class='ocr_line' id='line_1_3' title="bbox 499 610 2080 692; baseline 0.021 -33"><span class='ocrx_word' id='word_1_11' title='bbox 499 621 564 661; x_wconf 83' lang='lat' dir='ltr'><strong>ac</strong></span> <span class='ocrx_word' id='word_1_12' title='bbox 590 610 859 667; x_wconf 84' lang='lat' dir='ltr'><strong>seniorem</strong></span> <span class='ocrx_word' id='word_1_13' title='bbox 887 625 1128 681; x_wconf 81' lang='lat' dir='ltr'><strong>vestrum</strong></span> <span class='ocrx_word' id='word_1_14' title='bbox 1160 620 1420 681; x_wconf 90' lang='lat' dir='ltr'><strong>honestus</strong></span> <span class='ocrx_word' id='word_1_15' title='bbox 1448 625 1666 685; x_wconf 88' lang='lat' dir='ltr'><strong>habitus</strong></span> <span class='ocrx_word' id='word_1_16' title='bbox 1692 631 2080 692; x_wconf 74' lang='lat' dir='ltr'><strong>amicitiarum.</strong></span> 
     </span>
    </p>
   </div>
   <div class='ocr_carea' id='block_1_4' title="bbox 497 693 2082 789">
    <p class='ocr_par' dir='ltr' id='par_1_4' title="bbox 497 693 2082 789">
     <span class='ocr_line' id='line_1_4' title="bbox 497 693 2082 789; baseline 0.021 -40"><span class='ocrx_word' id='word_1_17' title='bbox 497 693 841 789; x_wconf 60' lang='lat' dir='ltr'><strong>Prxscribite</strong></span> <span class='ocrx_word' id='word_1_18' title='bbox 864 706 1137 775; x_wconf 89' lang='lat' dir='ltr'><strong>sequenda</strong></span> <span class='ocrx_word' id='word_1_19' title='bbox 1159 720 1215 765; x_wconf 90' lang='lat' dir='ltr'><strong>et</strong></span> <span class='ocrx_word' id='word_1_20' title='bbox 1233 713 1471 780; x_wconf 89' lang='lat' dir='ltr'><strong>vitanda,</strong></span> <span class='ocrx_word' id='word_1_21' title='bbox 1503 733 1606 774; x_wconf 91' lang='lat' dir='ltr'><strong>nec</strong></span> <span class='ocrx_word' id='word_1_22' title='bbox 1630 721 1912 789; x_wconf 91' lang='lat' dir='ltr'><strong>patiamini</strong></span> <span class='ocrx_word' id='word_1_23' title='bbox 1942 725 2082 783; x_wconf 89' lang='lat' dir='ltr'><strong>dolis</strong></span> 
     </span>
    </p>
   </div>
   <div class='ocr_carea' id='block_1_5' title="bbox 498 787 2080 880">
    <p class='ocr_par' dir='ltr' id='par_1_5' title="bbox 498 787 2080 880">
     <span class='ocr_line' id='line_1_5' title="bbox 498 787 2080 880; baseline 0.021 -39"><span class='ocrx_word' id='word_1_24' title='bbox 498 796 552 843; x_wconf 88' lang='lat' dir='ltr'><strong>et</strong></span> <span class='ocrx_word' id='word_1_25' title='bbox 603 787 883 850; x_wconf 80' lang='lat' dir='ltr'><strong>fraudibus</strong></span> <span class='ocrx_word' id='word_1_26' title='bbox 928 811 1026 852; x_wconf 89' lang='lat' dir='ltr'><strong>nos</strong></span> <span class='ocrx_word' id='word_1_27' title='bbox 1065 800 1458 879; x_wconf 74' lang='lat' dir='ltr'><strong>circumscribi,</strong></span> <span class='ocrx_word' id='word_1_28' title='bbox 1488 810 1579 880; x_wconf 91' lang='lat' dir='ltr'><strong>qui</strong></span> <span class='ocrx_word' id='word_1_29' title='bbox 1612 787 1883 869; x_wconf 81' lang='lat' dir='ltr'><strong>nullorum</strong></span> <span class='ocrx_word' id='word_1_30' title='bbox 1909 815 2080 874; x_wconf 89' lang='lat' dir='ltr'><strong>homi-</strong></span> 
     </span>
    </p>
   </div>
   <div class='ocr_carea' id='block_1_6' title="bbox 497 882 1864 975">
    <p class='ocr_par' dir='ltr' id='par_1_6' title="bbox 497 882 1864 975">
     <span class='ocr_line' id='line_1_6' title="bbox 497 882 1864 975; baseline 0.02 -43"><span class='ocrx_word' id='word_1_31' title='bbox 497 894 627 934; x_wconf 86' lang='lat' dir='ltr'><strong>num</strong></span> <span class='ocrx_word' id='word_1_32' title='bbox 654 882 949 961; x_wconf 80' lang='lat' dir='ltr'><strong>amicitiam</strong></span> <span class='ocrx_word' id='word_1_33' title='bbox 977 902 1164 946; x_wconf 91' lang='lat' dir='ltr'><strong>contra</strong></span> <span class='ocrx_word' id='word_1_34' title='bbox 1204 909 1300 952; x_wconf 85' lang='lat' dir='ltr'><strong>vos</strong></span> <span class='ocrx_word' id='word_1_35' title='bbox 1322 896 1664 973; x_wconf 79' lang='lat' dir='ltr'><strong>decrevimus</strong></span> <span class='ocrx_word' id='word_1_36' title='bbox 1691 905 1864 975; x_wconf 89' lang='lat' dir='ltr'><strong>sequi.</strong></span> 
     </span>
    </p>
   </div>
   <div class='ocr_carea' id='block_1_7' title="bbox 938 970 1679 1070">
    <p class='ocr_par' dir='ltr' id='par_1_7' title="bbox 938 970 1679 1070">
     <span class='ocr_line' id='line_1_7' title="bbox 938 970 1679 1070; baseline 0.023 -17"><span class='ocrx_word' id='word_1_37' title='bbox 938 970 1273 1061; x_wconf 68' lang='lat' dir='ltr'><strong>nrtsrom</strong></span> <span class='ocrx_word' id='word_1_38' title='bbox 1307 970 1679 1070; x_wconf 49' lang='lat' dir='ltr'><strong>CLXXXIII.“</strong></span> 
     </span>
    </p>
   </div>
   <div class='ocr_carea' id='block_1_8' title="bbox 563 1097 2008 1170">
    <p class='ocr_par' dir='ltr' id='par_1_8' title="bbox 563 1097 2008 1170">
     <span class='ocr_line' id='line_1_8' title="bbox 563 1097 2008 1170; baseline 0.024 -34"><span class='ocrx_word' id='word_1_39' title='bbox 563 1097 801 1142; x_wconf 75' lang='lat' dir='ltr'><strong>xrtscort</strong></span> <span class='ocrx_word' id='word_1_40' title='bbox 849 1103 1103 1148; x_wconf 66' lang='lat' dir='ltr'><strong>annosus</strong></span> <span class='ocrx_word' id='word_1_41' title='bbox 1144 1113 1450 1165; x_wconf 74' lang='lat' dir='ltr'><strong>lel-ICESEOS</strong></span> <span class='ocrx_word' id='word_1_42' title='bbox 1519 1121 1765 1164; x_wconf 76' lang='lat' dir='ltr'><strong>SALUTEII</strong></span> <span class='ocrx_word' id='word_1_43' title='bbox 1809 1118 2008 1170; x_wconf 74' lang='lat' dir='ltr'><strong>utcum-</strong></span> 
     </span>
    </p>
   </div>
   <div class='ocr_carea' id='block_1_9' title="bbox 917 1176 1651 1243">
    <p class='ocr_par' dir='ltr' id='par_1_9' title="bbox 917 1176 1651 1243">
     <span class='ocr_line' id='line_1_9' title="bbox 917 1176 1651 1243; baseline 0.029 -29"><span class='ocrx_word' id='word_1_44' title='bbox 917 1176 1156 1221; x_wconf 69' lang='lat' dir='ltr'><strong>REVEREN</strong></span> <span class='ocrx_word' id='word_1_45' title='bbox 1165 1185 1372 1228; x_wconf 72' lang='grc' dir='ltr'><strong>’1⁵18811ιο</strong></span> <span class='ocrx_word' id='word_1_46' title='bbox 1407 1191 1565 1243; x_wconf 57' lang='grc' dir='ltr'><strong>ΡΔἸΊᾏΙ</strong></span> <span class='ocrx_word' id='word_1_47' title='bbox 1596 1193 1651 1235; x_wconf 74' lang='lat' dir='ltr'><strong>ﬂ.</strong></span> 
     </span>
    </p>
   </div>
   <div class='ocr_carea' id='block_1_10' title="bbox 565 1265 2076 1359">
    <p class='ocr_par' dir='ltr' id='par_1_10' title="bbox 565 1265 2076 1359">
     <span class='ocr_line' id='line_1_10' title="bbox 565 1265 2076 1359; baseline 0.022 -38"><span class='ocrx_word' id='word_1_48' title='bbox 565 1265 833 1334; x_wconf 84' lang='lat' dir='ltr'><strong>Quoniam</strong></span> <span class='ocrx_word' id='word_1_49' title='bbox 884 1272 1055 1332; x_wconf 79' lang='lat' dir='ltr'><strong>frater</strong></span> <span class='ocrx_word' id='word_1_50' title='bbox 1099 1289 1158 1335; x_wconf 91' lang='lat' dir='ltr'><strong>et</strong></span> <span class='ocrx_word' id='word_1_51' title='bbox 1202 1284 1560 1359; x_wconf 88' lang='lat' dir='ltr'><strong>coepiscopus</strong></span> <span class='ocrx_word' id='word_1_52' title='bbox 1605 1304 1792 1349; x_wconf 84' lang='lat' dir='ltr'><strong>noster</strong></span> <span class='ocrx_word' id='word_1_53' title='bbox 1830 1296 1896 1350; x_wconf 82' lang='lat' dir='ltr'><strong>A.</strong></span> <span class='ocrx_word' id='word_1_54' title='bbox 1936 1297 2076 1355; x_wconf 88' lang='lat' dir='ltr'><strong>infra</strong></span> 
     </span>
    </p>
   </div>
   <div class='ocr_carea' id='block_1_11' title="bbox 490 1362 2080 1455">
    <p class='ocr_par' dir='ltr' id='par_1_11' title="bbox 490 1362 2080 1455">
     <span class='ocr_line' id='line_1_11' title="bbox 490 1362 2080 1455; baseline 0.019 -41"><span class='ocrx_word' id='word_1_55' title='bbox 490 1374 646 1416; x_wconf 87' lang='lat' dir='ltr'><strong>suam</strong></span> <span class='ocrx_word' id='word_1_56' title='bbox 686 1362 984 1423; x_wconf 88' lang='lat' dir='ltr'><strong>Ecclesiam</strong></span> <span class='ocrx_word' id='word_1_57' title='bbox 1036 1383 1246 1441; x_wconf 76' lang='lat' dir='ltr'><strong>captus,</strong></span> <span class='ocrx_word' id='word_1_58' title='bbox 1301 1391 1522 1450; x_wconf 83' lang='lat' dir='ltr'><strong>propter</strong></span> <span class='ocrx_word' id='word_1_59' title='bbox 1580 1385 1684 1439; x_wconf 88' lang='lat' dir='ltr'><strong>vim</strong></span> <span class='ocrx_word' id='word_1_60' title='bbox 1736 1388 1992 1455; x_wconf 90' lang='lat' dir='ltr'><strong>hostium,</strong></span> <span class='ocrx_word' id='word_1_61' title='bbox 2019 1399 2080 1445; x_wconf 89' lang='lat' dir='ltr'><strong>ut</strong></span> 
     </span>
    </p>
   </div>
   <div class='ocr_carea' id='block_1_12' title="bbox 489 1449 2076 1548">
    <p class='ocr_par' dir='ltr' id='par_1_12' title="bbox 489 1449 2076 1548">
     <span class='ocr_line' id='line_1_12' title="bbox 489 1449 2076 1548; baseline 0.02 -44"><span class='ocrx_word' id='word_1_62' title='bbox 489 1449 685 1520; x_wconf 83' lang='lat' dir='ltr'><strong>fertur,</strong></span> <span class='ocrx_word' id='word_1_63' title='bbox 730 1472 838 1512; x_wconf 89' lang='lat' dir='ltr'><strong>non</strong></span> <span class='ocrx_word' id='word_1_64' title='bbox 886 1462 1021 1515; x_wconf 81' lang='lat' dir='ltr'><strong>satis</strong></span> <span class='ocrx_word' id='word_1_65' title='bbox 1061 1480 1181 1536; x_wconf 76' lang='lat' dir='ltr'><strong>qua:</strong></span> <span class='ocrx_word' id='word_1_66' title='bbox 1206 1470 1287 1523; x_wconf 85' lang='lat' dir='ltr'><strong>sui</strong></span> <span class='ocrx_word' id='word_1_67' title='bbox 1331 1471 1472 1542; x_wconf 88' lang='lat' dir='ltr'><strong>juris</strong></span> <span class='ocrx_word' id='word_1_68' title='bbox 1502 1485 1631 1530; x_wconf 91' lang='lat' dir='ltr'><strong>sunt</strong></span> <span class='ocrx_word' id='word_1_69' title='bbox 1661 1480 1884 1548; x_wconf 81' lang='lat' dir='ltr'><strong>exsequi</strong></span> <span class='ocrx_word' id='word_1_70' title='bbox 1915 1482 2076 1548; x_wconf 88' lang='lat' dir='ltr'><strong>valet,</strong></span> 
     </span>
    </p>
   </div>
   <div class='ocr_carea' id='block_1_13' title="bbox 489 1547 2079 1634">
    <p class='ocr_par' dir='ltr' id='par_1_13' title="bbox 489 1547 2079 1634">
     <span class='ocr_line' id='line_1_13' title="bbox 489 1547 2079 1634; baseline 0.022 -41"><span class='ocrx_word' id='word_1_71' title='bbox 489 1555 591 1595; x_wconf 88' lang='lat' dir='ltr'><strong>nos</strong></span> <span class='ocrx_word' id='word_1_72' title='bbox 614 1547 785 1599; x_wconf 89' lang='lat' dir='ltr'><strong>nostri</strong></span> <span class='ocrx_word' id='word_1_73' title='bbox 810 1547 968 1605; x_wconf 83' lang='lat' dir='ltr'><strong>cilicii</strong></span> <span class='ocrx_word' id='word_1_74' title='bbox 992 1568 1096 1607; x_wconf 91' lang='lat' dir='ltr'><strong>non</strong></span> <span class='ocrx_word' id='word_1_75' title='bbox 1122 1554 1497 1627; x_wconf 78' lang='lat' dir='ltr'><strong>immemores,</strong></span> <span class='ocrx_word' id='word_1_76' title='bbox 1514 1567 1656 1634; x_wconf 87' lang='lat' dir='ltr'><strong>quod</strong></span> <span class='ocrx_word' id='word_1_77' title='bbox 1679 1547 1882 1624; x_wconf 12' lang='lat' dir='ltr'><strong>olimiin</strong></span> <span class='ocrx_word' id='word_1_78' title='bbox 1910 1571 2079 1627; x_wconf 88' lang='lat' dir='ltr'><strong>famo-</strong></span> 
     </span>
    </p>
   </div>
   <div class='ocr_carea' id='block_1_14' title="bbox 488 1631 2080 1731">
    <p class='ocr_par' dir='ltr' id='par_1_14' title="bbox 488 1631 2080 1731">
     <span class='ocr_line' id='line_1_14' title="bbox 488 1631 2080 1731; baseline 0.021 -46"><span class='ocrx_word' id='word_1_79' title='bbox 488 1631 736 1689; x_wconf 87' lang='lat' dir='ltr'><strong>sissimos</strong></span> <span class='ocrx_word' id='word_1_80' title='bbox 759 1640 1042 1706; x_wconf 78' lang='lat' dir='ltr'><strong>praedones</strong></span> <span class='ocrx_word' id='word_1_81' title='bbox 1090 1659 1190 1701; x_wconf 88' lang='lat' dir='ltr'><strong>suo</strong></span> <span class='ocrx_word' id='word_1_82' title='bbox 1217 1651 1444 1708; x_wconf 85' lang='lat' dir='ltr'><strong>consilio</strong></span> <span class='ocrx_word' id='word_1_83' title='bbox 1473 1631 1795 1727; x_wconf 78' lang='lat' dir='ltr'><strong>feceramus,</strong></span> <span class='ocrx_word' id='word_1_84' title='bbox 1828 1663 2080 1731; x_wconf 84' lang='lat' dir='ltr'><strong>repetivi-</strong></span> 
     </span>
    </p>
   </div>
   <div class='ocr_carea' id='block_1_15' title="bbox 489 1725 2078 1818">
    <p class='ocr_par' dir='ltr' id='par_1_15' title="bbox 489 1725 2078 1818">
     <span class='ocr_line' id='line_1_15' title="bbox 489 1725 2078 1818; baseline 0.021 -42"><span class='ocrx_word' id='word_1_85' title='bbox 489 1738 630 1780; x_wconf 88' lang='lat' dir='ltr'><strong>mus.</strong></span> <span class='ocrx_word' id='word_1_86' title='bbox 675 1725 786 1784; x_wconf 89' lang='lat' dir='ltr'><strong>lloc</strong></span> <span class='ocrx_word' id='word_1_87' title='bbox 816 1731 1024 1801; x_wconf 88' lang='lat' dir='ltr'><strong>addito,</strong></span> <span class='ocrx_word' id='word_1_88' title='bbox 1067 1739 1211 1807; x_wconf 89' lang='lat' dir='ltr'><strong>quod</strong></span> <span class='ocrx_word' id='word_1_89' title='bbox 1238 1741 1292 1797; x_wconf 90' lang='lat' dir='ltr'><strong>in</strong></span> <span class='ocrx_word' id='word_1_90' title='bbox 1329 1745 1452 1799; x_wconf 89' lang='lat' dir='ltr'><strong>cibo</strong></span> <span class='ocrx_word' id='word_1_91' title='bbox 1472 1755 1527 1801; x_wconf 88' lang='lat' dir='ltr'><strong>et</strong></span> <span class='ocrx_word' id='word_1_92' title='bbox 1571 1758 1698 1818; x_wconf 90' lang='lat' dir='ltr'><strong>potu</strong></span> <span class='ocrx_word' id='word_1_93' title='bbox 1730 1725 1919 1806; x_wconf 75' lang='lat' dir='ltr'><strong>contra</strong></span> <span class='ocrx_word' id='word_1_94' title='bbox 1942 1753 2078 1808; x_wconf 90' lang='lat' dir='ltr'><strong>divi-</strong></span> 
     </span>
    </p>
   </div>
   <div class='ocr_carea' id='block_1_16' title="bbox 485 1819 2203 1912">
    <p class='ocr_par' dir='ltr' id='par_1_16' title="bbox 485 1819 2203 1912">
     <span class='ocr_line' id='line_1_16' title="bbox 485 1819 2203 1912; baseline 0.023 -45"><span class='ocrx_word' id='word_1_95' title='bbox 485 1830 615 1869; x_wconf 90' lang='lat' dir='ltr'><strong>num</strong></span> <span class='ocrx_word' id='word_1_96' title='bbox 637 1832 701 1873; x_wconf 89' lang='lat' dir='ltr'><strong>ac</strong></span> <span class='ocrx_word' id='word_1_97' title='bbox 718 1819 1012 1878; x_wconf 91' lang='lat' dir='ltr'><strong>humanum</strong></span> <span class='ocrx_word' id='word_1_98' title='bbox 1028 1824 1120 1895; x_wconf 88' lang='lat' dir='ltr'><strong>jus</strong></span> <span class='ocrx_word' id='word_1_99' title='bbox 1141 1831 1287 1886; x_wconf 89' lang='lat' dir='ltr'><strong>nulla</strong></span> <span class='ocrx_word' id='word_1_100' title='bbox 1304 1835 1675 1895; x_wconf 89' lang='lat' dir='ltr'><strong>misericordia</strong></span> <span class='ocrx_word' id='word_1_101' title='bbox 1692 1843 1847 1898; x_wconf 82' lang='lat' dir='ltr'><strong>abusi</strong></span> <span class='ocrx_word' id='word_1_102' title='bbox 1863 1861 2071 1912; x_wconf 88' lang='lat' dir='ltr'><strong>sumus,</strong></span> <span class='ocrx_word' id='word_1_103' title='bbox 2105 1827 2151 1888; x_wconf 76' lang='grc' dir='ltr'><strong>Β</strong></span> <span class='ocrx_word' id='word_1_104' title='bbox 2198 1902 2203 1907; x_wconf 83' lang='grc'><em>,</em></span> 
     </span>
    </p>
   </div>
   <div class='ocr_carea' id='block_1_17' title="bbox 482 1906 2072 1999">
    <p class='ocr_par' dir='ltr' id='par_1_17' title="bbox 482 1906 2072 1999">
     <span class='ocr_line' id='line_1_17' title="bbox 482 1906 2072 1999; baseline 0.022 -41"><span class='ocrx_word' id='word_1_105' title='bbox 482 1915 545 1958; x_wconf 91' lang='lat' dir='ltr'><strong>ut</strong></span> <span class='ocrx_word' id='word_1_106' title='bbox 572 1906 687 1977; x_wconf 89' lang='lat' dir='ltr'><strong>ipse</strong></span> <span class='ocrx_word' id='word_1_107' title='bbox 714 1925 729 1975; x_wconf 93' lang='lat'><strong>;</strong></span> <span class='ocrx_word' id='word_1_108' title='bbox 789 1913 883 1966; x_wconf 90' lang='lat' dir='ltr'><strong>sed</strong></span> <span class='ocrx_word' id='word_1_109' title='bbox 917 1913 1141 1997; x_wconf 83' lang='lat' dir='ltr'><strong>insuper</strong></span> <span class='ocrx_word' id='word_1_110' title='bbox 1168 1921 1334 1978; x_wconf 88' lang='lat' dir='ltr'><strong>duces</strong></span> <span class='ocrx_word' id='word_1_111' title='bbox 1365 1935 1420 1982; x_wconf 87' lang='lat' dir='ltr'><strong>et</strong></span> <span class='ocrx_word' id='word_1_112' title='bbox 1457 1930 1711 1999; x_wconf 91' lang='lat' dir='ltr'><strong>comites,</strong></span> <span class='ocrx_word' id='word_1_113' title='bbox 1742 1943 1798 1989; x_wconf 90' lang='lat' dir='ltr'><strong>et</strong></span> <span class='ocrx_word' id='word_1_114' title='bbox 1821 1938 2072 1993; x_wconf 88' lang='lat' dir='ltr'><strong>conscios</strong></span> 
     </span>
    </p>
   </div>
   <div class='ocr_carea' id='block_1_18' title="bbox 483 1999 2074 2103">
    <p class='ocr_par' dir='ltr' id='par_1_18' title="bbox 483 1999 2074 2103">
     <span class='ocr_line' id='line_1_18' title="bbox 483 1999 2074 2103; baseline 0.024 -54"><span class='ocrx_word' id='word_1_115' title='bbox 483 1999 651 2103; x_wconf 66' lang='lat' dir='ltr'><strong>totius</strong></span> <span class='ocrx_word' id='word_1_116' title='bbox 698 1999 950 2061; x_wconf 80' lang='lat' dir='ltr'><strong>factionis</strong></span> <span class='ocrx_word' id='word_1_117' title='bbox 1012 2011 1360 2073; x_wconf 81' lang='lat' dir='ltr'><strong>anathemate</strong></span> <span class='ocrx_word' id='word_1_118' title='bbox 1412 2020 1812 2093; x_wconf 81' lang='lat' dir='ltr'><strong>damnavimus,</strong></span> <span class='ocrx_word' id='word_1_119' title='bbox 1843 2044 2074 2103; x_wconf 84' lang='lat' dir='ltr'><strong>eamque</strong></span> 
     </span>
    </p>
   </div>
   <div class='ocr_carea' id='block_1_19' title="bbox 486 2086 2074 2181">
    <p class='ocr_par' dir='ltr' id='par_1_19' title="bbox 486 2086 2074 2181">
     <span class='ocr_line' id='line_1_19' title="bbox 486 2086 2074 2181; baseline 0.023 -40"><span class='ocrx_word' id='word_1_120' title='bbox 486 2086 784 2148; x_wconf 85' lang='lat' dir='ltr'><strong>Ecclesiam</strong></span> <span class='ocrx_word' id='word_1_121' title='bbox 811 2111 840 2149; x_wconf 90' lang='lat' dir='ltr'><strong>a</strong></span> <span class='ocrx_word' id='word_1_122' title='bbox 863 2097 1047 2157; x_wconf 89' lang='lat' dir='ltr'><strong>divino</strong></span> <span class='ocrx_word' id='word_1_123' title='bbox 1072 2100 1248 2161; x_wconf 81' lang='lat' dir='ltr'><strong>ofIicio</strong></span> <span class='ocrx_word' id='word_1_124' title='bbox 1263 2114 1663 2181; x_wconf 88' lang='lat' dir='ltr'><strong>suspendimus.</strong></span> <span class='ocrx_word' id='word_1_125' title='bbox 1678 2086 1901 2175; x_wconf 70' lang='lat' dir='ltr'><strong>Cazteris</strong></span> <span class='ocrx_word' id='word_1_126' title='bbox 1917 2086 2074 2177; x_wconf 56' lang='lat' dir='ltr'><strong>Cliri;</strong></span> 
     </span>
    </p>
   </div>
   <div class='ocr_carea' id='block_1_20' title="bbox 481 2181 2071 2285">
    <p class='ocr_par' dir='ltr' id='par_1_20' title="bbox 481 2181 2071 2285">
     <span class='ocr_line' id='line_1_20' title="bbox 481 2181 2071 2285; baseline 0.023 -51"><span class='ocrx_word' id='word_1_127' title='bbox 481 2181 689 2285; x_wconf 43' lang='lat' dir='ltr'><strong>stianis.</strong></span> <span class='ocrx_word' id='word_1_128' title='bbox 713 2186 959 2246; x_wconf 84' lang='lat' dir='ltr'><strong>fidelibus</strong></span> <span class='ocrx_word' id='word_1_129' title='bbox 999 2193 1247 2252; x_wconf 74' lang='lat' dir='ltr'><strong>sufﬁcere</strong></span> <span class='ocrx_word' id='word_1_130' title='bbox 1298 2216 1460 2271; x_wconf 83' lang='lat' dir='ltr'><strong>posse</strong></span> <span class='ocrx_word' id='word_1_131' title='bbox 1508 2204 1840 2275; x_wconf 86' lang='lat' dir='ltr'><strong>judicantes.</strong></span> <span class='ocrx_word' id='word_1_132' title='bbox 1880 2212 2071 2285; x_wconf 83' lang='lat' dir='ltr'><strong>itaque</strong></span> 
     </span>
    </p>
   </div>
   <div class='ocr_carea' id='block_1_21' title="bbox 484 2271 2068 2369">
    <p class='ocr_par' dir='ltr' id='par_1_21' title="bbox 484 2271 2068 2369">
     <span class='ocr_line' id='line_1_21' title="bbox 484 2271 2068 2369; baseline 0.023 -45"><span class='ocrx_word' id='word_1_133' title='bbox 484 2271 690 2329; x_wconf 80' lang='lat' dir='ltr'><strong>decreti</strong></span> <span class='ocrx_word' id='word_1_134' title='bbox 716 2285 878 2348; x_wconf 88' lang='lat' dir='ltr'><strong>atque</strong></span> <span class='ocrx_word' id='word_1_135' title='bbox 906 2283 1270 2344; x_wconf 88' lang='lat' dir='ltr'><strong>anathematis</strong></span> <span class='ocrx_word' id='word_1_136' title='bbox 1293 2271 1574 2364; x_wconf 79' lang='lat' dir='ltr'><strong>exemplar</strong></span> <span class='ocrx_word' id='word_1_137' title='bbox 1593 2299 1749 2354; x_wconf 85' lang='lat' dir='ltr'><strong>vobis</strong></span> <span class='ocrx_word' id='word_1_138' title='bbox 1766 2271 2068 2369; x_wconf 66' lang='lat' dir='ltr'><strong>&#39;mittimiis,</strong></span> 
     </span>
    </p>
   </div>
   <div class='ocr_carea' id='block_1_22' title="bbox 479 2371 2071 2458">
    <p class='ocr_par' dir='ltr' id='par_1_22' title="bbox 479 2371 2071 2458">
     <span class='ocr_line' id='line_1_22' title="bbox 479 2371 2071 2458; baseline 0.023 -43"><span class='ocrx_word' id='word_1_139' title='bbox 479 2371 786 2458; x_wconf 67' lang='lat' dir='ltr'><strong>nostraeque</strong></span> <span class='ocrx_word' id='word_1_140' title='bbox 828 2375 1112 2439; x_wconf 62' lang='lat' dir='ltr'><strong>sentcntiae</strong></span> <span class='ocrx_word' id='word_1_141' title='bbox 1168 2394 1264 2436; x_wconf 90' lang='lat' dir='ltr'><strong>vos</strong></span> <span class='ocrx_word' id='word_1_142' title='bbox 1294 2379 1500 2453; x_wconf 87' lang='lat' dir='ltr'><strong>favere,</strong></span> <span class='ocrx_word' id='word_1_143' title='bbox 1525 2398 1688 2458; x_wconf 88' lang='lat' dir='ltr'><strong>atque</strong></span> <span class='ocrx_word' id='word_1_144' title='bbox 1716 2391 1859 2447; x_wconf 90' lang='lat' dir='ltr'><strong>idem</strong></span> <span class='ocrx_word' id='word_1_145' title='bbox 1892 2393 2071 2451; x_wconf 87' lang='lat' dir='ltr'><strong>facere</strong></span> 
     </span>
    </p>
   </div>
   <div class='ocr_carea' id='block_1_23' title="bbox 480 2452 1386 2534">
    <p class='ocr_par' dir='ltr' id='par_1_23' title="bbox 480 2452 1386 2534">
     <span class='ocr_line' id='line_1_23' title="bbox 480 2452 1386 2534; baseline 0.024 -26"><span class='ocrx_word' id='word_1_146' title='bbox 480 2452 781 2527; x_wconf 83' lang='lat' dir='ltr'><strong>hortamur,</strong></span> <span class='ocrx_word' id='word_1_147' title='bbox 812 2476 1120 2534; x_wconf 88' lang='lat' dir='ltr'><strong>monemus,</strong></span> <span class='ocrx_word' id='word_1_148' title='bbox 1148 2486 1386 2530; x_wconf 89' lang='lat' dir='ltr'><strong>oramus.</strong></span> 
     </span>
    </p>
   </div>
   <div class='ocr_carea' id='block_1_24' title="bbox 921 2560 1624 2649">
    <p class='ocr_par' dir='ltr' id='par_1_24' title="bbox 921 2560 1624 2649">
     <span class='ocr_line' id='line_1_24' title="bbox 921 2560 1624 2649; baseline 0.023 -18"><span class='ocrx_word' id='word_1_149' title='bbox 921 2560 1260 2647; x_wconf 80' lang='lat' dir='ltr'><strong>EPISTOLA</strong></span> <span class='ocrx_word' id='word_1_150' title='bbox 1293 2585 1624 2649; x_wconf 76' lang='lat' dir='ltr'><strong>CLXXXIV.</strong></span> 
     </span>
    </p>
   </div>
   <div class='ocr_carea' id='block_1_25' title="bbox 868 2684 1674 2761">
    <p class='ocr_par' dir='ltr' id='par_1_25' title="bbox 868 2684 1674 2761">
     <span class='ocr_line' id='line_1_25' title="bbox 868 2684 1674 2761; baseline 0.02 -35"><span class='ocrx_word' id='word_1_151' title='bbox 868 2684 937 2726; x_wconf 74' lang='grc' dir='ltr'><strong>ΔΙ)</strong></span> <span class='ocrx_word' id='word_1_152' title='bbox 981 2686 1361 2737; x_wconf 68' lang='grc' dir='ltr'><strong>ΟΔΒΙΝΒΕΙΠΗΜ</strong></span> <span class='ocrx_word' id='word_1_153' title='bbox 1402 2699 1674 2761; x_wconf 54' lang='grc' dir='ltr'><strong>ΑΒΒΛΤΕῌ.</strong></span> 
     </span>
    </p>
   </div>
   <div class='ocr_carea' id='block_1_26' title="bbox 548 2750 2066 2851">
    <p class='ocr_par' dir='ltr' id='par_1_26' title="bbox 548 2750 2066 2851">
     <span class='ocr_line' id='line_1_26' title="bbox 548 2750 2066 2851; baseline 0.024 -44"><span class='ocrx_word' id='word_1_154' title='bbox 548 2750 704 2821; x_wconf 87' lang='lat' dir='ltr'><strong>Quod</strong></span> <span class='ocrx_word' id='word_1_155' title='bbox 734 2761 904 2816; x_wconf 89' lang='lat' dir='ltr'><strong>nostri</strong></span> <span class='ocrx_word' id='word_1_156' title='bbox 958 2779 1143 2822; x_wconf 86' lang='lat' dir='ltr'><strong>curam</strong></span> <span class='ocrx_word' id='word_1_157' title='bbox 1198 2774 1409 2843; x_wconf 87' lang='lat' dir='ltr'><strong>geritis,</strong></span> <span class='ocrx_word' id='word_1_158' title='bbox 1463 2756 1775 2851; x_wconf 88' lang='lat' dir='ltr'><strong>nostrisque</strong></span> <span class='ocrx_word' id='word_1_159' title='bbox 1808 2782 2066 2843; x_wconf 72' lang='lat' dir='ltr'><strong>laetamini</strong></span> 
     </span>
    </p>
   </div>
   <div class='ocr_carea' id='block_1_27' title="bbox 476 2849 2090 2940">
    <p class='ocr_par' dir='ltr' id='par_1_27' title="bbox 476 2849 2090 2940">
     <span class='ocr_line' id='line_1_27' title="bbox 476 2849 2090 2940; baseline 0.024 -43"><span class='ocrx_word' id='word_1_160' title='bbox 476 2849 803 2940; x_wconf 76' lang='lat' dir='ltr'><strong>commodis,</strong></span> <span class='ocrx_word' id='word_1_161' title='bbox 826 2852 1041 2911; x_wconf 89' lang='lat' dir='ltr'><strong>debitas</strong></span> <span class='ocrx_word' id='word_1_162' title='bbox 1058 2865 1425 2931; x_wconf 19' lang='lat' dir='ltr'><strong>vrepeudimus</strong></span> <span class='ocrx_word' id='word_1_163' title='bbox 1454 2879 1657 2940; x_wconf 83' lang='lat' dir='ltr'><strong>grates.</strong></span> <span class='ocrx_word' id='word_1_164' title='bbox 1684 2849 1802 2929; x_wconf 33' lang='lat' dir='ltr'><strong>&#39;Nec</strong></span> <span class='ocrx_word' id='word_1_165' title='bbox 1825 2876 1906 2931; x_wconf 90' lang='lat' dir='ltr'><strong>sic</strong></span> <span class='ocrx_word' id='word_1_166' title='bbox 1933 2877 2090 2935; x_wconf 50' lang='lat' dir='ltr'><strong>locisv</strong></span> 
     </span>
    </p>
   </div>
   <div class='ocr_carea' id='block_1_28' title="bbox 475 2933 2067 3033">
    <p class='ocr_par' dir='ltr' id='par_1_28' title="bbox 475 2933 2067 3033">
     <span class='ocr_line' id='line_1_28' title="bbox 475 2933 2067 3033; baseline 0.023 -46"><span class='ocrx_word' id='word_1_167' title='bbox 475 2933 822 3005; x_wconf 68' lang='lat' dir='ltr'><strong>disparantur</strong></span> <span class='ocrx_word' id='word_1_168' title='bbox 865 2949 1111 3016; x_wconf 87' lang='lat' dir='ltr'><strong>remotis,</strong></span> <span class='ocrx_word' id='word_1_169' title='bbox 1143 2966 1247 3033; x_wconf 25' lang='lat' dir='ltr'><strong>nec.</strong></span> <span class='ocrx_word' id='word_1_170' title='bbox 1281 2969 1344 3010; x_wconf 88' lang='lat' dir='ltr'><strong>ea</strong></span> <span class='ocrx_word' id='word_1_171' title='bbox 1370 2958 1575 3015; x_wconf 89' lang='lat' dir='ltr'><strong>utimur</strong></span> <span class='ocrx_word' id='word_1_172' title='bbox 1602 2962 1838 3032; x_wconf 84' lang='lat' dir='ltr'><strong>fortuna,</strong></span> <span class='ocrx_word' id='word_1_173' title='bbox 1871 2966 2067 3023; x_wconf 84' lang='lat' dir='ltr'><strong>divini-</strong></span> 
     </span>
    </p>
   </div>
   <div class='ocr_carea' id='block_1_29' title="bbox 479 3032 2066 3117">
    <p class='ocr_par' dir='ltr' id='par_1_29' title="bbox 479 3032 2066 3117">
     <span class='ocr_line' id='line_1_29' title="bbox 479 3032 2066 3117; baseline 0.025 -38"><span class='ocrx_word' id='word_1_174' title='bbox 479 3032 590 3082; x_wconf 88' lang='lat' dir='ltr'><strong>tate</strong></span> <span class='ocrx_word' id='word_1_175' title='bbox 618 3033 874 3111; x_wconf 86' lang='lat' dir='ltr'><strong>propitia,</strong></span> <span class='ocrx_word' id='word_1_176' title='bbox 928 3047 995 3112; x_wconf 25' lang='lat' dir='ltr'><strong>ut.</strong></span> <span class='ocrx_word' id='word_1_177' title='bbox 1015 3032 1269 3112; x_wconf 85' lang='lat' dir='ltr'><strong>antiquas</strong></span> <span class='ocrx_word' id='word_1_178' title='bbox 1316 3063 1426 3104; x_wconf 88' lang='lat' dir='ltr'><strong>non</strong></span> <span class='ocrx_word' id='word_1_179' title='bbox 1483 3051 1762 3111; x_wconf 89' lang='lat' dir='ltr'><strong>valeamus</strong></span> <span class='ocrx_word' id='word_1_180' title='bbox 1805 3072 2066 3117; x_wconf 81' lang='lat' dir='ltr'><strong>exercere</strong></span> 
     </span>
    </p>
   </div>
   <div class='ocr_carea' id='block_1_30' title="bbox 475 3120 2062 3220">
    <p class='ocr_par' dir='ltr' id='par_1_30' title="bbox 475 3120 2062 3220">
     <span class='ocr_line' id='line_1_30' title="bbox 475 3120 2062 3220; baseline 0.022 -48"><span class='ocrx_word' id='word_1_181' title='bbox 475 3120 765 3181; x_wconf 85' lang='lat' dir='ltr'><strong>amicitias.</strong></span> <span class='ocrx_word' id='word_1_182' title='bbox 796 3126 1111 3203; x_wconf 83' lang='lat' dir='ltr'><strong>Procurabo</strong></span> <span class='ocrx_word' id='word_1_183' title='bbox 1132 3135 1295 3207; x_wconf 83' lang='lat' dir='ltr'><strong>igitur</strong></span> <span class='ocrx_word' id='word_1_184' title='bbox 1321 3142 1466 3209; x_wconf 91' lang='lat' dir='ltr'><strong>quod</strong></span> <span class='ocrx_word' id='word_1_185' title='bbox 1489 3142 1754 3214; x_wconf 70' lang='lat' dir='ltr'><strong>iussistis,</strong></span> <span class='ocrx_word' id='word_1_186' title='bbox 1802 3157 1859 3203; x_wconf 90' lang='lat' dir='ltr'><strong>et</strong></span> <span class='ocrx_word' id='word_1_187' title='bbox 1883 3150 2062 3220; x_wconf 89' lang='lat' dir='ltr'><strong>quoad</strong></span> 
     </span>
    </p>
   </div>
   <div class='ocr_carea' id='block_1_31' title="bbox 475 3226 2065 3312">
    <p class='ocr_par' dir='ltr' id='par_1_31' title="bbox 475 3226 2065 3312">
     <span class='ocr_line' id='line_1_31' title="bbox 475 3226 2065 3312; baseline 0.019 -41"><span class='ocrx_word' id='word_1_188' title='bbox 475 3226 670 3312; x_wconf 81' lang='lat' dir='ltr'><strong>potero</strong></span> <span class='ocrx_word' id='word_1_189' title='bbox 717 3226 1072 3293; x_wconf 84' lang='lat' dir='ltr'><strong>persuasione</strong></span> <span class='ocrx_word' id='word_1_190' title='bbox 1119 3232 1203 3286; x_wconf 85' lang='lat' dir='ltr'><strong>vel</strong></span> <span class='ocrx_word' id='word_1_191' title='bbox 1255 3237 1430 3304; x_wconf 84' lang='lat' dir='ltr'><strong>gratia</strong></span> <span class='ocrx_word' id='word_1_192' title='bbox 1470 3237 1841 3311; x_wconf 84' lang='lat' dir='ltr'><strong>Augustorum</strong></span> <span class='ocrx_word' id='word_1_193' title='bbox 1892 3246 1996 3312; x_wconf 92' lang='lat' dir='ltr'><strong>uti,</strong></span> <span class='ocrx_word' id='word_1_194' title='bbox 2032 3262 2065 3303; x_wconf 92' lang='lat' dir='ltr'><strong>a</strong></span> 
     </span>
    </p>
   </div>
   <div class='ocr_carea' id='block_1_32' title="bbox 478 3308 2066 3404">
    <p class='ocr_par' dir='ltr' id='par_1_32' title="bbox 478 3308 2066 3404">
     <span class='ocr_line' id='line_1_32' title="bbox 478 3308 2066 3404; baseline 0.021 -44"><span class='ocrx_word' id='word_1_195' title='bbox 478 3308 678 3366; x_wconf 79' lang='lat' dir='ltr'><strong>vicinia</strong></span> <span class='ocrx_word' id='word_1_196' title='bbox 706 3313 999 3374; x_wconf 76' lang='lat' dir='ltr'><strong>Remorum</strong></span> <span class='ocrx_word' id='word_1_197' title='bbox 1021 3323 1208 3391; x_wconf 90' lang='lat' dir='ltr'><strong>procul</strong></span> <span class='ocrx_word' id='word_1_198' title='bbox 1233 3326 1522 3395; x_wconf 83' lang='lat' dir='ltr'><strong>dimovebo</strong></span> <span class='ocrx_word' id='word_1_199' title='bbox 1544 3308 1867 3404; x_wconf 79' lang='lat' dir='ltr'><strong>exercitum,</strong></span> <span class='ocrx_word' id='word_1_200' title='bbox 1892 3337 2066 3394; x_wconf 88' lang='lat' dir='ltr'><strong>donec</strong></span> 
     </span>
    </p>
   </div>
   <div class='ocr_carea' id='block_1_33' title="bbox 476 3401 2060 3501">
    <p class='ocr_par' dir='ltr' id='par_1_33' title="bbox 476 3401 2060 3501">
     <span class='ocr_line' id='line_1_33' title="bbox 476 3401 2060 3501; baseline 0.019 -45"><span class='ocrx_word' id='word_1_201' title='bbox 476 3401 531 3501; x_wconf 54' lang='lat' dir='ltr'><strong>in</strong></span> <span class='ocrx_word' id='word_1_202' title='bbox 557 3404 691 3461; x_wconf 88' lang='lat' dir='ltr'><strong>urbe</strong></span> <span class='ocrx_word' id='word_1_203' title='bbox 723 3409 1051 3479; x_wconf 90' lang='lat' dir='ltr'><strong>recondatis,</strong></span> <span class='ocrx_word' id='word_1_204' title='bbox 1081 3415 1127 3469; x_wconf 90' lang='lat' dir='ltr'><strong>si</strong></span> <span class='ocrx_word' id='word_1_205' title='bbox 1170 3419 1299 3487; x_wconf 91' lang='lat' dir='ltr'><strong>quid</strong></span> <span class='ocrx_word' id='word_1_206' title='bbox 1342 3421 1541 3478; x_wconf 88' lang='lat' dir='ltr'><strong>residui</strong></span> <span class='ocrx_word' id='word_1_207' title='bbox 1568 3424 1784 3482; x_wconf 89' lang='lat' dir='ltr'><strong>habetis</strong></span> <span class='ocrx_word' id='word_1_208' title='bbox 1818 3401 1874 3482; x_wconf 84' lang='lat' dir='ltr'><strong>in</strong></span> <span class='ocrx_word' id='word_1_209' title='bbox 1897 3430 2060 3501; x_wconf 86' lang='lat' dir='ltr'><strong>agris.</strong></span> 
     </span>
    </p>
   </div>
   <div class='ocr_carea' id='block_1_34' title="bbox 474 3491 2065 3587">
    <p class='ocr_par' dir='ltr' id='par_1_34' title="bbox 474 3491 2065 3587">
     <span class='ocr_line' id='line_1_34' title="bbox 474 3491 2065 3587; baseline 0.018 -40"><span class='ocrx_word' id='word_1_210' title='bbox 474 3491 777 3553; x_wconf 76' lang='lat' dir='ltr'><strong>Procurate</strong></span> <span class='ocrx_word' id='word_1_211' title='bbox 796 3499 980 3572; x_wconf 88' lang='lat' dir='ltr'><strong>itaque</strong></span> <span class='ocrx_word' id='word_1_212' title='bbox 1002 3514 1059 3559; x_wconf 92' lang='lat' dir='ltr'><strong>et</strong></span> <span class='ocrx_word' id='word_1_213' title='bbox 1081 3521 1176 3563; x_wconf 91' lang='lat' dir='ltr'><strong>vos</strong></span> <span class='ocrx_word' id='word_1_214' title='bbox 1194 3509 1361 3565; x_wconf 86' lang='lat' dir='ltr'><strong>tilium</strong></span> <span class='ocrx_word' id='word_1_215' title='bbox 1386 3528 1563 3569; x_wconf 92' lang='lat' dir='ltr'><strong>meum</strong></span> <span class='ocrx_word' id='word_1_216' title='bbox 1588 3514 1869 3587; x_wconf 83' lang='lat' dir='ltr'><strong>Aquilam,</strong></span> <span class='ocrx_word' id='word_1_217' title='bbox 1891 3491 2065 3576; x_wconf 73' lang='lat' dir='ltr'><strong>donec</strong></span> 
     </span>
    </p>
   </div>
   <div class='ocr_carea' id='block_1_35' title="bbox 474 3589 2060 3683">
    <p class='ocr_par' dir='ltr' id='par_1_35' title="bbox 474 3589 2060 3683">
     <span class='ocr_line' id='line_1_35' title="bbox 474 3589 2060 3683; baseline 0.019 -44"><span class='ocrx_word' id='word_1_218' title='bbox 474 3603 574 3659; x_wconf 88' lang='lat' dir='ltr'><strong>per</strong></span> <span class='ocrx_word' id='word_1_219' title='bbox 599 3589 889 3651; x_wconf 79' lang='lat' dir='ltr'><strong>fidissimos</strong></span> <span class='ocrx_word' id='word_1_220' title='bbox 919 3597 1051 3652; x_wconf 90' lang='lat' dir='ltr'><strong>mihi</strong></span> <span class='ocrx_word' id='word_1_221' title='bbox 1080 3601 1643 3675; x_wconf 67' lang='lat' dir='ltr'><strong>remittatisamicos.</strong></span> <span class='ocrx_word' id='word_1_222' title='bbox 1660 3607 1727 3667; x_wconf 84' lang='lat' dir='ltr'><strong>Et</strong></span> <span class='ocrx_word' id='word_1_223' title='bbox 1750 3625 1817 3665; x_wconf 89' lang='lat' dir='ltr'><strong>ne</strong></span> <span class='ocrx_word' id='word_1_224' title='bbox 1843 3610 2060 3683; x_wconf 83' lang='lat' dir='ltr'><strong>ignore-</strong></span> 
     </span>
    </p>
   </div>
   <div class='ocr_carea' id='block_1_36' title="bbox 472 3678 2063 3761">
    <p class='ocr_par' dir='ltr' id='par_1_36' title="bbox 472 3678 2063 3761">
     <span class='ocr_line' id='line_1_36' title="bbox 472 3678 2063 3761; baseline 0.016 -26"><span class='ocrx_word' id='word_1_225' title='bbox 472 3678 544 3735; x_wconf 88' lang='lat' dir='ltr'><strong>tis</strong></span> <span class='ocrx_word' id='word_1_226' title='bbox 588 3696 711 3750; x_wconf 72' lang='lat' dir='ltr'><strong>qua:</strong></span> <span class='ocrx_word' id='word_1_227' title='bbox 742 3687 978 3756; x_wconf 83' lang='lat' dir='ltr'><strong>synodus</strong></span> <span class='ocrx_word' id='word_1_228' title='bbox 1009 3689 1381 3761; x_wconf 87' lang='lat' dir='ltr'><strong>episcoporum</strong></span> <span class='ocrx_word' id='word_1_229' title='bbox 1407 3706 1608 3754; x_wconf 73' lang='lat' dir='ltr'><strong>nostrre</strong></span> <span class='ocrx_word' id='word_1_230' title='bbox 1631 3678 1936 3759; x_wconf 76' lang='lat' dir='ltr'><strong>dioeceseos</strong></span> <span class='ocrx_word' id='word_1_231' title='bbox 1966 3704 2063 3760; x_wconf 86' lang='lat' dir='ltr'><strong>de-</strong></span> 
     </span>
    </p>
   </div>
   <div class='ocr_carea' id='block_1_37' title="bbox 471 3771 2063 3866">
    <p class='ocr_par' dir='ltr' id='par_1_37' title="bbox 471 3771 2063 3866">
     <span class='ocr_line' id='line_1_37' title="bbox 471 3771 2063 3866; baseline 0.018 -43"><span class='ocrx_word' id='word_1_232' title='bbox 471 3771 723 3836; x_wconf 90' lang='lat' dir='ltr'><strong>creverit,</strong></span> <span class='ocrx_word' id='word_1_233' title='bbox 753 3776 1035 3847; x_wconf 79' lang='lat' dir='ltr'><strong>exemplar</strong></span> <span class='ocrx_word' id='word_1_234' title='bbox 1056 3794 1238 3837; x_wconf 88' lang='lat' dir='ltr'><strong>rerum</strong></span> <span class='ocrx_word' id='word_1_235' title='bbox 1280 3795 1555 3854; x_wconf 84' lang='lat' dir='ltr'><strong>gestarum</strong></span> <span class='ocrx_word' id='word_1_236' title='bbox 1582 3789 1736 3846; x_wconf 86' lang='lat' dir='ltr'><strong>vobis</strong></span> <span class='ocrx_word' id='word_1_237' title='bbox 1755 3793 2063 3866; x_wconf 87' lang='lat' dir='ltr'><strong>nostrisque</strong></span> 
     </span>
    </p>
   </div>
   <div class='ocr_carea' id='block_1_38' title="bbox 477 3860 2062 3958">
    <p class='ocr_par' dir='ltr' id='par_1_38' title="bbox 477 3860 2062 3958">
     <span class='ocr_line' id='line_1_38' title="bbox 477 3860 2062 3958; baseline 0.019 -45"><span class='ocrx_word' id='word_1_238' title='bbox 477 3860 636 3916; x_wconf 87' lang='lat' dir='ltr'><strong>mitto</strong></span> <span class='ocrx_word' id='word_1_239' title='bbox 665 3864 846 3929; x_wconf 90' lang='lat' dir='ltr'><strong>sociis,</strong></span> <span class='ocrx_word' id='word_1_240' title='bbox 876 3877 936 3923; x_wconf 90' lang='lat' dir='ltr'><strong>ut</strong></span> <span class='ocrx_word' id='word_1_241' title='bbox 955 3870 1157 3928; x_wconf 79' lang='lat' dir='ltr'><strong>exinde</strong></span> <span class='ocrx_word' id='word_1_242' title='bbox 1197 3878 1536 3944; x_wconf 88' lang='lat' dir='ltr'><strong>pernoscatis</strong></span> <span class='ocrx_word' id='word_1_243' title='bbox 1565 3880 1694 3951; x_wconf 89' lang='lat' dir='ltr'><strong>quid</strong></span> <span class='ocrx_word' id='word_1_244' title='bbox 1720 3885 1900 3954; x_wconf 89' lang='lat' dir='ltr'><strong>sequi,</strong></span> <span class='ocrx_word' id='word_1_245' title='bbox 1931 3860 2062 3958; x_wconf 76' lang='lat' dir='ltr'><strong>quid</strong></span> 
     </span>
    </p>
   </div>
   <div class='ocr_carea' id='block_1_39' title="bbox 471 3953 1755 4017">
    <p class='ocr_par' dir='ltr' id='par_1_39' title="bbox 471 3953 1755 4017">
     <span class='ocr_line' id='line_1_39' title="bbox 471 3953 1755 4017; baseline 0.016 -12"><span class='ocrx_word' id='word_1_246' title='bbox 471 3953 644 4011; x_wconf 88' lang='lat' dir='ltr'><strong>vitare</strong></span> <span class='ocrx_word' id='word_1_247' title='bbox 661 3956 925 4017; x_wconf 89' lang='lat' dir='ltr'><strong>debeatis.</strong></span> <span class='ocrx_word' id='word_1_248' title='bbox 1748 3994 1755 3999; x_wconf 86' lang='lat'><strong>-</strong></span> 
     </span>
    </p>
   </div>
   <div class='ocr_carea' id='block_1_40' title="bbox 930 4073 1605 4142">
    <p class='ocr_par' dir='ltr' id='par_1_40' title="bbox 930 4073 1605 4142">
     <span class='ocr_line' id='line_1_40' title="bbox 930 4073 1605 4142; baseline 0.019 -13"><span class='ocrx_word' id='word_1_249' title='bbox 930 4073 1264 4135; x_wconf 80' lang='lat' dir='ltr'><strong>EPISTOLA</strong></span> <span class='ocrx_word' id='word_1_250' title='bbox 1299 4082 1605 4142; x_wconf 77' lang='lat' dir='ltr'><strong>CLXXXV.</strong></span> 
     </span>
    </p>
   </div>
   <div class='ocr_carea' id='block_1_41' title="bbox 467 4168 2056 4240">
    <p class='ocr_par' dir='ltr' id='par_1_41' title="bbox 467 4168 2056 4240">
     <span class='ocr_line' id='line_1_41' title="bbox 467 4168 2056 4240; baseline 0.017 -27"><span class='ocrx_word' id='word_1_251' title='bbox 467 4168 726 4218; x_wconf 75' lang='lat' dir='ltr'><strong>LIBELLUS</strong></span> <span class='ocrx_word' id='word_1_252' title='bbox 760 4179 974 4223; x_wconf 72' lang='lat' dir='ltr'><strong>REPUDH</strong></span> <span class='ocrx_word' id='word_1_253' title='bbox 1008 4185 1277 4229; x_wconf 74' lang='lat' dir='ltr'><strong>GEBBERTI</strong></span> <span class='ocrx_word' id='word_1_254' title='bbox 1317 4190 1599 4235; x_wconf 72' lang='lat' dir='ltr'><strong>ARNULPHO</strong></span> <span class='ocrx_word' id='word_1_255' title='bbox 1625 4195 2056 4240; x_wconf 76' lang='lat' dir='ltr'><strong>ARCBIEPISCOPO.</strong></span> 
     </span>
    </p>
   </div>
   <div class='ocr_carea' id='block_1_42' title="bbox 470 4272 2057 4360">
    <p class='ocr_par' dir='ltr' id='par_1_42' title="bbox 470 4272 2057 4360">
     <span class='ocr_line' id='line_1_42' title="bbox 470 4272 2057 4360; baseline 0.018 -37"><span class='ocrx_word' id='word_1_256' title='bbox 470 4282 483 4289; x_wconf 90' lang='grc'><strong>·</strong></span> <span class='ocrx_word' id='word_1_257' title='bbox 546 4272 642 4327; x_wconf 90' lang='lat' dir='ltr'><strong>Diu</strong></span> <span class='ocrx_word' id='word_1_258' title='bbox 669 4275 1005 4360; x_wconf 88' lang='lat' dir='ltr'><strong>multumque</strong></span> <span class='ocrx_word' id='word_1_259' title='bbox 1031 4284 1161 4339; x_wconf 91' lang='lat' dir='ltr'><strong>mihi</strong></span> <span class='ocrx_word' id='word_1_260' title='bbox 1196 4285 1247 4340; x_wconf 94' lang='lat' dir='ltr'><strong>in</strong></span> <span class='ocrx_word' id='word_1_261' title='bbox 1278 4288 1460 4345; x_wconf 90' lang='lat' dir='ltr'><strong>animo</strong></span> <span class='ocrx_word' id='word_1_262' title='bbox 1478 4291 1757 4360; x_wconf 89' lang='lat' dir='ltr'><strong>replicanti</strong></span> <span class='ocrx_word' id='word_1_263' title='bbox 1789 4294 2057 4352; x_wconf 87' lang='lat' dir='ltr'><strong>infelicem</strong></span> 
     </span>
    </p>
   </div>
   <div class='ocr_carea' id='block_1_43' title="bbox 470 4356 2059 4441">
    <p class='ocr_par' dir='ltr' id='par_1_43' title="bbox 470 4356 2059 4441">
     <span class='ocr_line' id='line_1_43' title="bbox 470 4356 2059 4441; baseline 0.016 -25"><span class='ocrx_word' id='word_1_264' title='bbox 470 4369 674 4418; x_wconf 88' lang='lat' dir='ltr'><strong>statum</strong></span> <span class='ocrx_word' id='word_1_265' title='bbox 702 4356 903 4422; x_wconf 50' lang='lat' dir='ltr'><strong>nostra).</strong></span> <span class='ocrx_word' id='word_1_266' title='bbox 931 4371 1099 4437; x_wconf 92' lang='lat' dir='ltr'><strong>urbis,</strong></span> <span class='ocrx_word' id='word_1_267' title='bbox 1126 4389 1233 4430; x_wconf 86' lang='lat' dir='ltr'><strong>nec</strong></span> <span class='ocrx_word' id='word_1_268' title='bbox 1254 4378 1457 4433; x_wconf 88' lang='lat' dir='ltr'><strong>exitum</strong></span> <span class='ocrx_word' id='word_1_269' title='bbox 1490 4367 1755 4438; x_wconf 85' lang='lat' dir='ltr'><strong>malorum</strong></span> <span class='ocrx_word' id='word_1_270' title='bbox 1782 4386 1899 4441; x_wconf 88' lang='lat' dir='ltr'><strong>sine</strong></span> <span class='ocrx_word' id='word_1_271' title='bbox 1919 4397 2059 4441; x_wconf 90' lang='lat' dir='ltr'><strong>stra-</strong></span> 
     </span>
    </p>
   </div>
   <div class='ocr_carea' id='block_1_44' title="bbox 468 4453 2051 4546">
    <p class='ocr_par' dir='ltr' id='par_1_44' title="bbox 468 4453 2051 4546">
     <span class='ocr_line' id='line_1_44' title="bbox 468 4453 2051 4546; baseline 0.018 -40"><span class='ocrx_word' id='word_1_272' title='bbox 468 4466 536 4522; x_wconf 87' lang='lat' dir='ltr'><strong>ge</strong></span> <span class='ocrx_word' id='word_1_273' title='bbox 562 4453 828 4511; x_wconf 88' lang='lat' dir='ltr'><strong>bonorum</strong></span> <span class='ocrx_word' id='word_1_274' title='bbox 860 4462 1169 4530; x_wconf 88' lang='lat' dir='ltr'><strong>reperienti,</strong></span> <span class='ocrx_word' id='word_1_275' title='bbox 1201 4481 1264 4520; x_wconf 89' lang='lat' dir='ltr'><strong>ea</strong></span> <span class='ocrx_word' id='word_1_276' title='bbox 1296 4469 1508 4525; x_wconf 89' lang='lat' dir='ltr'><strong>tandem</strong></span> <span class='ocrx_word' id='word_1_277' title='bbox 1538 4476 1804 4529; x_wconf 91' lang='lat' dir='ltr'><strong>sententia</strong></span> <span class='ocrx_word' id='word_1_278' title='bbox 1829 4476 2051 4546; x_wconf 89' lang='lat' dir='ltr'><strong>placuit,</strong></span> 
     </span>
    </p>
   </div>
   <div class='ocr_carea' id='block_1_45' title="bbox 465 4542 2132 4632">
    <p class='ocr_par' dir='ltr' id='par_1_45' title="bbox 465 4542 2132 4632">
     <span class='ocr_line' id='line_1_45' title="bbox 465 4542 2132 4632; baseline 0.018 -37"><span class='ocrx_word' id='word_1_279' title='bbox 465 4556 588 4632; x_wconf 74' lang='lat' dir='ltr'><strong>qua:</strong></span> <span class='ocrx_word' id='word_1_280' title='bbox 633 4553 688 4600; x_wconf 90' lang='lat' dir='ltr'><strong>et</strong></span> <span class='ocrx_word' id='word_1_281' title='bbox 724 4551 1081 4615; x_wconf 50' lang='lat' dir='ltr'><strong>praesentibus</strong></span> <span class='ocrx_word' id='word_1_282' title='bbox 1128 4557 1463 4613; x_wconf 82' lang='lat' dir='ltr'><strong>mederetur-</strong></span> <span class='ocrx_word' id='word_1_283' title='bbox 1489 4542 1864 4632; x_wconf 77' lang='lat' dir='ltr'><strong>incommodis,</strong></span> <span class='ocrx_word' id='word_1_284' title='bbox 1920 4576 1976 4623; x_wconf 88' lang='lat' dir='ltr'><strong>et</strong></span> <span class='ocrx_word' id='word_1_285' title='bbox 1999 4542 2052 4624; x_wconf 87' lang='lat' dir='ltr'><strong>in</strong></span> <span class='ocrx_word' id='word_1_286' title='bbox 2084 4542 2132 4600; x_wconf 79' lang='lat' dir='ltr'><strong>D</strong></span> 
     </span>
    </p>
   </div>
   <div class='ocr_carea' id='block_1_46' title="bbox 465 4630 2053 4729">
    <p class='ocr_par' dir='ltr' id='par_1_46' title="bbox 465 4630 2053 4729">
     <span class='ocr_line' id='line_1_46' title="bbox 465 4630 2053 4729; baseline 0.019 -42"><span class='ocrx_word' id='word_1_287' title='bbox 465 4630 706 4691; x_wconf 84' lang='lat' dir='ltr'><strong>futuram</strong></span> <span class='ocrx_word' id='word_1_288' title='bbox 729 4632 1061 4708; x_wconf 71' lang='lat' dir='ltr'><strong>prmcaveret</strong></span> <span class='ocrx_word' id='word_1_289' title='bbox 1086 4647 1295 4704; x_wconf 89' lang='lat' dir='ltr'><strong>amicis.</strong></span> <span class='ocrx_word' id='word_1_290' title='bbox 1347 4649 1727 4711; x_wconf 89' lang='lat' dir='ltr'><strong>Permutamus</strong></span> <span class='ocrx_word' id='word_1_291' title='bbox 1756 4657 1937 4729; x_wconf 88' lang='lat' dir='ltr'><strong>itaque</strong></span> <span class='ocrx_word' id='word_1_292' title='bbox 1962 4675 2053 4716; x_wconf 89' lang='lat' dir='ltr'><strong>so-</strong></span> 
     </span>
    </p>
   </div>
   <div class='ocr_carea' id='block_1_47' title="bbox 465 4724 2049 4818">
    <p class='ocr_par' dir='ltr' id='par_1_47' title="bbox 465 4724 2049 4818">
     <span class='ocr_line' id='line_1_47' title="bbox 465 4724 2049 4818; baseline 0.018 -38"><span class='ocrx_word' id='word_1_293' title='bbox 465 4724 577 4782; x_wconf 91' lang='lat' dir='ltr'><strong>lum</strong></span> <span class='ocrx_word' id='word_1_294' title='bbox 630 4729 768 4797; x_wconf 89' lang='lat' dir='ltr'><strong>solo,</strong></span> <span class='ocrx_word' id='word_1_295' title='bbox 817 4734 1112 4792; x_wconf 87' lang='lat' dir='ltr'><strong>dominium</strong></span> <span class='ocrx_word' id='word_1_296' title='bbox 1152 4740 1409 4809; x_wconf 91' lang='lat' dir='ltr'><strong>dominio,</strong></span> <span class='ocrx_word' id='word_1_297' title='bbox 1471 4756 1757 4818; x_wconf 86' lang='lat' dir='ltr'><strong>vestraque</strong></span> <span class='ocrx_word' id='word_1_298' title='bbox 1791 4750 2049 4809; x_wconf 87' lang='lat' dir='ltr'><strong>beneficia</strong></span> 
     </span>
    </p>
   </div>
   <div class='ocr_carea' id='block_1_48' title="bbox 465 4824 2049 4917">
    <p class='ocr_par' dir='ltr' id='par_1_48' title="bbox 465 4824 2049 4917">
     <span class='ocr_line' id='line_1_48' title="bbox 465 4824 2049 4917; baseline 0.018 -42"><span class='ocrx_word' id='word_1_299' title='bbox 465 4824 795 4894; x_wconf 84' lang='lat' dir='ltr'><strong>emancipati</strong></span> <span class='ocrx_word' id='word_1_300' title='bbox 823 4828 979 4885; x_wconf 86' lang='lat' dir='ltr'><strong>vobis</strong></span> <span class='ocrx_word' id='word_1_301' title='bbox 1009 4835 1317 4909; x_wconf 82' lang='lat' dir='ltr'><strong>nostrisque</strong></span> <span class='ocrx_word' id='word_1_302' title='bbox 1342 4838 1641 4917; x_wconf 69' lang='lat' dir='ltr'><strong>temulisad</strong></span> <span class='ocrx_word' id='word_1_303' title='bbox 1682 4843 1935 4907; x_wconf 87' lang='lat' dir='ltr'><strong>invidiam</strong></span> <span class='ocrx_word' id='word_1_304' title='bbox 1963 4861 2049 4902; x_wconf 79' lang='lat' dir='ltr'><strong>re-</strong></span> 
     </span>
    </p>
   </div>
   <div class='ocr_carea' id='block_1_49' title="bbox 464 4910 2043 5007">
    <p class='ocr_par' dir='ltr' id='par_1_49' title="bbox 464 4910 2043 5007">
     <span class='ocr_line' id='line_1_49' title="bbox 464 4910 2043 5007; baseline 0.016 -40"><span class='ocrx_word' id='word_1_305' title='bbox 464 4910 805 4993; x_wconf 83' lang='lat' dir='ltr'><strong>linquimus,_</strong></span> <span class='ocrx_word' id='word_1_306' title='bbox 833 4934 902 4975; x_wconf 90' lang='lat' dir='ltr'><strong>ne</strong></span> <span class='ocrx_word' id='word_1_307' title='bbox 940 4921 1213 4982; x_wconf 88' lang='lat' dir='ltr'><strong>fidelitatis</strong></span> <span class='ocrx_word' id='word_1_308' title='bbox 1241 4910 1520 4998; x_wconf 75' lang='lat' dir='ltr'><strong>promissae</strong></span> <span class='ocrx_word' id='word_1_309' title='bbox 1563 4910 1695 4987; x_wconf 84' lang='lat' dir='ltr'><strong>hinc</strong></span> <span class='ocrx_word' id='word_1_310' title='bbox 1730 4949 2043 5007; x_wconf 84' lang='lat' dir='ltr'><strong>arguamur,</strong></span> 
     </span>
    </p>
   </div>
   <div class='ocr_carea' id='block_1_50' title="bbox 460 5002 2050 5099">
    <p class='ocr_par' dir='ltr' id='par_1_50' title="bbox 460 5002 2050 5099">
     <span class='ocr_line' id='line_1_50' title="bbox 460 5002 2050 5099; baseline 0.016 -40"><span class='ocrx_word' id='word_1_311' title='bbox 460 5002 592 5085; x_wconf 81' lang='lat' dir='ltr'><strong>inde</strong></span> <span class='ocrx_word' id='word_1_312' title='bbox 631 5023 829 5087; x_wconf 83' lang='lat' dir='ltr'><strong>genere</strong></span> <span class='ocrx_word' id='word_1_313' title='bbox 874 5012 1236 5072; x_wconf 86' lang='lat' dir='ltr'><strong>amicitiarum</strong></span> <span class='ocrx_word' id='word_1_314' title='bbox 1273 5019 1339 5073; x_wconf 90' lang='lat' dir='ltr'><strong>ad</strong></span> <span class='ocrx_word' id='word_1_315' title='bbox 1369 5030 1620 5090; x_wconf 86' lang='lat' dir='ltr'><strong>patruum</strong></span> <span class='ocrx_word' id='word_1_316' title='bbox 1658 5002 1895 5082; x_wconf 75' lang='lat' dir='ltr'><strong>vestrum</strong></span> <span class='ocrx_word' id='word_1_317' title='bbox 1918 5045 2050 5099; x_wconf 86' lang='lat' dir='ltr'><strong>quo-</strong></span> 
     </span>
    </p>
   </div>
   <div class='ocr_carea' id='block_1_51' title="bbox 465 5095 2048 5182">
    <p class='ocr_par' dir='ltr' id='par_1_51' title="bbox 465 5095 2048 5182">
     <span class='ocr_line' id='line_1_51' title="bbox 465 5095 2048 5182; baseline 0.016 -32"><span class='ocrx_word' id='word_1_318' title='bbox 465 5095 754 5155; x_wconf 88' lang='lat' dir='ltr'><strong>dammodo</strong></span> <span class='ocrx_word' id='word_1_319' title='bbox 799 5101 1199 5162; x_wconf 88' lang='lat' dir='ltr'><strong>sehabentium</strong></span> <span class='ocrx_word' id='word_1_320' title='bbox 1247 5111 1700 5182; x_wconf 82' lang='lat' dir='ltr'><strong>perstringamur.</strong></span> <span class='ocrx_word' id='word_1_321' title='bbox 1739 5113 1879 5171; x_wconf 83' lang='lat' dir='ltr'><strong>Nihil</strong></span> <span class='ocrx_word' id='word_1_322' title='bbox 1900 5095 2048 5175; x_wconf 85' lang='lat' dir='ltr'><strong>enim</strong></span> 
     </span>
    </p>
   </div>
   <div class='ocr_carea' id='block_1_52' title="bbox 466 5187 2045 5277">
    <p class='ocr_par' dir='ltr' id='par_1_52' title="bbox 466 5187 2045 5277">
     <span class='ocr_line' id='line_1_52' title="bbox 466 5187 2045 5277; baseline 0.014 -34"><span class='ocrx_word' id='word_1_323' title='bbox 466 5187 623 5264; x_wconf 79' lang='lat' dir='ltr'><strong>alteri</strong></span> <span class='ocrx_word' id='word_1_324' title='bbox 654 5192 882 5269; x_wconf 82' lang='lat' dir='ltr'><strong>debetur</strong></span> <span class='ocrx_word' id='word_1_325' title='bbox 903 5209 969 5250; x_wconf 95' lang='lat' dir='ltr'><strong>eo</strong></span> <span class='ocrx_word' id='word_1_326' title='bbox 997 5211 1111 5277; x_wconf 28' lang='lat' dir='ltr'><strong>quo.</strong></span> <span class='ocrx_word' id='word_1_327' title='bbox 1133 5199 1367 5256; x_wconf 91' lang='lat' dir='ltr'><strong>vivimus</strong></span> <span class='ocrx_word' id='word_1_328' title='bbox 1401 5213 1581 5273; x_wconf 89' lang='lat' dir='ltr'><strong>pacto,</strong></span> <span class='ocrx_word' id='word_1_329' title='bbox 1610 5206 1713 5262; x_wconf 89' lang='lat' dir='ltr'><strong>fide</strong></span> <span class='ocrx_word' id='word_1_330' title='bbox 1742 5207 1795 5263; x_wconf 92' lang='lat' dir='ltr'><strong>in</strong></span> <span class='ocrx_word' id='word_1_331' title='bbox 1821 5208 2045 5266; x_wconf 88' lang='lat' dir='ltr'><strong>alteram</strong></span> 
     </span>
    </p>
   </div>
   <div class='ocr_carea' id='block_1_53' title="bbox 462 5289 2045 5369">
    <p class='ocr_par' dir='ltr' id='par_1_53' title="bbox 462 5289 2045 5369">
     <span class='ocr_line' id='line_1_53' title="bbox 462 5289 2045 5369; baseline 0.014 -33"><span class='ocrx_word' id='word_1_332' title='bbox 462 5291 670 5354; x_wconf 86' lang='lat' dir='ltr'><strong>partem</strong></span> <span class='ocrx_word' id='word_1_333' title='bbox 702 5296 987 5355; x_wconf 70' lang='lat' dir='ltr'><strong>praetenta.</strong></span> <span class='ocrx_word' id='word_1_334' title='bbox 1016 5289 1150 5346; x_wconf 87' lang='lat' dir='ltr'><strong>Nam</strong></span> <span class='ocrx_word' id='word_1_335' title='bbox 1201 5293 1247 5348; x_wconf 91' lang='lat' dir='ltr'><strong>si</strong></span> <span class='ocrx_word' id='word_1_336' title='bbox 1287 5310 1382 5369; x_wconf 83' lang='lat' dir='ltr'><strong>vos</strong></span> <span class='ocrx_word' id='word_1_337' title='bbox 1409 5297 1589 5352; x_wconf 79' lang='lat' dir='ltr'><strong>salvos</strong></span> <span class='ocrx_word' id='word_1_338' title='bbox 1615 5313 1742 5355; x_wconf 90' lang='lat' dir='ltr'><strong>esse</strong></span> <span class='ocrx_word' id='word_1_339' title='bbox 1778 5300 2045 5365; x_wconf 89' lang='lat' dir='ltr'><strong>volumus,</strong></span> 
     </span>
    </p>
   </div>
   <div class='ocr_carea' id='block_1_54' title="bbox 462 5366 2045 5465">
    <p class='ocr_par' dir='ltr' id='par_1_54' title="bbox 462 5366 2045 5465">
     <span class='ocr_line' id='line_1_54' title="bbox 462 5366 2045 5465; baseline 0.015 -38"><span class='ocrx_word' id='word_1_340' title='bbox 462 5366 736 5444; x_wconf 87' lang='lat' dir='ltr'><strong>quomodo</strong></span> <span class='ocrx_word' id='word_1_341' title='bbox 774 5390 967 5452; x_wconf 87' lang='lat' dir='ltr'><strong>patruo</strong></span> <span class='ocrx_word' id='word_1_342' title='bbox 997 5394 1178 5457; x_wconf 88' lang='lat' dir='ltr'><strong>vestro</strong></span> <span class='ocrx_word' id='word_1_343' title='bbox 1227 5366 1574 5459; x_wconf 62' lang='lat' dir='ltr'><strong>praesumus?</strong></span> <span class='ocrx_word' id='word_1_344' title='bbox 1609 5390 1742 5447; x_wconf 91' lang='lat' dir='ltr'><strong>Item</strong></span> <span class='ocrx_word' id='word_1_345' title='bbox 1772 5393 1818 5449; x_wconf 90' lang='lat' dir='ltr'><strong>si</strong></span> <span class='ocrx_word' id='word_1_346' title='bbox 1850 5404 2045 5465; x_wconf 89' lang='lat' dir='ltr'><strong>patruo</strong></span> 
     </span>
    </p>
   </div>
   <div class='ocr_carea' id='block_1_55' title="bbox 454 5464 2048 5545">
    <p class='ocr_par' dir='ltr' id='par_1_55' title="bbox 454 5464 2048 5545">
     <span class='ocr_line' id='line_1_55' title="bbox 454 5464 2048 5545; baseline 0.011 -23"><span class='ocrx_word' id='word_1_347' title='bbox 454 5475 983 5545; x_wconf 62' lang='lat' dir='ltr'><strong>.vestroprtesumus,</strong></span> <span class='ocrx_word' id='word_1_348' title='bbox 1005 5464 1277 5544; x_wconf 83' lang='lat' dir='ltr'><strong>quomodo</strong></span> <span class='ocrx_word' id='word_1_349' title='bbox 1302 5494 1398 5534; x_wconf 89' lang='lat' dir='ltr'><strong>vos</strong></span> <span class='ocrx_word' id='word_1_350' title='bbox 1420 5494 1541 5535; x_wconf 89' lang='lat' dir='ltr'><strong>esse</strong></span> <span class='ocrx_word' id='word_1_351' title='bbox 1568 5479 1747 5545; x_wconf 87' lang='lat' dir='ltr'><strong>salvos</strong></span> <span class='ocrx_word' id='word_1_352' title='bbox 1763 5464 2048 5539; x_wconf 87' lang='lat' dir='ltr'><strong>volumus?</strong></span> 
     </span>
    </p>
   </div>
   <div class='ocr_carea' id='block_1_56' title="bbox 466 5552 2048 5651">
    <p class='ocr_par' dir='ltr' id='par_1_56' title="bbox 466 5552 2048 5651">
     <span class='ocr_line' id='line_1_56' title="bbox 466 5552 2048 5651; baseline 0.014 -43"><span class='ocrx_word' id='word_1_353' title='bbox 466 5552 624 5612; x_wconf 85' lang='lat' dir='ltr'><strong>Hanc</strong></span> <span class='ocrx_word' id='word_1_354' title='bbox 643 5557 790 5633; x_wconf 34' lang='lat' dir='ltr'><strong>lite-nt</strong></span> <span class='ocrx_word' id='word_1_355' title='bbox 821 5562 901 5617; x_wconf 90' lang='lat' dir='ltr'><strong>sic</strong></span> <span class='ocrx_word' id='word_1_356' title='bbox 928 5563 1255 5641; x_wconf 87' lang='lat' dir='ltr'><strong>dirimimus,</strong></span> <span class='ocrx_word' id='word_1_357' title='bbox 1286 5570 1353 5625; x_wconf 91' lang='lat' dir='ltr'><strong>ad</strong></span> <span class='ocrx_word' id='word_1_358' title='bbox 1378 5570 1513 5627; x_wconf 87' lang='lat' dir='ltr'><strong>alios</strong></span> <span class='ocrx_word' id='word_1_359' title='bbox 1539 5570 1913 5651; x_wconf 82' lang='lat' dir='ltr'><strong>demigraudo,</strong></span> <span class='ocrx_word' id='word_1_360' title='bbox 1947 5590 2048 5630; x_wconf 92' lang='lat' dir='ltr'><strong>nec</strong></span> 
     </span>
    </p>
   </div>
   <div class='ocr_carea' id='block_1_57' title="bbox 458 5647 2043 5732">
    <p class='ocr_par' dir='ltr' id='par_1_57' title="bbox 458 5647 2043 5732">
     <span class='ocr_line' id='line_1_57' title="bbox 458 5647 2043 5732; baseline 0.015 -32"><span class='ocrx_word' id='word_1_361' title='bbox 458 5647 727 5723; x_wconf 83' lang='lat' dir='ltr'><strong>vobisnee</strong></span> <span class='ocrx_word' id='word_1_362' title='bbox 745 5651 817 5707; x_wconf 93' lang='lat' dir='ltr'><strong>illi</strong></span> <span class='ocrx_word' id='word_1_363' title='bbox 846 5655 1138 5727; x_wconf 87' lang='lat' dir='ltr'><strong>quidquam</strong></span> <span class='ocrx_word' id='word_1_364' title='bbox 1166 5672 1363 5732; x_wconf 67' lang='lat' dir='ltr'><strong>praeter</strong></span> <span class='ocrx_word' id='word_1_365' title='bbox 1384 5647 1817 5722; x_wconf 87' lang='lat' dir='ltr'><strong>benevolentiam</strong></span> <span class='ocrx_word' id='word_1_366' title='bbox 1846 5668 2043 5724; x_wconf 88' lang='lat' dir='ltr'><strong>debea-</strong></span> 
     </span>
    </p>
   </div>
   <div class='ocr_carea' id='block_1_58' title="bbox 462 5742 2037 5832">
    <p class='ocr_par' dir='ltr' id='par_1_58' title="bbox 462 5742 2037 5832">
     <span class='ocr_line' id='line_1_58' title="bbox 462 5742 2037 5832; baseline 0.015 -38"><span class='ocrx_word' id='word_1_367' title='bbox 462 5751 586 5831; x_wconf 70' lang='lat' dir='ltr'><strong>mus</strong></span> <span class='ocrx_word' id='word_1_368' title='bbox 633 5742 948 5813; x_wconf 85' lang='lat' dir='ltr'><strong>gratuitam.</strong></span> <span class='ocrx_word' id='word_1_369' title='bbox 993 5747 1124 5804; x_wconf 80' lang='lat' dir='ltr'><strong>Eam</strong></span> <span class='ocrx_word' id='word_1_370' title='bbox 1152 5751 1196 5805; x_wconf 91' lang='lat' dir='ltr'><strong>si</strong></span> <span class='ocrx_word' id='word_1_371' title='bbox 1221 5754 1632 5826; x_wconf 87' lang='lat' dir='ltr'><strong>amplectimini,</strong></span> <span class='ocrx_word' id='word_1_372' title='bbox 1657 5756 1866 5826; x_wconf 81' lang='lat' dir='ltr'><strong>domos,</strong></span> <span class='ocrx_word' id='word_1_373' title='bbox 1902 5774 2037 5832; x_wconf 83' lang='lat' dir='ltr'><strong>quas</strong></span> 
     </span>
    </p>
   </div>
   <div class='ocr_carea' id='block_1_59' title="bbox 566 297 3154 423">
    <p class='ocr_par' dir='ltr' id='par_1_59' title="bbox 566 297 3154 423">
     <span class='ocr_line' id='line_1_59' title="bbox 566 297 3154 423; baseline 0.01 -40"><span class='ocrx_word' id='word_1_374' title='bbox 566 314 598 383; x_wconf 62' lang='grc' dir='ltr'><strong>ξι</strong></span> <span class='ocrx_word' id='word_1_375' title='bbox 1170 323 1530 389; x_wconf 74' lang='lat' dir='ltr'><strong>SILVESTRI</strong></span> <span class='ocrx_word' id='word_1_376' title='bbox 1558 333 1600 390; x_wconf 92' lang='lat' dir='ltr'><strong>n</strong></span> <span class='ocrx_word' id='word_1_377' title='bbox 1633 334 1835 394; x_wconf 67' lang='lat' dir='ltr'><strong>eam</strong></span> <span class='ocrx_word' id='word_1_378' title='bbox 1872 339 2024 423; x_wconf 65' lang='lat' dir='ltr'><strong>ore.</strong></span> <span class='ocrx_word' id='word_1_379' title='bbox 2060 340 2241 402; x_wconf 65' lang='lat' dir='ltr'><strong>rans</strong></span> <span class='ocrx_word' id='word_1_380' title='bbox 2281 340 2364 404; x_wconf 79' lang='grc' dir='ltr'><strong>ιη.</strong></span> <span class='ocrx_word' id='word_1_381' title='bbox 2396 297 2466 392; x_wconf 63' lang='lat'><strong>;~—</strong></span> <span class='ocrx_word' id='word_1_382' title='bbox 2507 347 2728 409; x_wconf 81' lang='lat' dir='ltr'><strong>EPIST.</strong></span> <span class='ocrx_word' id='word_1_383' title='bbox 2759 347 2848 412; x_wconf 82' lang='lat' dir='ltr'><strong>ET</strong></span> <span class='ocrx_word' id='word_1_384' title='bbox 2882 344 3154 413; x_wconf 70' lang='lat' dir='ltr'><strong>DIPLOM.</strong></span> 
     </span>
    </p>
   </div>
   <div class='ocr_carea' id='block_1_60' title="bbox 502 421 3767 539">
    <p class='ocr_par' dir='ltr' id='par_1_60' title="bbox 502 421 3767 539">
     <span class='ocr_line' id='line_1_60' title="bbox 502 421 3767 539; baseline 0.016 -62"><span class='ocrx_word' id='word_1_385' title='bbox 502 421 611 479; x_wconf 79' lang='lat' dir='ltr'><strong>Nec</strong></span> <span class='ocrx_word' id='word_1_386' title='bbox 634 425 932 497; x_wconf 83' lang='lat' dir='ltr'><strong>glorientur</strong></span> <span class='ocrx_word' id='word_1_387' title='bbox 958 434 1139 539; x_wconf 60' lang='lat' dir='ltr'><strong>remuli</strong></span> <span class='ocrx_word' id='word_1_388' title='bbox 1168 441 1335 496; x_wconf 86' lang='lat' dir='ltr'><strong>vestri</strong></span> <span class='ocrx_word' id='word_1_389' title='bbox 1381 444 1616 501; x_wconf 90' lang='lat' dir='ltr'><strong>nominis</strong></span> <span class='ocrx_word' id='word_1_390' title='bbox 1642 446 1762 518; x_wconf 92' lang='lat' dir='ltr'><strong>plus</strong></span> <span class='ocrx_word' id='word_1_391' title='bbox 1782 465 1903 507; x_wconf 90' lang='lat' dir='ltr'><strong>sese</strong></span> <span class='ocrx_word' id='word_1_392' title='bbox 1923 453 2081 510; x_wconf 84' lang='lat' dir='ltr'><strong>obes—</strong></span> <span class='ocrx_word' id='word_1_393' title='bbox 2106 454 2160 520; x_wconf 71' lang='grc' dir='ltr'><strong>Α</strong></span> <span class='ocrx_word' id='word_1_394' title='bbox 2184 460 2406 530; x_wconf 88' lang='lat' dir='ltr'><strong>proprio</strong></span> <span class='ocrx_word' id='word_1_395' title='bbox 2453 462 2638 520; x_wconf 85' lang='lat' dir='ltr'><strong>labore</strong></span> <span class='ocrx_word' id='word_1_396' title='bbox 2690 464 2875 529; x_wconf 88' lang='lat' dir='ltr'><strong>multis</strong></span> <span class='ocrx_word' id='word_1_397' title='bbox 2923 467 3224 536; x_wconf 85' lang='lat' dir='ltr'><strong>sumptibus</strong></span> <span class='ocrx_word' id='word_1_398' title='bbox 3273 465 3767 539; x_wconf 59' lang='lat' dir='ltr'><strong>exadiflcavimus,</strong></span> 
     </span>
    </p>
   </div>
   <div class='ocr_carea' id='block_1_61' title="bbox 3656 348 3771 414">
    <p class='ocr_par' dir='ltr' id='par_1_61' title="bbox 3656 348 3771 414">
     <span class='ocr_line' id='line_1_61' title="bbox 3656 348 3771 414; baseline -0.009 0"><span class='ocrx_word' id='word_1_399' title='bbox 3656 348 3771 414; x_wconf 66' lang='lat'><strong>253</strong></span> 
     </span>
    </p>
   </div>
   <div class='ocr_carea' id='block_1_62' title="bbox 2183 554 3767 630">
    <p class='ocr_par' dir='ltr' id='par_1_62' title="bbox 2183 554 3767 630">
     <span class='ocr_line' id='line_1_62' title="bbox 2183 554 3767 630; baseline 0.008 -22"><span class='ocrx_word' id='word_1_400' title='bbox 2183 554 2315 608; x_wconf 88' lang='lat' dir='ltr'><strong>mihi</strong></span> <span class='ocrx_word' id='word_1_401' title='bbox 2348 555 2592 625; x_wconf 89' lang='lat' dir='ltr'><strong>meisque</strong></span> <span class='ocrx_word' id='word_1_402' title='bbox 2613 572 2735 612; x_wconf 90' lang='lat' dir='ltr'><strong>eum</strong></span> <span class='ocrx_word' id='word_1_403' title='bbox 2763 573 2858 612; x_wconf 90' lang='lat' dir='ltr'><strong>sua</strong></span> <span class='ocrx_word' id='word_1_404' title='bbox 2906 559 3225 630; x_wconf 71' lang='lat' dir='ltr'><strong>supellectili</strong></span> <span class='ocrx_word' id='word_1_405' title='bbox 3255 568 3551 616; x_wconf 86' lang='lat' dir='ltr'><strong>reservate.</strong></span> <span class='ocrx_word' id='word_1_406' title='bbox 3574 562 3767 620; x_wconf 82' lang='lat' dir='ltr'><strong>Eccle-</strong></span> 
     </span>
    </p>
   </div>
   <div class='ocr_carea' id='block_1_63' title="bbox 2179 640 3770 720">
    <p class='ocr_par' dir='ltr' id='par_1_63' title="bbox 2179 640 3770 720">
     <span class='ocr_line' id='line_1_63' title="bbox 2179 640 3770 720; baseline 0.007 -24"><span class='ocrx_word' id='word_1_407' title='bbox 2179 640 2291 696; x_wconf 87' lang='lat' dir='ltr'><strong>sias</strong></span> <span class='ocrx_word' id='word_1_408' title='bbox 2325 658 2561 713; x_wconf 88' lang='lat' dir='ltr'><strong>quoque,</strong></span> <span class='ocrx_word' id='word_1_409' title='bbox 2612 661 2750 714; x_wconf 90' lang='lat' dir='ltr'><strong>quas</strong></span> <span class='ocrx_word' id='word_1_410' title='bbox 2781 646 3112 703; x_wconf 87' lang='lat' dir='ltr'><strong>solemnibus</strong></span> <span class='ocrx_word' id='word_1_411' title='bbox 3133 664 3197 703; x_wconf 90' lang='lat' dir='ltr'><strong>ac</strong></span> <span class='ocrx_word' id='word_1_412' title='bbox 3236 648 3493 720; x_wconf 87' lang='lat' dir='ltr'><strong>legitimis</strong></span> <span class='ocrx_word' id='word_1_413' title='bbox 3516 651 3770 707; x_wconf 78' lang='lat' dir='ltr'><strong>donatio-</strong></span> 
     </span>
    </p>
   </div>
   <div class='ocr_carea' id='block_1_64' title="bbox 2180 729 3771 806">
    <p class='ocr_par' dir='ltr' id='par_1_64' title="bbox 2180 729 3771 806">
     <span class='ocr_line' id='line_1_64' title="bbox 2180 729 3771 806; baseline 0.006 -21"><span class='ocrx_word' id='word_1_414' title='bbox 2180 730 2339 785; x_wconf 89' lang='lat' dir='ltr'><strong>nibus</strong></span> <span class='ocrx_word' id='word_1_415' title='bbox 2358 729 2516 800; x_wconf 79' lang='lat' dir='ltr'><strong>juxta</strong></span> <span class='ocrx_word' id='word_1_416' title='bbox 2541 749 2744 789; x_wconf 66' lang='lat' dir='ltr'><strong>uxorem</strong></span> <span class='ocrx_word' id='word_1_417' title='bbox 2772 736 3064 805; x_wconf 71' lang='lat' dir='ltr'><strong>provincia:</strong></span> <span class='ocrx_word' id='word_1_418' title='bbox 3090 738 3365 794; x_wconf 87' lang='lat' dir='ltr'><strong>consecuti</strong></span> <span class='ocrx_word' id='word_1_419' title='bbox 3409 754 3617 806; x_wconf 89' lang='lat' dir='ltr'><strong>sumus,</strong></span> <span class='ocrx_word' id='word_1_420' title='bbox 3650 741 3771 795; x_wconf 79' lang='lat' dir='ltr'><strong>nul-</strong></span> 
     </span>
    </p>
   </div>
   <div class='ocr_carea' id='block_1_65' title="bbox 2179 822 3768 902">
    <p class='ocr_par' dir='ltr' id='par_1_65' title="bbox 2179 822 3768 902">
     <span class='ocr_line' id='line_1_65' title="bbox 2179 822 3768 902; baseline 0.007 -24"><span class='ocrx_word' id='word_1_421' title='bbox 2179 822 2247 879; x_wconf 89' lang='lat' dir='ltr'><strong>lis</strong></span> <span class='ocrx_word' id='word_1_422' title='bbox 2280 824 2608 894; x_wconf 67' lang='lat' dir='ltr'><strong>prmjudiciis</strong></span> <span class='ocrx_word' id='word_1_423' title='bbox 2632 827 2824 899; x_wconf 89' lang='lat' dir='ltr'><strong>attingi</strong></span> <span class='ocrx_word' id='word_1_424' title='bbox 2861 844 3108 893; x_wconf 89' lang='lat' dir='ltr'><strong>oramus,</strong></span> <span class='ocrx_word' id='word_1_425' title='bbox 3135 831 3202 886; x_wconf 88' lang='lat' dir='ltr'><strong>de</strong></span> <span class='ocrx_word' id='word_1_426' title='bbox 3242 831 3455 902; x_wconf 90' lang='lat' dir='ltr'><strong>reliquo</strong></span> <span class='ocrx_word' id='word_1_427' title='bbox 3478 848 3586 887; x_wconf 88' lang='lat' dir='ltr'><strong>non</strong></span> <span class='ocrx_word' id='word_1_428' title='bbox 3618 834 3768 889; x_wconf 86' lang='lat' dir='ltr'><strong>mul-</strong></span> 
     </span>
    </p>
   </div>
   <div class='ocr_carea' id='block_1_66' title="bbox 2184 920 3770 996">
    <p class='ocr_par' dir='ltr' id='par_1_66' title="bbox 2184 920 3770 996">
     <span class='ocr_line' id='line_1_66' title="bbox 2184 920 3770 996; baseline 0.003 -22"><span class='ocrx_word' id='word_1_429' title='bbox 2184 924 2294 974; x_wconf 87' lang='lat' dir='ltr'><strong>tum</strong></span> <span class='ocrx_word' id='word_1_430' title='bbox 2320 920 2681 990; x_wconf 85' lang='lat' dir='ltr'><strong>deprecaturi.</strong></span> <span class='ocrx_word' id='word_1_431' title='bbox 2716 920 2827 978; x_wconf 91' lang='lat' dir='ltr'><strong>Hoc</strong></span> <span class='ocrx_word' id='word_1_432' title='bbox 2856 921 2999 978; x_wconf 88' lang='lat' dir='ltr'><strong>facto</strong></span> <span class='ocrx_word' id='word_1_433' title='bbox 3043 938 3130 978; x_wconf 92' lang='lat' dir='ltr'><strong>me</strong></span> <span class='ocrx_word' id='word_1_434' title='bbox 3165 923 3292 978; x_wconf 92' lang='lat' dir='ltr'><strong>olim</strong></span> <span class='ocrx_word' id='word_1_435' title='bbox 3320 923 3488 980; x_wconf 90' lang='lat' dir='ltr'><strong>libera</strong></span> <span class='ocrx_word' id='word_1_436' title='bbox 3510 924 3646 980; x_wconf 90' lang='lat' dir='ltr'><strong>colla</strong></span> <span class='ocrx_word' id='word_1_437' title='bbox 3673 940 3770 996; x_wconf 86' lang='lat' dir='ltr'><strong>ge-</strong></span> 
     </span>
    </p>
   </div>
   <div class='ocr_carea' id='block_1_67' title="bbox 2181 1011 3769 1093">
    <p class='ocr_par' dir='ltr' id='par_1_67' title="bbox 2181 1011 3769 1093">
     <span class='ocr_line' id='line_1_67' title="bbox 2181 1011 3769 1093; baseline 0.004 -28"><span class='ocrx_word' id='word_1_438' title='bbox 2181 1018 2390 1065; x_wconf 79' lang='lat' dir='ltr'><strong>rentem</strong></span> <span class='ocrx_word' id='word_1_439' title='bbox 2420 1011 2487 1063; x_wconf 89' lang='lat' dir='ltr'><strong>ad</strong></span> <span class='ocrx_word' id='word_1_440' title='bbox 2513 1011 2775 1082; x_wconf 87' lang='lat' dir='ltr'><strong>obsequia</strong></span> <span class='ocrx_word' id='word_1_441' title='bbox 2812 1022 2995 1068; x_wconf 89' lang='lat' dir='ltr'><strong>vestra</strong></span> <span class='ocrx_word' id='word_1_442' title='bbox 3026 1013 3253 1093; x_wconf 81' lang='lat' dir='ltr'><strong>honeste</strong></span> <span class='ocrx_word' id='word_1_443' title='bbox 3308 1016 3627 1072; x_wconf 89' lang='lat' dir='ltr'><strong>invitabitis.</strong></span> <span class='ocrx_word' id='word_1_444' title='bbox 3652 1016 3769 1073; x_wconf 78' lang='lat' dir='ltr'><strong>Nec</strong></span> 
     </span>
    </p>
   </div>
   <div class='ocr_carea' id='block_1_68' title="bbox 2180 1100 3769 1179">
    <p class='ocr_par' dir='ltr' id='par_1_68' title="bbox 2180 1100 3769 1179">
     <span class='ocr_line' id='line_1_68' title="bbox 2180 1100 3769 1179; baseline 0.004 -23"><span class='ocrx_word' id='word_1_445' title='bbox 2180 1100 2400 1156; x_wconf 88' lang='lat' dir='ltr'><strong>dubium</strong></span> <span class='ocrx_word' id='word_1_446' title='bbox 2428 1101 2554 1170; x_wconf 91' lang='lat' dir='ltr'><strong>erit,</strong></span> <span class='ocrx_word' id='word_1_447' title='bbox 2577 1103 2621 1158; x_wconf 92' lang='lat' dir='ltr'><strong>si</strong></span> <span class='ocrx_word' id='word_1_448' title='bbox 2646 1104 2744 1159; x_wconf 86' lang='lat' dir='ltr'><strong>hos</strong></span> <span class='ocrx_word' id='word_1_449' title='bbox 2766 1105 3030 1159; x_wconf 89' lang='lat' dir='ltr'><strong>terminos</strong></span> <span class='ocrx_word' id='word_1_450' title='bbox 3056 1107 3595 1178; x_wconf 70' lang='lat' dir='ltr'><strong>prmtergrediemiui,</strong></span> <span class='ocrx_word' id='word_1_451' title='bbox 3629 1109 3769 1179; x_wconf 83' lang='lat' dir='ltr'><strong>quin</strong></span> 
     </span>
    </p>
   </div>
   <div class='ocr_carea' id='block_1_69' title="bbox 2182 1194 3767 1268">
    <p class='ocr_par' dir='ltr' id='par_1_69' title="bbox 2182 1194 3767 1268">
     <span class='ocr_line' id='line_1_69' title="bbox 2182 1194 3767 1268; baseline 0.003 -19"><span class='ocrx_word' id='word_1_452' title='bbox 2182 1194 2359 1249; x_wconf 80' lang='lat' dir='ltr'><strong>omnia</strong></span> <span class='ocrx_word' id='word_1_453' title='bbox 2406 1208 2526 1264; x_wconf 60' lang='lat' dir='ltr'><strong>quae</strong></span> <span class='ocrx_word' id='word_1_454' title='bbox 2567 1196 2977 1265; x_wconf 82' lang='lat' dir='ltr'><strong>possidebamus</strong></span> <span class='ocrx_word' id='word_1_455' title='bbox 3011 1205 3071 1252; x_wconf 94' lang='lat' dir='ltr'><strong>ut</strong></span> <span class='ocrx_word' id='word_1_456' title='bbox 3115 1214 3147 1252; x_wconf 89' lang='lat' dir='ltr'><strong>a</strong></span> <span class='ocrx_word' id='word_1_457' title='bbox 3197 1197 3382 1253; x_wconf 84' lang='lat' dir='ltr'><strong>multis</strong></span> <span class='ocrx_word' id='word_1_458' title='bbox 3430 1199 3767 1268; x_wconf 83' lang='lat' dir='ltr'><strong>accepimus,</strong></span> 
     </span>
    </p>
   </div>
   <div class='ocr_carea' id='block_1_70' title="bbox 2179 1284 3769 1367">
    <p class='ocr_par' dir='ltr' id='par_1_70' title="bbox 2179 1284 3769 1367">
     <span class='ocr_line' id='line_1_70' title="bbox 2179 1284 3769 1367; baseline 0.003 -28"><span class='ocrx_word' id='word_1_459' title='bbox 2179 1284 2388 1340; x_wconf 77' lang='lat' dir='ltr'><strong>:cumlis</strong></span> <span class='ocrx_word' id='word_1_460' title='bbox 2413 1286 2614 1341; x_wconf 89' lang='lat' dir='ltr'><strong>nostris</strong></span> <span class='ocrx_word' id='word_1_461' title='bbox 2662 1296 3005 1342; x_wconf 87' lang='lat' dir='ltr'><strong>sacramento</strong></span> <span class='ocrx_word' id='word_1_462' title='bbox 3064 1288 3427 1367; x_wconf 83' lang='lat' dir='ltr'><strong>contuleritis,</strong></span> <span class='ocrx_word' id='word_1_463' title='bbox 3475 1297 3603 1345; x_wconf 85' lang='lat' dir='ltr'><strong>tunc</strong></span> <span class='ocrx_word' id='word_1_464' title='bbox 3636 1305 3769 1345; x_wconf 83' lang='lat' dir='ltr'><strong>cum</strong></span> 
     </span>
    </p>
   </div>
   <div class='ocr_carea' id='block_1_71' title="bbox 2179 1366 3773 1451">
    <p class='ocr_par' dir='ltr' id='par_1_71' title="bbox 2179 1366 3773 1451">
     <span class='ocr_line' id='line_1_71' title="bbox 2179 1366 3773 1451; baseline 0.003 -20"><span class='ocrx_word' id='word_1_465' title='bbox 2179 1377 2476 1432; x_wconf 89' lang='lat' dir='ltr'><strong>secundum</strong></span> <span class='ocrx_word' id='word_1_466' title='bbox 2525 1366 2778 1433; x_wconf 65' lang='lat' dir='ltr'><strong>affectum</strong></span> <span class='ocrx_word' id='word_1_467' title='bbox 2828 1389 3071 1433; x_wconf 88' lang='lat' dir='ltr'><strong>vestrum</strong></span> <span class='ocrx_word' id='word_1_468' title='bbox 3116 1366 3430 1435; x_wconf 85' lang='lat' dir='ltr'><strong>aeutissima</strong></span> <span class='ocrx_word' id='word_1_469' title='bbox 3472 1395 3573 1451; x_wconf 88' lang='lat' dir='ltr'><strong>pro</strong></span> <span class='ocrx_word' id='word_1_470' title='bbox 3610 1379 3773 1436; x_wconf 84' lang='lat' dir='ltr'><strong>vobis</strong></span> 
     </span>
    </p>
   </div>
   <div class='ocr_carea' id='block_1_72' title="bbox 2179 1468 3771 1538">
    <p class='ocr_par' dir='ltr' id='par_1_72' title="bbox 2179 1468 3771 1538">
     <span class='ocr_line' id='line_1_72' title="bbox 2179 1468 3771 1538; baseline 0.003 -17"><span class='ocrx_word' id='word_1_471' title='bbox 2179 1468 2509 1523; x_wconf 87' lang='lat' dir='ltr'><strong>dictarcmus</strong></span> <span class='ocrx_word' id='word_1_472' title='bbox 2562 1468 2809 1523; x_wconf 85' lang='lat' dir='ltr'><strong>consilia.</strong></span> <span class='ocrx_word' id='word_1_473' title='bbox 2861 1468 2975 1523; x_wconf 88' lang='lat' dir='ltr'><strong>Nec</strong></span> <span class='ocrx_word' id='word_1_474' title='bbox 3028 1470 3432 1538; x_wconf 64' lang='lat' dir='ltr'><strong>prmtcritorum</strong></span> <span class='ocrx_word' id='word_1_475' title='bbox 3496 1470 3771 1526; x_wconf 84' lang='lat' dir='ltr'><strong>malorum</strong></span> 
     </span>
    </p>
   </div>
   <div class='ocr_carea' id='block_1_73' title="bbox 2180 1559 3772 1632">
    <p class='ocr_par' dir='ltr' id='par_1_73' title="bbox 2180 1559 3772 1632">
     <span class='ocr_line' id='line_1_73' title="bbox 2180 1559 3772 1632; baseline 0.005 -20"><span class='ocrx_word' id='word_1_476' title='bbox 2180 1559 2480 1628; x_wconf 87' lang='lat' dir='ltr'><strong>poterimus</strong></span> <span class='ocrx_word' id='word_1_477' title='bbox 2507 1559 2777 1627; x_wconf 89' lang='lat' dir='ltr'><strong>oblivisci,</strong></span> <span class='ocrx_word' id='word_1_478' title='bbox 2804 1576 2927 1616; x_wconf 90' lang='lat' dir='ltr'><strong>cum</strong></span> <span class='ocrx_word' id='word_1_479' title='bbox 2956 1564 3321 1632; x_wconf 66' lang='lat' dir='ltr'><strong>praesentibus</strong></span> <span class='ocrx_word' id='word_1_480' title='bbox 3346 1564 3772 1623; x_wconf 86' lang='lat' dir='ltr'><strong>admouebimur</strong></span> 
     </span>
    </p>
   </div>
   <div class='ocr_carea' id='block_1_74' title="bbox 2171 1647 3635 1718">
    <p class='ocr_par' dir='ltr' id='par_1_74' title="bbox 2171 1647 3635 1718">
     <span class='ocr_line' id='line_1_74' title="bbox 2171 1647 3635 1718; baseline 0.01 -16"><span class='ocrx_word' id='word_1_481' title='bbox 2171 1647 2411 1718; x_wconf 90' lang='lat' dir='ltr'><strong>judiciis.</strong></span> <span class='ocrx_word' id='word_1_482' title='bbox 3626 1668 3635 1673; x_wconf 52' lang='grc' dir='ltr'><em>η</em></span> 
     </span>
    </p>
   </div>
   <div class='ocr_carea' id='block_1_75' title="bbox 2616 1788 3325 1852">
    <p class='ocr_par' dir='ltr' id='par_1_75' title="bbox 2616 1788 3325 1852">
     <span class='ocr_line' id='line_1_75' title="bbox 2616 1788 3325 1852; baseline 0.011 -8"><span class='ocrx_word' id='word_1_483' title='bbox 2616 1788 2957 1848; x_wconf 75' lang='lat' dir='ltr'><strong>EPISTULA</strong></span> <span class='ocrx_word' id='word_1_484' title='bbox 2994 1792 3325 1852; x_wconf 77' lang='lat' dir='ltr'><strong>CLXXXVI.</strong></span> 
     </span>
    </p>
   </div>
   <div class='ocr_carea' id='block_1_76' title="bbox 2335 1917 3599 1967">
    <p class='ocr_par' dir='ltr' id='par_1_76' title="bbox 2335 1917 3599 1967">
     <span class='ocr_line' id='line_1_76' title="bbox 2335 1917 3599 1967; baseline 0.008 -11"><span class='ocrx_word' id='word_1_485' title='bbox 2335 1917 2563 1958; x_wconf 77' lang='lat' dir='ltr'><strong>ELECTIO</strong></span> <span class='ocrx_word' id='word_1_486' title='bbox 2589 1918 2852 1960; x_wconf 68' lang='grc' dir='ltr'><strong>οειωειιτι</strong></span> <span class='ocrx_word' id='word_1_487' title='bbox 2885 1922 3141 1964; x_wconf 69' lang='lat' dir='ltr'><strong>REIORUI</strong></span> <span class='ocrx_word' id='word_1_488' title='bbox 3177 1922 3599 1967; x_wconf 72' lang='grc' dir='ltr'><strong>Αιιοωεριεοοιη.</strong></span> 
     </span>
    </p>
   </div>
   <div class='ocr_carea' id='block_1_77' title="bbox 2246 2013 3770 2096">
    <p class='ocr_par' dir='ltr' id='par_1_77' title="bbox 2246 2013 3770 2096">
     <span class='ocr_line' id='line_1_77' title="bbox 2246 2013 3770 2096; baseline 0.009 -28"><span class='ocrx_word' id='word_1_489' title='bbox 2246 2013 2475 2085; x_wconf 88' lang='lat' dir='ltr'><strong>Semper</strong></span> <span class='ocrx_word' id='word_1_490' title='bbox 2511 2017 2752 2086; x_wconf 90' lang='lat' dir='ltr'><strong>quidem,</strong></span> <span class='ocrx_word' id='word_1_491' title='bbox 2783 2018 3120 2076; x_wconf 90' lang='lat' dir='ltr'><strong>dilectissimi</strong></span> <span class='ocrx_word' id='word_1_492' title='bbox 3170 2021 3392 2089; x_wconf 87' lang='lat' dir='ltr'><strong>fratres,</strong></span> <span class='ocrx_word' id='word_1_493' title='bbox 3429 2024 3635 2096; x_wconf 88' lang='lat' dir='ltr'><strong>judicia</strong></span> <span class='ocrx_word' id='word_1_494' title='bbox 3666 2024 3770 2082; x_wconf 89' lang='lat' dir='ltr'><strong>Dei</strong></span> 
     </span>
    </p>
   </div>
   <div class='ocr_carea' id='block_1_78' title="bbox 2166 2102 3773 2186">
    <p class='ocr_par' dir='ltr' id='par_1_78' title="bbox 2166 2102 3773 2186">
     <span class='ocr_line' id='line_1_78' title="bbox 2166 2102 3773 2186; baseline 0.01 -30"><span class='ocrx_word' id='word_1_495' title='bbox 2166 2102 2315 2173; x_wconf 88' lang='lat' dir='ltr'><strong>justa</strong></span> <span class='ocrx_word' id='word_1_496' title='bbox 2368 2116 2516 2176; x_wconf 91' lang='lat' dir='ltr'><strong>sunt,</strong></span> <span class='ocrx_word' id='word_1_497' title='bbox 2558 2109 2662 2186; x_wconf 13' lang='lat' dir='ltr'><strong>sed;</strong></span> <span class='ocrx_word' id='word_1_498' title='bbox 2688 2109 2963 2165; x_wconf 91' lang='lat' dir='ltr'><strong>interdum</strong></span> <span class='ocrx_word' id='word_1_499' title='bbox 3011 2112 3245 2167; x_wconf 89' lang='lat' dir='ltr'><strong>occulta.</strong></span> <span class='ocrx_word' id='word_1_500' title='bbox 3289 2114 3429 2170; x_wconf 87' lang='lat' dir='ltr'><strong>Ecce</strong></span> <span class='ocrx_word' id='word_1_501' title='bbox 3472 2115 3615 2169; x_wconf 92' lang='lat' dir='ltr'><strong>enim</strong></span> <span class='ocrx_word' id='word_1_502' title='bbox 3642 2126 3773 2186; x_wconf 74' lang='lat' dir='ltr'><strong>post</strong></span> 
     </span>
    </p>
   </div>
   <div class='ocr_carea' id='block_1_79' title="bbox 2174 2180 3768 2276">
    <p class='ocr_par' dir='ltr' id='par_1_79' title="bbox 2174 2180 3768 2276">
     <span class='ocr_line' id='line_1_79' title="bbox 2174 2180 3768 2276; baseline 0.009 -29"><span class='ocrx_word' id='word_1_503' title='bbox 2174 2194 2580 2252; x_wconf 84' lang='lat' dir='ltr'><strong>dissolutionem</strong></span> <span class='ocrx_word' id='word_1_504' title='bbox 2635 2180 2805 2255; x_wconf 66' lang='lat' dir='ltr'><strong>beata:</strong></span> <span class='ocrx_word' id='word_1_505' title='bbox 2852 2202 3128 2258; x_wconf 66' lang='lat' dir='ltr'><strong>memoria:</strong></span> <span class='ocrx_word' id='word_1_506' title='bbox 3166 2202 3348 2259; x_wconf 88' lang='lat' dir='ltr'><strong>Patris</strong></span> <span class='ocrx_word' id='word_1_507' title='bbox 3374 2205 3441 2259; x_wconf 78' lang='grc' dir='ltr'><strong>Α.</strong></span> <span class='ocrx_word' id='word_1_508' title='bbox 3470 2198 3768 2276; x_wconf 83' lang='lat' dir='ltr'><strong>quemdam</strong></span> 
     </span>
    </p>
   </div>
   <div class='ocr_carea' id='block_1_80' title="bbox 2173 2289 3768 2368">
    <p class='ocr_par' dir='ltr' id='par_1_80' title="bbox 2173 2289 3768 2368">
     <span class='ocr_line' id='line_1_80' title="bbox 2173 2289 3768 2368; baseline 0.008 -29"><span class='ocrx_word' id='word_1_509' title='bbox 2173 2302 2237 2340; x_wconf 87' lang='lat' dir='ltr'><strong>ex</strong></span> <span class='ocrx_word' id='word_1_510' title='bbox 2272 2289 2422 2357; x_wconf 84' lang='lat' dir='ltr'><strong>regio</strong></span> <span class='ocrx_word' id='word_1_511' title='bbox 2445 2289 2653 2345; x_wconf 92' lang='lat' dir='ltr'><strong>semine</strong></span> <span class='ocrx_word' id='word_1_512' title='bbox 2688 2292 3045 2362; x_wconf 88' lang='lat' dir='ltr'><strong>prodeuntem</strong></span> <span class='ocrx_word' id='word_1_513' title='bbox 3069 2295 3228 2351; x_wconf 89' lang='lat' dir='ltr'><strong>nobis</strong></span> <span class='ocrx_word' id='word_1_514' title='bbox 3258 2295 3625 2368; x_wconf 71' lang='lat' dir='ltr'><strong>Ecclesiaeque</strong></span> <span class='ocrx_word' id='word_1_515' title='bbox 3656 2298 3768 2352; x_wconf 78' lang='lat' dir='ltr'><strong>Re-</strong></span> 
     </span>
    </p>
   </div>
   <div class='ocr_carea' id='block_1_81' title="bbox 2175 2377 3761 2456">
    <p class='ocr_par' dir='ltr' id='par_1_81' title="bbox 2175 2377 3761 2456">
     <span class='ocr_line' id='line_1_81' title="bbox 2175 2377 3761 2456; baseline 0.009 -27"><span class='ocrx_word' id='word_1_516' title='bbox 2175 2377 2345 2431; x_wconf 89' lang='lat' dir='ltr'><strong>meusi</strong></span> <span class='ocrx_word' id='word_1_517' title='bbox 2379 2378 2742 2447; x_wconf 64' lang='lat' dir='ltr'><strong>praefecimus,</strong></span> <span class='ocrx_word' id='word_1_518' title='bbox 2769 2389 2824 2436; x_wconf 92' lang='lat' dir='ltr'><strong>et</strong></span> <span class='ocrx_word' id='word_1_519' title='bbox 2845 2381 3083 2439; x_wconf 89' lang='lat' dir='ltr'><strong>clamore</strong></span> <span class='ocrx_word' id='word_1_520' title='bbox 3114 2385 3479 2441; x_wconf 87' lang='lat' dir='ltr'><strong>multitudinis</strong></span> <span class='ocrx_word' id='word_1_521' title='bbox 3514 2387 3761 2456; x_wconf 89' lang='lat' dir='ltr'><strong>impulsi,</strong></span> 
     </span>
    </p>
   </div>
   <div class='ocr_carea' id='block_1_82' title="bbox 2174 2467 3765 2543">
    <p class='ocr_par' dir='ltr' id='par_1_82' title="bbox 2174 2467 3765 2543">
     <span class='ocr_line' id='line_1_82' title="bbox 2174 2467 3765 2543; baseline 0.008 -22"><span class='ocrx_word' id='word_1_522' title='bbox 2174 2467 2456 2537; x_wconf 84' lang='lat' dir='ltr'><strong>Scriptura</strong></span> <span class='ocrx_word' id='word_1_523' title='bbox 2480 2469 2712 2536; x_wconf 83' lang='lat' dir='ltr'><strong>dicente,</strong></span> <span class='ocrx_word' id='word_1_524' title='bbox 2749 2470 2865 2527; x_wconf 74' lang='lat' dir='ltr'><strong>Vox</strong></span> <span class='ocrx_word' id='word_1_525' title='bbox 2883 2473 3062 2543; x_wconf 85' lang='lat' dir='ltr'><strong>populi</strong></span> <span class='ocrx_word' id='word_1_526' title='bbox 3095 2492 3194 2530; x_wconf 77' lang='lat' dir='ltr'><strong>vox</strong></span> <span class='ocrx_word' id='word_1_527' title='bbox 3216 2468 3332 2541; x_wconf 73' lang='lat' dir='ltr'><strong>Déi,</strong></span> <span class='ocrx_word' id='word_1_528' title='bbox 3363 2486 3416 2532; x_wconf 90' lang='lat' dir='ltr'><strong>et</strong></span> <span class='ocrx_word' id='word_1_529' title='bbox 3444 2488 3765 2534; x_wconf 87' lang='lat' dir='ltr'><strong>sanctorum</strong></span> 
     </span>
    </p>
   </div>
   <div class='ocr_carea' id='block_1_83' title="bbox 2170 2560 3766 2641">
    <p class='ocr_par' dir='ltr' id='par_1_83' title="bbox 2170 2560 3766 2641">
     <span class='ocr_line' id='line_1_83' title="bbox 2170 2560 3766 2641; baseline 0.007 -26"><span class='ocrx_word' id='word_1_530' title='bbox 2170 2574 2440 2616; x_wconf 90' lang='lat' dir='ltr'><strong>eanonum</strong></span> <span class='ocrx_word' id='word_1_531' title='bbox 2479 2560 2744 2619; x_wconf 89' lang='lat' dir='ltr'><strong>institutis</strong></span> <span class='ocrx_word' id='word_1_532' title='bbox 2798 2565 3126 2621; x_wconf 85' lang='lat' dir='ltr'><strong>desiderium</strong></span> <span class='ocrx_word' id='word_1_533' title='bbox 3157 2584 3224 2624; x_wconf 91' lang='lat' dir='ltr'><strong>ac</strong></span> <span class='ocrx_word' id='word_1_534' title='bbox 3258 2578 3381 2625; x_wconf 87' lang='lat' dir='ltr'><strong>vota</strong></span> <span class='ocrx_word' id='word_1_535' title='bbox 3410 2569 3540 2625; x_wconf 89' lang='lat' dir='ltr'><strong>cleri</strong></span> <span class='ocrx_word' id='word_1_536' title='bbox 3570 2586 3635 2626; x_wconf 89' lang='lat' dir='ltr'><strong>ac</strong></span> <span class='ocrx_word' id='word_1_537' title='bbox 3665 2587 3766 2641; x_wconf 89' lang='lat' dir='ltr'><strong>po-</strong></span> 
     </span>
    </p>
   </div>
   <div class='ocr_carea' id='block_1_84' title="bbox 2167 2649 3768 2734">
    <p class='ocr_par' dir='ltr' id='par_1_84' title="bbox 2167 2649 3768 2734">
     <span class='ocr_line' id='line_1_84' title="bbox 2167 2649 3768 2734; baseline 0.011 -32"><span class='ocrx_word' id='word_1_538' title='bbox 2167 2649 2277 2720; x_wconf 90' lang='lat' dir='ltr'><strong>puli</strong></span> <span class='ocrx_word' id='word_1_539' title='bbox 2319 2650 2371 2706; x_wconf 92' lang='lat' dir='ltr'><strong>iu</strong></span> <span class='ocrx_word' id='word_1_540' title='bbox 2420 2651 2686 2709; x_wconf 91' lang='lat' dir='ltr'><strong>electione</strong></span> <span class='ocrx_word' id='word_1_541' title='bbox 2724 2656 2962 2726; x_wconf 89' lang='lat' dir='ltr'><strong>episcopi</strong></span> <span class='ocrx_word' id='word_1_542' title='bbox 3015 2659 3439 2729; x_wconf 84' lang='lat' dir='ltr'><strong>perquirentium</strong></span> <span class='ocrx_word' id='word_1_543' title='bbox 3470 2661 3768 2734; x_wconf 83' lang='lat' dir='ltr'><strong>:ealigavit</strong></span> 
     </span>
    </p>
   </div>
   <div class='ocr_carea' id='block_1_85' title="bbox 2169 2743 3769 2822">
    <p class='ocr_par' dir='ltr' id='par_1_85' title="bbox 2169 2743 3769 2822">
     <span class='ocr_line' id='line_1_85' title="bbox 2169 2743 3769 2822; baseline 0.009 -27"><span class='ocrx_word' id='word_1_544' title='bbox 2169 2743 2315 2798; x_wconf 88' lang='lat' dir='ltr'><strong>acies</strong></span> <span class='ocrx_word' id='word_1_545' title='bbox 2337 2744 2760 2802; x_wconf 66' lang='lat' dir='ltr'><strong>mentiS&#39;nostrae</strong></span> <span class='ocrx_word' id='word_1_546' title='bbox 2789 2746 3028 2803; x_wconf 86' lang='lat' dir='ltr'><strong>litteram</strong></span> <span class='ocrx_word' id='word_1_547' title='bbox 3058 2750 3276 2807; x_wconf 90' lang='lat' dir='ltr'><strong>incaute</strong></span> <span class='ocrx_word' id='word_1_548' title='bbox 3306 2753 3606 2822; x_wconf 89' lang='lat' dir='ltr'><strong>sequendo,</strong></span> <span class='ocrx_word' id='word_1_549' title='bbox 3629 2769 3769 2809; x_wconf 82' lang='lat' dir='ltr'><strong>con-</strong></span> 
     </span>
    </p>
   </div>
   <div class='ocr_carea' id='block_1_86' title="bbox 2169 2835 3765 2915">
    <p class='ocr_par' dir='ltr' id='par_1_86' title="bbox 2169 2835 3765 2915">
     <span class='ocr_line' id='line_1_86' title="bbox 2169 2835 3765 2915; baseline 0.007 -25"><span class='ocrx_word' id='word_1_550' title='bbox 2169 2837 2386 2893; x_wconf 88' lang='lat' dir='ltr'><strong>cordem</strong></span> <span class='ocrx_word' id='word_1_551' title='bbox 2414 2835 2745 2894; x_wconf 87' lang='lat' dir='ltr'><strong>sententiam</strong></span> <span class='ocrx_word' id='word_1_552' title='bbox 2774 2838 3084 2896; x_wconf 89' lang='lat' dir='ltr'><strong>divinarum</strong></span> <span class='ocrx_word' id='word_1_553' title='bbox 3129 2841 3535 2914; x_wconf 86' lang='lat' dir='ltr'><strong>Seripturarum</strong></span> <span class='ocrx_word' id='word_1_554' title='bbox 3562 2860 3765 2915; x_wconf 88' lang='lat' dir='ltr'><strong>parum</strong></span> 
     </span>
    </p>
   </div>
   <div class='ocr_carea' id='block_1_87' title="bbox 2168 2929 3765 3008">
    <p class='ocr_par' dir='ltr' id='par_1_87' title="bbox 2168 2929 3765 3008">
     <span class='ocr_line' id='line_1_87' title="bbox 2168 2929 3765 3008; baseline 0.008 -25"><span class='ocrx_word' id='word_1_555' title='bbox 2168 2929 2561 3001; x_wconf 86' lang='lat' dir='ltr'><strong>investigando.</strong></span> <span class='ocrx_word' id='word_1_556' title='bbox 2621 2931 2738 2987; x_wconf 82' lang='lat' dir='ltr'><strong>Non</strong></span> <span class='ocrx_word' id='word_1_557' title='bbox 2787 2940 2905 2988; x_wconf 89' lang='lat' dir='ltr'><strong>erat</strong></span> <span class='ocrx_word' id='word_1_558' title='bbox 2934 2935 3131 3006; x_wconf 91' lang='lat' dir='ltr'><strong>quippe</strong></span> <span class='ocrx_word' id='word_1_559' title='bbox 3156 2950 3262 2991; x_wconf 93' lang='lat' dir='ltr'><strong>vox</strong></span> <span class='ocrx_word' id='word_1_560' title='bbox 3306 2935 3403 2991; x_wconf 91' lang='lat' dir='ltr'><strong>Dei</strong></span> <span class='ocrx_word' id='word_1_561' title='bbox 3441 2952 3546 2993; x_wconf 89' lang='lat' dir='ltr'><strong>vox</strong></span> <span class='ocrx_word' id='word_1_562' title='bbox 3576 2937 3765 3008; x_wconf 83' lang='lat' dir='ltr'><strong>populi</strong></span> 
     </span>
    </p>
   </div>
   <div class='ocr_carea' id='block_1_88' title="bbox 2166 3020 3765 3101">
    <p class='ocr_par' dir='ltr' id='par_1_88' title="bbox 2166 3020 3765 3101">
     <span class='ocr_line' id='line_1_88' title="bbox 2166 3020 3765 3101; baseline 0.008 -26"><span class='ocrx_word' id='word_1_563' title='bbox 2166 3020 2452 3079; x_wconf 86' lang='lat' dir='ltr'><strong>clamantis</strong></span> <span class='ocrx_word' id='word_1_564' title='bbox 2476 3041 2489 3076; x_wconf 90' lang='lat'><strong>:</strong></span> <span class='ocrx_word' id='word_1_565' title='bbox 2523 3022 2805 3096; x_wconf 74' lang='lat' dir='ltr'><strong>Cruci/iga,</strong></span> <span class='ocrx_word' id='word_1_566' title='bbox 2835 3027 3100 3098; x_wconf 77' lang='lat' dir='ltr'><strong>cruciﬁge.</strong></span> <span class='ocrx_word' id='word_1_567' title='bbox 3147 3028 3288 3101; x_wconf 81' lang='lat' dir='ltr'><strong>Ergo</strong></span> <span class='ocrx_word' id='word_1_568' title='bbox 3314 3046 3421 3086; x_wconf 89' lang='lat' dir='ltr'><strong>non</strong></span> <span class='ocrx_word' id='word_1_569' title='bbox 3442 3030 3625 3086; x_wconf 83' lang='lat' dir='ltr'><strong>omnis</strong></span> <span class='ocrx_word' id='word_1_570' title='bbox 3654 3045 3765 3087; x_wconf 75' lang='lat' dir='ltr'><strong>vox</strong></span> 
     </span>
    </p>
   </div>
   <div class='ocr_carea' id='block_1_89' title="bbox 2167 3117 3763 3195">
    <p class='ocr_par' dir='ltr' id='par_1_89' title="bbox 2167 3117 3763 3195">
     <span class='ocr_line' id='line_1_89' title="bbox 2167 3117 3763 3195; baseline 0.008 -26"><span class='ocrx_word' id='word_1_571' title='bbox 2167 3117 2345 3188; x_wconf 82' lang='lat' dir='ltr'><strong>populi</strong></span> <span class='ocrx_word' id='word_1_572' title='bbox 2370 3134 2471 3174; x_wconf 87' lang='lat' dir='ltr'><strong>vox</strong></span> <span class='ocrx_word' id='word_1_573' title='bbox 2498 3120 2592 3176; x_wconf 90' lang='lat' dir='ltr'><strong>Dei</strong></span> <span class='ocrx_word' id='word_1_574' title='bbox 2617 3130 2737 3188; x_wconf 88' lang='lat' dir='ltr'><strong>est;</strong></span> <span class='ocrx_word' id='word_1_575' title='bbox 2771 3137 2872 3178; x_wconf 88' lang='lat' dir='ltr'><strong>nec</strong></span> <span class='ocrx_word' id='word_1_576' title='bbox 2894 3124 3072 3179; x_wconf 90' lang='lat' dir='ltr'><strong>omnis</strong></span> <span class='ocrx_word' id='word_1_577' title='bbox 3107 3122 3239 3178; x_wconf 87' lang='lat' dir='ltr'><strong>cieri</strong></span> <span class='ocrx_word' id='word_1_578' title='bbox 3270 3131 3325 3179; x_wconf 93' lang='lat' dir='ltr'><strong>et</strong></span> <span class='ocrx_word' id='word_1_579' title='bbox 3347 3124 3529 3195; x_wconf 83' lang='lat' dir='ltr'><strong>pepuli</strong></span> <span class='ocrx_word' id='word_1_580' title='bbox 3553 3133 3680 3181; x_wconf 81' lang='lat' dir='ltr'><strong>vota</strong></span> <span class='ocrx_word' id='word_1_581' title='bbox 3705 3133 3763 3182; x_wconf 80' lang='lat' dir='ltr'><strong>et</strong></span> 
     </span>
    </p>
   </div>
   <div class='ocr_carea' id='block_1_90' title="bbox 2090 3188 3757 3283">
    <p class='ocr_par' dir='ltr' id='par_1_90' title="bbox 2090 3188 3757 3283">
     <span class='ocr_line' id='line_1_90' title="bbox 2090 3188 3757 3283; baseline 0.005 -22"><span class='ocrx_word' id='word_1_582' title='bbox 2090 3188 2136 3253; x_wconf 69' lang='grc' dir='ltr'><strong>(ἶ</strong></span> <span class='ocrx_word' id='word_1_583' title='bbox 2169 3208 2437 3263; x_wconf 88' lang='lat' dir='ltr'><strong>desideria</strong></span> <span class='ocrx_word' id='word_1_584' title='bbox 2482 3209 2538 3264; x_wconf 90' lang='lat' dir='ltr'><strong>in</strong></span> <span class='ocrx_word' id='word_1_585' title='bbox 2589 3210 2855 3266; x_wconf 88' lang='lat' dir='ltr'><strong>electione</strong></span> <span class='ocrx_word' id='word_1_586' title='bbox 2899 3211 3155 3283; x_wconf 26' lang='lat' dir='ltr'><strong>episcopi,</strong></span> <span class='ocrx_word' id='word_1_587' title='bbox 3182 3188 3546 3282; x_wconf 45' lang='lat' dir='ltr'><strong>perqu-irenda</strong></span> <span class='ocrx_word' id='word_1_588' title='bbox 3602 3222 3757 3279; x_wconf 86' lang='lat' dir='ltr'><strong>sunt,</strong></span> 
     </span>
    </p>
   </div>
   <div class='ocr_carea' id='block_1_91' title="bbox 2168 3298 3763 3373">
    <p class='ocr_par' dir='ltr' id='par_1_91' title="bbox 2168 3298 3763 3373">
     <span class='ocr_line' id='line_1_91' title="bbox 2168 3298 3763 3373; baseline 0.003 -21"><span class='ocrx_word' id='word_1_589' title='bbox 2168 3298 2264 3353; x_wconf 90' lang='lat' dir='ltr'><strong>sed</strong></span> <span class='ocrx_word' id='word_1_590' title='bbox 2293 3307 2502 3353; x_wconf 91' lang='lat' dir='ltr'><strong>tantum</strong></span> <span class='ocrx_word' id='word_1_591' title='bbox 2548 3298 2812 3369; x_wconf 90' lang='lat' dir='ltr'><strong>simplicis</strong></span> <span class='ocrx_word' id='word_1_592' title='bbox 2845 3309 2902 3355; x_wconf 92' lang='lat' dir='ltr'><strong>et</strong></span> <span class='ocrx_word' id='word_1_593' title='bbox 2935 3300 3256 3370; x_wconf 85' lang='lat' dir='ltr'><strong>incorrupti,</strong></span> <span class='ocrx_word' id='word_1_594' title='bbox 3293 3301 3349 3356; x_wconf 91' lang='lat' dir='ltr'><strong>id</strong></span> <span class='ocrx_word' id='word_1_595' title='bbox 3379 3310 3466 3357; x_wconf 88' lang='lat' dir='ltr'><strong>est</strong></span> <span class='ocrx_word' id='word_1_596' title='bbox 3489 3316 3586 3373; x_wconf 89' lang='lat' dir='ltr'><strong>spe</strong></span> <span class='ocrx_word' id='word_1_597' title='bbox 3607 3317 3763 3372; x_wconf 72' lang='lat' dir='ltr'><strong>qure-</strong></span> 
     </span>
    </p>
   </div>
   <div class='ocr_carea' id='block_1_92' title="bbox 2166 3386 3761 3458">
    <p class='ocr_par' dir='ltr' id='par_1_92' title="bbox 2166 3386 3761 3458">
     <span class='ocr_line' id='line_1_92' title="bbox 2166 3386 3761 3458; baseline 0.004 -18"><span class='ocrx_word' id='word_1_598' title='bbox 2166 3394 2285 3441; x_wconf 88' lang='lat' dir='ltr'><strong>stus</strong></span> <span class='ocrx_word' id='word_1_599' title='bbox 2316 3386 2540 3441; x_wconf 91' lang='lat' dir='ltr'><strong>minime</strong></span> <span class='ocrx_word' id='word_1_600' title='bbox 2585 3386 2768 3443; x_wconf 85' lang='lat' dir='ltr'><strong>electi.</strong></span> <span class='ocrx_word' id='word_1_601' title='bbox 2803 3387 3102 3443; x_wconf 66' lang='lat' dir='ltr'><strong>Sententia:</strong></span> <span class='ocrx_word' id='word_1_602' title='bbox 3137 3386 3361 3443; x_wconf 86' lang='lat' dir='ltr'><strong>Patrum</strong></span> <span class='ocrx_word' id='word_1_603' title='bbox 3399 3389 3761 3458; x_wconf 63' lang='lat' dir='ltr'><strong>exponenda).</strong></span> 
     </span>
    </p>
   </div>
   <div class='ocr_carea' id='block_1_93' title="bbox 2166 3476 3757 3550">
    <p class='ocr_par' dir='ltr' id='par_1_93' title="bbox 2166 3476 3757 3550">
     <span class='ocr_line' id='line_1_93' title="bbox 2166 3476 3757 3550; baseline 0.004 -18"><span class='ocrx_word' id='word_1_604' title='bbox 2166 3476 2285 3534; x_wconf 85' lang='lat' dir='ltr'><strong>Non</strong></span> <span class='ocrx_word' id='word_1_605' title='bbox 2319 3478 2506 3546; x_wconf 89' lang='lat' dir='ltr'><strong>liceat,</strong></span> <span class='ocrx_word' id='word_1_606' title='bbox 2543 3479 2737 3550; x_wconf 86' lang='lat' dir='ltr'><strong>inquit,</strong></span> <span class='ocrx_word' id='word_1_607' title='bbox 2785 3480 2962 3536; x_wconf 87' lang='lat' dir='ltr'><strong>turbis</strong></span> <span class='ocrx_word' id='word_1_608' title='bbox 2988 3480 3310 3538; x_wconf 88' lang='lat' dir='ltr'><strong>electionem</strong></span> <span class='ocrx_word' id='word_1_609' title='bbox 3340 3481 3523 3540; x_wconf 89' lang='lat' dir='ltr'><strong>facere</strong></span> <span class='ocrx_word' id='word_1_610' title='bbox 3561 3497 3757 3539; x_wconf 86' lang='lat' dir='ltr'><strong>eorum</strong></span> 
     </span>
    </p>
   </div>
   <div class='ocr_carea' id='block_1_94' title="bbox 2165 3572 3762 3648">
    <p class='ocr_par' dir='ltr' id='par_1_94' title="bbox 2165 3572 3762 3648">
     <span class='ocr_line' id='line_1_94' title="bbox 2165 3572 3762 3648; baseline 0.008 -24"><span class='ocrx_word' id='word_1_611' title='bbox 2165 3572 2257 3642; x_wconf 93' lang='lat' dir='ltr'><strong>qui</strong></span> <span class='ocrx_word' id='word_1_612' title='bbox 2307 3572 2370 3626; x_wconf 88' lang='lat' dir='ltr'><strong>ad</strong></span> <span class='ocrx_word' id='word_1_613' title='bbox 2428 3573 2793 3629; x_wconf 88' lang='lat' dir='ltr'><strong>sacerdotium</strong></span> <span class='ocrx_word' id='word_1_614' title='bbox 2851 3578 3237 3646; x_wconf 85' lang='lat' dir='ltr'><strong>provocamur,</strong></span> <span class='ocrx_word' id='word_1_615' title='bbox 3273 3576 3655 3648; x_wconf 87' lang='lat' dir='ltr'><strong>sedjudieium</strong></span> <span class='ocrx_word' id='word_1_616' title='bbox 3684 3580 3762 3636; x_wconf 86' lang='lat' dir='ltr'><strong>sit</strong></span> 
     </span>
    </p>
   </div>
   <div class='ocr_carea' id='block_1_95' title="bbox 2164 3664 3759 3743">
    <p class='ocr_par' dir='ltr' id='par_1_95' title="bbox 2164 3664 3759 3743">
     <span class='ocr_line' id='line_1_95' title="bbox 2164 3664 3759 3743; baseline 0.008 -27"><span class='ocrx_word' id='word_1_617' title='bbox 2164 3664 2560 3735; x_wconf 91' lang='lat' dir='ltr'><strong>episcoporum,</strong></span> <span class='ocrx_word' id='word_1_618' title='bbox 2616 3674 2676 3721; x_wconf 92' lang='lat' dir='ltr'><strong>ut</strong></span> <span class='ocrx_word' id='word_1_619' title='bbox 2710 3682 2836 3722; x_wconf 91' lang='lat' dir='ltr'><strong>eum</strong></span> <span class='ocrx_word' id='word_1_620' title='bbox 2868 3667 2968 3738; x_wconf 88' lang='lat' dir='ltr'><strong>ipsi</strong></span> <span class='ocrx_word' id='word_1_621' title='bbox 2996 3668 3089 3739; x_wconf 88' lang='lat' dir='ltr'><strong>qui</strong></span> <span class='ocrx_word' id='word_1_622' title='bbox 3147 3669 3482 3725; x_wconf 87' lang='lat' dir='ltr'><strong>ordinandus</strong></span> <span class='ocrx_word' id='word_1_623' title='bbox 3507 3680 3596 3726; x_wconf 87' lang='lat' dir='ltr'><strong>est</strong></span> <span class='ocrx_word' id='word_1_624' title='bbox 3626 3686 3759 3743; x_wconf 88' lang='lat' dir='ltr'><strong>pro-</strong></span> 
     </span>
    </p>
   </div>
   <div class='ocr_carea' id='block_1_96' title="bbox 2163 3752 3755 3827">
    <p class='ocr_par' dir='ltr' id='par_1_96' title="bbox 2163 3752 3755 3827">
     <span class='ocr_line' id='line_1_96' title="bbox 2163 3752 3755 3827; baseline 0.004 -19"><span class='ocrx_word' id='word_1_625' title='bbox 2163 3752 2311 3819; x_wconf 87' lang='lat' dir='ltr'><strong>bent,</strong></span> <span class='ocrx_word' id='word_1_626' title='bbox 2365 3754 2411 3809; x_wconf 91' lang='lat' dir='ltr'><strong>si</strong></span> <span class='ocrx_word' id='word_1_627' title='bbox 2458 3755 2512 3809; x_wconf 92' lang='lat' dir='ltr'><strong>in</strong></span> <span class='ocrx_word' id='word_1_628' title='bbox 2548 3754 2653 3810; x_wconf 85' lang='lat' dir='ltr'><strong>fide</strong></span> <span class='ocrx_word' id='word_1_629' title='bbox 2719 3766 2773 3811; x_wconf 93' lang='lat' dir='ltr'><strong>et</strong></span> <span class='ocrx_word' id='word_1_630' title='bbox 2814 3756 2866 3810; x_wconf 91' lang='lat' dir='ltr'><strong>in</strong></span> <span class='ocrx_word' id='word_1_631' title='bbox 2905 3756 3198 3827; x_wconf 83' lang='lat' dir='ltr'><strong>episcopali</strong></span> <span class='ocrx_word' id='word_1_632' title='bbox 3249 3759 3366 3813; x_wconf 91' lang='lat' dir='ltr'><strong>vita</strong></span> <span class='ocrx_word' id='word_1_633' title='bbox 3395 3759 3620 3817; x_wconf 85' lang='lat' dir='ltr'><strong>edoctus</strong></span> <span class='ocrx_word' id='word_1_634' title='bbox 3647 3769 3755 3817; x_wconf 88' lang='lat' dir='ltr'><strong>est.</strong></span> 
     </span>
    </p>
   </div>
   <div class='ocr_carea' id='block_1_97' title="bbox 2164 3842 3757 3917">
    <p class='ocr_par' dir='ltr' id='par_1_97' title="bbox 2164 3842 3757 3917">
     <span class='ocr_line' id='line_1_97' title="bbox 2164 3842 3757 3917; baseline 0.005 -18"><span class='ocrx_word' id='word_1_635' title='bbox 2164 3842 2272 3900; x_wconf 88' lang='lat' dir='ltr'><strong>Nos</strong></span> <span class='ocrx_word' id='word_1_636' title='bbox 2302 3845 2469 3916; x_wconf 83' lang='lat' dir='ltr'><strong>igitur</strong></span> <span class='ocrx_word' id='word_1_637' title='bbox 2509 3846 2751 3917; x_wconf 91' lang='lat' dir='ltr'><strong>episcopi</strong></span> <span class='ocrx_word' id='word_1_638' title='bbox 2795 3846 3088 3902; x_wconf 84' lang='lat' dir='ltr'><strong>Remorum</strong></span> <span class='ocrx_word' id='word_1_639' title='bbox 3128 3848 3427 3904; x_wconf 76' lang='lat' dir='ltr'><strong>diteceseos</strong></span> <span class='ocrx_word' id='word_1_640' title='bbox 3455 3850 3757 3907; x_wconf 87' lang='lat' dir='ltr'><strong>secundum</strong></span> 
     </span>
    </p>
   </div>
   <div class='ocr_carea' id='block_1_98' title="bbox 2163 3922 3755 4005">
    <p class='ocr_par' dir='ltr' id='par_1_98' title="bbox 2163 3922 3755 4005">
     <span class='ocr_line' id='line_1_98' title="bbox 2163 3922 3755 4005; baseline 0.006 -15"><span class='ocrx_word' id='word_1_641' title='bbox 2163 3936 2261 3992; x_wconf 86' lang='lat' dir='ltr'><strong>has</strong></span> <span class='ocrx_word' id='word_1_642' title='bbox 2294 3922 2710 3994; x_wconf 81' lang='lat' dir='ltr'><strong>constitutiones</strong></span> <span class='ocrx_word' id='word_1_643' title='bbox 2762 3939 3009 4005; x_wconf 88' lang='lat' dir='ltr'><strong>Patrum,</strong></span> <span class='ocrx_word' id='word_1_644' title='bbox 3073 3938 3259 3996; x_wconf 87' lang='lat' dir='ltr'><strong>favore</strong></span> <span class='ocrx_word' id='word_1_645' title='bbox 3310 3949 3366 3997; x_wconf 87' lang='lat' dir='ltr'><strong>et</strong></span> <span class='ocrx_word' id='word_1_646' title='bbox 3405 3943 3755 4000; x_wconf 89' lang='lat' dir='ltr'><strong>conniventia</strong></span> 
     </span>
    </p>
   </div>
   <div class='ocr_carea' id='block_1_99' title="bbox 2165 4023 3760 4106">
    <p class='ocr_par' dir='ltr' id='par_1_99' title="bbox 2165 4023 3760 4106">
     <span class='ocr_line' id='line_1_99' title="bbox 2165 4023 3760 4106; baseline 0.005 -23"><span class='ocrx_word' id='word_1_647' title='bbox 2165 4030 2448 4100; x_wconf 85' lang='lat' dir='ltr'><strong>utriusque</strong></span> <span class='ocrx_word' id='word_1_648' title='bbox 2477 4023 2942 4101; x_wconf 63' lang='lat' dir='ltr'><strong>pi‘incipiscnostri</strong></span> <span class='ocrx_word' id='word_1_649' title='bbox 2967 4031 3151 4087; x_wconf 89' lang='lat' dir='ltr'><strong>domui</strong></span> <span class='ocrx_word' id='word_1_650' title='bbox 3191 4033 3399 4106; x_wconf 83' lang='lat' dir='ltr'><strong>Ugonis</strong></span> <span class='ocrx_word' id='word_1_651' title='bbox 3420 4035 3676 4105; x_wconf 80' lang='lat' dir='ltr'><strong>Augusti,</strong></span> <span class='ocrx_word' id='word_1_652' title='bbox 3699 4044 3760 4091; x_wconf 87' lang='lat' dir='ltr'><strong>et</strong></span> 
     </span>
    </p>
   </div>
   <div class='ocr_carea' id='block_1_100' title="bbox 2162 4124 3753 4200">
    <p class='ocr_par' dir='ltr' id='par_1_100' title="bbox 2162 4124 3753 4200">
     <span class='ocr_line' id='line_1_100' title="bbox 2162 4124 3753 4200; baseline 0.006 -21"><span class='ocrx_word' id='word_1_653' title='bbox 2162 4124 2603 4180; x_wconf 85' lang='lat' dir='ltr'><strong>excellentissimi</strong></span> <span class='ocrx_word' id='word_1_654' title='bbox 2636 4127 2779 4198; x_wconf 86' lang='lat' dir='ltr'><strong>regis</strong></span> <span class='ocrx_word' id='word_1_655' title='bbox 2805 4126 3293 4193; x_wconf 80' lang='lat' dir='ltr'><strong>Roberti,assensu</strong></span> <span class='ocrx_word' id='word_1_656' title='bbox 3319 4145 3533 4200; x_wconf 89' lang='lat' dir='ltr'><strong>quoque</strong></span> <span class='ocrx_word' id='word_1_657' title='bbox 3558 4147 3753 4188; x_wconf 88' lang='lat' dir='ltr'><strong>eorum</strong></span> 
     </span>
    </p>
   </div>
   <div class='ocr_carea' id='block_1_101' title="bbox 2160 4216 3756 4295">
    <p class='ocr_par' dir='ltr' id='par_1_101' title="bbox 2160 4216 3756 4295">
     <span class='ocr_line' id='line_1_101' title="bbox 2160 4216 3756 4295; baseline 0.007 -26"><span class='ocrx_word' id='word_1_658' title='bbox 2160 4217 2251 4286; x_wconf 87' lang='lat' dir='ltr'><strong>qui</strong></span> <span class='ocrx_word' id='word_1_659' title='bbox 2283 4216 2373 4271; x_wconf 88' lang='lat' dir='ltr'><strong>Dei</strong></span> <span class='ocrx_word' id='word_1_660' title='bbox 2407 4227 2532 4273; x_wconf 89' lang='lat' dir='ltr'><strong>sunt</strong></span> <span class='ocrx_word' id='word_1_661' title='bbox 2581 4218 2632 4273; x_wconf 94' lang='lat' dir='ltr'><strong>in</strong></span> <span class='ocrx_word' id='word_1_662' title='bbox 2665 4218 2811 4275; x_wconf 90' lang='lat' dir='ltr'><strong>clero</strong></span> <span class='ocrx_word' id='word_1_663' title='bbox 2860 4230 2915 4275; x_wconf 91' lang='lat' dir='ltr'><strong>et</strong></span> <span class='ocrx_word' id='word_1_664' title='bbox 2942 4221 3159 4291; x_wconf 89' lang='lat' dir='ltr'><strong>populo,</strong></span> <span class='ocrx_word' id='word_1_665' title='bbox 3216 4222 3466 4295; x_wconf 86' lang='lat' dir='ltr'><strong>eligimus</strong></span> <span class='ocrx_word' id='word_1_666' title='bbox 3490 4225 3646 4279; x_wconf 90' lang='lat' dir='ltr'><strong>nobis</strong></span> <span class='ocrx_word' id='word_1_667' title='bbox 3666 4240 3756 4280; x_wconf 87' lang='lat' dir='ltr'><strong>ar-</strong></span> 
     </span>
    </p>
   </div>
   <div class='ocr_carea' id='block_1_102' title="bbox 2160 4307 3752 4382">
    <p class='ocr_par' dir='ltr' id='par_1_102' title="bbox 2160 4307 3752 4382">
     <span class='ocr_line' id='line_1_102' title="bbox 2160 4307 3752 4382; baseline 0.005 -21"><span class='ocrx_word' id='word_1_668' title='bbox 2160 4307 2566 4379; x_wconf 82' lang='lat' dir='ltr'><strong>chiepiscopum</strong></span> <span class='ocrx_word' id='word_1_669' title='bbox 2623 4310 2878 4365; x_wconf 88' lang='lat' dir='ltr'><strong>abbatem</strong></span> <span class='ocrx_word' id='word_1_670' title='bbox 2906 4308 3230 4366; x_wconf 45' lang='lat' dir='ltr'><strong>Gerbe’rtum</strong></span> <span class='ocrx_word' id='word_1_671' title='bbox 3259 4323 3420 4368; x_wconf 77' lang='lat' dir='ltr'><strong>:etate</strong></span> <span class='ocrx_word' id='word_1_672' title='bbox 3455 4325 3752 4382; x_wconf 89' lang='lat' dir='ltr'><strong>maturum,</strong></span> 
     </span>
    </p>
   </div>
   <div class='ocr_carea' id='block_1_103' title="bbox 2162 4400 3755 4470">
    <p class='ocr_par' dir='ltr' id='par_1_103' title="bbox 2162 4400 3755 4470">
     <span class='ocr_line' id='line_1_103' title="bbox 2162 4400 3755 4470; baseline 0.006 -18"><span class='ocrx_word' id='word_1_673' title='bbox 2162 4408 2355 4453; x_wconf 87' lang='lat' dir='ltr'><strong>natura</strong></span> <span class='ocrx_word' id='word_1_674' title='bbox 2387 4400 2733 4470; x_wconf 86' lang='lat' dir='ltr'><strong>prudentem,</strong></span> <span class='ocrx_word' id='word_1_675' title='bbox 2765 4401 3073 4468; x_wconf 85' lang='lat' dir='ltr'><strong>docibilem,</strong></span> <span class='ocrx_word' id='word_1_676' title='bbox 3105 4401 3397 4468; x_wconf 78' lang='lat' dir='ltr'><strong>affabilem,</strong></span> <span class='ocrx_word' id='word_1_677' title='bbox 3438 4405 3755 4461; x_wconf 87' lang='lat' dir='ltr'><strong>misericor-</strong></span> 
     </span>
    </p>
   </div>
   <div class='ocr_carea' id='block_1_104' title="bbox 2161 4472 3752 4565">
    <p class='ocr_par' dir='ltr' id='par_1_104' title="bbox 2161 4472 3752 4565">
     <span class='ocr_line' id='line_1_104' title="bbox 2161 4472 3752 4565; baseline 0.005 -19"><span class='ocrx_word' id='word_1_678' title='bbox 2161 4472 2302 4554; x_wconf 75' lang='lat' dir='ltr'><strong>dem.</strong></span> <span class='ocrx_word' id='word_1_679' title='bbox 2334 4510 2432 4548; x_wconf 90' lang='lat' dir='ltr'><strong>nec</strong></span> <span class='ocrx_word' id='word_1_680' title='bbox 2455 4493 2795 4564; x_wconf 72' lang='lat' dir='ltr'><strong>przef&#39;erimus</strong></span> <span class='ocrx_word' id='word_1_681' title='bbox 2823 4495 2897 4549; x_wconf 92' lang='lat' dir='ltr'><strong>illi</strong></span> <span class='ocrx_word' id='word_1_682' title='bbox 2934 4488 3126 4565; x_wconf 84' lang='lat' dir='ltr'><strong>vagam</strong></span> <span class='ocrx_word' id='word_1_683' title='bbox 3156 4498 3600 4565; x_wconf 87' lang='lat' dir='ltr'><strong>adolescentiam,</strong></span> <span class='ocrx_word' id='word_1_684' title='bbox 3628 4515 3752 4555; x_wconf 86' lang='lat' dir='ltr'><strong>am-</strong></span> 
     </span>
    </p>
   </div>
   <div class='ocr_carea' id='block_1_105' title="bbox 2160 4570 3751 4651">
    <p class='ocr_par' dir='ltr' id='par_1_105' title="bbox 2160 4570 3751 4651">
     <span class='ocr_line' id='line_1_105' title="bbox 2160 4570 3751 4651; baseline 0.005 -15"><span class='ocrx_word' id='word_1_685' title='bbox 2160 4579 2419 4637; x_wconf 89' lang='lat' dir='ltr'><strong>bitionem</strong></span> <span class='ocrx_word' id='word_1_686' title='bbox 2474 4598 2533 4638; x_wconf 92' lang='lat' dir='ltr'><strong>se</strong></span> <span class='ocrx_word' id='word_1_687' title='bbox 2563 4570 2933 4651; x_wconf 80' lang='lat' dir='ltr'><strong>extollentem,</strong></span> <span class='ocrx_word' id='word_1_688' title='bbox 2978 4586 3160 4641; x_wconf 89' lang='lat' dir='ltr'><strong>omnia</strong></span> <span class='ocrx_word' id='word_1_689' title='bbox 3192 4595 3394 4643; x_wconf 88' lang='lat' dir='ltr'><strong>temere</strong></span> <span class='ocrx_word' id='word_1_690' title='bbox 3428 4588 3751 4644; x_wconf 85' lang='lat' dir='ltr'><strong>ministran-</strong></span> 
     </span>
    </p>
   </div>
   <div class='ocr_carea' id='block_1_106' title="bbox 2160 4656 3751 4753">
    <p class='ocr_par' dir='ltr' id='par_1_106' title="bbox 2160 4656 3751 4753">
     <span class='ocr_line' id='line_1_106' title="bbox 2160 4656 3751 4753; baseline 0.006 -25"><span class='ocrx_word' id='word_1_691' title='bbox 2160 4656 2300 4737; x_wconf 83' lang='lat' dir='ltr'><strong>tem;</strong></span> <span class='ocrx_word' id='word_1_692' title='bbox 2346 4675 2455 4731; x_wconf 90' lang='lat' dir='ltr'><strong>imo</strong></span> <span class='ocrx_word' id='word_1_693' title='bbox 2500 4692 2601 4733; x_wconf 91' lang='lat' dir='ltr'><strong>nec</strong></span> <span class='ocrx_word' id='word_1_694' title='bbox 2652 4678 2846 4734; x_wconf 85' lang='lat' dir='ltr'><strong>talibus</strong></span> <span class='ocrx_word' id='word_1_695' title='bbox 2903 4678 3179 4752; x_wconf 82' lang='lat' dir='ltr'><strong>subjugari</strong></span> <span class='ocrx_word' id='word_1_696' title='bbox 3231 4682 3507 4753; x_wconf 88' lang='lat' dir='ltr'><strong>patienter</strong></span> <span class='ocrx_word' id='word_1_697' title='bbox 3558 4684 3751 4739; x_wconf 86' lang='lat' dir='ltr'><strong>auditu</strong></span> 
     </span>
    </p>
   </div>
   <div class='ocr_carea' id='block_1_107' title="bbox 2157 4762 3751 4841">
    <p class='ocr_par' dir='ltr' id='par_1_107' title="bbox 2157 4762 3751 4841">
     <span class='ocr_line' id='line_1_107' title="bbox 2157 4762 3751 4841; baseline 0.006 -23"><span class='ocrx_word' id='word_1_698' title='bbox 2157 4765 2503 4834; x_wconf 80' lang='lat' dir='ltr'><strong>perferimus,</strong></span> <span class='ocrx_word' id='word_1_699' title='bbox 2552 4783 2783 4838; x_wconf 89' lang='lat' dir='ltr'><strong>quorum</strong></span> <span class='ocrx_word' id='word_1_700' title='bbox 2832 4771 3098 4841; x_wconf 87' lang='lat' dir='ltr'><strong>sapientia</strong></span> <span class='ocrx_word' id='word_1_701' title='bbox 3133 4780 3190 4825; x_wconf 91' lang='lat' dir='ltr'><strong>et</strong></span> <span class='ocrx_word' id='word_1_702' title='bbox 3216 4772 3444 4828; x_wconf 90' lang='lat' dir='ltr'><strong>consilio</strong></span> <span class='ocrx_word' id='word_1_703' title='bbox 3468 4762 3751 4828; x_wconf 72' lang='lat' dir='ltr'><strong>EccleSia—</strong></span> 
     </span>
    </p>
   </div>
   <div class='ocr_carea' id='block_1_108' title="bbox 2157 4854 3749 4933">
    <p class='ocr_par' dir='ltr' id='par_1_108' title="bbox 2157 4854 3749 4933">
     <span class='ocr_line' id='line_1_108' title="bbox 2157 4854 3749 4933; baseline 0.008 -25"><span class='ocrx_word' id='word_1_704' title='bbox 2157 4854 2290 4910; x_wconf 89' lang='lat' dir='ltr'><strong>stica</strong></span> <span class='ocrx_word' id='word_1_705' title='bbox 2318 4874 2383 4912; x_wconf 84' lang='lat' dir='ltr'><strong>ac</strong></span> <span class='ocrx_word' id='word_1_706' title='bbox 2408 4858 2586 4912; x_wconf 88' lang='lat' dir='ltr'><strong>civilia</strong></span> <span class='ocrx_word' id='word_1_707' title='bbox 2629 4859 2752 4930; x_wconf 90' lang='lat' dir='ltr'><strong>jura</strong></span> <span class='ocrx_word' id='word_1_708' title='bbox 2783 4858 3153 4917; x_wconf 85' lang='lat' dir='ltr'><strong>administrari</strong></span> <span class='ocrx_word' id='word_1_709' title='bbox 3187 4879 3290 4918; x_wconf 90' lang='lat' dir='ltr'><strong>non</strong></span> <span class='ocrx_word' id='word_1_710' title='bbox 3328 4879 3486 4933; x_wconf 88' lang='lat' dir='ltr'><strong>posse</strong></span> <span class='ocrx_word' id='word_1_711' title='bbox 3517 4865 3749 4922; x_wconf 89' lang='lat' dir='ltr'><strong>scimus.</strong></span> 
     </span>
    </p>
   </div>
   <div class='ocr_carea' id='block_1_109' title="bbox 2155 4946 3754 5029">
    <p class='ocr_par' dir='ltr' id='par_1_109' title="bbox 2155 4946 3754 5029">
     <span class='ocr_line' id='line_1_109' title="bbox 2155 4946 3754 5029; baseline 0.006 -26"><span class='ocrx_word' id='word_1_712' title='bbox 2155 4946 2399 5018; x_wconf 83' lang='lat' dir='ltr'><strong>Cumque</strong></span> <span class='ocrx_word' id='word_1_713' title='bbox 2424 4949 2504 5029; x_wconf 22' lang='lat' dir='ltr'><strong>‘iu</strong></span> <span class='ocrx_word' id='word_1_714' title='bbox 2555 4966 2880 5023; x_wconf 87' lang='lat' dir='ltr'><strong>unoquoque</strong></span> <span class='ocrx_word' id='word_1_715' title='bbox 2929 4954 3184 5025; x_wconf 90' lang='lat' dir='ltr'><strong>episcopo</strong></span> <span class='ocrx_word' id='word_1_716' title='bbox 3225 4958 3297 5012; x_wconf 86' lang='lat' dir='ltr'><strong>sit</strong></span> <span class='ocrx_word' id='word_1_717' title='bbox 3332 4958 3437 5013; x_wconf 91' lang='lat' dir='ltr'><strong>hoc</strong></span> <span class='ocrx_word' id='word_1_718' title='bbox 3463 4958 3754 5029; x_wconf 85' lang='lat' dir='ltr'><strong>speculan-</strong></span> 
     </span>
    </p>
   </div>
   <div class='ocr_carea' id='block_1_110' title="bbox 2160 5024 3753 5121">
    <p class='ocr_par' dir='ltr' id='par_1_110' title="bbox 2160 5024 3753 5121">
     <span class='ocr_line' id='line_1_110' title="bbox 2160 5024 3753 5121; baseline 0.006 -24"><span class='ocrx_word' id='word_1_719' title='bbox 2160 5040 2308 5108; x_wconf 82' lang='lat' dir='ltr'><strong>duin,</strong></span> <span class='ocrx_word' id='word_1_720' title='bbox 2365 5024 2600 5098; x_wconf 82' lang='lat' dir='ltr'><strong>maxime</strong></span> <span class='ocrx_word' id='word_1_721' title='bbox 2648 5052 2827 5100; x_wconf 91' lang='lat' dir='ltr'><strong>tamen</strong></span> <span class='ocrx_word' id='word_1_722' title='bbox 2861 5046 2912 5100; x_wconf 91' lang='lat' dir='ltr'><strong>in</strong></span> <span class='ocrx_word' id='word_1_723' title='bbox 2942 5062 3008 5102; x_wconf 92' lang='lat' dir='ltr'><strong>eo</strong></span> <span class='ocrx_word' id='word_1_724' title='bbox 3050 5049 3140 5118; x_wconf 88' lang='lat' dir='ltr'><strong>qui</strong></span> <span class='ocrx_word' id='word_1_725' title='bbox 3173 5049 3388 5104; x_wconf 80' lang='lat' dir='ltr'><strong>caeteris</strong></span> <span class='ocrx_word' id='word_1_726' title='bbox 3410 5060 3606 5121; x_wconf 73' lang='lat' dir='ltr'><strong>prteest</strong></span> <span class='ocrx_word' id='word_1_727' title='bbox 3631 5066 3753 5106; x_wconf 83' lang='lat' dir='ltr'><strong>me-</strong></span> 
     </span>
    </p>
   </div>
   <div class='ocr_carea' id='block_1_111' title="bbox 2160 5133 3749 5222">
    <p class='ocr_par' dir='ltr' id='par_1_111' title="bbox 2160 5133 3749 5222">
     <span class='ocr_line' id='line_1_111' title="bbox 2160 5133 3749 5222; baseline 0.006 -35"><span class='ocrx_word' id='word_1_728' title='bbox 2160 5133 2507 5205; x_wconf 89' lang='lat' dir='ltr'><strong>tropolitano.</strong></span> <span class='ocrx_word' id='word_1_729' title='bbox 2533 5134 2797 5206; x_wconf 85' lang='lat' dir='ltr'><strong>Eligimus</strong></span> <span class='ocrx_word' id='word_1_730' title='bbox 2823 5138 3006 5211; x_wconf 87' lang='lat' dir='ltr'><strong>itaque</strong></span> <span class='ocrx_word' id='word_1_731' title='bbox 3032 5140 3551 5222; x_wconf 81' lang='lat' dir='ltr'><strong>lumeGerbertmu,</strong></span> <span class='ocrx_word' id='word_1_732' title='bbox 3573 5142 3749 5212; x_wconf 78' lang='lat' dir='ltr'><strong>qui‘&quot;</strong></span> 
     </span>
    </p>
   </div>
   <div class='ocr_carea' id='block_1_112' title="bbox 2154 5225 3751 5303">
    <p class='ocr_par' dir='ltr' id='par_1_112' title="bbox 2154 5225 3751 5303">
     <span class='ocr_line' id='line_1_112' title="bbox 2154 5225 3751 5303; baseline 0.007 -24"><span class='ocrx_word' id='word_1_733' title='bbox 2154 5225 2275 5280; x_wconf 89' lang='lat' dir='ltr'><strong>fuit.</strong></span> <span class='ocrx_word' id='word_1_734' title='bbox 2331 5225 2501 5297; x_wconf 80' lang='lat' dir='ltr'><strong>Hujus</strong></span> <span class='ocrx_word' id='word_1_735' title='bbox 2528 5227 2695 5283; x_wconf 88' lang='lat' dir='ltr'><strong>vitam</strong></span> <span class='ocrx_word' id='word_1_736' title='bbox 2748 5244 2812 5285; x_wconf 93' lang='lat' dir='ltr'><strong>ac</strong></span> <span class='ocrx_word' id='word_1_737' title='bbox 2850 5246 3029 5287; x_wconf 86' lang='lat' dir='ltr'><strong>mores</strong></span> <span class='ocrx_word' id='word_1_738' title='bbox 3074 5247 3101 5287; x_wconf 89' lang='lat' dir='ltr'><strong>a</strong></span> <span class='ocrx_word' id='word_1_739' title='bbox 3130 5249 3298 5303; x_wconf 87' lang='lat' dir='ltr'><strong>puero</strong></span> <span class='ocrx_word' id='word_1_740' title='bbox 3330 5236 3597 5300; x_wconf 86' lang='lat' dir='ltr'><strong>novimus,</strong></span> <span class='ocrx_word' id='word_1_741' title='bbox 3627 5244 3751 5290; x_wconf 61' lang='lat' dir='ltr'><strong>stua</strong></span> 
     </span>
    </p>
   </div>
   <div class='ocr_carea' id='block_1_113' title="bbox 2155 5316 3744 5396">
    <p class='ocr_par' dir='ltr' id='par_1_113' title="bbox 2155 5316 3744 5396">
     <span class='ocr_line' id='line_1_113' title="bbox 2155 5316 3744 5396; baseline 0.004 -23"><span class='ocrx_word' id='word_1_742' title='bbox 2155 5316 2303 5373; x_wconf 90' lang='lat' dir='ltr'><strong>dium</strong></span> <span class='ocrx_word' id='word_1_743' title='bbox 2334 5317 2388 5373; x_wconf 92' lang='lat' dir='ltr'><strong>in</strong></span> <span class='ocrx_word' id='word_1_744' title='bbox 2420 5318 2618 5376; x_wconf 91' lang='lat' dir='ltr'><strong>divinis</strong></span> <span class='ocrx_word' id='word_1_745' title='bbox 2655 5335 2720 5375; x_wconf 90' lang='lat' dir='ltr'><strong>ac</strong></span> <span class='ocrx_word' id='word_1_746' title='bbox 2771 5321 3016 5378; x_wconf 79' lang='lat' dir='ltr'><strong>humani:</strong></span> <span class='ocrx_word' id='word_1_747' title='bbox 3062 5320 3226 5379; x_wconf 71' lang='lat' dir='ltr'><strong>rebus</strong></span> <span class='ocrx_word' id='word_1_748' title='bbox 3274 5325 3483 5396; x_wconf 84' lang='lat' dir='ltr'><strong>experti</strong></span> <span class='ocrx_word' id='word_1_749' title='bbox 3530 5340 3744 5381; x_wconf 88' lang='lat' dir='ltr'><strong>sumus.</strong></span> 
     </span>
    </p>
   </div>
   <div class='ocr_carea' id='block_1_114' title="bbox 2155 5400 3743 5488">
    <p class='ocr_par' dir='ltr' id='par_1_114' title="bbox 2155 5400 3743 5488">
     <span class='ocr_line' id='line_1_114' title="bbox 2155 5400 3743 5488; baseline 0.006 -28"><span class='ocrx_word' id='word_1_750' title='bbox 2155 5407 2326 5478; x_wconf 86' lang='lat' dir='ltr'><strong>Hujus</strong></span> <span class='ocrx_word' id='word_1_751' title='bbox 2353 5400 2597 5465; x_wconf 82' lang='lat' dir='ltr'><strong>consiliis</strong></span> <span class='ocrx_word' id='word_1_752' title='bbox 2627 5403 2692 5465; x_wconf 88' lang='lat' dir='ltr'><strong>ac</strong></span> <span class='ocrx_word' id='word_1_753' title='bbox 2748 5410 3064 5482; x_wconf 87' lang='lat' dir='ltr'><strong>magisterio</strong></span> <span class='ocrx_word' id='word_1_754' title='bbox 3104 5412 3385 5468; x_wconf 88' lang='lat' dir='ltr'><strong>informari</strong></span> <span class='ocrx_word' id='word_1_755' title='bbox 3423 5414 3743 5488; x_wconf 64' lang='lat' dir='ltr'><strong>quaerimus.</strong></span> 
     </span>
    </p>
   </div>
   <div class='ocr_carea' id='block_1_115' title="bbox 2155 5501 3747 5587">
    <p class='ocr_par' dir='ltr' id='par_1_115' title="bbox 2155 5501 3747 5587">
     <span class='ocr_line' id='line_1_115' title="bbox 2155 5501 3747 5587; baseline 0.004 -31"><span class='ocrx_word' id='word_1_756' title='bbox 2155 5501 3047 5570; x_wconf 83' lang='lat' dir='ltr'><strong>Ejuselectionemsubscribendo</strong></span> <span class='ocrx_word' id='word_1_757' title='bbox 3094 5506 3499 5587; x_wconf 79' lang='lat' dir='ltr'><strong>confirmamus.</strong></span> <span class='ocrx_word' id='word_1_758' title='bbox 3534 5508 3747 5565; x_wconf 89' lang='lat' dir='ltr'><strong>stabili-</strong></span> 
     </span>
    </p>
   </div>
   <div class='ocr_carea' id='block_1_116' title="bbox 2152 5597 3742 5658">
    <p class='ocr_par' dir='ltr' id='par_1_116' title="bbox 2152 5597 3742 5658">
     <span class='ocr_line' id='line_1_116' title="bbox 2152 5597 3742 5658; baseline 0.003 -8"><span class='ocrx_word' id='word_1_759' title='bbox 2152 5611 2289 5656; x_wconf 86' lang='lat' dir='ltr'><strong>mns.</strong></span> <span class='ocrx_word' id='word_1_760' title='bbox 2313 5597 2732 5654; x_wconf 85' lang='lat' dir='ltr'><strong>corroboramus</strong></span> <span class='ocrx_word' id='word_1_761' title='bbox 2753 5612 3025 5655; x_wconf 82' lang='lat' dir='ltr'><strong>communi</strong></span> <span class='ocrx_word' id='word_1_762' title='bbox 3053 5600 3295 5655; x_wconf 88' lang='lat' dir='ltr'><strong>omnium</strong></span> <span class='ocrx_word' id='word_1_763' title='bbox 3318 5600 3582 5658; x_wconf 90' lang='lat' dir='ltr'><strong>bonorum</strong></span> <span class='ocrx_word' id='word_1_764' title='bbox 3605 5615 3742 5657; x_wconf 91' lang='lat' dir='ltr'><strong>cou-</strong></span> 
     </span>
    </p>
   </div>
   <div class='ocr_carea' id='block_1_117' title="bbox 2149 5687 2314 5744">
    <p class='ocr_par' dir='ltr' id='par_1_117' title="bbox 2149 5687 2314 5744">
     <span class='ocr_line' id='line_1_117' title="bbox 2149 5687 2314 5744; baseline 0 0"><span class='ocrx_word' id='word_1_765' title='bbox 2149 5687 2314 5744; x_wconf 89' lang='lat' dir='ltr'><strong>sultu.</strong></span> 
     </span>
    </p>
   </div>
  </div>
