4036 6334
226 395 335 456 253

679 506 1010 567 EPISTOLA
1051 508 1404 567 CLXXXVII.

237 665 240 668 _
305 615 592 659 PBOFESSIO
615 617 752 657 ι-ἰυει
775 617 1036 657 GERBERTI
1059 617 1312 656 BEHORUM
1336 616 1754 656 ARCHIEPISCOPI.

303 696 419 765 Ego
449 695 745 750 Gerbertus
772 695 947 764 gratia
1003 694 1095 748 Dei
1133 694 1497 762 prteveniente
1528 710 1652 746 mox
1683 692 1830 746 futu-

233 801 332 842 rus
359 786 806 855 archiepiscopus
843 784 1164 850 Remorum,
1219 794 1345 840 ante
1374 785 1555 840 omnia
1588 785 1714 840 ﬁdei
1742 787 1830 840 do-

181 869 193 875 ’
235 887 496 934 cumenta
547 875 732 931 verbis
775 876 1115 945 simplicibus
1167 891 1370 941 assero,
1424 876 1584 932 idest
1612 876 1830 930 Patrem

234 977 292 1023 et
337 967 562 1032 Filium,
589 975 645 1021 et
689 964 951 1035 Spiritum
993 975 1268 1030 sanctum,
1299 981 1462 1018 unum
1512 966 1679 1019 Deum
1710 979 1831 1019 esse

235 1058 529 1121 confirmo,
582 1066 859 1126 totamque
919 1057 971 1110 in
995 1056 1261 1111 Trinitate
1307 1056 1560 1110 deitatem
1582 1071 1835 1109 coessen-

235 1151 425 1208 tialem
450 1160 506 1205 et
528 1147 1044 1204 consubstantialem
1071 1157 1125 1202 et
1169 1147 1545 1202 coaeternalem
1570 1154 1624 1201 et
1653 1145 1829 1200 omni-

234 1250 519 1316 potentem
569 1240 823 1310 praedico.
857 1238 1138 1310 Singulam
1185 1255 1455 1309 quamque
1488 1239 1540 1293 in
1565 1239 1832 1293 Trinitate

236 1346 533 1406 personam
558 1344 747 1384 verum
775 1330 969 1394 Deum,
991 1339 1046 1384 et
1068 1339 1210 1384 totas
1233 1339 1342 1384 tres
1367 1329 1638 1384 Personas
1667 1344 1830 1384 muun

237 1423 412 1479 Deum
441 1422 724 1493 proﬁteor.
773 1421 1208 1476 Inearnationem
1238 1421 1472 1475 divinam
1506 1436 1610 1474 non
1650 1421 1702 1473 in
1734 1419 1833 1474 Pa-

239 1523 346 1577 tre,
371 1527 550 1582 neque
575 1512 627 1565 in
653 1510 859 1581 Spiritu
884 1520 1094 1576 saneto,
1120 1511 1213 1564 sed
1241 1511 1292 1564 in
1323 1510 1458 1564 Filio
1483 1519 1688 1564 tantum
1715 1525 1836 1564 cre-

241 1603 334 1668 do,
366 1611 426 1656 ut
457 1602 549 1672 qui
583 1610 701 1656 erat
750 1602 806 1656 in
835 1602 1117 1656 divinitate
1155 1602 1246 1656 Dei
1285 1602 1461 1655 Patris
1505 1601 1692 1664 Filius,
1721 1601 1834 1670 ipse

244 1693 402 1748 ﬁeret
427 1693 484 1747 in
524 1691 747 1747 homine
796 1693 988 1746 matris
1019 1692 1182 1756 ﬁlius,
1210 1692 1352 1746 Deus
1385 1707 1541 1746 verus
1563 1708 1626 1746 ex
1652 1692 1832 1757 Patre,

241 1788 408 1842 homo
434 1802 598 1841 verus
621 1801 690 1840 ex
719 1795 912 1840 matre.
939 1785 1171 1840 Carnem
1217 1801 1284 1838 ex
1317 1785 1504 1839 matris
1537 1785 1836 1838 visceribus

1115 394 1357 453 SEC'I‘IO
1393 395 1434 452 I.
1473 426 1542 438 ——
1569 395 1753 452 ANTE
1789 394 2086 453 SUMMUM
2125 393 2658 451 PONTIFICATUM.

3405 375 3512 445 254'

1858 513 1907 572 Α
1937 511 2087 577 dicit,
2121 509 2435 579 spirantem,
2470 509 2696 563 reddite.
2726 506 2923 560 Eorum
2945 504 3278 559 conditiones
3310 513 3516 558 tantum

1935 613 2268 659 mementote
2298 603 2388 672 qui
2412 602 2633 671 rapiunt
2677 609 2729 653 et
2774 599 3084 669 rapiuntur,
3127 613 3193 651 ne
3221 596 3362 666 capti
3393 604 3519 664 post

1934 697 2239 751 libertatem
2289 703 2380 748 aut
2412 711 2506 764 per
2552 710 2608 747 se
2649 702 2742 746 aut
2788 709 2882 763 per
2917 707 3044 745 suos
3079 690 3391 760 capientes,
3435 687 3521 742 vel

1934 788 2138 841 amicos
2175 786 2507 857 capientiqu
2540 800 2638 854 pro
2685 800 2843 839 causa
2881 782 3148 853 captionis
3188 781 3383 835 lzcdere
3424 794 3520 832 va-

1933 880 2100 934 leaut.

2373 965 2704 1022 EPISTOLA
2749 962 3077 1020 CLXXXIX.

2447 1073 2756 1113 διειωειιτυε
2793 1073 3017 1110 OT'I'ONI.

2006 1153 2237 1208 Domino
2285 1150 2744 1206 excellentissimo
2792 1148 3003 1202 OTTONI
3057 1145 3256 1202 Cresari
3311 1159 3527 1214 semper

1932 1235 2209 1313 Augusto,
2256 1257 2478 1296 suorum
2515 1241 2893 1310 episcoporum
2933 1238 3190 1292 minimus
3222 1250 3436 1306 semper
3474 1243 3530 1289 et

1934 1339 2133 1407 ubique
2165 1337 2358 1391 debita:
2380 1334 2659 1388 servitutis
2688 1331 2968 1402 uliseqltia.

2004 1431 2139 1485 Cum
2176 1431 2316 1483 inter
2363 1428 2631 1482 humanas
2664 1443 2748 1480 res
2772 1425 2902 1478 nihil
2933 1423 3140 1477 dulcius
3174 1431 3356 1476 vestro
3381 1420 3530 1489 aspi-

1935 1519 2144 1576 ciamus
2167 1519 2413 1588 imperio,
2429 1517 2674 1572 sollicitis
2699 1531 2795 1586 pro
2817 1513 2967 1568 vobis
2992 1512 3122 1567 nihil
3147 1511 3354 1566 dulcius
3370 1509 3532 1580 signi-

1938 1614 2101 1668 ﬁcare
2122 1612 2566 1680 potuistis,quam
2588 1609 2748 1663 vestri
2767 1607 2976 1677 imperii
2994 1619 3260 1660 summam
3283 1601 3530 1672 gloriam,

1937 1718 2200 1759 summam
2217 1717 2338 1756 cum
2355 1701 2615 1770 dignitate
2630 1699 3015 1754 constantiam.
3041 1697 3104 1749 Et
3117 1708 3364 1765 qua‘nam
3383 1701 3535 1746 certe

1941 1797 2118 1866 major
2149 1796 2202 1849 in
2233 1796 2476 1865 principe
2512 1793 2850 1864 gloria?qua2
2882 1789 3203 1844 laudabilior
3226 1787 3277 1841 in
3322 1800 3534 1840 summo

241 1879 562 1942 habentem,
608 1886 665 1932 et
713 1878 950 1931 animam
982 1877 1275 1931 humanam
1321 1875 1640 1931 rationalem
1678 1875 1838 1929 simul
1866 1869 1912 1930 Β
1943 1889 2082 1942 (lucc
2107 1887 2413 1942 ροιιειειηιίει
2438 1927 2452 1952 ,
2484 1901 2646 1955 quam
2673 1884 2912 1952 legiones
2939 1897 3162 1950 cogere,
3202 1880 3253 1932 in
3283 1877 3532 1932 hostilem

243 1972 298 2026 in
321 1987 390 2025 eo
418 1971 706 2039 utriusque
762 1978 989 2035 natura},
1046 1969 1099 2023 id
1128 1977 1213 2023 est
1241 1969 1513 2022 hominem
1543 1977 1597 2022 et
1641 1967 1834 2034 Deum,

242 2076 415 2115 uuam
474 2074 787 2130 personam,
848 2074 1012 2113 unum
1068 2058 1267 2125 ﬁlium,
1323 2074 1488 2112 unum
1537 2058 1836 2122 Christum,

241 2168 417 2208 unum
452 2151 763 2215 hominum,
821 2159 1196 2204 creaturarum
1222 2151 1460 2204 omnium
1483 2166 1603 2220 qua:
1628 2159 1754 2204 sunt
1783 2157 1841 2203 et

244 2257 552 2307 auctorem,
615 2251 671 2298 et
698 2243 998 2309 dominum,
1043 2252 1098 2297 et
1126 2251 1412 2307 rectorem,
1453 2258 1576 2296 cum
1602 2241 1765 2295 Patre
1786 2250 1840 2295 et

246 2338 455 2407 Spiritu
483 2343 701 2402 sancto,
759 2335 1044 2390 conﬁteor.
1101 2334 1330 2390 Passum
1357 2349 1477 2390 esse
1505 2349 1631 2388 vera
1659 2335 1842 2388 carnis

243 2429 526 2500 passione,
559 2435 832 2482 mortuum
863 2441 990 2481 vera
1047 2426 1295 2496 corporis
1329 2425 1410 2480 sui
1437 2434 1633 2491 morte,
1660 2441 1844 2480 resur-

245 2524 617 2584 rexisse.vcra
671 2522 856 2578 carnis
895 2537 1006 2577 suae
1035 2521 1456 2586 resurrectione,
1488 2530 1544 2576 ct
1564 2536 1691 2575 vera
1724 2520 1845 2592 ani-

245 2617 379 2670 ma?
405 2615 829 2682 resurrectione,
875 2615 929 2668 in
987 2632 1095 2686 qua
1119 2617 1300 2670 veniet
1347 2616 1592 2686 judicare
1614 2617 1767 2671 vivos
1788 2623 1843 2672 et

246 2717 521 2770 mortuos,
573 2721 780 2761 assero.
832 2705 964 2760 Novi
996 2717 1049 2762 et
1073 2706 1285 2762 Veteris
1312 2707 1644 2762 Testamenti
1675 2723 1840 2761 unum

247 2799 616 2867 eamdemque
646 2797 810 2852 credo
842 2805 1122 2852 auctorem
1168 2807 1222 2852 et
1268 2797 1544 2852 dominum
1572 2805 1625 2850 et
1650 2797 1840 2870 Deum.

245 2888 540 2944 Diabolum
597 2904 706 2943 non
755 2904 852 2958 per
879 2888 1268 2956 conditionem,
1317 2889 1412 2943 scd
1437 2903 1534 2958 per
1558 2888 1845 2942 arbitrium

249 2979 460 3034 factum
524 2993 646 3034 esse
673 2978 897 3034 malum.
941 2978 1116 3044 Credo
1148 2979 1329 3048 hujus,
1359 2995 1521 3049 quam
1549 2988 1844 3049 gestamus,

248 3081 304 3125 et
330 3086 442 3126 non
479 3069 729 3135 alterius,
783 3072 966 3127 carnis
997 3072 1470 3128 resurrectionem.
1502 3069 1845 3140 Credojud‘t-

247 3163 395 3218 cium
440 3162 712 3228 futurum,
742 3171 798 3217 et
841 3172 1159 3234 recepturos
1209 3161 1449 3233 singulos
1480 3179 1577 3233 pro
1613 3163 1696 3219 his
1727 3179 1846 3233 qnze

1947 1989 2144 2035 terram
2173 1980 2505 2048 irrumpere,
2559 1977 2792 2032 hostium
2843 1976 3098 2043 impetum
3131 1987 3226 2026 sua
3252 1969 3536 2035 praesentia

1946 2073 2254 2134 sustinere,
2298 2071 2534 2139 scipsum
2579 2084 2677 2137 pro
2724 2067 2936 2138 patria,
2968 2080 3065 2135 pro
3099 2071 3398 2132 religione,
3439 2075 3537 2129 pro

1944 2151 2166 2217 suorum
2222 2161 2409 2229 reique
2458 2157 2687 2227 publicae
2746 2156 2920 2210 salute
2977 2153 3229 2207 maximis
3279 2147 3537 2220 periculis

1945 2252 2256 2322 apponere?
2279 2250 2409 2316 Quae
2430 2249 2572 2303 facta
2597 2262 2758 2317 quam
2794 2245 2978 2299 felices
3000 2243 3180 2320 exitus
3208 2242 3535 2295 habuerunt.

1945 2341 2143 2398 Minori
2187 2357 2376 2398 sumus
2423 2338 2602 2395 affecti
2658 2352 2790 2393 cura
2838 2335 2908 2390 ob
2956 2333 3283 2404 legationem
3339 2331 3539 2385 Leonis

1946 2436 2159 2489 abbatis
2185 2434 2340 2489 vobis
2363 2433 2622 2488 directam
2653 2445 2816 2498 super
2845 2427 2935 2482 illo
2964 2425 3213 2488 Arnulfo,
3241 2425 3334 2478 sed
3367 2437 3542 2490 neque

1947 2527 2129 2582 animo
2160 2525 2356 2580 insedit
2390 2539 2451 2578 ea
2485 2521 2703 2592 legatio,
2735 2535 2854 2589 qute
2883 2519 3106 2572 omnino
3139 2515 3270 2569 falsa
3298 2526 3410 2577 est,
3441 2513 3538 2567 sed

1947 2635 2066 2688 qua:
2091 2617 2199 2672 Leo
2230 2617 2399 2671 abbas
2426 2631 2455 2668 a
2496 2613 2632 2668 meis
2664 2611 2836 2666 Gallis
2876 2609 3142 2680 promissa
3173 2606 3374 2677 exigit,
3401 2620 3530 2657 vera

1949 2709 2066 2763 fore
2113 2707 2342 2779 putavit.
2386 2708 2496 2760 Aut
2543 2706 2588 2759 si
2624 2703 2696 2758 ita
2737 2711 2855 2767 est,
2908 2701 3029 2755 novi
3065 2699 3363 2768 ingenitam
3390 2696 3545 2749 vobis

1947 2800 2381 2856 benevolentiam
2407 2837 2423 2863 ,
2470 2795 2665 2851 talibus
2695 2793 2840 2847 ausis
2879 2803 2934 2846 et
2961 2790 3096 2845 velle
3125 2799 3179 2843 et
3211 2803 3371 2858 posse
3398 2775 3554 2840 obsi3

1948 2901 2113 2945 stere.
2139 2889 2204 2942 Et
2231 2887 2484 2957 quoniam
2510 2894 2693 2939 noster
2713 2882 2821 2937 Leo
2845 2882 2948 2935 iter
2971 2896 3127 2934 suum
3155 2879 3220 2932 ad
3252 2893 3345 2931 vos
3371 2878 3544 2930 inten-

1951 2981 2090 3034 derit
2116 2977 2374 3040 volando,
2412 2986 2469 3030 ut
2497 2976 2612 3045 ipse
2648 2974 2900 3042 scripsit,
2943 2987 2992 3026 vl
3041 2971 3117 3024 Id.
3147 2969 3293 3038 Sept.
3327 2967 3562 3038 quando

1949 3071 2185 3140 primum
2211 3068 2373 3124 allata
2402 3067 2554 3121 venit
2579 3064 2830 3135 epistola,
2861 3062 3085 3132 iniquis,
3123 3070 3182 3114 ut
3213 3060 3398 3125 credo,
3425 3074 3542 3114 me-

1955 3171 2160 3216 morata
2203 3158 2416 3224 ventis,
2449 3156 2582 3211 nihil
2623 3171 2786 3225 super
2819 3153 3050 3208 Arnulfo
3089 3151 3398 3206 consultum
3440 3157 3544 3204 est.

249 3252 645 3324 gesseruntvel
667 3267 856 3323 pmnas
891 3233 980 3308 vel
1005 3253 1247 3323 praemia.
1280 3253 1504 3323 Nuptias
1532 3269 1637 3307 non
1657 3254 1844 3324 prohi-
1878 3233 1922 3295 ε
1956 3254 2064 3308 Sed
2099 3253 2204 3307 fert
2248 3267 2433 3306 secum
2466 3250 2573 3304 alia
2598 3259 2657 3304 ut
2680 3247 2893 3317 magnis
2921 3247 3140 3300 inventa
3169 3243 3436 3314 ingeniis,
3472 3242 3545 3296 ita

249 3346 376 3409 beo,
401 3345 643 3400 secunda
667 3346 1014 3401 matrimonia
1039 3363 1144 3400 non
1169 3346 1388 3400 damno.
1416 3345 1676 3400 Carninm
1701 3360 1842 3414 pra:-

253 3437 564 3505 ceptionem
619 3451 726 3491 non
778 3437 960 3507 culpo.
1017 3432 1414 3491 Poeniten'ttbus
1472 3436 1847 3491 reconciliatis

253 3527 654 3582 communicari
705 3527 904 3584 debere
948 3527 1232 3582 conﬁteor.
1275 3527 1332 3581 In
1368 3527 1638 3596 baptismo
1664 3526 1846 3580 omnia

253 3629 502 3690 peccata,
527 3619 580 3673 id
609 3627 693 3674 est
718 3630 825 3673 tam
852 3619 978 3673 illud
1005 3619 1270 3690 originale
1293 3627 1658 3683 contractum,
1683 3633 1846 3689 quam

190 3739 196 3748 ι
253 3727 468 3781 eaquae
517 3711 826 3767 voluntarie
875 3713 1114 3766 admissa
1169 3721 1313 3776 sunt,
1351 3711 1549 3765 dimitti
1573 3711 1755 3766 credo.
1784 3709 1850 3763 Et

256 3811 408 3856 extra
435 3801 737 3857 Ecclesiam
761 3803 1087 3857 catholicam
1113 3801 1316 3856 nullum
1337 3802 1535 3856 salvari
1561 3803 1844 3856 conﬁteor.

261 3893 500 3950 Sanctas
549 3895 788 3966 synodos
839 3906 1092 3965 quatuor,
1148 3910 1285 3964 quas
1323 3895 1646 3950 universalis
1679 3904 1852 3950 mater

260 3983 504 4041 Ecclesia
542 3987 850 4050 conﬁrmat,
884 3987 1172 4040 confirmo.

681 4076 1017 4133 EPISTOLA
1053 4076 1428 4133 CLXXXVIII.

631 4183 941 4224 GERBEIITUS
997 4185 1066 4224 0T
1076 4185 1200 4224 TONI
1262 4183 1465 4224 CESARI
1477 4207 1490 4220 .

253 4271 260 4278 '
331 4259 564 4316 Domino
597 4259 832 4329 glorioso
866 4258 1078 4316 OTTONI
1109 4260 1313 4315 Caesari
1360 4274 1579 4329 semper
1609 4259 1852 4330 Augusto

263 4353 632 4409 Romanorum
663 4353 973 4423 imperatori
1003 4355 1325 4410 Cnnnsarus
1355 4354 1644 4424 episcopus
1679 4355 1853 4410 debile

267 4446 544 4500 servitutis
569 4445 912 4514 obsequium.

257 4549 260 4552 ‘
335 4535 656 4590 Absentiam
681 4544 918 4588 vestram
948 4534 1281 4604 longitudine
1309 4545 1574 4590 terrarum
1602 4535 1852 4605 disjuncli

270 4627 489 4682 omnino
509 4624 733 4679 moleste
767 4625 1007 4680 ferimus.
1036 4626 1101 4680 Et
1123 4629 1265 4694 quod
1289 4627 1428 4681 fama
1456 4628 1678 4681 nituiqu
1703 4627 1855 4681 devia

273 4733 452 4773 rerum
479 4715 738 4786 prmclare
761 4716 974 4786 quidem
999 4733 1028 4771 a
1053 4718 1206 4772 vobis
1227 4727 1522 4788 gestarum,
1546 4727 1606 4770 ut
1625 4732 1858 4786 semper,

273 4822 370 4862 nec
400 4806 567 4859 ullam
591 4806 745 4859 vobis
775 4806 1063 4860 scintillam
1087 4807 1288 4860 attulit.
1319 4807 1392 4860 De
1415 4808 1522 4859 vita
1545 4817 1598 4860 et
1621 4807 1859 4860 moribus

257 4898 568 4954 ‘I‘Iarmandi
598 4898 815 4954 comitis
857 4899 959 4953 hoc
1004 4907 1246 4969 tempore
1277 4915 1306 4952 a
1339 4913 1422 4952 me
1467 4898 1698 4951 alienum
1745 4907 1855 4962 est,

275 4991 347 5045 ita
374 4990 610 5061 gemitus
632 4999 686 5044 et
705 4991 934 5060 suspiria
961 4990 1144 5046 fratris
1166 4999 1220 5046 et
1242 4990 1547 5061 signiﬁcare
1572 5005 1686 5043 mea
1711 4989 1862 5043 vobis

255 5083 571 5152 plurimum
601 5082 788 5138 refert.
819 5082 1187 5152 Conqueritur
1214 5082 1412 5151 quippe
1445 5081 1532 5134 ille
1561 5080 1753 5134 nobilis
1778 5081 1858 5132 vir

275 5181 499 5235 fratrem
546 5195 702 5233 suum
749 5179 889 5248 apud
938 5178 1190 5233 Gorziam
1240 5177 1381 5231 fame
1431 5176 1609 5230 necari
1669 5185 1856 5230 contra

275 5287 426 5326 suam
449 5285 778 5339 suorumque
798 5269 1053 5324 natalium
1077 5269 1418 5338 dignitatem,
1445 5267 1860 5338 ignominiaque

276 5364 424 5417 ducit
459 5363 563 5417 hoc
595 5363 960 5432 scmp‘iternm.
994 5362 1145 5428 Quod
1174 5362 1218 5415 si
1249 5377 1432 5414 verum
1463 5371 1564 5423 est,
1599 5359 1726 5429 quid
1754 5361 1856 5413 sibi

273 5454 458 5508 volunt
496 5463 606 5507 tam
638 5454 755 5507 dira
786 5454 1082 5523 supplicia?
1116 5454 1257 5522 quod
1289 5467 1458 5524 genus
1489 5452 1679 5505 tuortis
1705 5467 1859 5505 acer-

276 5547 396 5602 bius
444 5546 627 5601 fame?
691 5545 880 5601 Omnia
939 5560 1223 5616 pmuarum
1272 5561 1471 5617 genera
1527 5545 1638 5599 sola
1693 5543 1864 5599 fames

257 5647 589 5708 exsuperat,
622 5637 850 5692 mortem
879 5637 1054 5707 ipsam
1083 5636 1400 5699 contemnit,
1437 5652 1500 5690 ac
1526 5651 1645 5690 eam
1669 5643 1862 5690 contra

277 5743 483 5789 natura:
507 5749 660 5788 usum
697 5734 749 5788 in
776 5748 836 5788 se
856 5743 1133 5804 provocat.
1161 5733 1482 5796 Removere,
1509 5746 1715 5802 quteso,
1749 5739 1859 5784 tam

279 5825 517 5885 humane
555 5827 728 5896 nefas,
771 5837 824 5884 et
863 5827 1067 5898 petenti
1103 5827 1258 5884 fratri
1303 5827 1529 5883 fratrem
1576 5826 1768 5893 adhuc,
1801 5833 1861 5881 ut

1952 3348 2164 3417 magnis
2191 3345 2424 3400 ﬁnienda
2447 3343 2710 3400 consiliis.
2734 3341 3024 3396 Alternum
3048 3338 3168 3394 vale
3189 3337 3344 3392 vobis
3367 3345 3550 3391 vester

1950 3439 2017 3494 (ἰ.
2065 3440 2132 3494 Ει
2184 3439 2311 3508 quia
2362 3446 2422 3492 ut
2486 3435 2800 3506 magniﬁcos
2850 3431 3137 3502 magniﬁce
3202 3430 3547 3498 magnificum

1952 3532 2192 3586 Sasbach
2224 3530 2552 3593 contulistis,
2579 3539 2784 3583 aeterno
2817 3527 3045 3596 imperio
3073 3533 3254 3579 Vestro
3284 3533 3548 3578 aeternum

1953 3639 2010 3678 se
2045 3623 2258 3676 dedicat
2301 3630 2482 3675 vester
2525 3619 2845 3674 Cerbertus.
2891 3616 2958 3670 Et
3002 3615 3127 3684 quia
3171 3613 3238 3667 Ii.
3281 3612 3338 3668 S.
3368 3613 3433 3671 ν,
3482 3612 3548 3666 ι).

1953 3728 2158 3771 :cterno
2189 3715 2452 3783 obsequio
2487 3722 2668 3767 vestro
2698 3727 2757 3765 se
2785 3707 3142 3779 mancipatG.
3169 3715 3367 3761 vester.
3407 3703 3547 3758 Iline

1956 3829 1982 3863 a
2010 3809 2162 3863 vobis
2191 3808 2492 3861 liberaliter
2517 3805 2712 3861 collata
2733 3843 2750 3869 ,
2785 3804 2880 3858 sed
2905 3819 2932 3856 a
2969 3788 3204 3870 quodam
3236 3797 3422 3852 nescio
3449 3812 3549 3850 cur

1954 3903 2150 3964 ablata,
2183 3900 2393 3953 restitui
2422 3899 2522 3952 sibi
2555 3899 2708 3967 petiit
2731 3905 2914 3950 vester
2949 3895 3014 3949 ϐ.
3046 3893 3333 3947 Extremus
3355 3905 3548 3944 mune-

1956 4007 2138 4048 rorum
2171 3991 2326 4044 abaci
2357 3999 2597 4044 vestrum
2633 3988 2870 4042 definiat.

2482 4079 2814 4134 EPISTULA
2855 4075 3011 4131 CXC.

2027 4171 2255 4226 Domino
2285 4179 2340 4225 et
2367 4169 2806 4224 reverentissimo
2835 4167 2972 4236 patri
3001 4165 3076 4218 ill.
3109 4163 3174 4219 G.
3215 4162 3378 4216 ﬁlius.

2039 4261 2432 4315 Sanctissimas
2469 4259 2740 4312 amicitias
2784 4255 3234 4323 ﬁrmissimasque
3262 4251 3551 4306 societates

1957 4355 2227 4410 luculenta
2252 4353 2495 4408 oratione
2517 4369 2675 4422 quam
2701 4351 2905 4413 dulces,
2923 4363 3156 4420 quamve
3183 4346 3344 4400 utiles
3367 4354 3553 4399 essent

1959 4447 2334 4517 cxpressisﬁs,
2370 4461 2564 4516 meque
2613 4454 2760 4498 tanto
2810 4443 2989 4497 fructu
3035 4439 3344 4495 divinitatis
3374 4437 3549 4507 parti-

1963 4541 2136 4608 cipem
2185 4539 2502 4608 sociumque
2537 4552 2656 4591 esse
2701 4546 2755 4590 et
2792 4535 2908 4589 fore
2953 4531 3157 4602 dignati
3205 4529 3364 4583 estis.
3413 4527 3552 4593 Quid

1965 4635 2110 4690 enim
2143 4642 2228 4687 est
2259 4632 2406 4686 aliud
2437 4647 2562 4683 vera
2597 4629 2838 4683 amicitia
2859 4669 2873 4692 ,
2908 4626 3008 4680 nisi
3038 4623 3336 4678 divinitatis
3361 4619 3551 4690 pra'ci-

1963 4742 2128 4796 puum
2182 4723 2413 4778 munus?
2465 4721 2579 4776 IIac
2624 4722 2786 4790 igitur
2830 4717 3070 4772 amicitia
3116 4724 3296 4770 vestra
3353 4712 3551 4778 fretus,

1963 4818 2136 4886 deque
2163 4831 2224 4868 ea
2265 4815 2405 4869 bene
2435 4827 2770 4882 |)I‘:USIIIIICIIS
2791 4853 2804 4874 ,
2839 4818 3002 4878 atque
3036 4808 3088 4860 in
3121 4815 3397 4876 posterum
3434 4817 3550 4856 me-

1965 4906 2100 4960 liora
2128 4920 2386 4975 sperans,
2414 4901 2623 4956 Arnulﬁ
2667 4902 2898 4956 reditum
2929 4899 2994 4952 ad
3023 4897 3210 4951 urbem
3249 4895 3545 4948 Remorum

1969 5016 2073 5053 non
2101 5011 2408 5067 expavesco
2433 5036 2445 5058 ,
2490 4995 2582 5049 sed
2613 4995 2658 5049 si
2683 4994 2754 5048 ita
2791 4991 3223 5063 pervenerit,‘nt
3253 4983 3555 5055 Hungerius

1969 5091 2062 5161 qui
2103 5089 2272 5143 voluit
2305 5086 2524 5150 retulit;
2571 5086 2639 5138 ob
2681 5099 2843 5155 quam
2882 5095 3101 5136 causam
3147 5078 3213 5132 de
3253 5076 3368 5130 IIur
3395 5072 3550 5127 Chal-

1965 5183 2200 5235 dzeorutn
2236 5177 2456 5232 liberari
2499 5176 2744 5238 conﬁdo,
2791 5172 3097 5239 vestrisque
3140 5165 3418 5235 obsequiis
3449 5179 3554 5218 non

1969 5274 2182 5328 deesse.
2218 5270 2482 5340 Quodque
2513 5283 2728 5336 semper
2757 5265 2932 5328 volui,
2958 5275 3172 5332 semper
3197 5255 3408 5328 optavi,
3441 5255 3558 5312 lucc

1966 5381 2129 5420 causa
2166 5362 2418 5418 comitem
2458 5345 2792 5414 individuum
2831 5355 3064 5418 clliciet,
3109 5354 3268 5422 eique
3306 5345 3553 5404 solemne

1971 5457 2253 5525 impcrimn
2306 5452 2659 5522 appellamus.
2709 5446 3066 5517 Quare'quid
3130 5443 3367 5507 dulcius,
3420 5438 3558 5513 quid

1974 5547 2354 5619 przcstanlius?
2383 5545 2498 5598 Non
2524 5559 2653 5613 ergo
2674 5540 3056 5612 suspirandum
3080 5551 3179 5608 pro
3205 5550 3371 5590 causa
3396 5532 3557 5587 amici

1969 5640 2123 5694 vobis
2167 5638 2294 5702 fuit,
2330 5636 2414 5690 vel
2445 5635 2579 5699 erit,
2605 5649 2728 5688 cum
2759 5647 2824 5686 ex
2855 5639 2992 5695 toto,
3031 5643 3153 5684 cum
3183 5641 3250 5682 ex
3288 5621 3557 5680 communi

1972 5742 2097 5788 voto
2135 5741 2189 5786 et
2223 5732 2613 5787 deliberatione
2658 5735 2852 5781 cuncta
2903 5722 3280 5796 provenerint,
3337 5716 3558 5784 sintque

1969 5832 2295 5899 proventura
2323 5823 2602 5881 divinitate
2645 5818 2872 5891 propitia
2899 5855 2913 5884 ,
2943 5815 3096 5872 vobis
3125 5803 3556 5872 consulentibus,
