  <div class='ocr_page' id='page_1' title='image "/cluster/home/n/w/nwhite01/storage/ocr_20150623/139/hvd.32044015471782/133.png"; bbox 0 0 3948 5350; ppageno 0'>
   <div class='ocr_carea' id='block_1_1' title="bbox 495 244 603 301">
    <p class='ocr_par' dir='ltr' id='par_1_1' title="bbox 495 244 603 301">
     <span class='ocr_line' id='line_1_1' title="bbox 495 244 603 301; baseline 0 0"><span class='ocrx_word' id='word_1_1' title='bbox 495 244 603 301; x_wconf 69' lang='lat'><strong>253</strong></span> 
     </span>
    </p>
   </div>
   <div class='ocr_carea' id='block_1_2' title="bbox 499 350 2151 427">
    <p class='ocr_par' dir='ltr' id='par_1_2' title="bbox 499 350 2151 427">
     <span class='ocr_line' id='line_1_2' title="bbox 499 350 2151 427; baseline -0.008 -12"><span class='ocrx_word' id='word_1_2' title='bbox 499 358 691 416; x_wconf 84' lang='lat' dir='ltr'><strong>amicis</strong></span> <span class='ocrx_word' id='word_1_3' title='bbox 726 355 1076 427; x_wconf 92' lang='lat' dir='ltr'><strong>juvantibus,</strong></span> <span class='ocrx_word' id='word_1_4' title='bbox 1124 355 1352 426; x_wconf 84' lang='lat' dir='ltr'><strong>imperio</strong></span> <span class='ocrx_word' id='word_1_5' title='bbox 1390 362 1574 417; x_wconf 82' lang='lat' dir='ltr'><strong>vestro</strong></span> <span class='ocrx_word' id='word_1_6' title='bbox 1621 351 1805 419; x_wconf 81' lang='lat' dir='ltr'><strong>omnia</strong></span> <span class='ocrx_word' id='word_1_7' title='bbox 1846 350 2077 407; x_wconf 75' lang='lat' dir='ltr'><strong>feliciter</strong></span> <span class='ocrx_word' id='word_1_8' title='bbox 2105 356 2151 413; x_wconf 72' lang='grc' dir='ltr'>Α</span> 
     </span>
    </p>
   </div>
   <div class='ocr_carea' id='block_1_3' title="bbox 497 438 2078 519">
    <p class='ocr_par' dir='ltr' id='par_1_3' title="bbox 497 438 2078 519">
     <span class='ocr_line' id='line_1_3' title="bbox 497 438 2078 519; baseline -0.008 -13"><span class='ocrx_word' id='word_1_9' title='bbox 497 458 833 519; x_wconf 81' lang='lat' dir='ltr'><strong>exsequentc</strong></span> <span class='ocrx_word' id='word_1_10' title='bbox 869 457 924 503; x_wconf 91' lang='lat' dir='ltr'><strong>et</strong></span> <span class='ocrx_word' id='word_1_11' title='bbox 964 454 1318 518; x_wconf 89' lang='lat' dir='ltr'><strong>procurante.</strong></span> <span class='ocrx_word' id='word_1_12' title='bbox 1352 443 1573 509; x_wconf 76' lang='lat' dir='ltr'><strong>Valete,</strong></span> <span class='ocrx_word' id='word_1_13' title='bbox 1599 452 1655 498; x_wconf 90' lang='lat' dir='ltr'><strong>et</strong></span> <span class='ocrx_word' id='word_1_14' title='bbox 1689 438 1760 513; x_wconf 85' lang='lat' dir='ltr'><strong>ob</strong></span> <span class='ocrx_word' id='word_1_15' title='bbox 1792 457 1880 498; x_wconf 90' lang='lat' dir='ltr'><strong>res</strong></span> <span class='ocrx_word' id='word_1_16' title='bbox 1907 440 2078 496; x_wconf 80' lang='lat' dir='ltr'><strong>nostri</strong></span> 
     </span>
    </p>
   </div>
   <div class='ocr_carea' id='block_1_4' title="bbox 499 518 2079 610">
    <p class='ocr_par' dir='ltr' id='par_1_4' title="bbox 499 518 2079 610">
     <span class='ocr_line' id='line_1_4' title="bbox 499 518 2079 610; baseline -0.006 -13"><span class='ocrx_word' id='word_1_17' title='bbox 499 518 733 597; x_wconf 76' lang='lat' dir='ltr'><strong>Caesaris</strong></span> <span class='ocrx_word' id='word_1_18' title='bbox 754 541 890 595; x_wconf 83' lang='lat' dir='ltr'><strong>bene</strong></span> <span class='ocrx_word' id='word_1_19' title='bbox 913 547 1110 610; x_wconf 81' lang='lat' dir='ltr'><strong>gestas,</strong></span> <span class='ocrx_word' id='word_1_20' title='bbox 1144 537 1280 592; x_wconf 90' lang='lat' dir='ltr'><strong>bene</strong></span> <span class='ocrx_word' id='word_1_21' title='bbox 1305 552 1363 591; x_wconf 90' lang='lat' dir='ltr'><strong>se</strong></span> <span class='ocrx_word' id='word_1_22' title='bbox 1388 536 1671 603; x_wconf 82' lang='lat' dir='ltr'><strong>habentes,</strong></span> <span class='ocrx_word' id='word_1_23' title='bbox 1702 532 1914 590; x_wconf 74' lang='lat' dir='ltr'><strong>mecﬁm</strong></span> <span class='ocrx_word' id='word_1_24' title='bbox 1943 549 2079 604; x_wconf 87' lang='lat' dir='ltr'><strong>gau-</strong></span> 
     </span>
    </p>
   </div>
   <div class='ocr_carea' id='block_1_5' title="bbox 499 618 2069 691">
    <p class='ocr_par' dir='ltr' id='par_1_5' title="bbox 499 618 2069 691">
     <span class='ocr_line' id='line_1_5' title="bbox 499 618 2069 691; baseline -0.006 -1"><span class='ocrx_word' id='word_1_25' title='bbox 499 634 643 691; x_wconf 88' lang='lat' dir='ltr'><strong>dete.</strong></span> <span class='ocrx_word' id='word_1_26' title='bbox 675 633 876 689; x_wconf 87' lang='lat' dir='ltr'><strong>lterum</strong></span> <span class='ocrx_word' id='word_1_27' title='bbox 903 641 957 688; x_wconf 92' lang='lat' dir='ltr'><strong>et</strong></span> <span class='ocrx_word' id='word_1_28' title='bbox 984 630 1326 685; x_wconf 85' lang='lat' dir='ltr'><strong>numerosius</strong></span> <span class='ocrx_word' id='word_1_29' title='bbox 1348 629 1545 684; x_wconf 88' lang='lat' dir='ltr'><strong>valete.</strong></span> <span class='ocrx_word' id='word_1_30' title='bbox 2066 618 2069 625; x_wconf 43' lang='grc'><em>²</em></span> 
     </span>
    </p>
   </div>
   <div class='ocr_carea' id='block_1_6' title="bbox 1013 782 1566 857">
    <p class='ocr_par' dir='ltr' id='par_1_6' title="bbox 1013 782 1566 857">
     <span class='ocr_line' id='line_1_6' title="bbox 1013 782 1566 857; baseline -0.005 -17"><span class='ocrx_word' id='word_1_31' title='bbox 1013 783 1351 840; x_wconf 81' lang='lat' dir='ltr'><strong>EPlSTOLA</strong></span> <span class='ocrx_word' id='word_1_32' title='bbox 1374 782 1566 857; x_wconf 21' lang='lat' dir='ltr'><strong>.cxcr.</strong></span> 
     </span>
    </p>
   </div>
   <div class='ocr_carea' id='block_1_7' title="bbox 568 909 2009 961">
    <p class='ocr_par' dir='ltr' id='par_1_7' title="bbox 568 909 2009 961">
     <span class='ocr_line' id='line_1_7' title="bbox 568 909 2009 961; baseline -0.005 -6"><span class='ocrx_word' id='word_1_33' title='bbox 568 913 764 955; x_wconf 74' lang='lat' dir='ltr'><strong>OTTONI</strong></span> <span class='ocrx_word' id='word_1_34' title='bbox 805 912 1007 952; x_wconf 70' lang='lat' dir='ltr'><strong>C.E.5AB|</strong></span> <span class='ocrx_word' id='word_1_35' title='bbox 1046 913 1115 952; x_wconf 82' lang='grc' dir='ltr'><strong>ΕΤ</strong></span> <span class='ocrx_word' id='word_1_36' title='bbox 1154 913 1397 953; x_wconf 79' lang='lat' dir='ltr'><strong>AUGUSTO</strong></span> <span class='ocrx_word' id='word_1_37' title='bbox 1433 910 1761 952; x_wconf 72' lang='lat' dir='ltr'><strong>IMPERATORI</strong></span> <span class='ocrx_word' id='word_1_38' title='bbox 1799 909 2009 961; x_wconf 81' lang='lat' dir='ltr'><strong>QUOQUE</strong></span> 
     </span>
    </p>
   </div>
   <div class='ocr_carea' id='block_1_8' title="bbox 758 982 1566 1041">
    <p class='ocr_par' dir='ltr' id='par_1_8' title="bbox 758 982 1566 1041">
     <span class='ocr_line' id='line_1_8' title="bbox 758 982 1566 1041; baseline -0.001 -20"><span class='ocrx_word' id='word_1_39' title='bbox 758 1038 759 1041; x_wconf 13' lang='grc' dir='ltr'><strong>η</strong></span> <span class='ocrx_word' id='word_1_40' title='bbox 991 983 1203 1024; x_wconf 69' lang='lat' dir='ltr'><strong>ROMANO</strong></span> <span class='ocrx_word' id='word_1_41' title='bbox 1236 982 1566 1023; x_wconf 77' lang='lat' dir='ltr'><strong>GERDERTUS.</strong></span> 
     </span>
    </p>
   </div>
   <div class='ocr_carea' id='block_1_9' title="bbox 570 1080 2081 1154">
    <p class='ocr_par' dir='ltr' id='par_1_9' title="bbox 570 1080 2081 1154">
     <span class='ocr_line' id='line_1_9' title="bbox 570 1080 2081 1154; baseline 0.001 -18"><span class='ocrx_word' id='word_1_42' title='bbox 570 1082 800 1137; x_wconf 91' lang='lat' dir='ltr'><strong>Domino</strong></span> <span class='ocrx_word' id='word_1_43' title='bbox 836 1091 891 1137; x_wconf 90' lang='lat' dir='ltr'><strong>et</strong></span> <span class='ocrx_word' id='word_1_44' title='bbox 927 1083 1164 1154; x_wconf 80' lang='lat' dir='ltr'><strong>glorioso</strong></span> <span class='ocrx_word' id='word_1_45' title='bbox 1191 1097 1408 1153; x_wconf 85' lang='lat' dir='ltr'><strong>semper</strong></span> <span class='ocrx_word' id='word_1_46' title='bbox 1435 1082 1680 1154; x_wconf 86' lang='lat' dir='ltr'><strong>Augusto</strong></span> <span class='ocrx_word' id='word_1_47' title='bbox 1714 1081 1925 1139; x_wconf 70' lang='lat' dir='ltr'><strong>Orroxr</strong></span> <span class='ocrx_word' id='word_1_48' title='bbox 1959 1080 2081 1137; x_wconf 84' lang='lat' dir='ltr'><strong>Cae-</strong></span> 
     </span>
    </p>
   </div>
   <div class='ocr_carea' id='block_1_10' title="bbox 484 1166 978 1232">
    <p class='ocr_par' dir='ltr' id='par_1_10' title="bbox 484 1166 978 1232">
     <span class='ocr_line' id='line_1_10' title="bbox 484 1166 978 1232; baseline -0.006 0"><span class='ocrx_word' id='word_1_49' title='bbox 484 1166 604 1232; x_wconf 26' lang='lat' dir='ltr'><strong>Qsari</strong></span> <span class='ocrx_word' id='word_1_50' title='bbox 630 1174 978 1232; x_wconf 62' lang='lat' dir='ltr'><strong>Careamus.</strong></span> 
     </span>
    </p>
   </div>
   <div class='ocr_carea' id='block_1_11' title="bbox 568 1259 2084 1331">
    <p class='ocr_par' dir='ltr' id='par_1_11' title="bbox 568 1259 2084 1331">
     <span class='ocr_line' id='line_1_11' title="bbox 568 1259 2084 1331; baseline 0 -12"><span class='ocrx_word' id='word_1_51' title='bbox 568 1263 696 1320; x_wconf 89' lang='lat' dir='ltr'><strong>Scio</strong></span> <span class='ocrx_word' id='word_1_52' title='bbox 747 1281 834 1321; x_wconf 89' lang='lat' dir='ltr'><strong>me</strong></span> <span class='ocrx_word' id='word_1_53' title='bbox 898 1263 1244 1320; x_wconf 87' lang='lat' dir='ltr'><strong>Divinitatem</strong></span> <span class='ocrx_word' id='word_1_54' title='bbox 1297 1264 1351 1319; x_wconf 90' lang='lat' dir='ltr'><strong>in</strong></span> <span class='ocrx_word' id='word_1_55' title='bbox 1409 1263 1591 1320; x_wconf 82' lang='lat' dir='ltr'><strong>multis</strong></span> <span class='ocrx_word' id='word_1_56' title='bbox 1642 1259 1964 1331; x_wconf 73' lang='lat' dir='ltr'><strong>offendisse,</strong></span> <span class='ocrx_word' id='word_1_57' title='bbox 2028 1272 2084 1321; x_wconf 92' lang='lat' dir='ltr'><strong>et</strong></span> 
     </span>
    </p>
   </div>
   <div class='ocr_carea' id='block_1_12' title="bbox 497 1355 2086 1429">
    <p class='ocr_par' dir='ltr' id='par_1_12' title="bbox 497 1355 2086 1429">
     <span class='ocr_line' id='line_1_12' title="bbox 497 1355 2086 1429; baseline -0.003 -13"><span class='ocrx_word' id='word_1_58' title='bbox 497 1359 770 1416; x_wconf 85' lang='lat' dir='ltr'><strong>offendere</strong></span> <span class='ocrx_word' id='word_1_59' title='bbox 796 1400 810 1425; x_wconf 91' lang='lat'><strong>,</strong></span> <span class='ocrx_word' id='word_1_60' title='bbox 855 1359 951 1415; x_wconf 90' lang='lat' dir='ltr'><strong>sed</strong></span> <span class='ocrx_word' id='word_1_61' title='bbox 979 1374 1077 1415; x_wconf 89' lang='lat' dir='ltr'><strong>vos</strong></span> <span class='ocrx_word' id='word_1_62' title='bbox 1106 1359 1193 1415; x_wconf 88' lang='lat' dir='ltr'><strong>vel</strong></span> <span class='ocrx_word' id='word_1_63' title='bbox 1219 1368 1431 1414; x_wconf 89' lang='lat' dir='ltr'><strong>vestros</strong></span> <span class='ocrx_word' id='word_1_64' title='bbox 1463 1358 1519 1412; x_wconf 93' lang='lat' dir='ltr'><strong>in</strong></span> <span class='ocrx_word' id='word_1_65' title='bbox 1550 1372 1656 1429; x_wconf 90' lang='lat' dir='ltr'><strong>quo</strong></span> <span class='ocrx_word' id='word_1_66' title='bbox 1678 1355 1969 1414; x_wconf 70' lang='lat' dir='ltr'><strong>offendisse</strong></span> <span class='ocrx_word' id='word_1_67' title='bbox 1996 1371 2086 1413; x_wconf 89' lang='lat' dir='ltr'><strong>re-</strong></span> 
     </span>
    </p>
   </div>
   <div class='ocr_carea' id='block_1_13' title="bbox 497 1447 2084 1519">
    <p class='ocr_par' dir='ltr' id='par_1_13' title="bbox 497 1447 2084 1519">
     <span class='ocr_line' id='line_1_13' title="bbox 497 1447 2084 1519; baseline 0 -16"><span class='ocrx_word' id='word_1_68' title='bbox 497 1449 735 1519; x_wconf 87' lang='lat' dir='ltr'><strong>darguor</strong></span> <span class='ocrx_word' id='word_1_69' title='bbox 769 1449 982 1515; x_wconf 90' lang='lat' dir='ltr'><strong>nescio,</strong></span> <span class='ocrx_word' id='word_1_70' title='bbox 1018 1455 1073 1503; x_wconf 91' lang='lat' dir='ltr'><strong>et</strong></span> <span class='ocrx_word' id='word_1_71' title='bbox 1102 1448 1179 1504; x_wconf 92' lang='lat' dir='ltr'><strong>uti</strong></span> <span class='ocrx_word' id='word_1_72' title='bbox 1205 1464 1322 1503; x_wconf 89' lang='lat' dir='ltr'><strong>mea</strong></span> <span class='ocrx_word' id='word_1_73' title='bbox 1355 1448 1589 1503; x_wconf 89' lang='lat' dir='ltr'><strong>servitus</strong></span> <span class='ocrx_word' id='word_1_74' title='bbox 1616 1448 1695 1504; x_wconf 89' lang='lat' dir='ltr'><strong>sic</strong></span> <span class='ocrx_word' id='word_1_75' title='bbox 1723 1455 1945 1518; x_wconf 89' lang='lat' dir='ltr'><strong>repente</strong></span> <span class='ocrx_word' id='word_1_76' title='bbox 1975 1447 2084 1503; x_wconf 88' lang='lat' dir='ltr'><strong>dis-</strong></span> 
     </span>
    </p>
   </div>
   <div class='ocr_carea' id='block_1_14' title="bbox 494 1537 2081 1611">
    <p class='ocr_par' dir='ltr' id='par_1_14' title="bbox 494 1537 2081 1611">
     <span class='ocr_line' id='line_1_14' title="bbox 494 1537 2081 1611; baseline 0 -18"><span class='ocrx_word' id='word_1_77' title='bbox 494 1540 767 1611; x_wconf 88' lang='lat' dir='ltr'><strong>plicuerit.</strong></span> <span class='ocrx_word' id='word_1_78' title='bbox 815 1537 1033 1595; x_wconf 87' lang='lat' dir='ltr'><strong>Utinam</strong></span> <span class='ocrx_word' id='word_1_79' title='bbox 1064 1555 1096 1594; x_wconf 90' lang='lat' dir='ltr'><strong>a</strong></span> <span class='ocrx_word' id='word_1_80' title='bbox 1138 1548 1318 1595; x_wconf 90' lang='lat' dir='ltr'><strong>vestra</strong></span> <span class='ocrx_word' id='word_1_81' title='bbox 1352 1538 1723 1593; x_wconf 89' lang='lat' dir='ltr'><strong>muniﬁcentia</strong></span> <span class='ocrx_word' id='word_1_82' title='bbox 1764 1553 1887 1593; x_wconf 93' lang='lat' dir='ltr'><strong>cum</strong></span> <span class='ocrx_word' id='word_1_83' title='bbox 1913 1537 2081 1610; x_wconf 79' lang='lat' dir='ltr'><strong>gloria</strong></span> 
     </span>
    </p>
   </div>
   <div class='ocr_carea' id='block_1_15' title="bbox 497 1629 2082 1703">
    <p class='ocr_par' dir='ltr' id='par_1_15' title="bbox 497 1629 2082 1703">
     <span class='ocr_line' id='line_1_15' title="bbox 497 1629 2082 1703; baseline 0 -18"><span class='ocrx_word' id='word_1_84' title='bbox 497 1640 646 1685; x_wconf 83' lang='lat' dir='ltr'><strong>tanta</strong></span> <span class='ocrx_word' id='word_1_85' title='bbox 665 1629 867 1685; x_wconf 77' lang='lat' dir='ltr'><strong>collata</strong></span> <span class='ocrx_word' id='word_1_86' title='bbox 891 1640 985 1685; x_wconf 90' lang='lat' dir='ltr'><strong>aut</strong></span> <span class='ocrx_word' id='word_1_87' title='bbox 1006 1647 1114 1686; x_wconf 90' lang='lat' dir='ltr'><strong>non</strong></span> <span class='ocrx_word' id='word_1_88' title='bbox 1132 1630 1375 1688; x_wconf 88' lang='lat' dir='ltr'><strong>licuisset</strong></span> <span class='ocrx_word' id='word_1_89' title='bbox 1394 1632 1694 1703; x_wconf 85' lang='lat' dir='ltr'><strong>suscipere,</strong></span> <span class='ocrx_word' id='word_1_90' title='bbox 1719 1639 1810 1686; x_wconf 92' lang='lat' dir='ltr'><strong>aut</strong></span> <span class='ocrx_word' id='word_1_91' title='bbox 1830 1639 2082 1703; x_wconf 90' lang='lat' dir='ltr'><strong>suscepta</strong></span> 
     </span>
    </p>
   </div>
   <div class='ocr_carea' id='block_1_16' title="bbox 1177 235 3137 329">
    <p class='ocr_par' dir='ltr' id='par_1_16' title="bbox 1177 235 3137 329">
     <span class='ocr_line' id='line_1_16' title="bbox 1177 235 3137 329; baseline -0.002 -32"><span class='ocrx_word' id='word_1_92' title='bbox 1177 240 1538 329; x_wconf 68' lang='lat' dir='ltr'><strong>SILVES&#39;I‘RI</strong></span> <span class='ocrx_word' id='word_1_93' title='bbox 1567 239 1609 296; x_wconf 91' lang='lat' dir='ltr'><strong>ll</strong></span> <span class='ocrx_word' id='word_1_94' title='bbox 1633 237 1834 295; x_wconf 72' lang='grc' dir='ltr'><strong>ΡΑΡιΕ</strong></span> <span class='ocrx_word' id='word_1_95' title='bbox 1876 235 2031 293; x_wconf 83' lang='grc' dir='ltr'><strong>ΟΡΡ.</strong></span> <span class='ocrx_word' id='word_1_96' title='bbox 2059 236 2240 293; x_wconf 83' lang='lat' dir='ltr'><strong>PARS</strong></span> <span class='ocrx_word' id='word_1_97' title='bbox 2278 236 2362 292; x_wconf 88' lang='lat' dir='ltr'><strong>III.</strong></span> <span class='ocrx_word' id='word_1_98' title='bbox 2389 267 2460 278; x_wconf 90' lang='lat'><strong><em>—</em></strong></span> <span class='ocrx_word' id='word_1_99' title='bbox 2483 235 2699 294; x_wconf 87' lang='lat' dir='ltr'><strong>EPIST.</strong></span> <span class='ocrx_word' id='word_1_100' title='bbox 2743 236 2831 294; x_wconf 78' lang='lat' dir='ltr'><strong>ET</strong></span> <span class='ocrx_word' id='word_1_101' title='bbox 2859 235 3137 297; x_wconf 82' lang='lat' dir='ltr'><strong>DIPLOM.</strong></span> 
     </span>
    </p>
   </div>
   <div class='ocr_carea' id='block_1_17' title="bbox 3656 239 3766 298">
    <p class='ocr_par' dir='ltr' id='par_1_17' title="bbox 3656 239 3766 298">
     <span class='ocr_line' id='line_1_17' title="bbox 3656 239 3766 298; baseline 0 -2"><span class='ocrx_word' id='word_1_102' title='bbox 3656 239 3766 298; x_wconf 67' lang='lat'><strong>256</strong></span> 
     </span>
    </p>
   </div>
   <div class='ocr_carea' id='block_1_18' title="bbox 2666 344 3313 404">
    <p class='ocr_par' dir='ltr' id='par_1_18' title="bbox 2666 344 3313 404">
     <span class='ocr_line' id='line_1_18' title="bbox 2666 344 3313 404; baseline -0.011 -2"><span class='ocrx_word' id='word_1_103' title='bbox 2666 347 3000 404; x_wconf 84' lang='lat' dir='ltr'><strong>EPISTOLA</strong></span> <span class='ocrx_word' id='word_1_104' title='bbox 3038 344 3240 404; x_wconf 79' lang='lat' dir='ltr'><strong>CXCIII</strong></span> <span class='ocrx_word' id='word_1_105' title='bbox 3264 386 3272 392; x_wconf 95' lang='lat'><strong>.</strong></span> <span class='ocrx_word' id='word_1_106' title='bbox 3308 390 3313 395; x_wconf 87' lang='lat'><strong>.</strong></span> 
     </span>
    </p>
   </div>
   <div class='ocr_carea' id='block_1_19' title="bbox 2297 450 3655 494">
    <p class='ocr_par' dir='ltr' id='par_1_19' title="bbox 2297 450 3655 494">
     <span class='ocr_line' id='line_1_19' title="bbox 2297 450 3655 494; baseline 0.001 -2"><span class='ocrx_word' id='word_1_107' title='bbox 2297 451 2607 493; x_wconf 74' lang='lat' dir='ltr'><strong>GERBERTUS</strong></span> <span class='ocrx_word' id='word_1_108' title='bbox 2643 453 2922 494; x_wconf 68' lang='lat' dir='ltr'><strong>ARNULI’BO</strong></span> <span class='ocrx_word' id='word_1_109' title='bbox 2958 450 3343 493; x_wconf 66' lang='lat' dir='ltr'><strong>AURELIANENSI</strong></span> <span class='ocrx_word' id='word_1_110' title='bbox 3377 450 3655 494; x_wconf 75' lang='lat' dir='ltr'><strong>EPISCOPO.</strong></span> 
     </span>
    </p>
   </div>
   <div class='ocr_carea' id='block_1_20' title="bbox 2252 526 3769 601">
    <p class='ocr_par' dir='ltr' id='par_1_20' title="bbox 2252 526 3769 601">
     <span class='ocr_line' id='line_1_20' title="bbox 2252 526 3769 601; baseline -0.001 -18"><span class='ocrx_word' id='word_1_111' title='bbox 2252 526 2475 584; x_wconf 82' lang='lat' dir='ltr'><strong>Multum</strong></span> <span class='ocrx_word' id='word_1_112' title='bbox 2523 530 2842 585; x_wconf 87' lang='lat' dir='ltr'><strong>mortalibus</strong></span> <span class='ocrx_word' id='word_1_113' title='bbox 2882 530 3137 585; x_wconf 84' lang='lat' dir='ltr'><strong>divinitas</strong></span> <span class='ocrx_word' id='word_1_114' title='bbox 3178 528 3370 601; x_wconf 87' lang='lat' dir='ltr'><strong>largita</strong></span> <span class='ocrx_word' id='word_1_115' title='bbox 3409 536 3531 594; x_wconf 88' lang='lat' dir='ltr'><strong>est,</strong></span> <span class='ocrx_word' id='word_1_116' title='bbox 3581 543 3618 583; x_wconf 90' lang='lat'><strong>0</strong></span> <span class='ocrx_word' id='word_1_117' title='bbox 3667 529 3769 584; x_wconf 90' lang='lat' dir='ltr'><strong>mei</strong></span> 
     </span>
    </p>
   </div>
   <div class='ocr_carea' id='block_1_21' title="bbox 2181 620 3772 690">
    <p class='ocr_par' dir='ltr' id='par_1_21' title="bbox 2181 620 3772 690">
     <span class='ocr_line' id='line_1_21' title="bbox 2181 620 3772 690; baseline -0.002 -14"><span class='ocrx_word' id='word_1_118' title='bbox 2181 620 2348 676; x_wconf 83' lang='lat' dir='ltr'><strong>animi</strong></span> <span class='ocrx_word' id='word_1_119' title='bbox 2394 629 2613 687; x_wconf 90' lang='lat' dir='ltr'><strong>custos,</strong></span> <span class='ocrx_word' id='word_1_120' title='bbox 2658 621 2856 690; x_wconf 88' lang='lat' dir='ltr'><strong>quibus</strong></span> <span class='ocrx_word' id='word_1_121' title='bbox 2904 621 3062 676; x_wconf 88' lang='lat' dir='ltr'><strong>ﬁdem</strong></span> <span class='ocrx_word' id='word_1_122' title='bbox 3093 620 3353 687; x_wconf 89' lang='lat' dir='ltr'><strong>contulit,</strong></span> <span class='ocrx_word' id='word_1_123' title='bbox 3386 630 3443 676; x_wconf 87' lang='lat' dir='ltr'><strong>et</strong></span> <span class='ocrx_word' id='word_1_124' title='bbox 3485 630 3772 683; x_wconf 80' lang='lat' dir='ltr'><strong>scientiam</strong></span> 
     </span>
    </p>
   </div>
   <div class='ocr_carea' id='block_1_22' title="bbox 2185 709 3772 783">
    <p class='ocr_par' dir='ltr' id='par_1_22' title="bbox 2185 709 3772 783">
     <span class='ocr_line' id='line_1_22' title="bbox 2185 709 3772 783; baseline -0.002 -16"><span class='ocrx_word' id='word_1_125' title='bbox 2185 710 2305 767; x_wconf 63' lang='lat' dir='ltr'><strong>non&#39;</strong></span> <span class='ocrx_word' id='word_1_126' title='bbox 2347 712 2584 783; x_wconf 79' lang='lat' dir='ltr'><strong>negavit.</strong></span> <span class='ocrx_word' id='word_1_127' title='bbox 2646 711 2781 766; x_wconf 90' lang='lat' dir='ltr'><strong>llinc</strong></span> <span class='ocrx_word' id='word_1_128' title='bbox 2843 711 3035 766; x_wconf 81' lang='lat' dir='ltr'><strong>Petrus</strong></span> <span class='ocrx_word' id='word_1_129' title='bbox 3083 711 3363 765; x_wconf 85' lang='lat' dir='ltr'><strong>Christum</strong></span> <span class='ocrx_word' id='word_1_130' title='bbox 3417 710 3517 764; x_wconf 86' lang='lat' dir='ltr'><strong>Dei</strong></span> <span class='ocrx_word' id='word_1_131' title='bbox 3571 709 3772 764; x_wconf 86' lang='lat' dir='ltr'><strong>Filium</strong></span> 
     </span>
    </p>
   </div>
   <div class='ocr_carea' id='block_1_23' title="bbox 2184 799 3771 874">
    <p class='ocr_par' dir='ltr' id='par_1_23' title="bbox 2184 799 3771 874">
     <span class='ocr_line' id='line_1_23' title="bbox 2184 799 3771 874; baseline 0 -18"><span class='ocrx_word' id='word_1_132' title='bbox 2184 803 2461 874; x_wconf 84' lang='lat' dir='ltr'><strong>agnoscit,</strong></span> <span class='ocrx_word' id='word_1_133' title='bbox 2513 810 2569 858; x_wconf 90' lang='lat' dir='ltr'><strong>et</strong></span> <span class='ocrx_word' id='word_1_134' title='bbox 2615 803 2853 873; x_wconf 88' lang='lat' dir='ltr'><strong>agnitum</strong></span> <span class='ocrx_word' id='word_1_135' title='bbox 2886 800 3117 856; x_wconf 90' lang='lat' dir='ltr'><strong>ﬁdeliter</strong></span> <span class='ocrx_word' id='word_1_136' title='bbox 3150 800 3463 856; x_wconf 89' lang='lat' dir='ltr'><strong>conﬁtetur.</strong></span> <span class='ocrx_word' id='word_1_137' title='bbox 3512 799 3658 856; x_wconf 83' lang='lat' dir='ltr'><strong>Hinc</strong></span> <span class='ocrx_word' id='word_1_138' title='bbox 3690 808 3771 856; x_wconf 85' lang='lat' dir='ltr'><strong>est</strong></span> 
     </span>
    </p>
   </div>
   <div class='ocr_carea' id='block_1_24' title="bbox 2183 889 3772 966">
    <p class='ocr_par' dir='ltr' id='par_1_24' title="bbox 2183 889 3772 966">
     <span class='ocr_line' id='line_1_24' title="bbox 2183 889 3772 966; baseline -0.003 -18"><span class='ocrx_word' id='word_1_139' title='bbox 2183 896 2327 964; x_wconf 92' lang='lat' dir='ltr'><strong>quod</strong></span> <span class='ocrx_word' id='word_1_140' title='bbox 2351 895 2534 966; x_wconf 89' lang='lat' dir='ltr'><strong>justus</strong></span> <span class='ocrx_word' id='word_1_141' title='bbox 2569 908 2633 948; x_wconf 78' lang='lat' dir='ltr'><strong>ex</strong></span> <span class='ocrx_word' id='word_1_142' title='bbox 2676 893 2779 946; x_wconf 88' lang='lat' dir='ltr'><strong>ﬁde</strong></span> <span class='ocrx_word' id='word_1_143' title='bbox 2815 893 2965 946; x_wconf 88' lang='lat' dir='ltr'><strong>vivit.</strong></span> <span class='ocrx_word' id='word_1_144' title='bbox 3002 890 3140 947; x_wconf 88' lang='lat' dir='ltr'><strong>Iluie</strong></span> <span class='ocrx_word' id='word_1_145' title='bbox 3177 890 3300 946; x_wconf 90' lang='lat' dir='ltr'><strong>ﬁdei</strong></span> <span class='ocrx_word' id='word_1_146' title='bbox 3337 891 3454 946; x_wconf 90' lang='lat' dir='ltr'><strong>ideo</strong></span> <span class='ocrx_word' id='word_1_147' title='bbox 3481 889 3772 946; x_wconf 86' lang='lat' dir='ltr'><strong>scientiam</strong></span> 
     </span>
    </p>
   </div>
   <div class='ocr_carea' id='block_1_25' title="bbox 2180 966 3768 1060">
    <p class='ocr_par' dir='ltr' id='par_1_25' title="bbox 2180 966 3768 1060">
     <span class='ocr_line' id='line_1_25' title="bbox 2180 966 3768 1060; baseline -0.008 -14"><span class='ocrx_word' id='word_1_148' title='bbox 2180 966 2531 1060; x_wconf 79' lang='lat' dir='ltr'><strong>copulanius,</strong></span> <span class='ocrx_word' id='word_1_149' title='bbox 2578 985 2705 1055; x_wconf 88' lang='lat' dir='ltr'><strong>quia</strong></span> <span class='ocrx_word' id='word_1_150' title='bbox 2733 983 2883 1039; x_wconf 91' lang='lat' dir='ltr'><strong>stulti</strong></span> <span class='ocrx_word' id='word_1_151' title='bbox 2925 983 3085 1038; x_wconf 88' lang='lat' dir='ltr'><strong>ﬁdem</strong></span> <span class='ocrx_word' id='word_1_152' title='bbox 3117 997 3223 1037; x_wconf 91' lang='lat' dir='ltr'><strong>non</strong></span> <span class='ocrx_word' id='word_1_153' title='bbox 3253 981 3455 1036; x_wconf 91' lang='lat' dir='ltr'><strong>habere</strong></span> <span class='ocrx_word' id='word_1_154' title='bbox 3487 981 3768 1037; x_wconf 87' lang='lat' dir='ltr'><strong>dicuntur.</strong></span> 
     </span>
    </p>
   </div>
   <div class='ocr_carea' id='block_1_26' title="bbox 2184 1070 3770 1145">
    <p class='ocr_par' dir='ltr' id='par_1_26' title="bbox 2184 1070 3770 1145">
     <span class='ocr_line' id='line_1_26' title="bbox 2184 1070 3770 1145; baseline -0.006 -9"><span class='ocrx_word' id='word_1_155' title='bbox 2184 1080 2336 1137; x_wconf 82' lang='lat' dir='ltr'><strong>lianc</strong></span> <span class='ocrx_word' id='word_1_156' title='bbox 2366 1095 2462 1134; x_wconf 90' lang='lat' dir='ltr'><strong>vos</strong></span> <span class='ocrx_word' id='word_1_157' title='bbox 2498 1076 2701 1133; x_wconf 90' lang='lat' dir='ltr'><strong>habere</strong></span> <span class='ocrx_word' id='word_1_158' title='bbox 2732 1076 2892 1131; x_wconf 90' lang='lat' dir='ltr'><strong>ﬁdem</strong></span> <span class='ocrx_word' id='word_1_159' title='bbox 2923 1075 3011 1129; x_wconf 92' lang='lat' dir='ltr'><strong>illa</strong></span> <span class='ocrx_word' id='word_1_160' title='bbox 3037 1074 3287 1145; x_wconf 85' lang='lat' dir='ltr'><strong>generosi</strong></span> <span class='ocrx_word' id='word_1_161' title='bbox 3317 1072 3482 1128; x_wconf 89' lang='lat' dir='ltr'><strong>animi</strong></span> <span class='ocrx_word' id='word_1_162' title='bbox 3507 1070 3770 1143; x_wconf 82' lang='lat' dir='ltr'><strong>praeclara</strong></span> 
     </span>
    </p>
   </div>
   <div class='ocr_carea' id='block_1_27' title="bbox 2184 1163 3771 1228">
    <p class='ocr_par' dir='ltr' id='par_1_27' title="bbox 2184 1163 3771 1228">
     <span class='ocr_line' id='line_1_27' title="bbox 2184 1163 3771 1228; baseline -0.008 1"><span class='ocrx_word' id='word_1_163' title='bbox 2184 1170 2409 1228; x_wconf 88' lang='lat' dir='ltr'><strong>scientia</strong></span> <span class='ocrx_word' id='word_1_164' title='bbox 2443 1170 2649 1225; x_wconf 90' lang='lat' dir='ltr'><strong>indicat</strong></span> <span class='ocrx_word' id='word_1_165' title='bbox 2678 1186 2691 1222; x_wconf 91' lang='lat'>:</span> <span class='ocrx_word' id='word_1_166' title='bbox 2731 1169 2832 1223; x_wconf 88' lang='lat' dir='ltr'><strong>hoc</strong></span> <span class='ocrx_word' id='word_1_167' title='bbox 2868 1175 3062 1222; x_wconf 77' lang='lat' dir='ltr'><strong>vestra:</strong></span> <span class='ocrx_word' id='word_1_168' title='bbox 3104 1166 3367 1221; x_wconf 90' lang='lat' dir='ltr'><strong>orationis</strong></span> <span class='ocrx_word' id='word_1_169' title='bbox 3395 1164 3568 1221; x_wconf 90' lang='lat' dir='ltr'><strong>series</strong></span> <span class='ocrx_word' id='word_1_170' title='bbox 3598 1163 3771 1218; x_wconf 84' lang='lat' dir='ltr'><strong>mani-</strong></span> 
     </span>
    </p>
   </div>
   <div class='ocr_carea' id='block_1_28' title="bbox 2184 1256 3771 1333">
    <p class='ocr_par' dir='ltr' id='par_1_28' title="bbox 2184 1256 3771 1333">
     <span class='ocr_line' id='line_1_28' title="bbox 2184 1256 3771 1333; baseline -0.003 -15"><span class='ocrx_word' id='word_1_171' title='bbox 2184 1264 2381 1330; x_wconf 88' lang='lat' dir='ltr'><strong>festat,</strong></span> <span class='ocrx_word' id='word_1_172' title='bbox 2409 1278 2515 1333; x_wconf 90' lang='lat' dir='ltr'><strong>qua</strong></span> <span class='ocrx_word' id='word_1_173' title='bbox 2553 1277 2672 1317; x_wconf 90' lang='lat' dir='ltr'><strong>eam</strong></span> <span class='ocrx_word' id='word_1_174' title='bbox 2717 1261 2856 1316; x_wconf 90' lang='lat' dir='ltr'><strong>inter</strong></span> <span class='ocrx_word' id='word_1_175' title='bbox 2901 1276 2997 1316; x_wconf 87' lang='lat' dir='ltr'><strong>nos</strong></span> <span class='ocrx_word' id='word_1_176' title='bbox 3038 1259 3295 1315; x_wconf 82' lang='lat' dir='ltr'><strong>acternari</strong></span> <span class='ocrx_word' id='word_1_177' title='bbox 3339 1258 3558 1328; x_wconf 89' lang='lat' dir='ltr'><strong>cupitis.</strong></span> <span class='ocrx_word' id='word_1_178' title='bbox 3588 1256 3771 1313; x_wconf 82' lang='lat' dir='ltr'><strong>Ilabeo</strong></span> 
     </span>
    </p>
   </div>
   <div class='ocr_carea' id='block_1_29' title="bbox 2184 1350 3772 1428">
    <p class='ocr_par' dir='ltr' id='par_1_29' title="bbox 2184 1350 3772 1428">
     <span class='ocr_line' id='line_1_29' title="bbox 2184 1350 3772 1428; baseline -0.006 -15"><span class='ocrx_word' id='word_1_179' title='bbox 2184 1357 2348 1428; x_wconf 89' lang='lat' dir='ltr'><strong>igitur</strong></span> <span class='ocrx_word' id='word_1_180' title='bbox 2375 1365 2432 1412; x_wconf 92' lang='lat' dir='ltr'><strong>et</strong></span> <span class='ocrx_word' id='word_1_181' title='bbox 2473 1354 2708 1425; x_wconf 88' lang='lat' dir='ltr'><strong>rependo</strong></span> <span class='ocrx_word' id='word_1_182' title='bbox 2737 1355 2942 1425; x_wconf 86' lang='lat' dir='ltr'><strong>gratias</strong></span> <span class='ocrx_word' id='word_1_183' title='bbox 2968 1363 3244 1408; x_wconf 90' lang='lat' dir='ltr'><strong>tantorum</strong></span> <span class='ocrx_word' id='word_1_184' title='bbox 3279 1367 3565 1407; x_wconf 90' lang='lat' dir='ltr'><strong>munerum</strong></span> <span class='ocrx_word' id='word_1_185' title='bbox 3604 1350 3772 1421; x_wconf 78' lang='lat' dir='ltr'><strong>largi-</strong></span> 
     </span>
    </p>
   </div>
   <div class='ocr_carea' id='block_1_30' title="bbox 2182 1430 3774 1523">
    <p class='ocr_par' dir='ltr' id='par_1_30' title="bbox 2182 1430 3774 1523">
     <span class='ocr_line' id='line_1_30' title="bbox 2182 1430 3774 1523; baseline -0.003 -21"><span class='ocrx_word' id='word_1_186' title='bbox 2182 1430 2309 1515; x_wconf 68' lang='lat' dir='ltr'><strong>tori,</strong></span> <span class='ocrx_word' id='word_1_187' title='bbox 2338 1457 2394 1503; x_wconf 91' lang='lat' dir='ltr'><strong>et</strong></span> <span class='ocrx_word' id='word_1_188' title='bbox 2423 1447 2565 1517; x_wconf 89' lang='lat' dir='ltr'><strong>quod</strong></span> <span class='ocrx_word' id='word_1_189' title='bbox 2594 1445 2730 1501; x_wconf 90' lang='lat' dir='ltr'><strong>mihi</strong></span> <span class='ocrx_word' id='word_1_190' title='bbox 2757 1446 2808 1499; x_wconf 92' lang='lat' dir='ltr'><strong>in</strong></span> <span class='ocrx_word' id='word_1_191' title='bbox 2842 1444 2989 1500; x_wconf 90' lang='lat' dir='ltr'><strong>nullo</strong></span> <span class='ocrx_word' id='word_1_192' title='bbox 3023 1460 3054 1499; x_wconf 89' lang='lat' dir='ltr'><strong>a</strong></span> <span class='ocrx_word' id='word_1_193' title='bbox 3081 1460 3166 1500; x_wconf 89' lang='lat' dir='ltr'><strong>me</strong></span> <span class='ocrx_word' id='word_1_194' title='bbox 3196 1444 3608 1499; x_wconf 88' lang='lat' dir='ltr'><strong>dissentientem</strong></span> <span class='ocrx_word' id='word_1_195' title='bbox 3624 1442 3774 1523; x_wconf 33' lang='lat' dir='ltr'><strong>&#39;ami-</strong></span> 
     </span>
    </p>
   </div>
   <div class='ocr_carea' id='block_1_31' title="bbox 2182 1534 3771 1606">
    <p class='ocr_par' dir='ltr' id='par_1_31' title="bbox 2182 1534 3771 1606">
     <span class='ocr_line' id='line_1_31' title="bbox 2182 1534 3771 1606; baseline -0.003 -11"><span class='ocrx_word' id='word_1_196' title='bbox 2182 1554 2305 1595; x_wconf 85' lang='lat' dir='ltr'><strong>cum</strong></span> <span class='ocrx_word' id='word_1_197' title='bbox 2333 1538 2712 1604; x_wconf 89' lang='lat' dir='ltr'><strong>reservaverit,</strong></span> <span class='ocrx_word' id='word_1_198' title='bbox 2737 1545 2794 1592; x_wconf 91' lang='lat' dir='ltr'><strong>et</strong></span> <span class='ocrx_word' id='word_1_199' title='bbox 2814 1537 2957 1606; x_wconf 89' lang='lat' dir='ltr'><strong>quod</strong></span> <span class='ocrx_word' id='word_1_200' title='bbox 2985 1535 3196 1592; x_wconf 66' lang='lat' dir='ltr'><strong>aemulis</strong></span> <span class='ocrx_word' id='word_1_201' title='bbox 3223 1536 3426 1591; x_wconf 87' lang='lat' dir='ltr'><strong>nostris</strong></span> <span class='ocrx_word' id='word_1_202' title='bbox 3452 1534 3771 1590; x_wconf 75' lang='lat' dir='ltr'><strong>verisimilia</strong></span> 
     </span>
    </p>
   </div>
   <div class='ocr_carea' id='block_1_32' title="bbox 2183 1614 3772 1685">
    <p class='ocr_par' dir='ltr' id='par_1_32' title="bbox 2183 1614 3772 1685">
     <span class='ocr_line' id='line_1_32' title="bbox 2183 1614 3772 1685; baseline -0.003 -1"><span class='ocrx_word' id='word_1_203' title='bbox 2183 1620 2290 1685; x_wconf 86' lang='lat' dir='ltr'><strong>non</strong></span> <span class='ocrx_word' id='word_1_204' title='bbox 2333 1638 2511 1683; x_wconf 91' lang='lat' dir='ltr'><strong>tamen</strong></span> <span class='ocrx_word' id='word_1_205' title='bbox 2561 1642 2691 1682; x_wconf 89' lang='lat' dir='ltr'><strong>vera</strong></span> <span class='ocrx_word' id='word_1_206' title='bbox 2740 1614 3092 1682; x_wconf 77' lang='lat' dir='ltr'><strong>narrantibus</strong></span> <span class='ocrx_word' id='word_1_207' title='bbox 3141 1625 3322 1680; x_wconf 87' lang='lat' dir='ltr'><strong>minus</strong></span> <span class='ocrx_word' id='word_1_208' title='bbox 3355 1624 3608 1679; x_wconf 89' lang='lat' dir='ltr'><strong>credidit.</strong></span> <span class='ocrx_word' id='word_1_209' title='bbox 3659 1622 3772 1679; x_wconf 90' lang='lat' dir='ltr'><strong>lloc</strong></span> 
     </span>
    </p>
   </div>
   <div class='ocr_carea' id='block_1_33' title="bbox 497 1714 3769 1794">
    <p class='ocr_par' dir='ltr' id='par_1_33' title="bbox 497 1714 3769 1794">
     <span class='ocr_line' id='line_1_33' title="bbox 497 1714 3769 1794; baseline -0.002 -18"><span class='ocrx_word' id='word_1_210' title='bbox 497 1737 619 1777; x_wconf 91' lang='lat' dir='ltr'><strong>cum</strong></span> <span class='ocrx_word' id='word_1_211' title='bbox 645 1730 793 1776; x_wconf 89' lang='lat' dir='ltr'><strong>tanta</strong></span> <span class='ocrx_word' id='word_1_212' title='bbox 816 1721 1135 1778; x_wconf 83' lang='lat' dir='ltr'><strong>confusione</strong></span> <span class='ocrx_word' id='word_1_213' title='bbox 1157 1723 1412 1793; x_wconf 86' lang='lat' dir='ltr'><strong>perdere!</strong></span> <span class='ocrx_word' id='word_1_214' title='bbox 1440 1722 1578 1790; x_wconf 84' lang='lat' dir='ltr'><strong>Quid</strong></span> <span class='ocrx_word' id='word_1_215' title='bbox 1605 1724 1707 1779; x_wconf 90' lang='lat' dir='ltr'><strong>hoc</strong></span> <span class='ocrx_word' id='word_1_216' title='bbox 1729 1737 1851 1779; x_wconf 90' lang='lat' dir='ltr'><strong>esse</strong></span> <span class='ocrx_word' id='word_1_217' title='bbox 1871 1733 2078 1794; x_wconf 88' lang='lat' dir='ltr'><strong>putem,</strong></span> <span class='ocrx_word' id='word_1_218' title='bbox 2112 1714 2157 1774; x_wconf 86' lang='lat' dir='ltr'><strong>B</strong></span> <span class='ocrx_word' id='word_1_219' title='bbox 2187 1721 2261 1775; x_wconf 91' lang='lat' dir='ltr'><strong>tui</strong></span> <span class='ocrx_word' id='word_1_220' title='bbox 2303 1718 2548 1775; x_wconf 81' lang='lat' dir='ltr'><strong>numeris</strong></span> <span class='ocrx_word' id='word_1_221' title='bbox 2587 1733 2740 1784; x_wconf 90' lang='lat' dir='ltr'><strong>esse,</strong></span> <span class='ocrx_word' id='word_1_222' title='bbox 2787 1718 2930 1773; x_wconf 89' lang='lat' dir='ltr'><strong>bone</strong></span> <span class='ocrx_word' id='word_1_223' title='bbox 2969 1715 3096 1773; x_wconf 80' lang='lat' dir='ltr'><strong>Jesu</strong></span> <span class='ocrx_word' id='word_1_224' title='bbox 3121 1757 3135 1780; x_wconf 91' lang='lat'><strong>,</strong></span> <span class='ocrx_word' id='word_1_225' title='bbox 3170 1716 3259 1787; x_wconf 92' lang='lat' dir='ltr'><strong>qui</strong></span> <span class='ocrx_word' id='word_1_226' title='bbox 3307 1715 3441 1770; x_wconf 85' lang='lat' dir='ltr'><strong>facis</strong></span> <span class='ocrx_word' id='word_1_227' title='bbox 3485 1715 3769 1770; x_wconf 85' lang='lat' dir='ltr'><strong>unanimes</strong></span> 
     </span>
    </p>
   </div>
   <div class='ocr_carea' id='block_1_34' title="bbox 495 1814 2080 1885">
    <p class='ocr_par' dir='ltr' id='par_1_34' title="bbox 495 1814 2080 1885">
     <span class='ocr_line' id='line_1_34' title="bbox 495 1814 2080 1885; baseline 0 -18"><span class='ocrx_word' id='word_1_228' title='bbox 495 1814 639 1883; x_wconf 92' lang='lat' dir='ltr'><strong>quod</strong></span> <span class='ocrx_word' id='word_1_229' title='bbox 666 1815 855 1882; x_wconf 86' lang='lat' dir='ltr'><strong>utique</strong></span> <span class='ocrx_word' id='word_1_230' title='bbox 879 1814 1126 1880; x_wconf 88' lang='lat' dir='ltr'><strong>dedistis,</strong></span> <span class='ocrx_word' id='word_1_231' title='bbox 1151 1823 1244 1869; x_wconf 91' lang='lat' dir='ltr'><strong>aut</strong></span> <span class='ocrx_word' id='word_1_232' title='bbox 1275 1815 1403 1870; x_wconf 88' lang='lat' dir='ltr'><strong>dare</strong></span> <span class='ocrx_word' id='word_1_233' title='bbox 1432 1814 1707 1885; x_wconf 89' lang='lat' dir='ltr'><strong>potuistis,</strong></span> <span class='ocrx_word' id='word_1_234' title='bbox 1737 1825 1830 1868; x_wconf 90' lang='lat' dir='ltr'><strong>aut</strong></span> <span class='ocrx_word' id='word_1_235' title='bbox 1856 1830 1961 1869; x_wconf 92' lang='lat' dir='ltr'><strong>non</strong></span> <span class='ocrx_word' id='word_1_236' title='bbox 1985 1829 2080 1885; x_wconf 87' lang='lat' dir='ltr'><strong>po-</strong></span> 
     </span>
    </p>
   </div>
   <div class='ocr_carea' id='block_1_35' title="bbox 494 1905 2080 1979">
    <p class='ocr_par' dir='ltr' id='par_1_35' title="bbox 494 1905 2080 1979">
     <span class='ocr_line' id='line_1_35' title="bbox 494 1905 2080 1979; baseline 0.001 -18"><span class='ocrx_word' id='word_1_237' title='bbox 494 1906 712 1961; x_wconf 71' lang='lat' dir='ltr'><strong>tuistis?</strong></span> <span class='ocrx_word' id='word_1_238' title='bbox 757 1906 814 1962; x_wconf 89' lang='lat' dir='ltr'><strong>Si</strong></span> <span class='ocrx_word' id='word_1_239' title='bbox 858 1922 968 1961; x_wconf 90' lang='lat' dir='ltr'><strong>non</strong></span> <span class='ocrx_word' id='word_1_240' title='bbox 1014 1907 1288 1979; x_wconf 90' lang='lat' dir='ltr'><strong>potuistis,</strong></span> <span class='ocrx_word' id='word_1_241' title='bbox 1334 1923 1432 1962; x_wconf 92' lang='lat' dir='ltr'><strong>cur</strong></span> <span class='ocrx_word' id='word_1_242' title='bbox 1459 1906 1618 1978; x_wconf 81' lang='lat' dir='ltr'><strong>pesse</strong></span> <span class='ocrx_word' id='word_1_243' title='bbox 1657 1907 1985 1963; x_wconf 88' lang='lat' dir='ltr'><strong>simulastis?</strong></span> <span class='ocrx_word' id='word_1_244' title='bbox 2020 1905 2080 1962; x_wconf 90' lang='lat' dir='ltr'><strong>Si</strong></span> 
     </span>
    </p>
   </div>
   <div class='ocr_carea' id='block_1_36' title="bbox 481 1988 2071 2073">
    <p class='ocr_par' dir='ltr' id='par_1_36' title="bbox 481 1988 2071 2073">
     <span class='ocr_line' id='line_1_36' title="bbox 481 1988 2071 2073; baseline 0.001 -19"><span class='ocrx_word' id='word_1_245' title='bbox 481 1988 674 2062; x_wconf 68' lang='lat' dir='ltr'><strong>autem</strong></span> <span class='ocrx_word' id='word_1_246' title='bbox 704 2001 986 2072; x_wconf 90' lang='lat' dir='ltr'><strong>potuistis,</strong></span> <span class='ocrx_word' id='word_1_247' title='bbox 1020 2001 1139 2072; x_wconf 90' lang='lat' dir='ltr'><strong>quis</strong></span> <span class='ocrx_word' id='word_1_248' title='bbox 1179 2001 1394 2072; x_wconf 85' lang='lat' dir='ltr'><strong>ignotus</strong></span> <span class='ocrx_word' id='word_1_249' title='bbox 1430 2009 1485 2055; x_wconf 90' lang='lat' dir='ltr'><strong>et</strong></span> <span class='ocrx_word' id='word_1_250' title='bbox 1509 1999 1630 2073; x_wconf 82' lang='lat' dir='ltr'><strong>sine</strong></span> <span class='ocrx_word' id='word_1_251' title='bbox 1656 2001 1874 2055; x_wconf 89' lang='lat' dir='ltr'><strong>nomine</strong></span> <span class='ocrx_word' id='word_1_252' title='bbox 1903 2000 2071 2071; x_wconf 89' lang='lat' dir='ltr'><strong>impe-</strong></span> 
     </span>
    </p>
   </div>
   <div class='ocr_carea' id='block_1_37' title="bbox 494 2091 2078 2163">
    <p class='ocr_par' dir='ltr' id='par_1_37' title="bbox 494 2091 2078 2163">
     <span class='ocr_line' id='line_1_37' title="bbox 494 2091 2078 2163; baseline -0.001 -16"><span class='ocrx_word' id='word_1_253' title='bbox 494 2102 650 2148; x_wconf 85' lang='lat' dir='ltr'><strong>rator</strong></span> <span class='ocrx_word' id='word_1_254' title='bbox 692 2093 1005 2163; x_wconf 87' lang='lat' dir='ltr'><strong>imperatori</strong></span> <span class='ocrx_word' id='word_1_255' title='bbox 1052 2102 1238 2149; x_wconf 89' lang='lat' dir='ltr'><strong>nostro</strong></span> <span class='ocrx_word' id='word_1_256' title='bbox 1293 2092 1601 2159; x_wconf 88' lang='lat' dir='ltr'><strong>notissimo,</strong></span> <span class='ocrx_word' id='word_1_257' title='bbox 1652 2100 1707 2147; x_wconf 90' lang='lat' dir='ltr'><strong>et</strong></span> <span class='ocrx_word' id='word_1_258' title='bbox 1753 2107 1852 2163; x_wconf 91' lang='lat' dir='ltr'><strong>per</strong></span> <span class='ocrx_word' id='word_1_259' title='bbox 1889 2091 2078 2147; x_wconf 89' lang='lat' dir='ltr'><strong>orbem</strong></span> 
     </span>
    </p>
   </div>
   <div class='ocr_carea' id='block_1_38' title="bbox 492 2183 2081 2256">
    <p class='ocr_par' dir='ltr' id='par_1_38' title="bbox 492 2183 2081 2256">
     <span class='ocr_line' id='line_1_38' title="bbox 492 2183 2081 2256; baseline -0.001 -16"><span class='ocrx_word' id='word_1_260' title='bbox 492 2196 763 2241; x_wconf 88' lang='lat' dir='ltr'><strong>terrarum</strong></span> <span class='ocrx_word' id='word_1_261' title='bbox 797 2184 1179 2254; x_wconf 90' lang='lat' dir='ltr'><strong>famosissimo,</strong></span> <span class='ocrx_word' id='word_1_262' title='bbox 1215 2185 1480 2256; x_wconf 82' lang='lat' dir='ltr'><strong>imperat?</strong></span> <span class='ocrx_word' id='word_1_263' title='bbox 1508 2184 1564 2239; x_wconf 91' lang='lat' dir='ltr'><strong>In</strong></span> <span class='ocrx_word' id='word_1_264' title='bbox 1608 2185 1805 2255; x_wconf 90' lang='lat' dir='ltr'><strong>quibus</strong></span> <span class='ocrx_word' id='word_1_265' title='bbox 1844 2183 2081 2240; x_wconf 88' lang='lat' dir='ltr'><strong>tenebris</strong></span> 
     </span>
    </p>
   </div>
   <div class='ocr_carea' id='block_1_39' title="bbox 493 2273 2078 2346">
    <p class='ocr_par' dir='ltr' id='par_1_39' title="bbox 493 2273 2078 2346">
     <span class='ocr_line' id='line_1_39' title="bbox 493 2273 2078 2346; baseline -0.003 -14"><span class='ocrx_word' id='word_1_266' title='bbox 493 2277 587 2333; x_wconf 89' lang='lat' dir='ltr'><strong>ille</strong></span> <span class='ocrx_word' id='word_1_267' title='bbox 614 2275 839 2333; x_wconf 83' lang='lat' dir='ltr'><strong>furcifer</strong></span> <span class='ocrx_word' id='word_1_268' title='bbox 864 2276 1078 2333; x_wconf 88' lang='lat' dir='ltr'><strong>latitat?</strong></span> <span class='ocrx_word' id='word_1_269' title='bbox 1105 2277 1168 2332; x_wconf 86' lang='lat' dir='ltr'><strong>In</strong></span> <span class='ocrx_word' id='word_1_270' title='bbox 1191 2276 1366 2332; x_wconf 91' lang='lat' dir='ltr'><strong>lucem</strong></span> <span class='ocrx_word' id='word_1_271' title='bbox 1394 2275 1599 2342; x_wconf 90' lang='lat' dir='ltr'><strong>veniat,</strong></span> <span class='ocrx_word' id='word_1_272' title='bbox 1629 2274 1685 2330; x_wconf 81' lang='lat' dir='ltr'><strong>et</strong></span> <span class='ocrx_word' id='word_1_273' title='bbox 1708 2273 2078 2346; x_wconf 87' lang='lat' dir='ltr'><strong>cruciﬁgatur,</strong></span> 
     </span>
    </p>
   </div>
   <div class='ocr_carea' id='block_1_40' title="bbox 499 2366 2083 2447">
    <p class='ocr_par' dir='ltr' id='par_1_40' title="bbox 499 2366 2083 2447">
     <span class='ocr_line' id='line_1_40' title="bbox 499 2366 2083 2447; baseline -0.001 -23"><span class='ocrx_word' id='word_1_274' title='bbox 499 2380 559 2425; x_wconf 93' lang='lat' dir='ltr'><strong>ut</strong></span> <span class='ocrx_word' id='word_1_275' title='bbox 587 2380 778 2427; x_wconf 90' lang='lat' dir='ltr'><strong>nostro</strong></span> <span class='ocrx_word' id='word_1_276' title='bbox 821 2370 1025 2426; x_wconf 63' lang='lat' dir='ltr'><strong>Ctesari</strong></span> <span class='ocrx_word' id='word_1_277' title='bbox 1072 2370 1244 2426; x_wconf 90' lang='lat' dir='ltr'><strong>libere</strong></span> <span class='ocrx_word' id='word_1_278' title='bbox 1273 2369 1545 2442; x_wconf 89' lang='lat' dir='ltr'><strong>imperare</strong></span> <span class='ocrx_word' id='word_1_279' title='bbox 1582 2367 1764 2423; x_wconf 87' lang='lat' dir='ltr'><strong>liceat.</strong></span> <span class='ocrx_word' id='word_1_280' title='bbox 1809 2368 1856 2422; x_wconf 90' lang='lat' dir='ltr'><strong>A</strong></span> <span class='ocrx_word' id='word_1_281' title='bbox 1898 2366 2083 2447; x_wconf 88' lang='lat' dir='ltr'><strong>multis</strong></span> 
     </span>
    </p>
   </div>
   <div class='ocr_carea' id='block_1_41' title="bbox 497 2453 2081 2533">
    <p class='ocr_par' dir='ltr' id='par_1_41' title="bbox 497 2453 2081 2533">
     <span class='ocr_line' id='line_1_41' title="bbox 497 2453 2081 2533; baseline -0.003 -16"><span class='ocrx_word' id='word_1_282' title='bbox 497 2464 767 2518; x_wconf 88' lang='lat' dir='ltr'><strong>creditum</strong></span> <span class='ocrx_word' id='word_1_283' title='bbox 802 2471 887 2517; x_wconf 91' lang='lat' dir='ltr'><strong>est</strong></span> <span class='ocrx_word' id='word_1_284' title='bbox 931 2478 1019 2517; x_wconf 90' lang='lat' dir='ltr'><strong>me</strong></span> <span class='ocrx_word' id='word_1_285' title='bbox 1062 2461 1205 2533; x_wconf 92' lang='lat' dir='ltr'><strong>apud</strong></span> <span class='ocrx_word' id='word_1_286' title='bbox 1231 2468 1477 2517; x_wconf 77' lang='lat' dir='ltr'><strong>vestram&quot;</strong></span> <span class='ocrx_word' id='word_1_287' title='bbox 1501 2453 1755 2532; x_wconf 72' lang='lat' dir='ltr'><strong>pietatem</strong></span> <span class='ocrx_word' id='word_1_288' title='bbox 1780 2473 1938 2529; x_wconf 87' lang='lat' dir='ltr'><strong>posse</strong></span> <span class='ocrx_word' id='word_1_289' title='bbox 1966 2456 2081 2528; x_wconf 89' lang='lat' dir='ltr'><strong>opi-</strong></span> 
     </span>
    </p>
   </div>
   <div class='ocr_carea' id='block_1_42' title="bbox 497 2551 2084 2624">
    <p class='ocr_par' dir='ltr' id='par_1_42' title="bbox 497 2551 2084 2624">
     <span class='ocr_line' id='line_1_42' title="bbox 497 2551 2084 2624; baseline -0.004 -14"><span class='ocrx_word' id='word_1_290' title='bbox 497 2555 657 2615; x_wconf 88' lang='lat' dir='ltr'><strong>tulari</strong></span> <span class='ocrx_word' id='word_1_291' title='bbox 687 2554 894 2611; x_wconf 84' lang='lat' dir='ltr'><strong>multis.</strong></span> <span class='ocrx_word' id='word_1_292' title='bbox 942 2554 1099 2610; x_wconf 82' lang='lat' dir='ltr'><strong>Nunc</strong></span> <span class='ocrx_word' id='word_1_293' title='bbox 1145 2569 1323 2624; x_wconf 80' lang='lat' dir='ltr'><strong>operae</strong></span> <span class='ocrx_word' id='word_1_294' title='bbox 1357 2552 1591 2624; x_wconf 90' lang='lat' dir='ltr'><strong>pretium</strong></span> <span class='ocrx_word' id='word_1_295' title='bbox 1630 2560 1715 2607; x_wconf 90' lang='lat' dir='ltr'><strong>est</strong></span> <span class='ocrx_word' id='word_1_296' title='bbox 1754 2551 1953 2606; x_wconf 89' lang='lat' dir='ltr'><strong>habere</strong></span> <span class='ocrx_word' id='word_1_297' title='bbox 1987 2565 2084 2620; x_wconf 84' lang='lat' dir='ltr'><strong>pa-</strong></span> 
     </span>
    </p>
   </div>
   <div class='ocr_carea' id='block_1_43' title="bbox 494 2630 2083 2716">
    <p class='ocr_par' dir='ltr' id='par_1_43' title="bbox 494 2630 2083 2716">
     <span class='ocr_line' id='line_1_43' title="bbox 494 2630 2083 2716; baseline -0.001 -16"><span class='ocrx_word' id='word_1_298' title='bbox 494 2657 683 2702; x_wconf 90' lang='lat' dir='ltr'><strong>tronos</strong></span> <span class='ocrx_word' id='word_1_299' title='bbox 737 2661 876 2716; x_wconf 91' lang='lat' dir='ltr'><strong>quos</strong></span> <span class='ocrx_word' id='word_1_300' title='bbox 926 2645 1055 2701; x_wconf 92' lang='lat' dir='ltr'><strong>olim</strong></span> <span class='ocrx_word' id='word_1_301' title='bbox 1108 2632 1477 2701; x_wconf 84' lang='lat' dir='ltr'><strong>defendendos</strong></span> <span class='ocrx_word' id='word_1_302' title='bbox 1520 2630 1765 2716; x_wconf 85' lang='lat' dir='ltr'><strong>suscepi,</strong></span> <span class='ocrx_word' id='word_1_303' title='bbox 1805 2641 2083 2714; x_wconf 85' lang='lat' dir='ltr'><strong>majorque</strong></span> 
     </span>
    </p>
   </div>
   <div class='ocr_carea' id='block_1_44' title="bbox 480 2724 2081 2809">
    <p class='ocr_par' dir='ltr' id='par_1_44' title="bbox 480 2724 2081 2809">
     <span class='ocr_line' id='line_1_44' title="bbox 480 2724 2081 2809; baseline -0.001 -16"><span class='ocrx_word' id='word_1_304' title='bbox 480 2738 630 2804; x_wconf 39' lang='lat' dir='ltr'><strong>.ﬁdes</strong></span> <span class='ocrx_word' id='word_1_305' title='bbox 668 2739 920 2794; x_wconf 83' lang='lat' dir='ltr'><strong>hostibus</strong></span> <span class='ocrx_word' id='word_1_306' title='bbox 961 2738 1100 2794; x_wconf 87' lang='lat' dir='ltr'><strong>meis</strong></span> <span class='ocrx_word' id='word_1_307' title='bbox 1137 2738 1385 2794; x_wconf 89' lang='lat' dir='ltr'><strong>habenda</strong></span> <span class='ocrx_word' id='word_1_308' title='bbox 1436 2724 1608 2809; x_wconf 34' lang='lat' dir='ltr'><strong>quam.</strong></span> <span class='ocrx_word' id='word_1_309' title='bbox 1643 2738 1852 2793; x_wconf 90' lang='lat' dir='ltr'><strong>amicis.</strong></span> <span class='ocrx_word' id='word_1_310' title='bbox 1905 2737 2081 2792; x_wconf 80' lang='lat' dir='ltr'><strong>Amici</strong></span> 
     </span>
    </p>
   </div>
   <div class='ocr_carea' id='block_1_45' title="bbox 493 2831 2079 2903">
    <p class='ocr_par' dir='ltr' id='par_1_45' title="bbox 493 2831 2079 2903">
     <span class='ocr_line' id='line_1_45' title="bbox 493 2831 2079 2903; baseline -0.001 -18"><span class='ocrx_word' id='word_1_311' title='bbox 493 2831 694 2903; x_wconf 88' lang='lat' dir='ltr'><strong>quippe</strong></span> <span class='ocrx_word' id='word_1_312' title='bbox 720 2832 963 2888; x_wconf 87' lang='lat' dir='ltr'><strong>salubria</strong></span> <span class='ocrx_word' id='word_1_313' title='bbox 991 2841 1188 2887; x_wconf 88' lang='lat' dir='ltr'><strong>cuncta</strong></span> <span class='ocrx_word' id='word_1_314' title='bbox 1208 2872 1223 2897; x_wconf 92' lang='lat'><strong>,</strong></span> <span class='ocrx_word' id='word_1_315' title='bbox 1252 2847 1514 2903; x_wconf 89' lang='lat' dir='ltr'><strong>prospera</strong></span> <span class='ocrx_word' id='word_1_316' title='bbox 1550 2832 1732 2887; x_wconf 89' lang='lat' dir='ltr'><strong>omnia</strong></span> <span class='ocrx_word' id='word_1_317' title='bbox 1761 2832 2079 2887; x_wconf 91' lang='lat' dir='ltr'><strong>docuerunt.</strong></span> 
     </span>
    </p>
   </div>
   <div class='ocr_carea' id='block_1_46' title="bbox 495 2922 2078 2994">
    <p class='ocr_par' dir='ltr' id='par_1_46' title="bbox 495 2922 2078 2994">
     <span class='ocr_line' id='line_1_46' title="bbox 495 2922 2078 2994; baseline 0 -17"><span class='ocrx_word' id='word_1_318' title='bbox 495 2922 691 2978; x_wconf 83' lang='lat' dir='ltr'><strong>llostes</strong></span> <span class='ocrx_word' id='word_1_319' title='bbox 725 2939 825 2979; x_wconf 91' lang='lat' dir='ltr'><strong>nec</strong></span> <span class='ocrx_word' id='word_1_320' title='bbox 852 2932 1154 2994; x_wconf 60' lang='lat' dir='ltr'><strong>praecepta,</strong></span> <span class='ocrx_word' id='word_1_321' title='bbox 1179 2939 1280 2979; x_wconf 91' lang='lat' dir='ltr'><strong>nec</strong></span> <span class='ocrx_word' id='word_1_322' title='bbox 1314 2923 1578 2979; x_wconf 86' lang='lat' dir='ltr'><strong>beneﬁcia</strong></span> <span class='ocrx_word' id='word_1_323' title='bbox 1608 2924 1741 2979; x_wconf 90' lang='lat' dir='ltr'><strong>mihi</strong></span> <span class='ocrx_word' id='word_1_324' title='bbox 1770 2922 2078 2993; x_wconf 89' lang='lat' dir='ltr'><strong>profutura,</strong></span> 
     </span>
    </p>
   </div>
   <div class='ocr_carea' id='block_1_47' title="bbox 496 3012 2078 3086">
    <p class='ocr_par' dir='ltr' id='par_1_47' title="bbox 496 3012 2078 3086">
     <span class='ocr_line' id='line_1_47' title="bbox 496 3012 2078 3086; baseline 0.001 -18"><span class='ocrx_word' id='word_1_325' title='bbox 496 3012 673 3069; x_wconf 87' lang='lat' dir='ltr'><strong>dulcia</strong></span> <span class='ocrx_word' id='word_1_326' title='bbox 711 3014 980 3086; x_wconf 87' lang='lat' dir='ltr'><strong>principia</strong></span> <span class='ocrx_word' id='word_1_327' title='bbox 1018 3031 1235 3071; x_wconf 88' lang='lat' dir='ltr'><strong>amaros</strong></span> <span class='ocrx_word' id='word_1_328' title='bbox 1264 3017 1441 3071; x_wconf 84' lang='lat' dir='ltr'><strong>exitus</strong></span> <span class='ocrx_word' id='word_1_329' title='bbox 1486 3017 1771 3082; x_wconf 91' lang='lat' dir='ltr'><strong>habitura,</strong></span> <span class='ocrx_word' id='word_1_330' title='bbox 1819 3031 1913 3071; x_wconf 90' lang='lat' dir='ltr'><strong>seu</strong></span> <span class='ocrx_word' id='word_1_331' title='bbox 1951 3031 2078 3086; x_wconf 89' lang='lat' dir='ltr'><strong>pro-</strong></span> 
     </span>
    </p>
   </div>
   <div class='ocr_carea' id='block_1_48' title="bbox 496 3104 2085 3179">
    <p class='ocr_par' dir='ltr' id='par_1_48' title="bbox 496 3104 2085 3179">
     <span class='ocr_line' id='line_1_48' title="bbox 496 3104 2085 3179; baseline 0.001 -21"><span class='ocrx_word' id='word_1_332' title='bbox 496 3104 753 3174; x_wconf 89' lang='lat' dir='ltr'><strong>phetico,</strong></span> <span class='ocrx_word' id='word_1_333' title='bbox 803 3119 899 3160; x_wconf 88' lang='lat' dir='ltr'><strong>seu</strong></span> <span class='ocrx_word' id='word_1_334' title='bbox 964 3106 1201 3161; x_wconf 82' lang='lat' dir='ltr'><strong>fanatico</strong></span> <span class='ocrx_word' id='word_1_335' title='bbox 1271 3108 1466 3178; x_wconf 89' lang='lat' dir='ltr'><strong>spiritu</strong></span> <span class='ocrx_word' id='word_1_336' title='bbox 1516 3109 1902 3179; x_wconf 75' lang='lat' dir='ltr'><strong>prmdixerunt.</strong></span> <span class='ocrx_word' id='word_1_337' title='bbox 1955 3106 2085 3173; x_wconf 78' lang='lat' dir='ltr'><strong>Qua:</strong></span> 
     </span>
    </p>
   </div>
   <div class='ocr_carea' id='block_1_49' title="bbox 498 3180 2085 3266">
    <p class='ocr_par' dir='ltr' id='par_1_49' title="bbox 498 3180 2085 3266">
     <span class='ocr_line' id='line_1_49' title="bbox 498 3180 2085 3266; baseline 0.002 -19"><span class='ocrx_word' id='word_1_338' title='bbox 498 3194 720 3264; x_wconf 90' lang='lat' dir='ltr'><strong>quidem</strong></span> <span class='ocrx_word' id='word_1_339' title='bbox 758 3195 891 3250; x_wconf 87' lang='lat' dir='ltr'><strong>mihi</strong></span> <span class='ocrx_word' id='word_1_340' title='bbox 923 3180 1230 3266; x_wconf 85' lang='lat' dir='ltr'><strong>plusquam</strong></span> <span class='ocrx_word' id='word_1_341' title='bbox 1260 3196 1421 3251; x_wconf 89' lang='lat' dir='ltr'><strong>velim</strong></span> <span class='ocrx_word' id='word_1_342' title='bbox 1451 3197 1658 3262; x_wconf 87' lang='lat' dir='ltr'><strong>tristia,</strong></span> <span class='ocrx_word' id='word_1_343' title='bbox 1697 3196 1789 3252; x_wconf 92' lang='lat' dir='ltr'><strong>sed</strong></span> <span class='ocrx_word' id='word_1_344' title='bbox 1818 3195 2085 3266; x_wconf 90' lang='lat' dir='ltr'><strong>imperiali</strong></span> 
     </span>
    </p>
   </div>
   <div class='ocr_carea' id='block_1_50' title="bbox 497 3288 2080 3356">
    <p class='ocr_par' dir='ltr' id='par_1_50' title="bbox 497 3288 2080 3356">
     <span class='ocr_line' id='line_1_50' title="bbox 497 3288 2080 3356; baseline 0.001 -16"><span class='ocrx_word' id='word_1_345' title='bbox 497 3301 743 3356; x_wconf 72' lang='lat' dir='ltr'><strong>persona:</strong></span> <span class='ocrx_word' id='word_1_346' title='bbox 785 3288 965 3344; x_wconf 86' lang='lat' dir='ltr'><strong>minus</strong></span> <span class='ocrx_word' id='word_1_347' title='bbox 992 3289 1396 3344; x_wconf 84' lang='lat' dir='ltr'><strong>convenientia.</strong></span> <span class='ocrx_word' id='word_1_348' title='bbox 1431 3290 1629 3346; x_wconf 84' lang='lat' dir='ltr'><strong>Tribus</strong></span> <span class='ocrx_word' id='word_1_349' title='bbox 1650 3331 1665 3355; x_wconf 85' lang='lat'><strong>,</strong></span> <span class='ocrx_word' id='word_1_350' title='bbox 1708 3298 1765 3345; x_wconf 94' lang='lat' dir='ltr'><strong>ut</strong></span> <span class='ocrx_word' id='word_1_351' title='bbox 1789 3289 1861 3344; x_wconf 89' lang='lat' dir='ltr'><strong>ita</strong></span> <span class='ocrx_word' id='word_1_352' title='bbox 1884 3289 2080 3356; x_wconf 89' lang='lat' dir='ltr'><strong>dicam,</strong></span> 
     </span>
    </p>
   </div>
   <div class='ocr_carea' id='block_1_51' title="bbox 498 3376 2087 3453">
    <p class='ocr_par' dir='ltr' id='par_1_51' title="bbox 498 3376 2087 3453">
     <span class='ocr_line' id='line_1_51' title="bbox 498 3376 2087 3453; baseline 0.003 -22"><span class='ocrx_word' id='word_1_353' title='bbox 498 3376 682 3433; x_wconf 67' lang='lat' dir='ltr'><strong>seculi</strong></span> <span class='ocrx_word' id='word_1_354' title='bbox 713 3378 998 3446; x_wconf 70' lang='lat' dir='ltr'><strong>aetatibus,</strong></span> <span class='ocrx_word' id='word_1_355' title='bbox 1029 3379 1216 3446; x_wconf 89' lang='lat' dir='ltr'><strong>vobis,</strong></span> <span class='ocrx_word' id='word_1_356' title='bbox 1251 3382 1425 3453; x_wconf 89' lang='lat' dir='ltr'><strong>patri,</strong></span> <span class='ocrx_word' id='word_1_357' title='bbox 1465 3397 1597 3448; x_wconf 90' lang='lat' dir='ltr'><strong>avo,</strong></span> <span class='ocrx_word' id='word_1_358' title='bbox 1638 3382 1779 3437; x_wconf 89' lang='lat' dir='ltr'><strong>inter</strong></span> <span class='ocrx_word' id='word_1_359' title='bbox 1818 3381 1998 3436; x_wconf 89' lang='lat' dir='ltr'><strong>hostes</strong></span> <span class='ocrx_word' id='word_1_360' title='bbox 2031 3390 2087 3436; x_wconf 92' lang='lat' dir='ltr'><strong>et</strong></span> 
     </span>
    </p>
   </div>
   <div class='ocr_carea' id='block_1_52' title="bbox 499 3467 2087 3542">
    <p class='ocr_par' dir='ltr' id='par_1_52' title="bbox 499 3467 2087 3542">
     <span class='ocr_line' id='line_1_52' title="bbox 499 3467 2087 3542; baseline 0.004 -21"><span class='ocrx_word' id='word_1_361' title='bbox 499 3467 605 3522; x_wconf 89' lang='lat' dir='ltr'><strong>tela</strong></span> <span class='ocrx_word' id='word_1_362' title='bbox 650 3468 808 3524; x_wconf 88' lang='lat' dir='ltr'><strong>ﬁdem</strong></span> <span class='ocrx_word' id='word_1_363' title='bbox 842 3470 1189 3541; x_wconf 90' lang='lat' dir='ltr'><strong>purissimam</strong></span> <span class='ocrx_word' id='word_1_364' title='bbox 1234 3473 1487 3537; x_wconf 81' lang='lat' dir='ltr'><strong>exhibui,</strong></span> <span class='ocrx_word' id='word_1_365' title='bbox 1528 3489 1703 3527; x_wconf 84' lang='lat' dir='ltr'><strong>meam</strong></span> <span class='ocrx_word' id='word_1_366' title='bbox 1743 3472 2087 3542; x_wconf 89' lang='lat' dir='ltr'><strong>quantulam-</strong></span> 
     </span>
    </p>
   </div>
   <div class='ocr_carea' id='block_1_53' title="bbox 498 3562 2086 3634">
    <p class='ocr_par' dir='ltr' id='par_1_53' title="bbox 498 3562 2086 3634">
     <span class='ocr_line' id='line_1_53' title="bbox 498 3562 2086 3634; baseline 0.005 -22"><span class='ocrx_word' id='word_1_367' title='bbox 498 3575 770 3630; x_wconf 87' lang='lat' dir='ltr'><strong>quamque</strong></span> <span class='ocrx_word' id='word_1_368' title='bbox 792 3576 1076 3630; x_wconf 88' lang='lat' dir='ltr'><strong>personam</strong></span> <span class='ocrx_word' id='word_1_369' title='bbox 1107 3562 1325 3631; x_wconf 80' lang='lat' dir='ltr'><strong>regibus</strong></span> <span class='ocrx_word' id='word_1_370' title='bbox 1349 3563 1672 3630; x_wconf 89' lang='lat' dir='ltr'><strong>furentibus,</strong></span> <span class='ocrx_word' id='word_1_371' title='bbox 1704 3563 1914 3634; x_wconf 89' lang='lat' dir='ltr'><strong>populis</strong></span> <span class='ocrx_word' id='word_1_372' title='bbox 1937 3565 2086 3619; x_wconf 88' lang='lat' dir='ltr'><strong>insa-</strong></span> 
     </span>
    </p>
   </div>
   <div class='ocr_carea' id='block_1_54' title="bbox 509 3652 2088 3727">
    <p class='ocr_par' dir='ltr' id='par_1_54' title="bbox 509 3652 2088 3727">
     <span class='ocr_line' id='line_1_54' title="bbox 509 3652 2088 3727; baseline 0.004 -22"><span class='ocrx_word' id='word_1_373' title='bbox 509 3652 785 3708; x_wconf 86' lang='lat' dir='ltr'><strong>nientibus</strong></span> <span class='ocrx_word' id='word_1_374' title='bbox 825 3669 924 3723; x_wconf 90' lang='lat' dir='ltr'><strong>pro</strong></span> <span class='ocrx_word' id='word_1_375' title='bbox 968 3663 1148 3726; x_wconf 74' lang='lat' dir='ltr'><strong>vestra</strong></span> <span class='ocrx_word' id='word_1_376' title='bbox 1198 3655 1375 3710; x_wconf 87' lang='lat' dir='ltr'><strong>salute</strong></span> <span class='ocrx_word' id='word_1_377' title='bbox 1415 3657 1663 3727; x_wconf 87' lang='lat' dir='ltr'><strong>opposui.</strong></span> <span class='ocrx_word' id='word_1_378' title='bbox 1708 3656 1995 3712; x_wconf 88' lang='lat' dir='ltr'><strong>Perinvia</strong></span> <span class='ocrx_word' id='word_1_379' title='bbox 2033 3665 2088 3712; x_wconf 91' lang='lat' dir='ltr'><strong>et</strong></span> 
     </span>
    </p>
   </div>
   <div class='ocr_carea' id='block_1_55' title="bbox 499 3732 2083 3818">
    <p class='ocr_par' dir='ltr' id='par_1_55' title="bbox 499 3732 2083 3818">
     <span class='ocr_line' id='line_1_55' title="bbox 499 3732 2083 3818; baseline 0.003 -21"><span class='ocrx_word' id='word_1_380' title='bbox 499 3743 852 3809; x_wconf 86' lang='lat' dir='ltr'><strong>solitudines,</strong></span> <span class='ocrx_word' id='word_1_381' title='bbox 902 3761 999 3817; x_wconf 89' lang='lat' dir='ltr'><strong>per</strong></span> <span class='ocrx_word' id='word_1_382' title='bbox 1042 3747 1292 3802; x_wconf 82' lang='lat' dir='ltr'><strong>incursus</strong></span> <span class='ocrx_word' id='word_1_383' title='bbox 1336 3756 1392 3802; x_wconf 88' lang='lat' dir='ltr'><strong>et</strong></span> <span class='ocrx_word' id='word_1_384' title='bbox 1438 3763 1696 3803; x_wconf 88' lang='lat' dir='ltr'><strong>occursus</strong></span> <span class='ocrx_word' id='word_1_385' title='bbox 1745 3732 2083 3818; x_wconf 73' lang='lat' dir='ltr'><strong>prmdonum,</strong></span> 
     </span>
    </p>
   </div>
   <div class='ocr_carea' id='block_1_56' title="bbox 507 3830 2090 3909">
    <p class='ocr_par' dir='ltr' id='par_1_56' title="bbox 507 3830 2090 3909">
     <span class='ocr_line' id='line_1_56' title="bbox 507 3830 2090 3909; baseline 0.004 -22"><span class='ocrx_word' id='word_1_386' title='bbox 507 3833 656 3889; x_wconf 85' lang='lat' dir='ltr'><strong>fame</strong></span> <span class='ocrx_word' id='word_1_387' title='bbox 686 3845 742 3891; x_wconf 94' lang='lat' dir='ltr'><strong>et</strong></span> <span class='ocrx_word' id='word_1_388' title='bbox 769 3837 895 3902; x_wconf 87' lang='lat' dir='ltr'><strong>siti,</strong></span> <span class='ocrx_word' id='word_1_389' title='bbox 939 3837 989 3891; x_wconf 91' lang='lat' dir='ltr'><strong>vi</strong></span> <span class='ocrx_word' id='word_1_390' title='bbox 1036 3836 1256 3909; x_wconf 86' lang='lat' dir='ltr'><strong>frigoris</strong></span> <span class='ocrx_word' id='word_1_391' title='bbox 1290 3847 1345 3893; x_wconf 91' lang='lat' dir='ltr'><strong>et</strong></span> <span class='ocrx_word' id='word_1_392' title='bbox 1372 3848 1538 3894; x_wconf 67' lang='lat' dir='ltr'><strong>mstus</strong></span> <span class='ocrx_word' id='word_1_393' title='bbox 1583 3830 1955 3905; x_wconf 81' lang='lat' dir='ltr'><strong>excruciatus,</strong></span> <span class='ocrx_word' id='word_1_394' title='bbox 2006 3840 2090 3894; x_wconf 91' lang='lat' dir='ltr'><strong>in-</strong></span> 
     </span>
    </p>
   </div>
   <div class='ocr_carea' id='block_1_57' title="bbox 501 3910 2089 4000">
    <p class='ocr_par' dir='ltr' id='par_1_57' title="bbox 501 3910 2089 4000">
     <span class='ocr_line' id='line_1_57' title="bbox 501 3910 2089 4000; baseline 0.004 -22"><span class='ocrx_word' id='word_1_395' title='bbox 501 3923 713 3980; x_wconf 87' lang='lat' dir='ltr'><strong>fractus</strong></span> <span class='ocrx_word' id='word_1_396' title='bbox 738 3925 883 3981; x_wconf 90' lang='lat' dir='ltr'><strong>inter</strong></span> <span class='ocrx_word' id='word_1_397' title='bbox 913 3935 990 3981; x_wconf 92' lang='lat' dir='ltr'><strong>tot</strong></span> <span class='ocrx_word' id='word_1_398' title='bbox 1022 3936 1378 3998; x_wconf 87' lang='lat' dir='ltr'><strong>tempestates</strong></span> <span class='ocrx_word' id='word_1_399' title='bbox 1407 3929 1624 3995; x_wconf 80' lang='lat' dir='ltr'><strong>exstiti,</strong></span> <span class='ocrx_word' id='word_1_400' title='bbox 1652 3910 1710 3983; x_wconf 86' lang='lat' dir='ltr'><strong>ut</strong></span> <span class='ocrx_word' id='word_1_401' title='bbox 1740 3940 1969 3984; x_wconf 91' lang='lat' dir='ltr'><strong>mortem</strong></span> <span class='ocrx_word' id='word_1_402' title='bbox 1995 3945 2089 4000; x_wconf 86' lang='lat' dir='ltr'><strong>po-</strong></span> 
     </span>
    </p>
   </div>
   <div class='ocr_carea' id='block_1_58' title="bbox 504 4006 2087 4092">
    <p class='ocr_par' dir='ltr' id='par_1_58' title="bbox 504 4006 2087 4092">
     <span class='ocr_line' id='line_1_58' title="bbox 504 4006 2087 4092; baseline 0.004 -22"><span class='ocrx_word' id='word_1_403' title='bbox 504 4017 611 4071; x_wconf 90' lang='lat' dir='ltr'><strong>tius</strong></span> <span class='ocrx_word' id='word_1_404' title='bbox 636 4027 992 4089; x_wconf 70' lang='lat' dir='ltr'><strong>przeoptarem</strong></span> <span class='ocrx_word' id='word_1_405' title='bbox 1021 4006 1193 4090; x_wconf 81' lang='lat' dir='ltr'><strong>quam</strong></span> <span class='ocrx_word' id='word_1_406' title='bbox 1220 4020 1385 4076; x_wconf 89' lang='lat' dir='ltr'><strong>ﬁlium</strong></span> <span class='ocrx_word' id='word_1_407' title='bbox 1410 4021 1794 4078; x_wconf 13' lang='lat' dir='ltr'><strong>Caesaristtunc</strong></span> <span class='ocrx_word' id='word_1_408' title='bbox 1819 4024 2087 4092; x_wconf 85' lang='lat' dir='ltr'><strong>captivum</strong></span> 
     </span>
    </p>
   </div>
   <div class='ocr_carea' id='block_1_59' title="bbox 502 4098 2093 4189">
    <p class='ocr_par' dir='ltr' id='par_1_59' title="bbox 502 4098 2093 4189">
     <span class='ocr_line' id='line_1_59' title="bbox 502 4098 2093 4189; baseline 0.004 -26"><span class='ocrx_word' id='word_1_409' title='bbox 502 4098 862 4179; x_wconf 84' lang='lat' dir='ltr'><strong>imperantem</strong></span> <span class='ocrx_word' id='word_1_410' title='bbox 907 4127 1016 4166; x_wconf 92' lang='lat' dir='ltr'><strong>non</strong></span> <span class='ocrx_word' id='word_1_411' title='bbox 1064 4114 1324 4168; x_wconf 86' lang='lat' dir='ltr'><strong>viderem.</strong></span> <span class='ocrx_word' id='word_1_412' title='bbox 1354 4113 1475 4168; x_wconf 83' lang='lat' dir='ltr'><strong>Vidi</strong></span> <span class='ocrx_word' id='word_1_413' title='bbox 1506 4126 1558 4168; x_wconf 86' lang='lat' dir='ltr'><strong>et</strong></span> <span class='ocrx_word' id='word_1_414' title='bbox 1591 4115 1811 4183; x_wconf 78' lang='lat' dir='ltr'><strong>gavisus</strong></span> <span class='ocrx_word' id='word_1_415' title='bbox 1853 4130 1972 4189; x_wconf 83' lang='lat' dir='ltr'><strong>sum</strong></span> <span class='ocrx_word' id='word_1_416' title='bbox 1993 4154 2008 4179; x_wconf 94' lang='lat'><strong>,</strong></span> <span class='ocrx_word' id='word_1_417' title='bbox 2036 4122 2093 4169; x_wconf 89' lang='lat' dir='ltr'><strong>et</strong></span> 
     </span>
    </p>
   </div>
   <div class='ocr_carea' id='block_1_60' title="bbox 502 4199 2088 4275">
    <p class='ocr_par' dir='ltr' id='par_1_60' title="bbox 502 4199 2088 4275">
     <span class='ocr_line' id='line_1_60' title="bbox 502 4199 2088 4275; baseline 0.004 -24"><span class='ocrx_word' id='word_1_418' title='bbox 502 4199 709 4252; x_wconf 86' lang='lat' dir='ltr'><strong>utinam</strong></span> <span class='ocrx_word' id='word_1_419' title='bbox 746 4199 901 4254; x_wconf 82' lang='lat' dir='ltr'><strong>liceat</strong></span> <span class='ocrx_word' id='word_1_420' title='bbox 934 4217 1105 4270; x_wconf 89' lang='lat' dir='ltr'><strong>usque</strong></span> <span class='ocrx_word' id='word_1_421' title='bbox 1139 4203 1193 4255; x_wconf 91' lang='lat' dir='ltr'><strong>in</strong></span> <span class='ocrx_word' id='word_1_422' title='bbox 1239 4202 1398 4257; x_wconf 88' lang='lat' dir='ltr'><strong>ﬁnem</strong></span> <span class='ocrx_word' id='word_1_423' title='bbox 1428 4204 1695 4275; x_wconf 86' lang='lat' dir='ltr'><strong>gaudere,</strong></span> <span class='ocrx_word' id='word_1_424' title='bbox 1721 4214 1776 4259; x_wconf 93' lang='lat' dir='ltr'><strong>et</strong></span> <span class='ocrx_word' id='word_1_425' title='bbox 1812 4204 2088 4259; x_wconf 88' lang='lat' dir='ltr'><strong>vobiscum</strong></span> 
     </span>
    </p>
   </div>
   <div class='ocr_carea' id='block_1_61' title="bbox 503 4289 1255 4361">
    <p class='ocr_par' dir='ltr' id='par_1_61' title="bbox 503 4289 1255 4361">
     <span class='ocr_line' id='line_1_61' title="bbox 503 4289 1255 4361; baseline 0.007 -20"><span class='ocrx_word' id='word_1_426' title='bbox 503 4289 620 4343; x_wconf 85' lang='lat' dir='ltr'><strong>dies</strong></span> <span class='ocrx_word' id='word_1_427' title='bbox 644 4305 795 4345; x_wconf 86' lang='lat' dir='ltr'><strong>meos</strong></span> <span class='ocrx_word' id='word_1_428' title='bbox 823 4291 873 4345; x_wconf 91' lang='lat' dir='ltr'><strong>in</strong></span> <span class='ocrx_word' id='word_1_429' title='bbox 900 4307 1033 4361; x_wconf 88' lang='lat' dir='ltr'><strong>pace</strong></span> <span class='ocrx_word' id='word_1_430' title='bbox 1061 4294 1217 4347; x_wconf 85' lang='lat' dir='ltr'><strong>finire</strong></span> <span class='ocrx_word' id='word_1_431' title='bbox 1242 4294 1255 4346; x_wconf 89' lang='lat'><strong>!</strong></span> 
     </span>
    </p>
   </div>
   <div class='ocr_carea' id='block_1_62' title="bbox 1010 4448 1582 4506">
    <p class='ocr_par' dir='ltr' id='par_1_62' title="bbox 1010 4448 1582 4506">
     <span class='ocr_line' id='line_1_62' title="bbox 1010 4448 1582 4506; baseline 0.002 -4"><span class='ocrx_word' id='word_1_432' title='bbox 1010 4448 1342 4505; x_wconf 80' lang='lat' dir='ltr'><strong>EPlSTOLA</strong></span> <span class='ocrx_word' id='word_1_433' title='bbox 1383 4449 1582 4506; x_wconf 80' lang='lat' dir='ltr'><strong>CXClI.</strong></span> 
     </span>
    </p>
   </div>
   <div class='ocr_carea' id='block_1_63' title="bbox 504 4571 2088 4628">
    <p class='ocr_par' dir='ltr' id='par_1_63' title="bbox 504 4571 2088 4628">
     <span class='ocr_line' id='line_1_63' title="bbox 504 4571 2088 4628; baseline 0.004 -15"><span class='ocrx_word' id='word_1_434' title='bbox 504 4571 821 4613; x_wconf 79' lang='lat' dir='ltr'><strong>ADALBBRTO</strong></span> <span class='ocrx_word' id='word_1_435' title='bbox 838 4571 1270 4628; x_wconf 77' lang='lat' dir='ltr'><strong>ARCIIIEPISCOPO,</strong></span> <span class='ocrx_word' id='word_1_436' title='bbox 1296 4576 1487 4616; x_wconf 82' lang='lat' dir='ltr'><strong>ABBATI</strong></span> <span class='ocrx_word' id='word_1_437' title='bbox 1510 4576 1727 4619; x_wconf 68' lang='lat' dir='ltr'><strong>MAIORIS</strong></span> <span class='ocrx_word' id='word_1_438' title='bbox 1747 4578 2088 4621; x_wconf 71' lang='lat' dir='ltr'><strong>MONASTERII.</strong></span> 
     </span>
    </p>
   </div>
   <div class='ocr_carea' id='block_1_64' title="bbox 580 4671 2090 4749">
    <p class='ocr_par' dir='ltr' id='par_1_64' title="bbox 580 4671 2090 4749">
     <span class='ocr_line' id='line_1_64' title="bbox 580 4671 2090 4749; baseline 0.007 -24"><span class='ocrx_word' id='word_1_439' title='bbox 580 4671 779 4725; x_wconf 85' lang='lat' dir='ltr'><strong>Servat</strong></span> <span class='ocrx_word' id='word_1_440' title='bbox 824 4679 1015 4727; x_wconf 90' lang='lat' dir='ltr'><strong>natura</strong></span> <span class='ocrx_word' id='word_1_441' title='bbox 1042 4673 1219 4739; x_wconf 90' lang='lat' dir='ltr'><strong>vices,</strong></span> <span class='ocrx_word' id='word_1_442' title='bbox 1253 4681 1506 4746; x_wconf 90' lang='lat' dir='ltr'><strong>terraque</strong></span> <span class='ocrx_word' id='word_1_443' title='bbox 1533 4676 1703 4745; x_wconf 89' lang='lat' dir='ltr'><strong>bona,</strong></span> <span class='ocrx_word' id='word_1_444' title='bbox 1734 4693 1840 4733; x_wconf 91' lang='lat' dir='ltr'><strong>non</strong></span> <span class='ocrx_word' id='word_1_445' title='bbox 1884 4694 1983 4734; x_wconf 93' lang='lat' dir='ltr'><strong>suo</strong></span> <span class='ocrx_word' id='word_1_446' title='bbox 2002 4694 2090 4749; x_wconf 77' lang='lat' dir='ltr'><strong>ju—</strong></span> 
     </span>
    </p>
   </div>
   <div class='ocr_carea' id='block_1_65' title="bbox 506 4761 2094 4840">
    <p class='ocr_par' dir='ltr' id='par_1_65' title="bbox 506 4761 2094 4840">
     <span class='ocr_line' id='line_1_65' title="bbox 506 4761 2094 4840; baseline 0.006 -24"><span class='ocrx_word' id='word_1_447' title='bbox 506 4761 651 4817; x_wconf 90' lang='lat' dir='ltr'><strong>dicio</strong></span> <span class='ocrx_word' id='word_1_448' title='bbox 673 4761 759 4816; x_wconf 90' lang='lat' dir='ltr'><strong>diu</strong></span> <span class='ocrx_word' id='word_1_449' title='bbox 789 4761 1098 4827; x_wconf 88' lang='lat' dir='ltr'><strong>infecunda,</strong></span> <span class='ocrx_word' id='word_1_450' title='bbox 1134 4764 1410 4821; x_wconf 81' lang='lat' dir='ltr'><strong>ntirandos</strong></span> <span class='ocrx_word' id='word_1_451' title='bbox 1441 4765 1602 4822; x_wconf 83' lang='lat' dir='ltr'><strong>flores</strong></span> <span class='ocrx_word' id='word_1_452' title='bbox 1631 4766 1942 4839; x_wconf 88' lang='lat' dir='ltr'><strong>fructusque</strong></span> <span class='ocrx_word' id='word_1_453' title='bbox 1968 4786 2094 4840; x_wconf 88' lang='lat' dir='ltr'><strong>par—</strong></span> 
     </span>
    </p>
   </div>
   <div class='ocr_carea' id='block_1_66' title="bbox 482 4851 2088 4927">
    <p class='ocr_par' dir='ltr' id='par_1_66' title="bbox 482 4851 2088 4927">
     <span class='ocr_line' id='line_1_66' title="bbox 482 4851 2088 4927; baseline 0.005 -20"><span class='ocrx_word' id='word_1_454' title='bbox 482 4852 662 4919; x_wconf 21' lang='lat' dir='ltr'><strong>‘turit.</strong></span> <span class='ocrx_word' id='word_1_455' title='bbox 693 4851 833 4907; x_wconf 86' lang='lat' dir='ltr'><strong>Ecce</strong></span> <span class='ocrx_word' id='word_1_456' title='bbox 871 4854 1015 4927; x_wconf 90' lang='lat' dir='ltr'><strong>enim</strong></span> <span class='ocrx_word' id='word_1_457' title='bbox 1048 4854 1190 4909; x_wconf 89' lang='lat' dir='ltr'><strong>beati</strong></span> <span class='ocrx_word' id='word_1_458' title='bbox 1222 4855 1438 4910; x_wconf 81' lang='lat' dir='ltr'><strong>Martini</strong></span> <span class='ocrx_word' id='word_1_459' title='bbox 1471 4858 1661 4913; x_wconf 89' lang='lat' dir='ltr'><strong>cellula</strong></span> <span class='ocrx_word' id='word_1_460' title='bbox 1700 4860 2088 4916; x_wconf 88' lang='lat' dir='ltr'><strong>monachorum</strong></span> 
     </span>
    </p>
   </div>
   <div class='ocr_carea' id='block_1_67' title="bbox 507 4942 2088 5015">
    <p class='ocr_par' dir='ltr' id='par_1_67' title="bbox 507 4942 2088 5015">
     <span class='ocr_line' id='line_1_67' title="bbox 507 4942 2088 5015; baseline 0.008 -19"><span class='ocrx_word' id='word_1_461' title='bbox 507 4942 724 5013; x_wconf 89' lang='lat' dir='ltr'><strong>agmina</strong></span> <span class='ocrx_word' id='word_1_462' title='bbox 768 4943 882 5015; x_wconf 89' lang='lat' dir='ltr'><strong>jam</strong></span> <span class='ocrx_word' id='word_1_463' title='bbox 946 4946 1146 5001; x_wconf 90' lang='lat' dir='ltr'><strong>dudum</strong></span> <span class='ocrx_word' id='word_1_464' title='bbox 1200 4957 1448 5004; x_wconf 85' lang='lat' dir='ltr'><strong>emortua</strong></span> <span class='ocrx_word' id='word_1_465' title='bbox 1504 4950 1814 5007; x_wconf 90' lang='lat' dir='ltr'><strong>resuscitat.</strong></span> <span class='ocrx_word' id='word_1_466' title='bbox 1871 4951 2088 5008; x_wconf 86' lang='lat' dir='ltr'><strong>Martini</strong></span> 
     </span>
    </p>
   </div>
   <div class='ocr_carea' id='block_1_68' title="bbox 506 5027 2090 5114">
    <p class='ocr_par' dir='ltr' id='par_1_68' title="bbox 506 5027 2090 5114">
     <span class='ocr_line' id='line_1_68' title="bbox 506 5027 2090 5114; baseline 0.008 -25"><span class='ocrx_word' id='word_1_467' title='bbox 506 5034 683 5091; x_wconf 88' lang='lat' dir='ltr'><strong>virtus</strong></span> <span class='ocrx_word' id='word_1_468' title='bbox 709 5035 763 5091; x_wconf 89' lang='lat' dir='ltr'><strong>in</strong></span> <span class='ocrx_word' id='word_1_469' title='bbox 793 5038 906 5093; x_wconf 85' lang='lat' dir='ltr'><strong>suis</strong></span> <span class='ocrx_word' id='word_1_470' title='bbox 935 5038 1214 5110; x_wconf 90' lang='lat' dir='ltr'><strong>discipulis</strong></span> <span class='ocrx_word' id='word_1_471' title='bbox 1241 5027 1596 5110; x_wconf 78' lang='lat' dir='ltr'><strong>dignoscitur.</strong></span> <span class='ocrx_word' id='word_1_472' title='bbox 1625 5044 1667 5098; x_wconf 85' lang='lat' dir='ltr'><strong>E</strong></span> <span class='ocrx_word' id='word_1_473' title='bbox 1695 5044 1893 5114; x_wconf 86' lang='lat' dir='ltr'><strong>quibus</strong></span> <span class='ocrx_word' id='word_1_474' title='bbox 1917 5045 2090 5102; x_wconf 67' lang='lat' dir='ltr'><strong>beatae</strong></span> 
     </span>
    </p>
   </div>
   <div class='ocr_carea' id='block_1_69' title="bbox 507 5129 2094 5207">
    <p class='ocr_par' dir='ltr' id='par_1_69' title="bbox 507 5129 2094 5207">
     <span class='ocr_line' id='line_1_69' title="bbox 507 5129 2094 5207; baseline 0.008 -24"><span class='ocrx_word' id='word_1_475' title='bbox 507 5129 933 5186; x_wconf 88' lang='lat' dir='ltr'><strong>conversationis</strong></span> <span class='ocrx_word' id='word_1_476' title='bbox 970 5130 1241 5188; x_wconf 88' lang='lat' dir='ltr'><strong>alumnam</strong></span> <span class='ocrx_word' id='word_1_477' title='bbox 1286 5140 1541 5204; x_wconf 86' lang='lat' dir='ltr'><strong>tanquam</strong></span> <span class='ocrx_word' id='word_1_478' title='bbox 1572 5137 1849 5207; x_wconf 81' lang='lat' dir='ltr'><strong>exemplar</strong></span> <span class='ocrx_word' id='word_1_479' title='bbox 1886 5138 2010 5193; x_wconf 70' lang='lat' dir='ltr'><strong>vita:</strong></span> <span class='ocrx_word' id='word_1_480' title='bbox 2036 5148 2094 5195; x_wconf 90' lang='lat' dir='ltr'><strong>et</strong></span> 
     </span>
    </p>
   </div>
   <div class='ocr_carea' id='block_1_70' title="bbox 486 5224 2094 5298">
    <p class='ocr_par' dir='ltr' id='par_1_70' title="bbox 486 5224 2094 5298">
     <span class='ocr_line' id='line_1_70' title="bbox 486 5224 2094 5298; baseline 0.008 -25"><span class='ocrx_word' id='word_1_481' title='bbox 486 5230 723 5273; x_wconf 85' lang='lat' dir='ltr'><strong>.morum</strong></span> <span class='ocrx_word' id='word_1_482' title='bbox 766 5235 1038 5292; x_wconf 77' lang='lat' dir='ltr'><strong>accepisse</strong></span> <span class='ocrx_word' id='word_1_483' title='bbox 1078 5224 1382 5295; x_wconf 85' lang='lat' dir='ltr'><strong>Osnlpbum</strong></span> <span class='ocrx_word' id='word_1_484' title='bbox 1411 5227 1724 5292; x_wconf 83' lang='lat' dir='ltr'><strong>gaudemus.</strong></span> <span class='ocrx_word' id='word_1_485' title='bbox 1758 5228 1926 5298; x_wconf 92' lang='lat' dir='ltr'><strong>llnjus</strong></span> <span class='ocrx_word' id='word_1_486' title='bbox 1967 5245 2094 5286; x_wconf 89' lang='lat' dir='ltr'><strong>san-</strong></span> 
     </span>
    </p>
   </div>
   <div class='ocr_carea' id='block_1_71' title="bbox 511 5307 784 5350">
    <p class='ocr_par' dir='ltr' id='par_1_71' title="bbox 511 5307 784 5350">
     <span class='ocr_line' id='line_1_71' title="bbox 511 5307 784 5350; baseline 0 0"><span class='ocrx_word' id='word_1_487' title='bbox 511 5307 784 5350; x_wconf 58' lang='lat' dir='ltr'><strong>cliuian</strong></span> 
     </span>
    </p>
   </div>
   <div class='ocr_carea' id='block_1_72' title="bbox 844 5313 2087 5350">
    <p class='ocr_par' dir='ltr' id='par_1_72' title="bbox 844 5313 2087 5350">
     <span class='ocr_line' id='line_1_72' title="bbox 844 5313 2087 5350; baseline 0 0"><span class='ocrx_word' id='word_1_488' title='bbox 844 5313 1066 5350; x_wconf 67' lang='lat' dir='ltr'><strong>etﬂbnlnc</strong></span> <span class='ocrx_word' id='word_1_489' title='bbox 1117 5326 1314 5350; x_wconf 66' lang='grc' dir='ltr'><strong>υηοιιηε</strong></span> <span class='ocrx_word' id='word_1_490' title='bbox 1362 5315 1644 5350; x_wconf 64' lang='grc' dir='ltr'><strong>απηηιῖιπιη</strong></span> <span class='ocrx_word' id='word_1_491' title='bbox 1700 5321 2087 5350; x_wconf 67' lang='grc' dir='ltr'><strong>Ληιιηηηζαηιιηη</strong></span> 
     </span>
    </p>
   </div>
   <div class='ocr_carea' id='block_1_73' title="bbox 2121 4443 2167 4503">
    <p class='ocr_par' dir='ltr' id='par_1_73' title="bbox 2121 4443 2167 4503">
     <span class='ocr_line' id='line_1_73' title="bbox 2121 4443 2167 4503; baseline 0 0"><span class='ocrx_word' id='word_1_492' title='bbox 2121 4443 2167 4503; x_wconf 93' lang='lat' dir='ltr'><strong>D</strong></span> 
     </span>
    </p>
   </div>
   <div class='ocr_carea' id='block_1_74' title="bbox 2136 1800 3769 1879">
    <p class='ocr_par' dir='ltr' id='par_1_74' title="bbox 2136 1800 3769 1879">
     <span class='ocr_line' id='line_1_74' title="bbox 2136 1800 3769 1879; baseline -0.006 -11"><span class='ocrx_word' id='word_1_493' title='bbox 2136 1800 2140 1807; x_wconf 73' lang='grc'><em>’</em></span> <span class='ocrx_word' id='word_1_494' title='bbox 2183 1811 2433 1868; x_wconf 89' lang='lat' dir='ltr'><strong>habitare</strong></span> <span class='ocrx_word' id='word_1_495' title='bbox 2475 1810 2530 1865; x_wconf 92' lang='lat' dir='ltr'><strong>in</strong></span> <span class='ocrx_word' id='word_1_496' title='bbox 2559 1809 2721 1865; x_wconf 91' lang='lat' dir='ltr'><strong>domo</strong></span> <span class='ocrx_word' id='word_1_497' title='bbox 2748 1823 2763 1863; x_wconf 90' lang='lat'><strong>:</strong></span> <span class='ocrx_word' id='word_1_498' title='bbox 2791 1808 2894 1864; x_wconf 90' lang='lat' dir='ltr'><strong>hoc</strong></span> <span class='ocrx_word' id='word_1_499' title='bbox 2918 1824 3017 1879; x_wconf 85' lang='lat' dir='ltr'><strong>ego</strong></span> <span class='ocrx_word' id='word_1_500' title='bbox 3049 1808 3306 1864; x_wconf 87' lang='lat' dir='ltr'><strong>sacerdos</strong></span> <span class='ocrx_word' id='word_1_501' title='bbox 3350 1817 3473 1861; x_wconf 91' lang='lat' dir='ltr'><strong>tuus</strong></span> <span class='ocrx_word' id='word_1_502' title='bbox 3502 1821 3692 1862; x_wconf 85' lang='lat' dir='ltr'><strong>coram</strong></span> <span class='ocrx_word' id='word_1_503' title='bbox 3720 1814 3769 1859; x_wconf 93' lang='lat' dir='ltr'><strong>te</strong></span> 
     </span>
    </p>
   </div>
   <div class='ocr_carea' id='block_1_75' title="bbox 2182 1896 3766 1963">
    <p class='ocr_par' dir='ltr' id='par_1_75' title="bbox 2182 1896 3766 1963">
     <span class='ocr_line' id='line_1_75' title="bbox 2182 1896 3766 1963; baseline -0.005 -6"><span class='ocrx_word' id='word_1_504' title='bbox 2182 1902 2443 1957; x_wconf 89' lang='lat' dir='ltr'><strong>conﬁteor</strong></span> <span class='ocrx_word' id='word_1_505' title='bbox 2462 1899 2830 1957; x_wconf 89' lang='lat' dir='ltr'><strong>venerabilem</strong></span> <span class='ocrx_word' id='word_1_506' title='bbox 2856 1898 3172 1954; x_wconf 73' lang='lat' dir='ltr'><strong>artiﬁcem“</strong></span> <span class='ocrx_word' id='word_1_507' title='bbox 3197 1907 3344 1952; x_wconf 91' lang='lat' dir='ltr'><strong>tuum</strong></span> <span class='ocrx_word' id='word_1_508' title='bbox 3364 1897 3431 1950; x_wconf 83' lang='lat' dir='ltr'><strong>A.</strong></span> <span class='ocrx_word' id='word_1_509' title='bbox 3454 1912 3543 1952; x_wconf 91' lang='lat' dir='ltr'><strong>me</strong></span> <span class='ocrx_word' id='word_1_510' title='bbox 3566 1896 3766 1963; x_wconf 87' lang='lat' dir='ltr'><strong>colere,</strong></span> 
     </span>
    </p>
   </div>
   <div class='ocr_carea' id='block_1_76' title="bbox 2182 1984 3770 2065">
    <p class='ocr_par' dir='ltr' id='par_1_76' title="bbox 2182 1984 3770 2065">
     <span class='ocr_line' id='line_1_76' title="bbox 2182 1984 3770 2065; baseline -0.004 -15"><span class='ocrx_word' id='word_1_511' title='bbox 2182 1984 2440 2065; x_wconf 85' lang='lat' dir='ltr'><strong>diligere,</strong></span> <span class='ocrx_word' id='word_1_512' title='bbox 2473 2007 2693 2057; x_wconf 88' lang='lat' dir='ltr'><strong>amare,</strong></span> <span class='ocrx_word' id='word_1_513' title='bbox 2725 1992 3047 2062; x_wconf 87' lang='lat' dir='ltr'><strong>cunctisque</strong></span> <span class='ocrx_word' id='word_1_514' title='bbox 3073 1991 3177 2046; x_wconf 82' lang='lat' dir='ltr'><strong>mei</strong></span> <span class='ocrx_word' id='word_1_515' title='bbox 3213 1990 3417 2045; x_wconf 90' lang='lat' dir='ltr'><strong>ordinis</strong></span> <span class='ocrx_word' id='word_1_516' title='bbox 3443 2004 3581 2060; x_wconf 89' lang='lat' dir='ltr'><strong>quos</strong></span> <span class='ocrx_word' id='word_1_517' title='bbox 3610 1988 3770 2044; x_wconf 88' lang='lat' dir='ltr'><strong>hodie</strong></span> 
     </span>
    </p>
   </div>
   <div class='ocr_carea' id='block_1_77' title="bbox 2180 2066 3768 2153">
    <p class='ocr_par' dir='ltr' id='par_1_77' title="bbox 2180 2066 3768 2153">
     <span class='ocr_line' id='line_1_77' title="bbox 2180 2066 3768 2153; baseline -0.003 -16"><span class='ocrx_word' id='word_1_518' title='bbox 2180 2066 2425 2137; x_wconf 83' lang='lat' dir='ltr'><strong>noverim</strong></span> <span class='ocrx_word' id='word_1_519' title='bbox 2468 2083 2631 2137; x_wconf 85' lang='lat' dir='ltr'><strong>corde</strong></span> <span class='ocrx_word' id='word_1_520' title='bbox 2671 2090 2727 2137; x_wconf 88' lang='lat' dir='ltr'><strong>et</strong></span> <span class='ocrx_word' id='word_1_521' title='bbox 2772 2096 2869 2138; x_wconf 89' lang='lat' dir='ltr'><strong>ore</strong></span> <span class='ocrx_word' id='word_1_522' title='bbox 2914 2080 3181 2153; x_wconf 91' lang='lat' dir='ltr'><strong>proferre.</strong></span> <span class='ocrx_word' id='word_1_523' title='bbox 3230 2079 3428 2135; x_wconf 88' lang='lat' dir='ltr'><strong>Procul</strong></span> <span class='ocrx_word' id='word_1_524' title='bbox 3476 2094 3610 2151; x_wconf 85' lang='lat' dir='ltr'><strong>ergo</strong></span> <span class='ocrx_word' id='word_1_525' title='bbox 3652 2086 3768 2134; x_wconf 89' lang='lat' dir='ltr'><strong>esto</strong></span> 
     </span>
    </p>
   </div>
   <div class='ocr_carea' id='block_1_78' title="bbox 2180 2168 3765 2242">
    <p class='ocr_par' dir='ltr' id='par_1_78' title="bbox 2180 2168 3765 2242">
     <span class='ocr_line' id='line_1_78' title="bbox 2180 2168 3765 2242; baseline -0.003 -14"><span class='ocrx_word' id='word_1_526' title='bbox 2180 2172 2360 2239; x_wconf 82' lang='lat' dir='ltr'><strong>omnis</strong></span> <span class='ocrx_word' id='word_1_527' title='bbox 2382 2170 2533 2227; x_wconf 92' lang='lat' dir='ltr'><strong>fraus</strong></span> <span class='ocrx_word' id='word_1_528' title='bbox 2559 2180 2616 2227; x_wconf 91' lang='lat' dir='ltr'><strong>et</strong></span> <span class='ocrx_word' id='word_1_529' title='bbox 2654 2170 2810 2228; x_wconf 91' lang='lat' dir='ltr'><strong>dolus</strong></span> <span class='ocrx_word' id='word_1_530' title='bbox 2828 2211 2844 2237; x_wconf 96' lang='lat'><strong>,</strong></span> <span class='ocrx_word' id='word_1_531' title='bbox 2871 2186 2979 2242; x_wconf 86' lang='lat' dir='ltr'><strong>pax</strong></span> <span class='ocrx_word' id='word_1_532' title='bbox 3000 2179 3057 2225; x_wconf 88' lang='lat' dir='ltr'><strong>et</strong></span> <span class='ocrx_word' id='word_1_533' title='bbox 3097 2170 3409 2224; x_wconf 90' lang='lat' dir='ltr'><strong>fraternitas</strong></span> <span class='ocrx_word' id='word_1_534' title='bbox 3438 2169 3530 2223; x_wconf 91' lang='lat' dir='ltr'><strong>hic</strong></span> <span class='ocrx_word' id='word_1_535' title='bbox 3558 2168 3765 2234; x_wconf 84' lang='lat' dir='ltr'><strong>adesto,</strong></span> 
     </span>
    </p>
   </div>
   <div class='ocr_carea' id='block_1_79' title="bbox 2182 2254 3767 2335">
    <p class='ocr_par' dir='ltr' id='par_1_79' title="bbox 2182 2254 3767 2335">
     <span class='ocr_line' id='line_1_79' title="bbox 2182 2254 3767 2335; baseline -0.003 -16"><span class='ocrx_word' id='word_1_536' title='bbox 2182 2272 2241 2320; x_wconf 93' lang='lat' dir='ltr'><strong>ut</strong></span> <span class='ocrx_word' id='word_1_537' title='bbox 2268 2265 2360 2335; x_wconf 90' lang='lat' dir='ltr'><strong>qui</strong></span> <span class='ocrx_word' id='word_1_538' title='bbox 2391 2263 2624 2335; x_wconf 86' lang='lat' dir='ltr'><strong>alterum</strong></span> <span class='ocrx_word' id='word_1_539' title='bbox 2665 2263 2813 2319; x_wconf 69' lang='lat' dir='ltr'><strong>laedit</strong></span> <span class='ocrx_word' id='word_1_540' title='bbox 2851 2255 3401 2333; x_wconf 30' lang='lat' dir='ltr'><strong>utrumque‘laeserit.</strong></span> <span class='ocrx_word' id='word_1_541' title='bbox 3442 2260 3529 2316; x_wconf 80' lang='lat' dir='ltr'><strong>Me</strong></span> <span class='ocrx_word' id='word_1_542' title='bbox 3564 2254 3767 2316; x_wconf 88' lang='lat' dir='ltr'><strong>Christi</strong></span> 
     </span>
    </p>
   </div>
   <div class='ocr_carea' id='block_1_80' title="bbox 2178 2339 3770 2428">
    <p class='ocr_par' dir='ltr' id='par_1_80' title="bbox 2178 2339 3770 2428">
     <span class='ocr_line' id='line_1_80' title="bbox 2178 2339 3770 2428; baseline -0.003 -17"><span class='ocrx_word' id='word_1_543' title='bbox 2178 2339 2424 2428; x_wconf 86' lang='lat' dir='ltr'><strong>potentia</strong></span> <span class='ocrx_word' id='word_1_544' title='bbox 2454 2364 2769 2427; x_wconf 86' lang='lat' dir='ltr'><strong>protegente</strong></span> <span class='ocrx_word' id='word_1_545' title='bbox 2804 2370 2913 2410; x_wconf 89' lang='lat' dir='ltr'><strong>non</strong></span> <span class='ocrx_word' id='word_1_546' title='bbox 2942 2356 3027 2410; x_wconf 89' lang='lat' dir='ltr'><strong>vis</strong></span> <span class='ocrx_word' id='word_1_547' title='bbox 3054 2355 3336 2426; x_wconf 82' lang='lat' dir='ltr'><strong>tyrannica</strong></span> <span class='ocrx_word' id='word_1_548' title='bbox 3366 2354 3563 2427; x_wconf 21' lang='lat' dir='ltr'><strong>abwhoc</strong></span> <span class='ocrx_word' id='word_1_549' title='bbox 3594 2354 3770 2408; x_wconf 89' lang='lat' dir='ltr'><strong>deter-</strong></span> 
     </span>
    </p>
   </div>
   <div class='ocr_carea' id='block_1_81' title="bbox 2176 2432 3771 2520">
    <p class='ocr_par' dir='ltr' id='par_1_81' title="bbox 2176 2432 3771 2520">
     <span class='ocr_line' id='line_1_81' title="bbox 2176 2432 3771 2520; baseline -0.004 -15"><span class='ocrx_word' id='word_1_550' title='bbox 2176 2432 2327 2506; x_wconf 75' lang='lat' dir='ltr'><strong>rebit</strong></span> <span class='ocrx_word' id='word_1_551' title='bbox 2357 2450 2623 2520; x_wconf 80' lang='lat' dir='ltr'><strong>incoepto;</strong></span> <span class='ocrx_word' id='word_1_552' title='bbox 2678 2464 2787 2504; x_wconf 92' lang='lat' dir='ltr'><strong>non</strong></span> <span class='ocrx_word' id='word_1_553' title='bbox 2816 2447 2980 2504; x_wconf 80' lang='lat' dir='ltr'><strong>minae</strong></span> <span class='ocrx_word' id='word_1_554' title='bbox 3010 2462 3231 2517; x_wconf 89' lang='lat' dir='ltr'><strong>regum,</strong></span> <span class='ocrx_word' id='word_1_555' title='bbox 3269 2461 3405 2517; x_wconf 91' lang='lat' dir='ltr'><strong>quas</strong></span> <span class='ocrx_word' id='word_1_556' title='bbox 3441 2445 3495 2500; x_wconf 93' lang='lat' dir='ltr'><strong>in</strong></span> <span class='ocrx_word' id='word_1_557' title='bbox 3527 2435 3638 2500; x_wconf 73' lang='lat' dir='ltr'><strong>hoc</strong></span> <span class='ocrx_word' id='word_1_558' title='bbox 3672 2442 3771 2500; x_wconf 84' lang='lat' dir='ltr'><strong>Pa-</strong></span> 
     </span>
    </p>
   </div>
   <div class='ocr_carea' id='block_1_82' title="bbox 2181 2537 3774 2611">
    <p class='ocr_par' dir='ltr' id='par_1_82' title="bbox 2181 2537 3774 2611">
     <span class='ocr_line' id='line_1_82' title="bbox 2181 2537 3774 2611; baseline -0.005 -14"><span class='ocrx_word' id='word_1_559' title='bbox 2181 2539 2357 2597; x_wconf 69' lang='lat' dir='ltr'><strong>SCbali</strong></span> <span class='ocrx_word' id='word_1_560' title='bbox 2382 2539 2522 2595; x_wconf 87' lang='lat' dir='ltr'><strong>festo</strong></span> <span class='ocrx_word' id='word_1_561' title='bbox 2549 2539 2871 2610; x_wconf 87' lang='lat' dir='ltr'><strong>pertulimus</strong></span> <span class='ocrx_word' id='word_1_562' title='bbox 2899 2554 3115 2611; x_wconf 87' lang='lat' dir='ltr'><strong>graves.</strong></span> <span class='ocrx_word' id='word_1_563' title='bbox 3142 2537 3554 2594; x_wconf 88' lang='lat' dir='ltr'><strong>Accusabamur</strong></span> <span class='ocrx_word' id='word_1_564' title='bbox 3575 2537 3774 2610; x_wconf 88' lang='lat' dir='ltr'><strong>quippe</strong></span> 
     </span>
    </p>
   </div>
   <div class='ocr_carea' id='block_1_83' title="bbox 2182 2620 3777 2701">
    <p class='ocr_par' dir='ltr' id='par_1_83' title="bbox 2182 2620 3777 2701">
     <span class='ocr_line' id='line_1_83' title="bbox 2182 2620 3777 2701; baseline -0.003 -15"><span class='ocrx_word' id='word_1_565' title='bbox 2182 2631 2482 2687; x_wconf 79' lang='lat' dir='ltr'><strong>monachos</strong></span> <span class='ocrx_word' id='word_1_566' title='bbox 2505 2630 2679 2686; x_wconf 92' lang='lat' dir='ltr'><strong>sancti</strong></span> <span class='ocrx_word' id='word_1_567' title='bbox 2705 2620 2947 2700; x_wconf 79' lang='lat' dir='ltr'><strong>Dionysii</strong></span> <span class='ocrx_word' id='word_1_568' title='bbox 2975 2626 3174 2701; x_wconf 85' lang='lat' dir='ltr'><strong>injuste</strong></span> <span class='ocrx_word' id='word_1_569' title='bbox 3199 2628 3508 2684; x_wconf 89' lang='lat' dir='ltr'><strong>damnasse.</strong></span> <span class='ocrx_word' id='word_1_570' title='bbox 3537 2626 3777 2699; x_wconf 83' lang='lat' dir='ltr'><strong>Urgeba-</strong></span> 
     </span>
    </p>
   </div>
   <div class='ocr_carea' id='block_1_84' title="bbox 2183 2721 3777 2793">
    <p class='ocr_par' dir='ltr' id='par_1_84' title="bbox 2183 2721 3777 2793">
     <span class='ocr_line' id='line_1_84' title="bbox 2183 2721 3777 2793; baseline -0.003 -13"><span class='ocrx_word' id='word_1_571' title='bbox 2183 2721 2308 2780; x_wconf 85' lang='lat' dir='ltr'><strong>mur</strong></span> <span class='ocrx_word' id='word_1_572' title='bbox 2331 2740 2516 2779; x_wconf 86' lang='lat' dir='ltr'><strong>coram</strong></span> <span class='ocrx_word' id='word_1_573' title='bbox 2544 2723 2815 2779; x_wconf 89' lang='lat' dir='ltr'><strong>damnatis</strong></span> <span class='ocrx_word' id='word_1_574' title='bbox 2841 2723 3021 2778; x_wconf 88' lang='lat' dir='ltr'><strong>divina</strong></span> <span class='ocrx_word' id='word_1_575' title='bbox 3045 2722 3306 2793; x_wconf 89' lang='lat' dir='ltr'><strong>obsequia</strong></span> <span class='ocrx_word' id='word_1_576' title='bbox 3340 2721 3642 2788; x_wconf 60' lang='lat' dir='ltr'><strong>celebrare,</strong></span> <span class='ocrx_word' id='word_1_577' title='bbox 3678 2735 3777 2777; x_wconf 88' lang='lat' dir='ltr'><strong>nec</strong></span> 
     </span>
    </p>
   </div>
   <div class='ocr_carea' id='block_1_85' title="bbox 2184 2812 3780 2888">
    <p class='ocr_par' dir='ltr' id='par_1_85' title="bbox 2184 2812 3780 2888">
     <span class='ocr_line' id='line_1_85' title="bbox 2184 2812 3780 2888; baseline -0.004 -17"><span class='ocrx_word' id='word_1_578' title='bbox 2184 2812 2482 2888; x_wconf 74' lang='lat' dir='ltr'><strong>privilegiis</strong></span> <span class='ocrx_word' id='word_1_579' title='bbox 2523 2815 2783 2870; x_wconf 65' lang='lat' dir='ltr'><strong>Romanae</strong></span> <span class='ocrx_word' id='word_1_580' title='bbox 2812 2814 3072 2871; x_wconf 67' lang='lat' dir='ltr'><strong>Ecclesiae</strong></span> <span class='ocrx_word' id='word_1_581' title='bbox 3102 2823 3434 2870; x_wconf 76' lang='lat' dir='ltr'><strong>monasterio</strong></span> <span class='ocrx_word' id='word_1_582' title='bbox 3478 2812 3628 2868; x_wconf 84' lang='lat' dir='ltr'><strong>beati</strong></span> <span class='ocrx_word' id='word_1_583' title='bbox 3658 2812 3780 2865; x_wconf 79' lang='lat' dir='ltr'><strong>Dio-</strong></span> 
     </span>
    </p>
   </div>
   <div class='ocr_carea' id='block_1_86' title="bbox 2182 2904 3780 2980">
    <p class='ocr_par' dir='ltr' id='par_1_86' title="bbox 2182 2904 3780 2980">
     <span class='ocr_line' id='line_1_86' title="bbox 2182 2904 3780 2980; baseline -0.004 -17"><span class='ocrx_word' id='word_1_584' title='bbox 2182 2904 2325 2980; x_wconf 83' lang='lat' dir='ltr'><strong>nysii</strong></span> <span class='ocrx_word' id='word_1_585' title='bbox 2359 2907 2519 2965; x_wconf 89' lang='lat' dir='ltr'><strong>factis</strong></span> <span class='ocrx_word' id='word_1_586' title='bbox 2561 2907 2837 2963; x_wconf 91' lang='lat' dir='ltr'><strong>contraire</strong></span> <span class='ocrx_word' id='word_1_587' title='bbox 2872 2908 3095 2965; x_wconf 90' lang='lat' dir='ltr'><strong>debere.</strong></span> <span class='ocrx_word' id='word_1_588' title='bbox 3128 2906 3213 2962; x_wconf 87' lang='lat' dir='ltr'><strong>Ad</strong></span> <span class='ocrx_word' id='word_1_589' title='bbox 3255 2906 3359 2961; x_wconf 89' lang='lat' dir='ltr'><strong>hoc</strong></span> <span class='ocrx_word' id='word_1_590' title='bbox 3401 2904 3780 2976; x_wconf 84' lang='lat' dir='ltr'><strong>opponebatur</strong></span> 
     </span>
    </p>
   </div>
   <div class='ocr_carea' id='block_1_87' title="bbox 2187 2995 3783 3069">
    <p class='ocr_par' dir='ltr' id='par_1_87' title="bbox 2187 2995 3783 3069">
     <span class='ocr_line' id='line_1_87' title="bbox 2187 2995 3783 3069; baseline -0.002 -15"><span class='ocrx_word' id='word_1_591' title='bbox 2187 3000 2373 3065; x_wconf 89' lang='lat' dir='ltr'><strong>nobis,</strong></span> <span class='ocrx_word' id='word_1_592' title='bbox 2405 2997 2703 3069; x_wconf 75' lang='lat' dir='ltr'><strong>privilegiis</strong></span> <span class='ocrx_word' id='word_1_593' title='bbox 2750 3014 3018 3054; x_wconf 91' lang='lat' dir='ltr'><strong>canonum</strong></span> <span class='ocrx_word' id='word_1_594' title='bbox 3067 2998 3391 3059; x_wconf 85' lang='lat' dir='ltr'><strong>auctoritate</strong></span> <span class='ocrx_word' id='word_1_595' title='bbox 3423 2995 3783 3067; x_wconf 77' lang='lat' dir='ltr'><strong>promulgatis</strong></span> 
     </span>
    </p>
   </div>
   <div class='ocr_carea' id='block_1_88' title="bbox 2113 3079 3782 3162">
    <p class='ocr_par' dir='ltr' id='par_1_88' title="bbox 2113 3079 3782 3162">
     <span class='ocr_line' id='line_1_88' title="bbox 2113 3079 3782 3162; baseline -0.002 -17"><span class='ocrx_word' id='word_1_596' title='bbox 2113 3083 2159 3145; x_wconf 89' lang='lat' dir='ltr'><strong>C</strong></span> <span class='ocrx_word' id='word_1_597' title='bbox 2192 3104 2288 3145; x_wconf 92' lang='lat' dir='ltr'><strong>nos</strong></span> <span class='ocrx_word' id='word_1_598' title='bbox 2319 3102 2605 3146; x_wconf 86' lang='lat' dir='ltr'><strong>assensum</strong></span> <span class='ocrx_word' id='word_1_599' title='bbox 2643 3086 3008 3162; x_wconf 63' lang='lat' dir='ltr'><strong>praebituros:</strong></span> <span class='ocrx_word' id='word_1_600' title='bbox 3042 3106 3144 3146; x_wconf 89' lang='lat' dir='ltr'><strong>nec</strong></span> <span class='ocrx_word' id='word_1_601' title='bbox 3170 3079 3390 3159; x_wconf 83' lang='lat' dir='ltr'><strong>siquid</strong></span> <span class='ocrx_word' id='word_1_602' title='bbox 3415 3098 3609 3144; x_wconf 89' lang='lat' dir='ltr'><strong>contra</strong></span> <span class='ocrx_word' id='word_1_603' title='bbox 3635 3087 3782 3158; x_wconf 80' lang='lat' dir='ltr'><strong>leges</strong></span> 
     </span>
    </p>
   </div>
   <div class='ocr_carea' id='block_1_89' title="bbox 2191 3177 3780 3253">
    <p class='ocr_par' dir='ltr' id='par_1_89' title="bbox 2191 3177 3780 3253">
     <span class='ocr_line' id='line_1_89' title="bbox 2191 3177 3780 3253; baseline -0.003 -16"><span class='ocrx_word' id='word_1_604' title='bbox 2191 3181 2589 3237; x_wconf 90' lang='lat' dir='ltr'><strong>ecclesiasticas</strong></span> <span class='ocrx_word' id='word_1_605' title='bbox 2618 3182 2893 3236; x_wconf 90' lang='lat' dir='ltr'><strong>decretum</strong></span> <span class='ocrx_word' id='word_1_606' title='bbox 2927 3182 3118 3253; x_wconf 85' lang='lat' dir='ltr'><strong>sitpro</strong></span> <span class='ocrx_word' id='word_1_607' title='bbox 3147 3181 3262 3249; x_wconf 86' lang='lat' dir='ltr'><strong>lege</strong></span> <span class='ocrx_word' id='word_1_608' title='bbox 3301 3189 3639 3250; x_wconf 80' lang='lat' dir='ltr'><strong>recepturos.</strong></span> <span class='ocrx_word' id='word_1_609' title='bbox 3674 3177 3780 3234; x_wconf 85' lang='lat' dir='ltr'><strong>Sed</strong></span> 
     </span>
    </p>
   </div>
   <div class='ocr_carea' id='block_1_90' title="bbox 2187 3259 3778 3351">
    <p class='ocr_par' dir='ltr' id='par_1_90' title="bbox 2187 3259 3778 3351">
     <span class='ocr_line' id='line_1_90' title="bbox 2187 3259 3778 3351; baseline -0.005 -20"><span class='ocrx_word' id='word_1_610' title='bbox 2187 3259 2315 3331; x_wconf 87' lang='lat' dir='ltr'><strong>cum</strong></span> <span class='ocrx_word' id='word_1_611' title='bbox 2350 3276 2405 3329; x_wconf 93' lang='lat' dir='ltr'><strong>in</strong></span> <span class='ocrx_word' id='word_1_612' title='bbox 2434 3289 2522 3329; x_wconf 92' lang='lat' dir='ltr'><strong>me</strong></span> <span class='ocrx_word' id='word_1_613' title='bbox 2552 3274 2866 3345; x_wconf 89' lang='lat' dir='ltr'><strong>specialiter</strong></span> <span class='ocrx_word' id='word_1_614' title='bbox 2898 3274 3110 3344; x_wconf 90' lang='lat' dir='ltr'><strong>pondus</strong></span> <span class='ocrx_word' id='word_1_615' title='bbox 3138 3288 3323 3351; x_wconf 57' lang='lat' dir='ltr'><strong>causa;</strong></span> <span class='ocrx_word' id='word_1_616' title='bbox 3347 3279 3778 3343; x_wconf 86' lang='lat' dir='ltr'><strong>retorqueretur,</strong></span> 
     </span>
    </p>
   </div>
   <div class='ocr_carea' id='block_1_91' title="bbox 2189 3351 3781 3437">
    <p class='ocr_par' dir='ltr' id='par_1_91' title="bbox 2189 3351 3781 3437">
     <span class='ocr_line' id='line_1_91' title="bbox 2189 3351 3781 3437; baseline -0.004 -15"><span class='ocrx_word' id='word_1_617' title='bbox 2189 3369 2296 3423; x_wconf 88' lang='lat' dir='ltr'><strong>mei</strong></span> <span class='ocrx_word' id='word_1_618' title='bbox 2322 3366 2463 3437; x_wconf 89' lang='lat' dir='ltr'><strong>juris</strong></span> <span class='ocrx_word' id='word_1_619' title='bbox 2492 3367 2643 3421; x_wconf 91' lang='lat' dir='ltr'><strong>illum</strong></span> <span class='ocrx_word' id='word_1_620' title='bbox 2673 3382 2780 3422; x_wconf 89' lang='lat' dir='ltr'><strong>non</strong></span> <span class='ocrx_word' id='word_1_621' title='bbox 2806 3380 2927 3422; x_wconf 91' lang='lat' dir='ltr'><strong>esse</strong></span> <span class='ocrx_word' id='word_1_622' title='bbox 2951 3365 3183 3431; x_wconf 87' lang='lat' dir='ltr'><strong>aiebam,</strong></span> <span class='ocrx_word' id='word_1_623' title='bbox 3215 3351 3316 3420; x_wconf 81' lang='lat' dir='ltr'><strong>nec</strong></span> <span class='ocrx_word' id='word_1_624' title='bbox 3342 3379 3429 3419; x_wconf 91' lang='lat' dir='ltr'><strong>me</strong></span> <span class='ocrx_word' id='word_1_625' title='bbox 3452 3364 3507 3419; x_wconf 89' lang='lat' dir='ltr'><strong>in</strong></span> <span class='ocrx_word' id='word_1_626' title='bbox 3532 3378 3781 3418; x_wconf 89' lang='lat' dir='ltr'><strong>meorum</strong></span> 
     </span>
    </p>
   </div>
   <div class='ocr_carea' id='block_1_92' title="bbox 2189 3445 3783 3528">
    <p class='ocr_par' dir='ltr' id='par_1_92' title="bbox 2189 3445 3783 3528">
     <span class='ocr_line' id='line_1_92' title="bbox 2189 3445 3783 3528; baseline -0.004 -13"><span class='ocrx_word' id='word_1_627' title='bbox 2189 3460 2531 3515; x_wconf 88' lang='lat' dir='ltr'><strong>dominorum</strong></span> <span class='ocrx_word' id='word_1_628' title='bbox 2562 3445 2810 3528; x_wconf 86' lang='lat' dir='ltr'><strong>prosilire</strong></span> <span class='ocrx_word' id='word_1_629' title='bbox 2834 3456 3106 3526; x_wconf 90' lang='lat' dir='ltr'><strong>injuriam,</strong></span> <span class='ocrx_word' id='word_1_630' title='bbox 3134 3466 3192 3513; x_wconf 91' lang='lat' dir='ltr'><strong>ut</strong></span> <span class='ocrx_word' id='word_1_631' title='bbox 3225 3455 3607 3520; x_wconf 89' lang='lat' dir='ltr'><strong>insimulabar,</strong></span> <span class='ocrx_word' id='word_1_632' title='bbox 3638 3455 3783 3525; x_wconf 86' lang='lat' dir='ltr'><strong>ipso-</strong></span> 
     </span>
    </p>
   </div>
   <div class='ocr_carea' id='block_1_93' title="bbox 2191 3548 3779 3620">
    <p class='ocr_par' dir='ltr' id='par_1_93' title="bbox 2191 3548 3779 3620">
     <span class='ocr_line' id='line_1_93' title="bbox 2191 3548 3779 3620; baseline -0.002 -15"><span class='ocrx_word' id='word_1_633' title='bbox 2191 3568 2311 3605; x_wconf 89' lang='lat' dir='ltr'><strong>rum</strong></span> <span class='ocrx_word' id='word_1_634' title='bbox 2351 3552 2618 3607; x_wconf 88' lang='lat' dir='ltr'><strong>interesse</strong></span> <span class='ocrx_word' id='word_1_635' title='bbox 2645 3548 2800 3619; x_wconf 91' lang='lat' dir='ltr'><strong>cujus</strong></span> <span class='ocrx_word' id='word_1_636' title='bbox 2827 3549 2985 3620; x_wconf 89' lang='lat' dir='ltr'><strong>culpa</strong></span> <span class='ocrx_word' id='word_1_637' title='bbox 3012 3549 3199 3605; x_wconf 88' lang='lat' dir='ltr'><strong>eadem</strong></span> <span class='ocrx_word' id='word_1_638' title='bbox 3229 3550 3532 3620; x_wconf 88' lang='lat' dir='ltr'><strong>proferant,</strong></span> <span class='ocrx_word' id='word_1_639' title='bbox 3572 3548 3779 3603; x_wconf 88' lang='lat' dir='ltr'><strong>videre.</strong></span> 
     </span>
    </p>
   </div>
   <div class='ocr_carea' id='block_1_94' title="bbox 2190 3640 3785 3697">
    <p class='ocr_par' dir='ltr' id='par_1_94' title="bbox 2190 3640 3785 3697">
     <span class='ocr_line' id='line_1_94' title="bbox 2190 3640 3785 3697; baseline -0.001 -1"><span class='ocrx_word' id='word_1_640' title='bbox 2190 3640 2325 3696; x_wconf 89' lang='lat' dir='ltr'><strong>Cum</strong></span> <span class='ocrx_word' id='word_1_641' title='bbox 2354 3642 2623 3697; x_wconf 89' lang='lat' dir='ltr'><strong>sententia</strong></span> <span class='ocrx_word' id='word_1_642' title='bbox 2653 3640 2996 3696; x_wconf 66' lang='lat' dir='ltr'><strong>saecularium</strong></span> <span class='ocrx_word' id='word_1_643' title='bbox 3027 3641 3421 3696; x_wconf 90' lang='lat' dir='ltr'><strong>monachorum</strong></span> <span class='ocrx_word' id='word_1_644' title='bbox 3451 3640 3785 3696; x_wconf 84' lang='lat' dir='ltr'><strong>obtinuisset</strong></span> 
     </span>
    </p>
   </div>
   <div class='ocr_carea' id='block_1_95' title="bbox 2189 3731 3784 3804">
    <p class='ocr_par' dir='ltr' id='par_1_95' title="bbox 2189 3731 3784 3804">
     <span class='ocr_line' id='line_1_95' title="bbox 2189 3731 3784 3804; baseline 0 -18"><span class='ocrx_word' id='word_1_645' title='bbox 2189 3732 2451 3804; x_wconf 88' lang='lat' dir='ltr'><strong>parti.....</strong></span> <span class='ocrx_word' id='word_1_646' title='bbox 2480 3731 2595 3788; x_wconf 83' lang='lat' dir='ltr'><strong>Hoc</strong></span> <span class='ocrx_word' id='word_1_647' title='bbox 2626 3733 2810 3802; x_wconf 85' lang='lat' dir='ltr'><strong>itaque</strong></span> <span class='ocrx_word' id='word_1_648' title='bbox 2842 3747 2902 3788; x_wconf 91' lang='lat' dir='ltr'><strong>se</strong></span> <span class='ocrx_word' id='word_1_649' title='bbox 2930 3733 3132 3788; x_wconf 88' lang='lat' dir='ltr'><strong>habere</strong></span> <span class='ocrx_word' id='word_1_650' title='bbox 3159 3732 3300 3787; x_wconf 88' lang='lat' dir='ltr'><strong>ﬁlius</strong></span> <span class='ocrx_word' id='word_1_651' title='bbox 3326 3741 3523 3786; x_wconf 77' lang='lat' dir='ltr'><strong>vestra:</strong></span> <span class='ocrx_word' id='word_1_652' title='bbox 3549 3733 3784 3788; x_wconf 86' lang='lat' dir='ltr'><strong>beatitu-</strong></span> 
     </span>
    </p>
   </div>
   <div class='ocr_carea' id='block_1_96' title="bbox 2192 3824 3783 3896">
    <p class='ocr_par' dir='ltr' id='par_1_96' title="bbox 2192 3824 3783 3896">
     <span class='ocr_line' id='line_1_96' title="bbox 2192 3824 3783 3896; baseline -0.001 -16"><span class='ocrx_word' id='word_1_653' title='bbox 2192 3825 2333 3880; x_wconf 90' lang='lat' dir='ltr'><strong>dinis</strong></span> <span class='ocrx_word' id='word_1_654' title='bbox 2363 3826 2517 3881; x_wconf 88' lang='lat' dir='ltr'><strong>testis</strong></span> <span class='ocrx_word' id='word_1_655' title='bbox 2553 3833 2638 3881; x_wconf 91' lang='lat' dir='ltr'><strong>est</strong></span> <span class='ocrx_word' id='word_1_656' title='bbox 2667 3824 2869 3891; x_wconf 86' lang='lat' dir='ltr'><strong>Fulco,</strong></span> <span class='ocrx_word' id='word_1_657' title='bbox 2900 3826 2994 3896; x_wconf 92' lang='lat' dir='ltr'><strong>qui</strong></span> <span class='ocrx_word' id='word_1_658' title='bbox 3026 3826 3131 3880; x_wconf 90' lang='lat' dir='ltr'><strong>mei</strong></span> <span class='ocrx_word' id='word_1_659' title='bbox 3163 3825 3332 3879; x_wconf 88' lang='lat' dir='ltr'><strong>animi</strong></span> <span class='ocrx_word' id='word_1_660' title='bbox 3360 3825 3783 3880; x_wconf 87' lang='lat' dir='ltr'><strong>amaritudinem</strong></span> 
     </span>
    </p>
   </div>
   <div class='ocr_carea' id='block_1_97' title="bbox 2192 3900 3783 3991">
    <p class='ocr_par' dir='ltr' id='par_1_97' title="bbox 2192 3900 3783 3991">
     <span class='ocr_line' id='line_1_97' title="bbox 2192 3900 3783 3991; baseline 0 -18"><span class='ocrx_word' id='word_1_661' title='bbox 2192 3934 2299 3973; x_wconf 91' lang='lat' dir='ltr'><strong>non</strong></span> <span class='ocrx_word' id='word_1_662' title='bbox 2344 3918 2463 3974; x_wconf 90' lang='lat' dir='ltr'><strong>sine</strong></span> <span class='ocrx_word' id='word_1_663' title='bbox 2502 3919 2868 3991; x_wconf 85' lang='lat' dir='ltr'><strong>lacrymarum</strong></span> <span class='ocrx_word' id='word_1_664' title='bbox 2900 3918 3163 3974; x_wconf 73' lang='lat' dir='ltr'><strong>effusione</strong></span> <span class='ocrx_word' id='word_1_665' title='bbox 3205 3900 3479 3990; x_wconf 82' lang='lat' dir='ltr'><strong>cognovit.</strong></span> <span class='ocrx_word' id='word_1_666' title='bbox 3520 3918 3783 3975; x_wconf 86' lang='lat' dir='ltr'><strong>Dolebam</strong></span> 
     </span>
    </p>
   </div>
   <div class='ocr_carea' id='block_1_98' title="bbox 2192 4009 3784 4081">
    <p class='ocr_par' dir='ltr' id='par_1_98' title="bbox 2192 4009 3784 4081">
     <span class='ocr_line' id='line_1_98' title="bbox 2192 4009 3784 4081; baseline 0.001 -18"><span class='ocrx_word' id='word_1_667' title='bbox 2192 4010 2424 4081; x_wconf 90' lang='lat' dir='ltr'><strong>quippe,</strong></span> <span class='ocrx_word' id='word_1_668' title='bbox 2463 4025 2529 4066; x_wconf 89' lang='lat' dir='ltr'><strong>ac</strong></span> <span class='ocrx_word' id='word_1_669' title='bbox 2568 4010 2803 4064; x_wconf 92' lang='lat' dir='ltr'><strong>multum</strong></span> <span class='ocrx_word' id='word_1_670' title='bbox 2830 4009 3106 4066; x_wconf 88' lang='lat' dir='ltr'><strong>doleo.....</strong></span> <span class='ocrx_word' id='word_1_671' title='bbox 3133 4025 3230 4066; x_wconf 90' lang='lat' dir='ltr'><strong>vos</strong></span> <span class='ocrx_word' id='word_1_672' title='bbox 3270 4010 3495 4079; x_wconf 88' lang='lat' dir='ltr'><strong>insuper</strong></span> <span class='ocrx_word' id='word_1_673' title='bbox 3536 4011 3784 4066; x_wconf 86' lang='lat' dir='ltr'><strong>nescioa</strong></span> 
     </span>
    </p>
   </div>
   <div class='ocr_carea' id='block_1_99' title="bbox 2193 4090 3785 4173">
    <p class='ocr_par' dir='ltr' id='par_1_99' title="bbox 2193 4090 3785 4173">
     <span class='ocr_line' id='line_1_99' title="bbox 2193 4090 3785 4173; baseline 0.002 -18"><span class='ocrx_word' id='word_1_674' title='bbox 2193 4116 2299 4171; x_wconf 89' lang='lat' dir='ltr'><strong>quo</strong></span> <span class='ocrx_word' id='word_1_675' title='bbox 2327 4090 2568 4156; x_wconf 82' lang='lat' dir='ltr'><strong>delatore</strong></span> <span class='ocrx_word' id='word_1_676' title='bbox 2614 4100 2982 4158; x_wconf 90' lang='lat' dir='ltr'><strong>insimulatum</strong></span> <span class='ocrx_word' id='word_1_677' title='bbox 3023 4117 3145 4158; x_wconf 89' lang='lat' dir='ltr'><strong>esse</strong></span> <span class='ocrx_word' id='word_1_678' title='bbox 3182 4103 3339 4173; x_wconf 90' lang='lat' dir='ltr'><strong>quasi</strong></span> <span class='ocrx_word' id='word_1_679' title='bbox 3383 4102 3516 4173; x_wconf 82' lang='lat' dir='ltr'><strong>regii</strong></span> <span class='ocrx_word' id='word_1_680' title='bbox 3554 4102 3785 4159; x_wconf 85' lang='lat' dir='ltr'><strong>honoris</strong></span> 
     </span>
    </p>
   </div>
   <div class='ocr_carea' id='block_1_100' title="bbox 2193 4192 3783 4263">
    <p class='ocr_par' dir='ltr' id='par_1_100' title="bbox 2193 4192 3783 4263">
     <span class='ocr_line' id='line_1_100' title="bbox 2193 4192 3783 4263; baseline 0.001 -15"><span class='ocrx_word' id='word_1_681' title='bbox 2193 4192 2566 4248; x_wconf 89' lang='lat' dir='ltr'><strong>insidiatorem</strong></span> <span class='ocrx_word' id='word_1_682' title='bbox 2585 4231 2601 4257; x_wconf 94' lang='lat'><strong>,</strong></span> <span class='ocrx_word' id='word_1_683' title='bbox 2630 4200 2685 4246; x_wconf 91' lang='lat' dir='ltr'><strong>et</strong></span> <span class='ocrx_word' id='word_1_684' title='bbox 2710 4192 2917 4262; x_wconf 91' lang='lat' dir='ltr'><strong>qui.....</strong></span> <span class='ocrx_word' id='word_1_685' title='bbox 2947 4193 3062 4249; x_wconf 86' lang='lat' dir='ltr'><strong>Non</strong></span> <span class='ocrx_word' id='word_1_686' title='bbox 3090 4209 3242 4263; x_wconf 86' lang='lat' dir='ltr'><strong>ergo,</strong></span> <span class='ocrx_word' id='word_1_687' title='bbox 3273 4204 3333 4249; x_wconf 95' lang='lat' dir='ltr'><strong>ut</strong></span> <span class='ocrx_word' id='word_1_688' title='bbox 3361 4194 3516 4250; x_wconf 88' lang='lat' dir='ltr'><strong>vobis</strong></span> <span class='ocrx_word' id='word_1_689' title='bbox 3546 4194 3783 4250; x_wconf 90' lang='lat' dir='ltr'><strong>relatum</strong></span> 
     </span>
    </p>
   </div>
   <div class='ocr_carea' id='block_1_101' title="bbox 2193 4284 3785 4354">
    <p class='ocr_par' dir='ltr' id='par_1_101' title="bbox 2193 4284 3785 4354">
     <span class='ocr_line' id='line_1_101' title="bbox 2193 4284 3785 4354; baseline 0.004 -15"><span class='ocrx_word' id='word_1_690' title='bbox 2193 4295 2307 4349; x_wconf 90' lang='lat' dir='ltr'><strong>est,</strong></span> <span class='ocrx_word' id='word_1_691' title='bbox 2345 4300 2463 4339; x_wconf 89' lang='lat' dir='ltr'><strong>mea</strong></span> <span class='ocrx_word' id='word_1_692' title='bbox 2491 4284 2730 4340; x_wconf 91' lang='lat' dir='ltr'><strong>valentia</strong></span> <span class='ocrx_word' id='word_1_693' title='bbox 2764 4285 2818 4340; x_wconf 90' lang='lat' dir='ltr'><strong>in</strong></span> <span class='ocrx_word' id='word_1_694' title='bbox 2864 4302 2963 4343; x_wconf 90' lang='lat' dir='ltr'><strong>vos</strong></span> <span class='ocrx_word' id='word_1_695' title='bbox 2999 4288 3191 4354; x_wconf 63' lang='lat' dir='ltr'><strong>saevit,</strong></span> <span class='ocrx_word' id='word_1_696' title='bbox 3238 4302 3339 4342; x_wconf 90' lang='lat' dir='ltr'><strong>nec</strong></span> <span class='ocrx_word' id='word_1_697' title='bbox 3375 4287 3614 4343; x_wconf 87' lang='lat' dir='ltr'><strong>elocutio</strong></span> <span class='ocrx_word' id='word_1_698' title='bbox 3649 4289 3785 4345; x_wconf 82' lang='lat' dir='ltr'><strong>dura</strong></span> 
     </span>
    </p>
   </div>
   <div class='ocr_carea' id='block_1_102' title="bbox 2195 4366 3785 4437">
    <p class='ocr_par' dir='ltr' id='par_1_102' title="bbox 2195 4366 3785 4437">
     <span class='ocr_line' id='line_1_102' title="bbox 2195 4366 3785 4437; baseline 0.005 -8"><span class='ocrx_word' id='word_1_699' title='bbox 2195 4376 2405 4430; x_wconf 91' lang='lat' dir='ltr'><strong>absenti</strong></span> <span class='ocrx_word' id='word_1_700' title='bbox 2434 4376 2610 4433; x_wconf 91' lang='lat' dir='ltr'><strong>amico</strong></span> <span class='ocrx_word' id='word_1_701' title='bbox 2636 4377 2893 4433; x_wconf 78' lang='lat' dir='ltr'><strong>detraxit.</strong></span> <span class='ocrx_word' id='word_1_702' title='bbox 2920 4377 3028 4435; x_wconf 89' lang='lat' dir='ltr'><strong>Sed</strong></span> <span class='ocrx_word' id='word_1_703' title='bbox 3058 4381 3185 4434; x_wconf 81' lang='lat' dir='ltr'><strong>dum</strong></span> <span class='ocrx_word' id='word_1_704' title='bbox 3208 4395 3306 4435; x_wconf 91' lang='lat' dir='ltr'><strong>vos</strong></span> <span class='ocrx_word' id='word_1_705' title='bbox 3330 4366 3601 4436; x_wconf 81' lang='lat' dir='ltr'><strong>excusare</strong></span> <span class='ocrx_word' id='word_1_706' title='bbox 3631 4382 3785 4437; x_wconf 84' lang='lat' dir='ltr'><strong>nisus</strong></span> 
     </span>
    </p>
   </div>
   <div class='ocr_carea' id='block_1_103' title="bbox 2195 4468 3787 4543">
    <p class='ocr_par' dir='ltr' id='par_1_103' title="bbox 2195 4468 3787 4543">
     <span class='ocr_line' id='line_1_103' title="bbox 2195 4468 3787 4543; baseline 0.006 -23"><span class='ocrx_word' id='word_1_707' title='bbox 2195 4481 2313 4521; x_wconf 87' lang='lat' dir='ltr'><strong>sum</strong></span> <span class='ocrx_word' id='word_1_708' title='bbox 2333 4507 2347 4534; x_wconf 89' lang='lat'><strong>,</strong></span> <span class='ocrx_word' id='word_1_709' title='bbox 2377 4483 2464 4523; x_wconf 91' lang='lat' dir='ltr'><strong>me</strong></span> <span class='ocrx_word' id='word_1_710' title='bbox 2496 4482 2635 4539; x_wconf 90' lang='lat' dir='ltr'><strong>pene</strong></span> <span class='ocrx_word' id='word_1_711' title='bbox 2667 4477 2983 4524; x_wconf 89' lang='lat' dir='ltr'><strong>accusatum</strong></span> <span class='ocrx_word' id='word_1_712' title='bbox 3024 4468 3281 4541; x_wconf 85' lang='lat' dir='ltr'><strong>palatinis</strong></span> <span class='ocrx_word' id='word_1_713' title='bbox 3325 4471 3554 4528; x_wconf 88' lang='lat' dir='ltr'><strong>canibus</strong></span> <span class='ocrx_word' id='word_1_714' title='bbox 3583 4472 3787 4543; x_wconf 90' lang='lat' dir='ltr'><strong>objeci.</strong></span> 
     </span>
    </p>
   </div>
   <div class='ocr_carea' id='block_1_104' title="bbox 2197 4555 3789 4630">
    <p class='ocr_par' dir='ltr' id='par_1_104' title="bbox 2197 4555 3789 4630">
     <span class='ocr_line' id='line_1_104' title="bbox 2197 4555 3789 4630; baseline 0.005 -17"><span class='ocrx_word' id='word_1_715' title='bbox 2197 4555 2279 4613; x_wconf 90' lang='lat' dir='ltr'><strong>Sit</strong></span> <span class='ocrx_word' id='word_1_716' title='bbox 2303 4558 2483 4629; x_wconf 87' lang='lat' dir='ltr'><strong>itaque</strong></span> <span class='ocrx_word' id='word_1_717' title='bbox 2512 4559 2652 4613; x_wconf 87' lang='lat' dir='ltr'><strong>inter</strong></span> <span class='ocrx_word' id='word_1_718' title='bbox 2673 4574 2796 4624; x_wconf 90' lang='lat' dir='ltr'><strong>nos,</strong></span> <span class='ocrx_word' id='word_1_719' title='bbox 2815 4569 2874 4616; x_wconf 93' lang='lat' dir='ltr'><strong>ut</strong></span> <span class='ocrx_word' id='word_1_720' title='bbox 2895 4560 3073 4624; x_wconf 86' lang='lat' dir='ltr'><strong>vultis,</strong></span> <span class='ocrx_word' id='word_1_721' title='bbox 3100 4570 3185 4617; x_wconf 86' lang='lat' dir='ltr'><strong>est</strong></span> <span class='ocrx_word' id='word_1_722' title='bbox 3209 4571 3437 4630; x_wconf 90' lang='lat' dir='ltr'><strong>tantum,</strong></span> <span class='ocrx_word' id='word_1_723' title='bbox 3466 4578 3574 4618; x_wconf 90' lang='lat' dir='ltr'><strong>non</strong></span> <span class='ocrx_word' id='word_1_724' title='bbox 3601 4573 3789 4621; x_wconf 87' lang='lat' dir='ltr'><strong>autem</strong></span> 
     </span>
    </p>
   </div>
   <div class='ocr_carea' id='block_1_105' title="bbox 2196 4649 3791 4710">
    <p class='ocr_par' dir='ltr' id='par_1_105' title="bbox 2196 4649 3791 4710">
     <span class='ocr_line' id='line_1_105' title="bbox 2196 4649 3791 4710; baseline 0.005 -8"><span class='ocrx_word' id='word_1_725' title='bbox 2196 4656 2280 4702; x_wconf 65' lang='lat' dir='ltr'><strong>est</strong></span> <span class='ocrx_word' id='word_1_726' title='bbox 2311 4656 2366 4703; x_wconf 92' lang='lat' dir='ltr'><strong>et</strong></span> <span class='ocrx_word' id='word_1_727' title='bbox 2399 4663 2504 4702; x_wconf 89' lang='lat' dir='ltr'><strong>non</strong></span> <span class='ocrx_word' id='word_1_728' title='bbox 2532 4665 2546 4702; x_wconf 87' lang='lat'><strong>:</strong></span> <span class='ocrx_word' id='word_1_729' title='bbox 2582 4649 2654 4703; x_wconf 89' lang='lat' dir='ltr'><strong>sit</strong></span> <span class='ocrx_word' id='word_1_730' title='bbox 2682 4649 2945 4704; x_wconf 76' lang='lat' dir='ltr'><strong>auxilium</strong></span> <span class='ocrx_word' id='word_1_731' title='bbox 2974 4651 3028 4705; x_wconf 91' lang='lat' dir='ltr'><strong>in</strong></span> <span class='ocrx_word' id='word_1_732' title='bbox 3063 4665 3354 4706; x_wconf 88' lang='lat' dir='ltr'><strong>commune</strong></span> <span class='ocrx_word' id='word_1_733' title='bbox 3387 4659 3444 4707; x_wconf 87' lang='lat' dir='ltr'><strong>et</strong></span> <span class='ocrx_word' id='word_1_734' title='bbox 3474 4653 3791 4710; x_wconf 86' lang='lat' dir='ltr'><strong>consilium.</strong></span> 
     </span>
    </p>
   </div>
   <div class='ocr_carea' id='block_1_106' title="bbox 2198 4741 3791 4813">
    <p class='ocr_par' dir='ltr' id='par_1_106' title="bbox 2198 4741 3791 4813">
     <span class='ocr_line' id='line_1_106' title="bbox 2198 4741 3791 4813; baseline 0.003 -17"><span class='ocrx_word' id='word_1_735' title='bbox 2198 4741 2352 4809; x_wconf 81' lang='lat' dir='ltr'><strong>Quod</strong></span> <span class='ocrx_word' id='word_1_736' title='bbox 2381 4742 2545 4797; x_wconf 90' lang='lat' dir='ltr'><strong>etiam</strong></span> <span class='ocrx_word' id='word_1_737' title='bbox 2582 4743 2636 4796; x_wconf 92' lang='lat' dir='ltr'><strong>in</strong></span> <span class='ocrx_word' id='word_1_738' title='bbox 2676 4743 2851 4798; x_wconf 92' lang='lat' dir='ltr'><strong>sacris</strong></span> <span class='ocrx_word' id='word_1_739' title='bbox 2886 4757 2981 4813; x_wconf 92' lang='lat' dir='ltr'><strong>per</strong></span> <span class='ocrx_word' id='word_1_740' title='bbox 3016 4742 3144 4797; x_wconf 87' lang='lat' dir='ltr'><strong>data</strong></span> <span class='ocrx_word' id='word_1_741' title='bbox 3171 4744 3337 4797; x_wconf 85' lang='lat' dir='ltr'><strong>verba</strong></span> <span class='ocrx_word' id='word_1_742' title='bbox 3358 4783 3374 4810; x_wconf 91' lang='lat'><strong>,</strong></span> <span class='ocrx_word' id='word_1_743' title='bbox 3403 4744 3449 4798; x_wconf 88' lang='lat' dir='ltr'><strong>si</strong></span> <span class='ocrx_word' id='word_1_744' title='bbox 3478 4753 3677 4799; x_wconf 75' lang='lat' dir='ltr'><strong>vestra:</strong></span> <span class='ocrx_word' id='word_1_745' title='bbox 3700 4761 3791 4800; x_wconf 87' lang='lat' dir='ltr'><strong>su-</strong></span> 
     </span>
    </p>
   </div>
   <div class='ocr_carea' id='block_1_107' title="bbox 2198 4831 3794 4906">
    <p class='ocr_par' dir='ltr' id='par_1_107' title="bbox 2198 4831 3794 4906">
     <span class='ocr_line' id='line_1_107' title="bbox 2198 4831 3794 4906; baseline 0.003 -19"><span class='ocrx_word' id='word_1_746' title='bbox 2198 4832 2447 4887; x_wconf 88' lang='lat' dir='ltr'><strong>blimitati</strong></span> <span class='ocrx_word' id='word_1_747' title='bbox 2470 4832 3117 4906; x_wconf 85' lang='lat' dir='ltr'><strong>placet,conﬁrmandum</strong></span> <span class='ocrx_word' id='word_1_748' title='bbox 3131 4831 3247 4888; x_wconf 88' lang='lat' dir='ltr'><strong>fore</strong></span> <span class='ocrx_word' id='word_1_749' title='bbox 3269 4843 3585 4902; x_wconf 89' lang='lat' dir='ltr'><strong>ceuseo,ut,</strong></span> <span class='ocrx_word' id='word_1_750' title='bbox 3605 4844 3794 4892; x_wconf 88' lang='lat' dir='ltr'><strong>amoto</strong></span> 
     </span>
    </p>
   </div>
   <div class='ocr_carea' id='block_1_108' title="bbox 2199 4926 3792 4997">
    <p class='ocr_par' dir='ltr' id='par_1_108' title="bbox 2199 4926 3792 4997">
     <span class='ocr_line' id='line_1_108' title="bbox 2199 4926 3792 4997; baseline 0.002 -16"><span class='ocrx_word' id='word_1_751' title='bbox 2199 4935 2345 4982; x_wconf 89' lang='lat' dir='ltr'><strong>motu</strong></span> <span class='ocrx_word' id='word_1_752' title='bbox 2375 4927 2618 4982; x_wconf 87' lang='lat' dir='ltr'><strong>omnium</strong></span> <span class='ocrx_word' id='word_1_753' title='bbox 2664 4926 3057 4997; x_wconf 87' lang='lat' dir='ltr'><strong>suspicionum,</strong></span> <span class='ocrx_word' id='word_1_754' title='bbox 3087 4926 3160 4982; x_wconf 90' lang='lat' dir='ltr'><strong>sit</strong></span> <span class='ocrx_word' id='word_1_755' title='bbox 3202 4927 3361 4983; x_wconf 90' lang='lat' dir='ltr'><strong>nobis</strong></span> <span class='ocrx_word' id='word_1_756' title='bbox 3403 4942 3501 4984; x_wconf 89' lang='lat' dir='ltr'><strong>cor</strong></span> <span class='ocrx_word' id='word_1_757' title='bbox 3535 4943 3701 4984; x_wconf 84' lang='lat' dir='ltr'><strong>unum</strong></span> <span class='ocrx_word' id='word_1_758' title='bbox 3733 4936 3792 4984; x_wconf 86' lang='lat' dir='ltr'><strong>et</strong></span> 
     </span>
    </p>
   </div>
   <div class='ocr_carea' id='block_1_109' title="bbox 2199 5030 2530 5071">
    <p class='ocr_par' dir='ltr' id='par_1_109' title="bbox 2199 5030 2530 5071">
     <span class='ocr_line' id='line_1_109' title="bbox 2199 5030 2530 5071; baseline 0 -1"><span class='ocrx_word' id='word_1_759' title='bbox 2199 5030 2379 5071; x_wconf 79' lang='lat' dir='ltr'><strong>anima</strong></span> <span class='ocrx_word' id='word_1_760' title='bbox 2404 5030 2530 5070; x_wconf 89' lang='lat' dir='ltr'><strong>una.</strong></span> 
     </span>
    </p>
   </div>
   <div class='ocr_carea' id='block_1_110' title="bbox 2698 5127 3287 5186">
    <p class='ocr_par' dir='ltr' id='par_1_110' title="bbox 2698 5127 3287 5186">
     <span class='ocr_line' id='line_1_110' title="bbox 2698 5127 3287 5186; baseline 0.002 -3"><span class='ocrx_word' id='word_1_761' title='bbox 2698 5127 3032 5184; x_wconf 83' lang='lat' dir='ltr'><strong>EPISTOLA</strong></span> <span class='ocrx_word' id='word_1_762' title='bbox 3060 5128 3287 5186; x_wconf 83' lang='lat' dir='ltr'><strong>CXCIV.</strong></span> 
     </span>
    </p>
   </div>
   <div class='ocr_carea' id='block_1_111' title="bbox 2329 5235 3645 5299">
    <p class='ocr_par' dir='ltr' id='par_1_111' title="bbox 2329 5235 3645 5299">
     <span class='ocr_line' id='line_1_111' title="bbox 2329 5235 3645 5299; baseline 0 -22"><span class='ocrx_word' id='word_1_763' title='bbox 2329 5235 2643 5299; x_wconf 67' lang='lat' dir='ltr'><strong>CEBBERTUS</strong></span> <span class='ocrx_word' id='word_1_764' title='bbox 2680 5235 3049 5276; x_wconf 68' lang='lat' dir='ltr'><strong>CONSTANTINO</strong></span> <span class='ocrx_word' id='word_1_765' title='bbox 3085 5236 3387 5278; x_wconf 68' lang='lat' dir='ltr'><strong>IICIACENSI</strong></span> <span class='ocrx_word' id='word_1_766' title='bbox 3425 5238 3645 5280; x_wconf 79' lang='lat' dir='ltr'><strong>ABBATI.</strong></span> 
     </span>
    </p>
   </div>
   <div class='ocr_carea' id='block_1_112' title="bbox 2270 5311 3760 5350">
    <p class='ocr_par' dir='ltr' id='par_1_112' title="bbox 2270 5311 3760 5350">
     <span class='ocr_line' id='line_1_112' title="bbox 2270 5311 3760 5350; baseline 0 0"><span class='ocrx_word' id='word_1_767' title='bbox 2270 5313 2417 5350; x_wconf 68' lang='grc' dir='ltr'>ςιιιία</span> <span class='ocrx_word' id='word_1_768' title='bbox 2446 5326 2611 5350; x_wconf 74' lang='lat' dir='ltr'><strong>cunnr</strong></span> <span class='ocrx_word' id='word_1_769' title='bbox 2635 5311 2963 5350; x_wconf 70' lang='lat' dir='ltr'><strong>vnnnrnhilic</strong></span> <span class='ocrx_word' id='word_1_770' title='bbox 2998 5312 3026 5350; x_wconf 82' lang='grc' dir='ltr'><strong>Δ</strong></span> <span class='ocrx_word' id='word_1_771' title='bbox 3087 5313 3358 5350; x_wconf 72' lang='grc' dir='ltr'><strong>Ιοσσιιίηηο</strong></span> <span class='ocrx_word' id='word_1_772' title='bbox 3383 5315 3617 5350; x_wconf 70' lang='lat' dir='ltr'><strong>mii-nhm</strong></span> <span class='ocrx_word' id='word_1_773' title='bbox 3640 5330 3760 5350; x_wconf 71' lang='grc' dir='ltr'><strong>οιηη</strong></span> 
     </span>
    </p>
   </div>
  </div>
