3948 5350
183 377 280 432 257

1048 373 1288 430 SECTIO
1323 373 1365 429 1.
1405 404 1474 414 —
1511 373 1695 428 ANTE
1735 371 2029 429 SUMMUM
2063 372 2591 430 PONTlFlCATUM.

3338 375 3444 430 238
3464 375 3474 385 ⁸

181 487 462 560 proximus
512 473 688 544 ardet.
747 487 814 542 Et
844 486 1060 542 divinus
1109 501 1293 542 sermo
1327 504 1339 540 :
1369 490 1408 540 Λ
1464 497 1768 540 sanctuario
1796 493 1844 552 Α
1873 494 1927 540 et
1951 487 2222 556 superbia,
2261 497 2440 543 vestra
2473 498 2882 559 vestrorumque
2912 502 3041 544 usus
3063 484 3320 555 amicitia,
3350 495 3440 561 qni

182 594 290 632 meo
320 579 557 646 incipite,
599 579 652 633 id
690 587 772 632 est
804 592 833 631 a
863 578 1014 648 regni
1073 576 1426 632 fundamento
1462 584 1516 631 et
1561 577 1629 630 ab
1676 592 1766 628 ar-

183 685 260 723 ce.
288 669 404 722 Hoc
435 669 642 724 factum
682 668 772 738 qui
802 668 911 724 doli
936 669 1283 732 comitentur,
1335 668 1387 721 in
1435 675 1624 736 aperto
1663 673 1765 719 est.

181 760 286 815 lloc
309 761 458 815 enim
483 776 768 824 concesso,
803 761 1037 829 dignitas
1061 761 1144 814 vel
1175 761 1354 830 potius
1379 760 1619 829 gravitas
1641 775 1770 812 con-

180 850 422 904 funditur
447 851 824 915 sacerdotalis,
860 861 1032 904 status
1054 851 1202 920 regni
1235 851 1592 920 periclitatur.
1617 849 1767 915 Quod

179 943 221 997 si
267 942 373 996 hoc
435 942 762 996 inconsultis
810 943 1082 1012 episcopis
1133 943 1340 1011 agitur,
1389 942 1767 1011 episcoporum

176 1039 439 1099 potestas,
473 1031 736 1099 gravitas,
771 1031 1011 1102 dignitas
1049 1031 1382 1084 auuullatur.
1416 1031 1513 1099 Qui
1563 1031 1769 1100 cpisco-

174 1133 298 1187 pum
327 1120 582 1188 quamvis
605 1120 932 1175 sceleratum
965 1121 1274 1175 sacerdotio
1302 1122 1516 1190 privare
1547 1137 1645 1175 nec
1676 1134 1769 1189 po-

178 1219 538 1276 tuerunt,nec
562 1211 888 1266 debuerunt.
920 1212 976 1266 Si
1004 1227 1133 1266 vero
1177 1213 1460 1276 consultis,
1513 1212 1612 1282 ipsi
1657 1228 1767 1266 sua:

175 1299 546 1358 damnationis
602 1313 771 1358 testes
810 1313 956 1367 sunt,
991 1307 1080 1373 qui
1114 1321 1142 1357 a
1172 1320 1230 1358 se
1273 1321 1378 1358 non
1416 1303 1764 1372 jndicandnm

172 1393 583 1461 iudicaverunt.
612 1395 680 1449 Et
711 1395 805 1465 qui
858 1405 1044 1450 contra
1096 1395 1484 1465 professionem
1525 1412 1676 1450 suam
1713 1405 1767 1452 et

177 1481 632 1552 sabscriptionem
663 1499 817 1538 suam
853 1485 904 1537 in
938 1483 1114 1538 libello
1147 1484 1505 1539 abdicationis
1550 1501 1579 1537 a
1627 1485 1768 1554 seip-

177 1574 251 1628 sis
300 1572 502 1627 factam
552 1573 743 1629 venire
797 1583 1280 1644 praesumpserunt.
1335 1573 1645 1628 Reducetnr
1698 1575 1765 1627 ad

174 1667 495 1717 memoriam
529 1666 648 1734 ejus
680 1665 879 1734 captio,
912 1680 1103 1719 carcer
1127 1666 1369 1735 prolixus
1391 1706 1406 1730 ,
1441 1665 1665 1720 alterius
1709 1665 1763 1719 in

176 1751 288 1820 ejus
314 1754 504 1808 sedem
534 1755 1210 1826 ordinatio,ordinatores,
1255 1756 1559 1819 ordinatus,
1604 1765 1765 1824 atque

175 1843 242 1898 ab
269 1860 334 1898 eo
365 1846 606 1900 ordinati
638 1847 924 1901 calumniae
973 1846 1346 1915 subjacebunt.
1396 1848 1500 1918 ipsi
1543 1863 1759 1918 quoque
1791 1848 1852 1933 B_

175 1949 329 2004 reges
383 1936 438 1989 in
473 1939 720 2006 peccatis
776 1937 1002 2007 singulis
1049 1947 1363 2008 peccatores
1405 1938 1762 2008 apparebunt.

174 2021 285 2078 Nec
311 2023 416 2078 sibi
441 2025 736 2095 quisquam
765 2025 1094 2092 blandiatur,
1126 2026 1764 2096 quolibetconqnassato,

174 2126 236 2165 se
255 2111 544 2178 incolumi,
591 2129 694 2170 nec
718 2113 851 2170 falso
873 2116 1089 2171 nomine
1113 2117 1420 2185 sponsionis
1438 2117 1763 2187 decipiatur,

173 2217 298 2257 cum
341 2219 435 2259 res
466 2215 522 2259 et
578 2204 723 2260 facta
759 2223 864 2262 non
903 2220 966 2261 es
1019 2207 1638 2280 indulgentiajudicum,
1671 2207 1766 2263 sed

177 2306 246 2348 ex
281 2293 590 2350 stabilitate
619 2293 889 2366 pendeant
927 2310 1234 2350 causarum.

679 2470 1010 2526 EPISTOLA
1042 2471 1246 2528 CXCV.

522 2618 826 2660 LEODICENSI
861 2619 1109 2660 EPISCOPO
1146 2621 1432 2662 NOCHERIO.

242 2744 406 2802 Licet
436 2761 546 2801 non
590 2747 896 2818 ignoremus
934 2764 1002 2804 ex
1029 2764 1138 2818 quo
1183 2749 1331 2806 fonte
1371 2759 1550 2806 motus
1599 2750 1766 2806 animi

177 2838 340 2892 vestri
380 2837 442 2892 in
471 2853 570 2891 nos
597 2838 974 2907 produxerim,
1008 2849 1189 2896 tamen
1239 2857 1308 2896 ex
1349 2841 1523 2897 olIicio
1576 2852 1767 2897 nostro

166 2932 452 2998 "pratstare
484 2927 764 2993 'lebemus,
803 2929 916 2985 sine
944 2932 1094 3003 gravi
1119 2931 1233 2997 lite,
1281 2942 1541 3002 quantum
1585 2942 1765 2986 vestra

181 3017 432 3084 interest,
468 3029 528 3073 ut
553 3019 643 3075 hic
672 3019 794 3075 fons
820 3030 1052 3087 arescat,
1079 3030 1134 3076 et
1157 3022 1245 3076 hic
1275 3031 1453 3077 motus
1506 3023 1766 3090 conquie-

180 3121 313 3166 scat.
338 3112 514 3183 Igitur
539 3112 605 3167 ad
631 3113 944 3183 petitionem
969 3113 1297 3168 venerabilis
1321 3112 1433 3169 νγ.
1458 3114 1769 3183 Argentinae

1870 592 1974 630 non
2000 592 2119 630 meo
2158 578 2288 631 vitio
2332 579 2598 647 perditam
2631 594 2660 632 a
2691 589 2871 633 vestra
2920 581 3119 634 virtute
3167 597 3390 652 reposco
3425 601 3440 636 :

1868 684 1931 722 ea
1970 679 2160 738 negata
2188 670 2412 724 multum
2438 671 2723 737 doliturus,
2758 672 2994 742 itemque
3040 685 3254 744 recepta
3301 677 3443 730 mul-

1871 767 1979 812 tum
2008 761 2308 829 gavisurus.

2359 875 2693 931 EPlSTOLA
2725 876 2948 933 CXCVI.

2101 978 2152 1018 ϐ.
2195 980 2384 1020 ΛΒΒᾹΤΙ
2421 983 2467 1020 8.
2507 983 2755 1032 1111111ιο1,
2797 981 2865 1023 ΕΤ
2904 987 3221 1028 FRATRIBUS.

1937 1069 2042 1127 Pro
2057 1077 2157 1128 tnei
2178 1076 2274 1130 loci
2291 1087 2452 1147 atque
2467 1080 2858 1135 ordinisollicio
2878 1100 3190 1152 magnorum
3209 1089 3447 1155 negotio-

1867 1179 1986 1216 rum
2000 1169 2441 1235 ocenpationilms
2473 1171 2537 1223 ad
2554 1170 2783 1239 plurima
2799 1173 3106 1238 distractus,
3123 1192 3220 1230 nec
3235 1177 3442 1248 legatis,

1868 1259 2174 1314 neclitlcris
2209 1275 2327 1328 qua:
2356 1261 2497 1315 circa
2527 1277 2611 1315 me
2631 1272 2890 1332 geruntur
2920 1265 3179 1320 hactenus
3201 1270 3351 1323 vobis
3375 1286 3447 1322 sr-

1868 1350 2127 1420 gnifieat'e
2157 1351 2321 1405 volui.
2353 1351 2504 1406 Nunc
2531 1369 2786 1421 quoniam
2830 1354 3138 1411 frater......
3179 1359 3316 1412 sicut
3352 1376 3447 1428 per

1867 1443 2554 1513 antiquiorem...gerulum
2581 1447 2931 1514 scripseram,
2967 1452 3091 1502 dum
3125 1452 3310 1503 urbem
3341 1451 3447 1504 lie-

1867 1549 2076 1587 morum
2105 1549 2267 1586 causa
2299 1535 2392 1588 Dei
2420 1535 2584 1603 fugio,
2632 1537 2749 1590 urbi
2795 1537 3086 1592 Remorum
3131 1542 3302 1610 gratia
3354 1545 3445 1597 Dei

1866 1623 2121 1692 praelatus
2150 1641 2288 1678 sum.
2324 1625 2452 1692 Qua:
2481 1643 2566 1680 res
2592 1637 2779 1696 gentes
2803 1637 2857 1682 et
2894 1630 3116 1699 populos
3142 1633 3192 1685 in
3227 1634 3327 1686 mei
3357 1650 3449 1687 cx-

1867 1715 2054 1768 citavit
2094 1715 2371 1770 invidiam.
2407 1717 2473 1771 Et
2502 1719 2626 1787 quia
2670 1719 2874 1773 viribus
2915 1731 3206 1790 nequeunt,
3243 1723 3450 1792 legibus

1868 1807 2060 1862 ulcisci
2087 1817 2358 1877 quaerunt.
2385 1809 2588 1878 Estque
2624 1810 2957 1866 tolerabilior
2977 1829 3253 1868 armorum
3284 1815 3450 1871 collu-

1868 1903 2034 1957 ctatio
2069 1919 2229 1972 quam
2263 1903 2440 1972 legum
2473 1904 2813 1976 disceptatio.
2857 1908 2925 1961 Et
2967 1913 3217 1980 quamvis
3242 1913 3451 1966 mundis

1869 1994 2004 2048 meis
2029 1994 2241 2048 dicendi
2272 2005 2388 2048 arte
2413 2036 2427 2060 ,
2473 2006 2526 2050 et
2569 1997 2746 2066 legum
2785 1999 2996 2066 prolixa
3041 2000 3450 2071 interpretatio-

1870 2100 1956 2148 ne,
1995 2095 2252 2154 quantum
2289 2102 2406 2142 mea
2445 2088 3094 2156 interest,-satisfecerim,
3122 2108 3229 2147 non
3267 2101 3448 2148 tamen

1867 2180 2042 2233 adhuc
2066 2180 2234 2234 semel
2261 2191 2436 2252 empta
2461 2182 2828 2252 deposuerunt
2860 2183 3004 2238 odia.
3037 2185 3083 2237 A
3113 2195 3249 2240 teste
3288 2202 3450 2255 ergo,

1868 2273 2148 2325 reverendi
2181 2271 2394 2338 Patres,
2427 2284 2718 2342 vestroque
2749 2274 2967 2329 alumno
3003 2275 3139 2330 fusis
3177 2278 3242 2331 ad
3282 2278 3449 2332 Deum

1867 2363 2125 2432 precibus
2149 2381 2306 2432 opem
2337 2365 2492 2420 ferte.
2522 2367 2778 2435 Discipuli
2815 2368 3062 2435 victoria,
3093 2371 3334 2440 magistri
3368 2382 3454 2427 est

1867 2452 2058 2523 gloria.
2087 2454 2143 2506 In
2182 2470 2469 2509 connnune
2496 2457 2711 2524 quidem
2739 2459 2990 2513 omnibus
3024 2459 3175 2515 vobis
3220 2478 3319 2530 pro
3344 2464 3451 2517 mei

1869 2546 2210 2602 institutione
2242 2558 2422 2618 grates
2459 2551 2715 2619 rependo,
2759 2554 2852 2605 sed
2897 2553 3184 2622 specialius
3211 2556 3351 2624 patri
3382 2555 3449 2609 lt.

1866 2637 1984 2702 Cui,
2015 2639 2058 2692 si
2087 2641 2214 2708 quid
2256 2640 2495 2694 scientiae
2551 2641 2604 2694 in
2641 2637 2742 2695 'me
2782 2652 2887 2707 est,
2934 2655 3055 2712 post
3093 2644 3261 2700 Deum
3309 2648 3454 2702 inter

1867 2741 2056 2781 onmes
2099 2729 2356 2784 mortales
2404 2730 2609 2801 gratias
2657 2733 2912 2800 rependo.
2971 2734 3240 2790 Nunc.....
3271 2738 3454 2792 valeat

1871 2825 2118 2870 sanctum
2150 2818 2436 2888 collegium
2489 2820 2868 2876 vestrt'mt......
2923 2823 3134 2878 valeant
3180 2828 3451 2894 quondam

1869 2903 1974 2958 mei
2007 2906 2117 2958 noti
2152 2906 2234 2959 vel
2265 2907 2530 2962 atlinitate
2563 2908 2859 2976 conjuncti,
2909 2911 2953 2966 si
3005 2913 3095 2982 qui
3140 2926 3452 2983 supersunt,

1869 3012 2096 3066 quorum
2132 3007 2342 3051 tantum
2375 3000 2610 3066 speciem
2644 3017 2744 3056 nec
2768 3003 2948 3058 omnia
2981 3005 3112 3060 satis
3140 3008 3263 3061 novi
3290 3025 3303 3061 :
3338 3025 3447 3064 non

1871 3104 2056 3143 cormn
2082 3088 2265 3157 aliquo
2293 3089 2432 3144 fastu
2463 3091 2684 3158 oblitus,
2713 3095 2807 3149 sed
2836 3095 3192 3152 barbarorum
3228 3098 3458 3156 feritate

181 3202 418 3258 civitatis
462 3203 705 3274 episcopi
738 3205 1132 3261 nudiustertius
1163 3205 1425 3275 descripsi
1479 3206 1764 3261 materiam

1873 3191 2198 3247 maceratus,
2229 3191 2499 3253 totusque,
2529 3185 2689 3239 utita
2737 3186 2936 3251 dicam,
2985 3188 3265 3244 alteratus.
3325 3190 3460 3258 Quae

182 3293 446 3348 malorum
479 3295 655 3350 nostri
693 3297 979 3366 temporis;
1007 3305 1063 3350 et
1100 3297 1227 3366 quid
1255 3297 1396 3350 inter
1427 3307 1611 3365 partes
1637 3311 1768 3349 con-

180 3387 388 3440 veniret
440 3385 531 3440 vel
592 3386 995 3442 disconveniret
1043 3389 1261 3458 aperui;
1309 3388 1460 3443 vobis
1511 3397 1767 3457 tanquam

181 3479 424 3546 probatis
460 3474 741 3545 iudicibus
772 3479 964 3533 direxi.
1006 3478 1076 3534 Et
1115 3495 1258 3533 nunc
1289 3481 1356 3533 ad
1387 3489 1570 3534 votum
1622 3493 1768 3533 meo-

186 3585 298 3625 rum
331 3571 600 3635 bostium,
630 3570 757 3639 quia
786 3585 851 3624 ex
878 3580 990 3625 toto
1010 3571 1140 3626 orbe
1165 3571 1278 3624 fieri
1307 3586 1412 3624 non
1437 3580 1634 3640 potest,
1664 3569 1765 3624 sal-

185 3671 284 3717 tem
313 3677 388 3716 ex
416 3670 532 3716 toto
559 3671 866 3716 nostrorum
890 3663 1195 3732 principum
1235 3662 1520 3732 regimine,
1559 3671 1620 3716 ut
1647 3661 1770 3716 uni-

185 3755 396 3810 versale
444 3761 672 3824 cogatur
706 3753 1013 3817 concilium,
1052 3753 1228 3808 modis
1253 3754 1451 3822 quibus
1474 3752 1628 3806 valeo
1658 3751 1770 3806 ela~

184 3846 336 3901 boro.
369 3845 454 3900 Eo
485 3845 840 3900 conveniendi
869 3853 922 3900 et
948 3845 1307 3915 disceptandi,
1333 3861 1438 3900 non
1472 3843 1644 3899 solum
1676 3859 1769 3898 cu-

188 3938 372 4004 riosis,
397 3937 494 3993 sed
515 3938 678 3992 etiam
701 3937 969 4001 hostibus,
986 3937 1156 3992 libera
1182 3939 1340 3992 datur
1360 3937 1608 3992 facultas.
1628 3935 1770 3991 Tan-

191 4037 298 4084 tum
329 4030 532 4100 quippe
564 4045 592 4083 a
618 4029 770 4083 nobis
803 4030 956 4084 abest
986 4028 1334 4094 maleﬁcium,
1363 4039 1683 4097 tantmnquc
1713 4029 1766 4082 in

190 4119 503 4175 innocentia
559 4117 899 4185 confidimus,
957 4127 1018 4174 ut
1070 4119 1604 4190 regularejudicium
1659 4134 1767 4174 non

191 4211 361 4266 solum
387 4228 495 4267 non
522 4211 840 4279 devitemus,
873 4213 966 4268 sed
985 4197 1160 4268 etiam
1185 4213 1339 4282 quasi
1381 4221 1495 4267 toto
1523 4210 1654 4266 orbe
1680 4201 1756 4265 fu-

192 4305 341 4375 giens
362 4321 778 4376 prosequamur.
804 4305 941 4363 Ecce
985 4323 1127 4362 nunc
1156 4307 1314 4362 tertio
1352 4305 1540 4360 moniti
1563 4305 1607 4360 si
1633 4319 1772 4375 prte-

193 4399 419 4452 sentiam
449 4414 607 4453 suam
649 4399 904 4453 exhibere
947 4397 1242 4464 noluerint,
1293 4405 1346 4452 et
1383 4397 1673 4467 appellatio
1715 4404 1771 4450 et

197 4486 308 4542 litis
373 4488 694 4544 retractatio
749 4489 861 4561 lege
921 4490 1284 4560 peremptoria
1354 4490 1647 4559 sopientur.
1705 4488 1763 4542 ln

195 4594 299 4647 qua
351 4595 411 4635 re
464 4590 705 4635 vestrum
757 4591 839 4636 est
894 4581 1358 4646 animadvertere,
1401 4583 1486 4635 cui
1531 4582 1606 4635 ira
1656 4581 1765 4635 Do-
1797 4556 1844 4615 θ

197 4673 326 4727 1111111
393 4675 758 4729 comminatur
822 4673 1053 4729 dicentis
1111 4691 1124 4728 :
1185 4672 1274 4728 Va:
1325 4673 1403 4727 illi
1465 4689 1557 4744 per
1615 4689 1766 4743 quem

199 4766 501 4819 scandalum
566 4765 752 4819 venit!
818 4764 954 4820 Cum
1017 4766 1159 4820 enim
1223 4765 1424 4820 Paulus
1495 4765 1771 4836 apostolus

201 4861 343 4914 dicat
392 4878 404 4912 :
449 4858 562 4913 Nos
614 4860 822 4930 quidem
865 4861 1210 4930 prwdicamus
1263 4859 1527 4916 Christum
1563 4862 1765 4915 Jesum.

202 4949 400 5004 Judwis
461 4950 677 5021 quidem
751 4949 1100 5013 scandalum,
1153 4947 1349 5005 Gra’cis
1411 4964 1586 5006 autem
1640 4950 1773 5006 stul-

205 5040 389 5094 titiam.
436 5041 549 5097 Non
596 5043 789 5110 itaque
841 5039 1010 5093 Paulo
1055 5049 1137 5095 est
1175 5055 1275 5104 vas,
1311 5042 1402 5095 sed
1443 5042 1549 5104 bis,
1595 5049 1654 5096 nt
1697 5041 1790 5094 ait'

205 5132 472 5200 propheta,
495 5133 586 5203 qui
619 5131 813 5186 dicunt
855 5130 1052 5184 bonum
1098 5131 1323 5193 malum,
1348 5143 1401 5186 et
1431 5133 1631 5186 malum
1679 5132 1771 5187 bo-

207 5235 329 5252 num
378 5221 512 5252 ΝΛι-ἶσ
534 5223 800 5252 Πληιῖηηο
825 5221 912 5252 ιιιιῖ
941 5230 1058 5252 enni
1087 5222 1199 5252 Λῖηη
1253 5223 1395 5252 unan
1422 5225 1508 5252 nn:
1543 5225 1621 5252 ,ιιι-ζ
1656 5237 1752 5252 κη..

1874 3271 2190 3328 adolescens
2237 3275 2424 3339 didici,
2458 3275 2677 3344 juvenis
2733 3278 2934 3333 amisi:
2973 3291 3028 3334 et
3079 3297 3198 3350 qua:
3238 3282 3455 3351 juvenis

1871 3366 2169 3434 conenpivi,
2225 3383 2390 3422 senex
2439 3370 2758 3438 contempsi.
2812 3368 2970 3426 Tales
3025 3371 3233 3427 fructus
3287 3373 3458 3431 aﬂ‘ero

1871 3455 2024 3508 mihi.
2064 3456 2107 3510 Ο
2137 3455 2405 3524 voluptas!
2441 3458 2566 3511 talia
2597 3459 2783 3513 mundi
2813 3460 3046 3516 honores
3068 3464 3283 3532 pariunt
3322 3481 3456 3533 gau-

1871 3546 1979 3601 dia.
2015 3546 2232 3601 Credite
2259 3564 2390 3619 ergo
2417 3549 2549 3603 mihi
2599 3559 2840 3620 experto.
2869 3551 2924 3604 ln
2949 3564 3209 3622 quantum
3254 3555 3459 3624 princi-

1870 3654 1966 3710 pes
1988 3643 2228 3698 extcrius
2254 3644 2452 3699 attollit
2482 3645 2674 3716 gloria,
2719 3646 2772 3700 in
2811 3657 3015 3704 tantum
3053 3651 3326 3706 cruciatus
3360 3669 3458 3708 an-

1870 3733 1947 3803 git
1976 3733 2222 3788 interius.

2347 3828 2682 3886 EPISTOLA
2721 3829 2968 3886 CXCVII.

1944 3939 2310 3998 Consnlnistis
2348 3952 2529 3997 utrum
2580 3945 2626 3998 is
2657 3945 2748 4014 qui
2788 3962 3030 4002 sororem
3070 3962 3182 4003 sua:
3212 3951 3457 4022 conjugis

1872 4030 2140 4086 adulterio
2191 4033 2400 4102 polluit,
2455 4042 2579 4103 post
2625 4044 2902 4104 peractam
2952 4037 3328 4106 pmnitentiam
3385 4043 3454 4096 ad

1870 4125 2108 4196 priorem
2153 4128 2403 4197 c0pu|am
2436 4127 2617 4183 redire
2644 4127 2857 4193 debeat,
2888 4145 2956 4182 an
2993 4129 3222 4183 alteram
3247 4133 3452 4187 sortiri.

1871 4215 1940 4270 Et
1988 4216 2212 4271 alterum
2264 4217 2479 4287 quidem
2537 4219 2892 4289 permittitur,
2953 4220 3183 4274 alterum
3236 4223 3458 4289 penitus

1872 4309 2165 4363 inhibetur.
2194 4309 2251 4364 111
2275 4309 2522 4365 conciliis
2551 4309 2840 4376 Africanis,
2869 4310 3020 4366 titulo
3047 4310 3136 4374 49,
3165 4309 3367 4379 placuit
3398 4321 3457 4367 ut

1873 4401 2172 4455 secundmn
2196 4401 2566 4472 evangelicam
2601 4410 2656 4454 et
2691 4401 3044 4471 apostolicam
3080 4403 3458 4472 disciplinam,

1873 4508 2052 4562 neque
2083 4493 2339 4547 dimissus
2369 4494 2437 4548 ab
2466 4508 2654 4558 uxore,
2685 4508 2861 4563 neque
2889 4494 3108 4548 dimissa
3160 4510 3190 4548 a
3234 4495 3458 4563 marito,

1876 4583 2032 4637 alteri
2059 4581 2481 4652 conjungantur,
2509 4583 2602 4639 sed
2631 4585 2704 4638 ita
2729 4593 2985 4638 maneant
3015 4593 3073 4637 ut
3108 4584 3324 4638 sibimet
3369 4600 3458 4640 re-

1875 4673 2252 4729 concilientur.
2305 4673 2458 4741 Quod
2501 4676 2546 4728 si
2595 4676 3042 4744 contempserint,
3083 4676 3150 4729 ad
3187 4677 3458 4748 paeniten-

1877 4767 2371 4838 tiamredigantur.
2420 4769 2571 4834 Quod
2628 4768 2673 4822 si
2721 4767 2916 4823 mulier
2954 4768 3168 4826 duxerit
3207 4768 3461 4834 alterum,

1877 4874 1987 4913 non
2009 4858 2171 4928 prius
2212 4859 2444 4928 accipiat
2478 4859 2941 4923 communionem,
2991 4874 3152 4929 quam
3211 4860 3256 4912 is
3297 4873 3460 4926 quem

1877 4950 2098 5019 reliquit
2124 4951 2190 5006 de
2212 4952 2412 5005 smculo
2452 4953 2686 5007 exierit:
2714 4951 2818 5006 nisi
2866 4950 3008 5007 forte
3041 4950 3337 5004 necessitas
3379 4951 3460 5004 in-

1877 5040 2150 5096 ﬁrmitatis
2192 5042 2322 5096 dare
2369 5044 2707 5114 compulerit.
2765 5043 2905 5113 Agat
2945 5060 3075 5114 ergo
3111 5043 3199 5095 hic
3225 5043 3292 5094 ad
3336 5041 3460 5096 ulti-

1877 5149 2024 5188 mum
2055 5135 2428 5203 pmnitentiam
2462 5136 2580 5209 lege
2613 5151 2798 5193 comm
2821 5137 2912 5205 qui
2940 5151 2998 5192 se
3025 5137 3228 5190 incesto
3257 5135 3461 5201 pollue-

1876 5231 1998 5252 ..ρ-..ι
2069 5225 2160 5252 λιιι-1
2204 5223 2408 5252 διιπετέΛο
2456 5224 2803 5252 ,ιΑΑΑ-κοιλιΑδιι
2867 5224 3090 5252 0--.:“a
3133 5233 3343 5252 III-ntroin
3375 5223 3426 5252 n:
