3948 5350
496 356 499 361 -
517 322 627 380 259

1169 319 1533 376 SlL\'ESt‘ﬁl
1562 304 1859 374 niam:
1900 315 2050 372 ore.

2201 312 2273 369 RS
2314 313 2402 369 III.
2443 345 2512 356 —-
2539 313 2756 372 EPIST.
2796 314 2883 370 ET
2925 313 3200 371 DIPLOM.

3689 315 3795 376 260

528 436 655 502 test,’
684 444 743 493 ut
770 436 815 492 si
845 435 959 491 haec
983 433 1224 490 adultera
1248 449 1307 490 se
1330 436 1611 490 continere
1643 446 1749 489 non
1779 440 1976 504 potest,
2009 445 2112 485 uu-
2138 431 2184 489 Α
2214 426 2267 480 in
2293 427 2431 483 faeie
2450 428 2850 499 anteponimus,
2881 444 2980 485 cur
3006 438 3320 484 sanctarum
3347 433 3530 501 legum
3574 443 3704 501 jura
3734 433 3796 488 il-

516 529 628 593 bat,
665 537 724 583 ut
755 528 834 582 ait
864 526 1178 598 Apostolus,
1208 534 1418 581 tantum
1452 526 1505 581 iu
1543 524 1792 580 Domino.

980 638 1318 694 EPISTOLA
1356 636 1630 693 CXCVIII.

896 746 1135 787 GERBERT
1143 746 1203 785 US
1242 744 1397 784 LEONI
1435 743 1724 784 PONTIFICI.

592 843 781 898 Sciens
815 856 1062 912 magnam
1095 837 1526 894 benevolentiam
1561 845 1796 891 vestram
1826 849 1953 905 erga
1983 849 2101 899 me,

516 936 654 991 tanti
700 934 801 988 viri
848 931 1085 987 amicitia
1147 929 1360 984 felicem
1419 944 1505 982 me
1553 925 1758 996 judico.
1812 926 2105 979 Enimvero

517 1027 644 1099 quia
689 1035 879 1079 nostra
929 1024 1162 1077 servitus
1208 1022 1388 1076 minus
1420 1021 1572 1074 vobis
1613 1018 1977 1073 obsecundala
2018 1025 2106 1070 est

520 1133 640 1187 qua:
668 1113 991 1186 Oportuerit,
1024 1128 1131 1166 nou
1160 1110 1557 1165 malevolentia:
1589 1107 1965 1164 ascribeudum
1999 1113 2101 1170 est,

515 1207 609 1262 sed
641 1203 976 1262 necessitati.
1008 1201 1158 1256 Inter
1185 1200 1365 1255 varios
1412 1200 1610 1269 quippe
1663 1197 1943 1261 tumultus,
1987 1195 2107 1274 qui-

516 1296 621 1352 bus
656 1293 1200 1371 assidue‘qnatimur,
1232 1291 1323 1345 vix
1345 1289 1540 1360 aliquis
1562 1289 1789 1343 idoneus
1811 1286 2102 1357 reperitur,

514 1388 601 1444 cui
628 1395 742 1442 tuto
771 1394 978 1442 secreta
1012 1385 1250 1454 pectoris
1276 1391 1606 1437 reserentur.
1631 1380 1710 1455 Ita
1747 1380 1849 1435 sibi
1886 1378 2104 1433 virtutis

426 1486 437 1500 ’
514 1495 696 1535 arcem
726 1479 883 1535 dolus
913 1488 968 1533 et
986 1477 1160 1543 fraus,
1203 1474 1475 1530 simulatio
1511 1483 1566 1529 et
1600 1473 1977 1539 dissimulatio,
2025 1473 2105 1526 vi-

482 1604 485 1605 ν
516 1574 701 1628 eissim
729 1577 1155 1641 occupaverunt.
1189 1567 1326 1623 Hinc
1357 1576 1440 1623 est
1460 1566 1602 1637 quod
1628 1576 1913 1637 postquam
1955 1582 1986 1619 a
2018 1579 2104 1620 me

516 1661 757 1732 digressi
794 1661 947 1727 estis,
976 1658 1124 1714 nulla
1158 1658 1463 1713 litterarum
1495 1665 1681 1711 mutua
1729 1654 2106 1726 perfunctione

516 1752 599 1806 usi
633 1766 837 1816 sumus,
873 1751 975 1806 nisi
1002 1764 1066 1804 ea
1096 1766 1216 1821 qua:
1260 1749 1414 1805 vobis
1452 1750 1561 1805 sub
1590 1748 1876 1819 triplicata:
1919 1747 2101 1803 crucis

504 1845 670 1915 .siguo
695 1843 1253 1915 direximus..ltaque
1295 1856 1395 1897 uos
1442 1850 1496 1894 et
1543 1850 1732 1895 nostra
1775 1839 1874 1895 sub
1917 1847 2097 1894 vestra

514 1936 868 2006 dispositione
899 1933 974 1988 ita
1015 1933 1428 1998 constituimus,
1459 1931 1642 2001 utqui
1690 1929 1832 1986 forte
1870 1945 1968 1984 nos
2008 1929 2101 1983 lae-

514 2031 672 2097 serit,
705 2031 907 2085 domno
934 2028 1097 2083 Leoni
1121 2026 1361 2098 pontiﬁci
1397 2026 1653 2096 injuriam
1701 2024 1970 2093 irrogasse
2017 2021 2099 2074 vi-

515 2138 612 2178 sus
642 2123 732 2178 sit.
762 2121 1004 2193 Necerit
1044 2120 1302 2188 deinceps
1349 2117 1521 2172 nostri
1548 2115 1688 2185 juris
1737 2114 1888 2185 quid,
1933 2127 2103 2181 quan-

513 2226 651 2282 tum,
699 2214 936 2287 quibus,
986 2221 1040 2268 et
1088 2211 1306 2281 quando
1348 2210 1613 2280 placitura
1668 2214 1971 2277 parentur:
2004 2204 2101 2285 sed

513 2308 713 2363 domno
762 2307 933 2362 Leoni
985 2305 1214 2376 diligens
1257 2302 1431 2358 aderit
1475 2300 1794 2369 obsequium
1843 2295 2097 2351 ministri.

513 2400 708 2457 Saluto
733 2402 989 2457 domuum
1017 2400 1328 2470 episcopum
1359 2393 1590 2450 amicum
1619 2408 1716 2463 per
1743 2406 1922 2446 omnia
1949 2404 2101 2444 reve-

512 2492 780 2559 renduut:
826 2491 1054 2546 multum
1097 2490 1165 2545 de
1212 2488 1329 2559 ejus
1382 2485 1650 2556 sapientia
1697 2492 1752 2539 et
1791 2482 2097 2552 eloquentia

513 2596 870 2653 praesumens,
903 2590 959 2636 et
1003 2578 1261 2655 singulari
1298 2593 1509 2633 morum
1540 2576 1832 2647 probitate,
1889 2591 1954 2630 ac
2003 2589 2101 2645 per

511 2677 616 2732 hoc
639 2676 899 2746 obsequio
926 2673 1042 2744 ejus
1072 2689 1156 2729 me
1186 2672 1478 2730 obnoxium
1509 2668 1759 2724 reddens.

996 2785 1329 2842 EPISTOLA
1348 2794 1351 2797 '
1369 2782 1598 2840 CXCIX.

1019 2894 1087 2933 AD
1116 2892 1354 2932 JOANNEII
1394 2891 1588 2930 PAPALI.

583 2973 940 3029 Sanctissimo
958 2979 1142 3027 vcstro
1163 2970 1483 3041 apostolatui
1510 2968 1752 3039 potuisse
1778 2967 1986 3038 subripi
2012 2981 2097 3023 me

511 3065 808 3135 cujuspiam
835 3063 1173 3135 pervasiouis
1193 3078 1342 3116 reum
1364 3062 1558 3126 videri,
1581 3060 1766 3115 dolore
1792 3058 2095 3114 vehementi

2209 516 2359 587 licita
2386 520 2678 589 cupiditate
2709 519 3018 576 calcamus?
3043 520 3106 574 Et
3127 521 3243 576 Ilth
3267 522 3486 592 quidem
3510 523 3791 589 Dominus,

2198 619 2263 681 et
2287 611 2552 667 clamores
2580 627 2717 693 quos
2742 612 2956 669 assidue
2996 613 3256 682 patimur,
3288 630 3396 670 non
3426 614 3570 669 sicut
3603 625 3793 685 tyran—

2209 719 2313 759 nus
2342 715 2695 776 tyrannorum
2733 704 3072 774 praeiudicio,
3101 707 3196 760 sed
3247 706 3389 760 sicut
3418 706 3682 761 sacerdos
3711 719 3796 761 sa-

2196 795 2490 861 cerdotum
2520 796 2745 866 judicio,
2774 797 3030 865 pensetis,
3077 780 3419 859 discernatis,
3460 796 3791 866 dijudieetis.

2194 883 2319 955 Alios
2348 898 2525 941 motus
2553 886 2898 957 compescite,
2931 887 3030 941 has
3057 887 3305 956 querelas
3330 887 3529 958 sopite,
3585 902 3793 941 morum

2206 977 2493 1044 gravitate,
2550 992 2817 1050 annorum
2875 976 3236 1031 teneritudine
3279 986 3552 1044 superate.
3612 975 3795 1030 Lectio

2205 1069 2483 1135 continua,
2513 1078 2570 1124 et
2612 1069 2966 1139 interrogatio
3009 1069 3227 1123 assidua
3288 1076 3526 1122 mentem
3555 1075 3792 1121 vestram

2204 1171 2455 1214 exacuet.
2494 1158 3079 1230 Cnrjudiciutu........~
3099 1175 3198 1214 nos
3224 1159 3412 1214 latuit?
3443 1158 3555 1214 Cur
3586 1159 3656 1213 ad
3682 1174 3797 1212 ma—

2200 1249 2375 1320 jorem
2425 1249 2757 1304 audientiam
2806 1265 3108 1320 provocans
3168 1250 3283 1306 suis
3337 1251 3504 1306 rebus
3550 1250 3796 1320 privatus

2192 1341 2321 1413 est?
2351 1340 2504 1409 Quod
2535 1342 2580 1396 si
2611 1357 2719 1396 non
2751 1355 3074 1419 provocans,
3117 1341 3214 1396 sed
3273 1349 3456 1396 tacens
3506 1340 3794 1411 spoliatus,

2206 1446 2375 1501 quare
2403 1433 2455 1486 in
2488 1447 2610 1487 eum
2642 1432 2910 1503 prolatum
2938 1432 3204 1502 judicium
3236 1433 3305 1487 ad
3334 1447 3434 1487 nos
3458 1446 3568 1487 non
3598 1439 3685 1487 est
3711 1445 3797 1485 re-

2205 1522 2411 1578 latum?
2441 1522 2497 1578 Si
2526 1525 2640 1579 haec
2687 1525 2869 1594 itaque
2904 1524 3143 1580 scienter
3172 1524 3382 1594 egistis,
3412 1523 3500 1577 lex
3556 1520 3613 1577 in
3659 1536 3795 1576 con-

2206 1621 2451 1670 tumaces
2475 1624 2589 1671 est:
2616 1616 2661 1669 si
2694 1616 3027 1685 iguoranter,
3055 1614 3246 1683 utique
3274 1614 3432 1669 venia
3466 1613 3647 1668 danda
3691 1612 3796 1667 hoc

2206 1722 2386 1787 pacto,
2421 1722 2479 1766 ut
2511 1711 2797 1783 illegaliter
2848 1711 3029 1768 ablata
3072 1710 3391 1782 presbytero
3437 1711 3797 1766 restituantur

2129 1802 2177 1863 Β
2203 1805 2448 1877 legaliter
2477 1826 2490 1862 :
2522 1817 2831 1879 postquam,
2862 1808 2905 1863 si
2940 1808 3013 1862 ita
3059 1808 3350 1885 videbitur,
3401 1805 3669 1876 judicium
3719 1806 3797 1863 le-

2203 1900 2361 1967 gibus
2390 1900 2696 1966 iunovetur,
2727 1915 2796 1955 ne
2826 1900 2873 1954 si
2894 1899 3242 1975 existimetis
3290 1899 3456 1953 ﬁlium
3486 1914 3671 1954 meum
3722 1897 3793 1952 Β.

2202 2007 2316 2047 sua:
2340 1992 2587 2048 difﬁdere
2614 2008 2813 2059 causae,
2841 1993 2970 2064 quia
3000 2009 3143 2048 nunc
3173 2009 3240 2048 ex
3274 1993 3529 2048 condicto
3554 2006 3665 2047 non
3694 2006 3792 2047 oc-

2199 2083 2395 2139 currit.
2421 2083 2672 2138 Pluribus
2697 2084 2841 2139 euim
2899 2084 3147 2154 occupati
3193 2083 3443 2154 negotiis,
3492 2098 3619 2137 eum
3654 2097 3792 2136 exa—

2202 2172 2337 2227 mini
2367 2183 2550 2229 vestro
2576 2174 2810 2245 dirigere
2860 2188 3032 2244 usque
3077 2175 3132 2229 in
3181 2189 3251 2228 xv
3301 2173 3421 2228 Kal.
3479 2173 3790 2244 nequimus.

2201 2263 2348 2330 Quas
2376 2279 2557 2319 moras
2586 2265 2687 2320 sibi
2717 2281 2827 2320 non
2853 2264 3136 2320 obfuturas
3162 2281 3260 2335 pro
3297 2280 3511 2320 summa
3552 2266 3792 2320 benevo-

2200 2355 2366 2410 lentia
2395 2366 2574 2411 vestra
2602 2357 2749 2415 circa
2771 2372 2869 2411 nos
2886 2357 3213 2412 omnimodis
3230 2356 3612 2427 deprecamur.
3639 2354 3792 2423 Quod

2200 2447 2246 2503 si
2275 2448 2390 2503 haec
2418 2456 2699 2502 mansuete
2727 2446 2983 2510 feceritis,
3018 2448 3071 2503 in
3099 2447 3218 2517 ejus
3238 2447 3444 2516 judicio
3466 2447 3586 2502 sine
3602 2461 3792 2517 perso-

2201 2551 2395 2589 narum
2425 2546 2742 2606 acceptione
2763 2538 3164 2607 Jttdicaveritis,
3209 2538 3441 2610 plurima
3468 2553 3571 2593 uos
3594 2537 3790 2593 debere

2199 2625 2462 2697 obsequio
2493 2618 2676 2684 vestro
2703 2613 2936 2684 facietis.

2734 2738 3072 2796 EPISTOLA
3110 2738 3239 2795 CCI.

2082 2886 2091 2893 κ
2184 2846 2513 2910 δεῐιΒεῐιΤυε
2546 2870 2616 2909 ΕΤ
2654 2870 2825 2910 OMNES
2855 2869 3089 2908 EPISCOPI
3124 2866 3431 2909 DIGZCESEOS
3455 2866 3789 2917 REIENSIUI,

2651 2940 3045 2980 PERVASORIBUS
3081 2939 3312 2979 EJUSDEI
3381 2998 3385 3002 _

2270 3039 2555 3095 Girbcrtus
2585 3039 2759 3110 gratia
2790 3038 2884 3094 Dei
2924 3037 3215 3093 Remorum
3244 3018 3568 3107 episcopus,
3616 3034 3792 3091 Guido

510 3125 735 3216 afﬁcior,
787 3125 853 3207 et.
888 3153 1013 3207 totis
1059 3152 1358 3206 visceribus
1405 3150 1723 3221 iugcmisco.
1772 3149 1849 3203 Eo
1897 3148 2094 3218 quippe
2125 3157 2170 3220 ο
2202 3125 2582 3197 δυθεεοηίοιιε,
2615 3129 2885 3184 Αάοίὺθΐο
2917 3127 3313 3221 [ιδυδψξθηδίδν
3344 3127 3413 3180 Ῑῖο
3460 3125 3792 3181 Νονίοηιθη-

511 3245 694 3300 animo
724 3245 776 3299 in
807 3243 1048 3299 Ecclesia
1086 3244 1179 3299 Dei
1232 3245 1496 3298 hactenus
1543 3250 1791 3297 versatus
1840 3256 1981 3306 sum,
2038 3249 2098 3295 ut

509 3336 696 3392 multis
725 3335 1044 3406 profuerint,
1076 3336 1344 3391 nemiuem
1376 3333 1631 3389 laeserim.
1661 3331 1779 3386 Non
1807 3347 1936 3402 ergo
1993 3331 2098 3385 Ar-

510 3434 641 3489 nulli
670 3444 888 3505 peccata
914 3426 1149 3504 prodidi,
1174 3434 1267 3489 sed
1290 3433 1501 3504 publice
1521 3438 1834 3502 peccantem
1865 3429 2091 3499 reliqui:

494 3541 616 3581 non
647 3543 760 3597 spe,
792 3535 851 3580 ut
882 3527 985 3581 mei
1013 3525 1195 3581 aemuli
1226 3524 1434 3590 dicunt,
1467 3523 1787 3594 capessendi
1835 3521 1950 3592 ejus
1996 3524 2092 3577 Ito-

511 3615 864 3679 noris,.testi's
891 3626 974 3671 est
1010 3617 1168 3677 Deus.
1202 3624 1258 3671 et
1285 3616 1375 3685 qui
1424 3631 1510 3670 me
1557 3622 1845 3678 noverunt,
1893 3613 1986 3667 sed
2026 3628 2089 3668 nc

470 3702 475 3705 ’
507 3710 969 3767 communicarem
992 3706 1235 3779 peccatis
1271 3706 1489 3760 alienis.
2055 3714 2058 3718 λ

979 3838 1003 3843 ~
1056 3804 1391 3873 EPIS‘TOLA
1433 3816 1535 3872 cc.
1580 3810 1585 3839 ⁷

555 3911 719 3980 ,ριιῐδ
747 3912 946 3967 vestris
973 3911 1241 3965 interdum
1278 3926 1384 3965 non
1438 3909 1640 3963 utimur
1666 3908 1935 3978 alloquiis,
1986 3923 2091 3962 non

508 4008 642 4061 satis
683 4002 1052 4076 atquolauimn
1104 4001 1350 4057 ferimus.
1401 4002 1503 4056 Per
1546 4002 1663 4055 hate
1710 4002 1855 4056 enim
1908 4008 2090 4054 mutua

507 4105 690 4150 manet
713 4094 979 4159 Charitas,
1001 4092 1296 4147 dissociata
1318 4103 1535 4154 coeunt,
1562 4106 1752 4160 aspera
1780 4090 2090 4155 mitescunt,

506 4186 809 4240 simultates
839 4185 1132 4249 intereunt,
1164 4183 1443 4253 multaque
1472 4182 1817 4252 [tratsentiuttt
1867 4196 2090 4251 compa-

509 4285 707 4330 rantur.
723 4277 1028 4330 commoda.
1055 4276 1125 4328 At
1164 4276 1292 4333 dum
1321 4275 1422 4328 ista
1450 4283 1597 4329 motu
1629 4281 1933 4341 temporum
1988 4272 2065 4326 uti

490 4383 613 4422 .nus
658 4366 994 4436 assequitur,
1046 4368 1114 4420 ut
1164 4366 1469 4434 epistolaris
1513 4365 1754 4420 brevitas
1803 4364 1946 4417 inter
1992 4378 2091 4418 nos

494 4459 739 4517 .aﬁ‘ectus
786 4460 1042 4530 explicet,
1095 4460 1329 4529 petimus
1372 4458 1802 4512 benevolentiam
1852 4465 2088 4510 vestram

507 4565 609 4622 pro
640 4549 942 4605 fratre......
974 4559 1034 4605 ut
1057 4548 1230 4618 prosit
1259 4548 1306 4603 ei
1357 4548 1497 4617 apud
1546 4562 1641 4602 vos
1692 4546 1876 4601 nostra
1918 4545 2088 4600 inter-

424 4640 433 4649 ³
507 4642 704 4708 cessio,
732 4642 963 4713 plusque
989 4640 1093 4697 sibi
1121 4647 1305 4699 nostra
1334 4639 1576 4694 obtineat
1620 4636 1869 4709 epistola,
1925 4651 2089 4707 quam

506 4735 735 4791 fortuitu
759 4732 1060 4805 cuiuspiam
1087 4732 1277 4788 oblata
1300 4746 1546 4786 munera.
1592 4730 1919 4801 'l‘emporum
1945 4728 2087 4785 dilﬁ-

506 4828 801 4885 cultatibus
825 4826 1024 4883 addicti
1052 4825 1373 4896 regulariter
1401 4823 1713 4890 convenire,
1755 4833 1808 4878 et
1833 4839 1955 4893 qua:
1993 4822 2084 4878 Dei
2176 4869 2182 4877 .

507 4929 634 4976 sunt
669 4916 941 4988 quaarere,
963 4916 1228 4970 hactenus
1255 4931 1371 4970 .non
1419 4914 1551 4969 satis
1596 4914 1884 4967 valuimus.
1930 4911 2087 4966 Nunc

505 5009 632 5080 quia
658 5008 768 5062 Deo
790 5007 1093 5063 miserante
1115 5005 1390 5076 respirare
1413 5007 1593 5071 datur,
1634 5018 1942 5069 censemus,
1963 5018 2089 5058 vos-

503 5116 611 5160 aue
639 5101 903 5155 interesse
929 5097 1077 5153 omni
1107 5097 1344 5153 evitabili
1396 5098 1747 5153 excusatione
1791 5095 2086 5160 postposita

2200 3220 2294 3286 sis,
2324 3221 2448 3275 Rot.
2480 3221 2914 3287 Cameracensis,
2963 3220 3027 3277 Ο.
3058 3220 3503 3285 Silvauectensis,
3554 3220 3620 3274 F.
3660 3221 3790 3273 Am-

2197 3317 2490 3382 bianensis,
2521 3306 2581 3371 B.
2615 3316 2917 3381 \Ioriensis,
2950 3316 3080 3370 Her.
3117 3315 3504 3383 Belluacensis,
3542 3330 3648 3385 per
3675 3329 3793 3384 gra-

2200 3408 2329 3463 tiam
2361 3409 2540 3464 sancti
2577 3407 2813 3478 Spiritus
2851 3407 3109 3478 cpisc0pi,
3143 3405 3293 3461 vobis
3326 3403 3581 3460 Cirberto
3622 3414 3681 3458 et
3710 3404 3794 3457 his

2196 3499 2287 3568 qui
2318 3500 2610 3569 subscripti
2641 3507 2765 3554 sunt
2790 3498 3192 3568 pervaseribus,
3244 3494 3596 3550 carniﬁcibus
3627 3502 3791 3563 atque

2140 3628 2141 3631 η
2197 3592 2467 3664 tyrannis.
2517 3590 2618 3644 Diu
2671 3590 2932 3645 modestia
2980 3589 3322 3644 sacerdotum
3371 3587 3573 3641 furoris
3619 3584 3791 3640 vestri

2175 3687 2404 3754 rabiem
2434 3685 2714 3751 sustinuit,
2746 3693 2800 3738 et
2824 3683 3001 3737 adlmc
3022 3683 3288 3752 patienter
3311 3679 3618 3750 exspectat.
3647 3677 3793 3745 Quo-

2174 3792 2370 3848 .usque
2406 3793 2535 3847 ergo
2572 3776 2779 3831 insania
2801 3785 2985 3829 vestra
3014 3774 3162 3829 sanis
3189 3771 3552 3827 intellectibus
3588 3768 3791 3825 nostris

2195 3871 2456 3928 obsistet?
2483 3869 2779 3938 Quousque
2830 3866 3189 3922 dissimulatio
3239 3879 3530 3936 pravorum
3582 3860 3792 3932 simpli-

2194 3963 2340 4019 cium
2363 3962 2600 4033 quietem
2627 3959 2905 4014 turbabit?
2925 3957 3112 4013 Caedes
3136 3956 3283 4011 clero
3304 3954 3539 4018 infertis,
3566 3967 3599 4006 a
3632 3951 3786 4014 cleri,

2194 4054 2584 4110 monachorum
2612 4059 2668 4107 et
2694 4065 2986 4121 pauperum
3011 4048 3219 4119 rapinis
3248 4062 3354 4101 non
3386 4045 3637 4101 cessatis.
3653 4043 3790 4099 Con-

2196 4146 2442 4201 venimus
2468 4159 2598 4216 ergo
2628 4141 3014 4198 conscientiam
3041 4148 3279 4195 vestram
3306 4152 3498 4194 omnes
3544 4134 3789 4206 episcopi

2193 4239 2489 4293 Remorum
2539 4236 2859 4300 dimcescos,
2898 4234 2967 4289 ad
2995 4232 3419 4289 satisfactionem
3466 4228 3786 4291 invitamus,

2198 4331 2543 4401 spatiumque
2572 4326 2909 4397 poenitentia:
2937 4340 3108 4395 usque
3138 4324 3190 4378 in
3221 4320 3483 4393 proximis
3528 4317 3787 4374 Kalendis

2194 4421 2546 4476 attribuimus
2577 4434 2591 4473 :
2631 4427 2760 4473 tunc
2810 4432 2906 4472 vos
2938 4426 3030 4472 aut
3080 4415 3344 4471 infertiles
3375 4410 3632 4468 Ecclesiae
3666 4407 3786 4480 pal-

2118 4509 2361 4591 Dmites
2400 4510 2757 4582 recognituri,
2786 4519 2877 4562 attt
2923 4517 3179 4578 tauquam
3229 4505 3417 4561 inutile
3466 4503 3675 4574 lignum
3720 4499 3788 4555 ab

2178 4621 2328 4686 agro
2362 4605 2455 4661 Dei
2489 4604 2669 4676 gladio
2699 4602 2875 4658 sancti
2909 4600 3144 4671 Spiritus
3168 4595 3425 4654 excisuri.

2700 4716 3059 4786 EPISTOLA
3095 4714 3246 4788 ccu.

2465 4825 2534 4865 AD
2563 4824 2780 4864 ERVEAII
2816 4821 3165 4863 DELVAGOBUII
3202 4817 3514 4860 EPISCOPUI.

2265 4922 2418 4990 Quod
2444 4930 2599 4977 tanto
2621 4920 2860 4990 tempore
2881 4916 3137 4973 dilectum
3163 4914 3320 4970 nobis
3342 4914 3405 4969 D.
3432 4911 3781 4974 retinuimus,

2168 5031 2303 5072 'non
2340 5011 2732 5069 malevolentia:
2763 5025 2951 5073 causa,
2984 5008 3077 5064 sed
3119 5020 3345 5062 summa:
3392 5002 3650 5058 utilitatis
3698 5018 3786 5057 ve-

2193 5117 2342 5160 strae.
2382 5114 2435 5160 et
2469 5104 2625 5159 vobis
2654 5105 2939 5158 honestum
2971 5110 3026 5156 et
3071 5100 3201 5155 utile
3246 5111 3439 5160 parere
3481 5097 3679 5160 possit.
3720 5094 3784 5149 Et
