4036 6334
293 382 396 442 ιδι

1187 379 1429 436 SECTIO
1467 377 1508 434 1.
1532 409 1601 420 -
1623 379 1806 434 ANTE
1834 381 2129 438 SUMMUII
2155 384 2691 446 PONTIFICATU-II.

3460 408 3572 464 263

292 495 388 551 sed
411 509 441 549 a
474 492 633 549 nobis
661 491 964 548 obtentum.
993 489 1165 558 Quem
1193 491 1271 545 sic
1302 493 1526 546 tractari
1554 499 1606 546 et
1633 492 1892 546 custodiri
1923 501 1968 553 Α
2003 502 2114 557 tas,
2165 496 2369 563 pietas,
2409 508 2464 552 et
2499 499 2742 570 justitia,
2791 503 3118 562 domicilium
3170 510 3273 566 sibi
3309 512 3560 582 fecerint,

289 584 567 647 volumus,
601 593 660 636 ut
689 583 926 636 dolorem
949 583 998 635 ei
1030 581 1246 652 partum
1297 596 1363 635 ex
1412 589 1597 635 nostra
1637 581 1881 635 absentia

288 679 476 730 vestra
505 673 754 727 sublevet
799 671 1151 742 indulgentia.
1192 672 1378 740 anue
1414 672 1783 724 munilicentia
1829 680 1884 724 et

290 766 625 820 liberalitate
657 765 803 819 illum
833 765 1106 826 habetote,
1138 778 1258 832 quae
1283 767 1472 818 deceat
1497 762 1560 815 G.
1591 763 1880 814 Remorum

289 857 763 926 archiepiscopum
792 855 1009 908 dantem
1036 863 1090 908 et
1117 853 1527 923 Bellovagorum
1573 852 1881 921 episcopum

290 945 675 1017 accipientem.

811 1057 1142 1112 EPISTOLA
1188 1056 1360 1110 CCIII.

361 1149 666 1218 Oportebat
693 1157 743 1202 te
773 1150 1037 1218 virginem
1075 1146 1422 1216 spectabilem
1460 1147 1626 1214 patris
1650 1155 1803 1215 pacta
1827 1153 1880 1199 et

293 1244 597 1298 constituta
627 1241 847 1308 laudare
875 1250 928 1294 et
959 1239 1342 1292 corroborare.
1383 1236 1488 1290 Sed
1516 1237 1772 1304 quoniam
1815 1251 1880 1290 ea

284 1330 610 1395 dissolvisti,
639 1340 692 1382 et
727 1345 846 1399 qua:
879 1329 1099 1398 insuper
1130 1325 1289 1396 egisti
1326 1339 1622 1394 pernegaie
1657 1334 1881 1376 conten-

284 1421 394 1484 dis,
427 1419 720 1473 invitamus
754 1426 804 1469 te
832 1417 898 1469 ad
929 1418 1002 1470 tui
1034 1415 1243 1485 peccati
1301 1412 1744 1482 recognitionem.
1805 1411 1880 1465 Te

282 1525 504 1580 quoque
536 1508 600 1560 Il.
626 1523 655 1560 a
685 1509 988 1576 direptione
1018 1523 1339 1560 rerum......
1369 1502 1875 1570 cessarejulien'ms,

282 1611 340 1656 et
381 1599 517 1652 male
544 1613 774 1667 pervasa
809 1599 1119 1650 restituere.
1155 1593 1266 1648 Nec
1316 1603 1504 1646 te......
1541 1602 1876 1660 0110101000-

280 1692 412 1743 dum
440 1691 739 1753 existimes,
791 1697 861 1754 te,
911 1689 1153 1756 inquam,
1190 1695 1408 1740 tonsura
1452 1683 1728 1748 clericum,
1782 1685 1875 1738 sed
1947 1751 1951 1756 ι

278 1783 392 1834 vita
426 1791 481 1835 et
522 1780 764 1834 moribus
800 1781 816 1798 '
848 1779 1140 1833 triennium
1186 1792 1310 1831 cum
1363 1784 1453 1830 tuo
1499 1775 1760 1842 complice
1803 1776 1869 1828 Ν.

1985 589 2164 636 vestra
2211 583 2382 638 solum
2433 588 2606 656 pietas
2649 598 2702 642 et
2750 593 3005 663 majestas
3049 611 3336 656 occurrere
3367 610 3558 674 potuit,

1984 687 2089 739 qua
2119 675 2290 729 virtus
2321 677 2597 747 multiplex
2630 696 2843 752 semper
2892 685 3213 745 inhabitavit
3252 703 3414 764 atque
3446 715 3570 766 pos-

1985 763 2146 816 Sedit.
2178 764 2258 818 Ad
2295 781 2386 819 vos
2409 782 2536 837 ergo
2575 778 2824 838 tanquam
2852 777 3084 844 speciale
3114 783 3368 851 templum
3403 763 3566 842 misc-

1985 851 2240 906 ricordiae
2278 857 2502 924 supplex
2533 859 2785 929 confugio
2806 903 2818 925 ,
2850 873 3199 937 vestrumque
3237 889 3450 942 semper
3481 892 3569 930 sa-

1987 945 2138 997 lubre
2169 947 2450 1002 consilium
2487 962 2534 1004 et
2569 954 2828 1007 auxilium
2865 973 3105 1027 reposco.
3132 960 3267 1028 Quia
3299 967 3508 1020 enim...
3549 1007 3562 1022 .

1985 1033 2038 1087 111
2084 1052 2168 1090 me
2215 1054 2382 1092 11111101
2428 1042 2621 1096 acerba
2661 1043 2923 1110 freniunt,
2958 1051 3232 1120 vitamque
3272 1072 3392 1108 cum
3433 1073 3561 1112 san-

1982 1125 2143 1193 guine
2190 1137 2432 1196 poscunt.
2469 1132 2700 1187 Additur
2745 1137 2808 1189 ad
2855 1137 3117 1194 malorum
3167 1146 3561 1204 eumulum.....

1984 1217 2148 1272 Saevit
2182 1231 2238 1275 et
2280 1223 2394 1292 ipsa
2438 1241 2558 1294 qua:
2605 1227 2796 1283 solatio
2832 1231 3016 1288 debuit
3061 1252 3181 1292 esse
3220 1238 3411 1297 Roma.
3451 1246 3560 1302 Oro

1945 1373 1948 1376 _
1981 1325 2112 1378 ergo
2151 1323 2206 1368 et
2250 1315 2512 1385 deprecor
2555 1331 2957 1400 vestra'vestro
3003 1328 3232 1398 imperio
3273 1339 3561 1394 mitescant

1981 1416 2166 1470 regna.
2224 1404 2336 1475 Ego
2376 1409 2572 1479 quippe
2623 1419 2766 1466 totus
2827 1416 3024 1486 ubique
3088 1431 3267 1475 vester
3317 1437 3556 1483 vestrum

1979 1502 2236 1561 exspecto
2265 1511 2494 1552 examen
2524 1509 2578 1554 et
2609 1500 2872 1558 levamen.
2920 1507 3086 1578 quue
3135 1512 3306 1567 solum
3348 1528 3556 1572 certum

2479 1755 2824 1829 EPISTOLA'
2856 1777 3034 1836 CCVII

277 1875 415 1936 Vos,
448 1874 689 1942 inquam,
723 1887 913 1925 omnes
938 1880 1031 1924 aut
1068 1871 1259 1940 dignos
1291 1867 1621 1938 poenitentizc
1665 1866 1872 1921 fructus
1900 1855 1946 1913 B
2015 1853 2322 1952 _Humanas
2351 1875 2434 1916 res
2456 1872 2659 1919 aeterno
2687 1868 2796 1938 regi
2828 1873 3054 1928 consilio
3079 1892 3202 1932 cum
3234 1895 3447 1952 semper
3471 1886 3560 1941 Di-

277 1963 538 2016 Ecclesia:
566 1961 846 2014 catholica:
876 1961 1194 2024 ostendetis,
1247 1969 1340 2012 aut
1389 1958 1532 2012 velut
1570 1957 1772 2012 ethnici
1818 1967 1874 2012 et

275 2053 556 2124 publicani
594 2053 661 2106 ab
693 2052 938 2107 Ecclesia
985 2051 1252 2106 catholica
1289 2051 1467 2120 gladio
1501 2051 1670 2106 saneti
1704 2049 1874 2120 Spiri-

279 2153 371 2198 tus
400 2142 868 2213 propulsabimini.

811 2271 1149 2328 EPISTULA
1190 2272 1365 2329 CCIV.

356 2383 615 2454 SJseepta
637 2384 998 2454 querimonia,
1027 2384 1318 2438 reverende
1349 2391 1521 2453 pater,
1552 2382 1870 2454 scripsimus

271 2491 400 2530 cum
421 2475 687 2547 lratribus
706 2483 762 2528 et
782 2475 1116 2543 coepiscopis
1137 2476 1338 2530 nostris
1359 2490 1458 2544 pro
1473 2476 1661 2528 eadem
1685 2490 1866 2541 causa,

269 2566 743 2634 contemptoribus
795 2580 1011 2634 quoque
1038 2567 1233 2620 vestris
1279 2566 1727 2620 commonitorias
1763 2567 1866 2620 mi-

267 2655 449 2708 simus
476 2655 704 2708 litteras.
743 2653 861 2707 Erit
896 2653 1024 2724 ergo
1057 2665 1248 2709 vestra:
1298 2657 1598 2726 prudentia:
1651 2667 1870 2726 propter

269 2749 427 2816 pacis
465 2747 861 2816 cbaritatisque
908 2747 1233 2812 custodiam,
1281 2749 1327 2817 si
1381 2749 1723 2818 resipuerint,
1774 2766 1867 2805 eos

266 2840 422 2893 velut
453 2840 826 2894 exorbitantes
855 2839 994 2893 lilios
1023 2839 1218 2893 blande
1268 2839 1562 2908 suscipere.
1606 2841 1760 2906 Quod
1793 2843 1861 2907 si,

269 2928 416 2998 quod
445 2929 606 2992 absit,
638 2929 690 2982 in
723 2929 925 2981 malitia
958 2927 1442 2996 perseveraverint,
1480 2937 1605 2983 tunc
1636 2930 1688 2981 in
1719 2930 1862 2984 cele-

267 3021 358 3075 bri
387 3019 638 3074 ECcIcsiu:
670 3019 788 3074 loco
815 3031 1014 3074 nostrae
1039 3020 1338 3075 vocationis
1363 3020 1566 3088 scripta
1590 3021 1657 3074 ad
1678 3021 1864 3090 legen-

268 3111 399 3163 dum
428 3109 654 3179 proponi
685 3110 960 3179 jubemus.
1003 3110 1204 3164 Deinde
1247 3111 1861 3164 01100011111101011110..0111

1975 1947 2176 2004 viuitas
2230 1955 2552 2022 ostenderit,
2599 1965 2711 2012 tum
2757 1964 3027 2033 prtecipue
3085 1980 3267 2028 vestro
3319 1947 3560 2047 tempore

1971 2037 2322 2095 consiliorum
2348 2059 2571 2100 suorum
2603 2063 2697 2104 vos
2725 2066 2845 2106 esse
2871 2059 3159 2113 materiam
3183 2063 3367 2120 voluit.
3398 2037 3558 2126 1111111·

1973 2128 2107 2181 tavit
2137 2131 2280 2186 enim
2336 2149 2430 2190 vos
2471 2147 2527 2190 et
2574 2138 2898 2209 Iiumiliavit,
2931 2161 3160 2220 eamque
3197 2153 3554 2215 humilitatem

1971 2231 2068 2270 sua
2121 2219 2364 2278 bonitate
2425 2227 2781 2299 modificatis,
2829 2243 3164 2308 extenuans,
3219 2253 3380 2315 atque
3429 2265 3554 2306 cum

1970 2324 2182 2366 summa
2232 2315 2522 2372 multorum
2570 2321 2891 2392 pepulerunt
2938 2342 3300 2400 prosequente
3348 2336 3550 2406 favore,

1969 2411 2162 2459 vestite
2193 2409 2307 2461 sedi
2348 2412 2608 2478 restituit,
2649 2424 2704 2468 et
2735 2425 2990 2488 tanquam
3031 2437 3223 2479 aurum
3254 2428 3306 2482 in
3337 2428 3555 2488 fornace

1967 2495 2253 2562 probatum
2284 2498 2337 2552 111
2360 2514 2457 2553 sua
2480 2502 2638 2580 domo
2661 2505 2860 2562 clarius
2893 2511 3131 2568 relucere
3149 2514 3336 2584 jussit.
3365 2521 3553 2578 Laudo

1969 2581 2134 2651 igitur
2160 2595 2213 2640 et
2239 2586 2483 2653 gloritieo
2513 2593 2918 2654 misericordias
2944 2581 3395 2676 et‘misevrationes
3415 2610 3553 2678 ejus,

1967 2685 2090 2725 cum
2123 2673 2176 2726 111
2211 2678 2390 2742 vobis,
2431 2691 2542 2734 tum
2586 2683 2636 2738 111
2677 2701 2790 2752 me,
2819 2675 2978 2756 quem
3009 2673 3376 2764 peregrinum,
3415 2673 3551 2756 101ολ

1966 2775 2102 2856 que,
2142 2771 2200 2816 ut
2247 2766 2320 2820 ita
2365 2768 2570 2836 dicam,
2601 2773 2733 2828 orbe
2783 2776 3070 2848 profugum
3106 2786 3428 2856 quandoque
3472 2806 3552 2845 re-

1967 2850 2252 2918 quiescere
2297 2856 2483 2924 jussit,
2513 2871 2770 2930 certaque
2811 2850 3136 2924 consistere,
3167 2850 3552 2950 terrm-Dirige

1967 2939 2120 2994 vobis
2150 2943 2380 2998 multum
2406 2947 2684 3017 dilectum,
2713 2969 2874 3022 quem
2907 2974 2937 3011 a
2963 2974 3121 3014 sacro
3151 2961 3300 3020 fonte
3324 2983 3410 3022 me
3435 2939 3550 3026 8118-

1966 3028 2144 3099 eipere
2176 3033 2439 3089 voluistis.
2482 3037 2588 3092 Sed
2638 3052 2816 3096 utrum
2851 3049 3008 3104 nobis
3037 3037 3390 3110 erudiendum
3421 3061 3548 3114 mit-

1969 3128 2081 3173 tere
2107 3121 2370 3190 debeatis,
2397 3143 2500 3180 111111
2527 3140 2609 3184 est
2635 3137 2804 3188 nostri
2829 3136 3041 3202 judicii.
3078 3143 3132 3197 Si
3159 3147 3303 3200 enim
3338 3166 3551 3205 recusa-

269 3203 673 3256 rationabiliter
703 3205 1086 3272 conscriptam,
1115 3214 1171 3258 et
1199 3221 1227 3258 a
1260 3205 1412 3259 vobis
1437 3205 1750 3259 solemniter
1775 3222 1862 3260 ce-
1892 3220 1936 3279 ς
1970 3225 2112 3276 mus,
2160 3215 2354 3284 ingrati
2399 3218 2632 3277 fortasse
2671 3241 3023 3298 apparemus;
3077 3247 3131 3290 et
3161 3239 3206 3292 si
3240 3203 3546 3308 laudamus,

269 3289 533 3345 lebi'atam
565 3291 764 3346 celebri
792 3292 934 3362 alligi
967 3293 1107 3358 loco,
1137 3292 1363 3364 ejusque
1400 3296 1678 3364 exemplar
1706 3297 1857 3350 nobis

267 3383 451 3458 dirigi,
484 3393 544 3438 ut
573 3385 713 3439 idem
743 3386 795 3440 111
827 3388 1029 3441 11081118
1060 3387 1151 3441 fiat
1182 3388 1460 3443 Ecclesiis.
1493 3389 1559 3448 Et
1604 3393 1856 3458 quoniam

269 3457 544 3529 eruditum
581 3477 729 3530 vobis
755 3477 1011 3531 clericum
1041 3477 1181 3531 mitti
1209 3479 1432 3540 orastis,
1463 3479 1554 3548 qui
1607 3480 1659 3532 in
1691 3481 1773 3534 1118
1804 3492 1858 3536 01

267 3567 326 3621 in
353 3567 476 3621 aliis
506 3568 818 3638 adjumeuto
858 3585 981 3624 esse
1028 3579 1224 3639 posset,
1277 3588 1400 3626 eum
1437 3573 1661 3626 redierit
1709 3590 1856 3629 meus

269 3656 360 3723 1).,
391 3641 642 3713 dabimus
669 3674 885 3730 operam
921 3669 978 3712 111
1006 3659 1200 3715 vestris
1231 3661 1499 3716 deserviat
1519 3663 1814 3731 obsequiis.

793 3792 1131 3849 EPISTOLA
1169 3793 1324 3850 CCV.

339 3901 558 3967 Quanto
599 3902 967 3957 moderamine
1012 3903 1158 3958 salus
1210 3906 1515 3961 animarum
1577 3911 1855 3966 tractanda

265 3990 360 4053 sit,
389 3999 442 4043 et
470 3999 650 4046 vestra
682 3991 995 4048 fraternitas
1033 3995 1203 4060 novit,
1232 4010 1576 4066 summopere
1623 4015 1854 4068 pensan-
1939 4037 1943 4044 η

266 4083 398 4136 dum
430 4093 535 4147 cst,
561 4092 618 4136 ut
650 4085 870 4154 nequid
920 4085 1100 4140 nimis.
1147 4087 1289 4142 Ecce
1329 4088 1472 4142 enim
1503 4090 1627 4142 dum
1667 4090 1854 4159 judicii
1935 4119 1942 4124 -

263 4177 619 4230 severitatem
657 4169 1036 4232 in‘Ecclesiam
1067 4178 1272 4249 scilicet
1320 4181 1604 4244 exercetis,
1637 4181 1854 4236 modum

263 4282 296 4322 a
347 4269 595 4338 patribus
643 4272 996 4326 constitutum
1065 4273 1502 4328 transcendistis.
1555 4272 1688 4327 Nam
1737 4290 1856 4343 qua:

265 4361 500 4414 concilia
541 4361 623 4414 vel
649 4362 865 4417 decreta
895 4361 1148 4432 parvulos
1201 4365 1483 4434 baptizari,
1533 4366 1619 4420 vel
1665 4367 1855 4422 ﬁdeles

264 4453 319 4506 in
351 4456 682 4509 emineteriis
712 4456 926 4526 sepeliri
957 4459 1282 4512 vetuerunt?
1319 4457 1471 4524 Quod
1517 4460 1562 4513 si
1609 4460 1655 4514 is
1705 4461 1854 4516 locus

263 4543 558 4630 interdicto
588 4555 789 4610 vestro,
819 4556 892 4613 et,
922 4559 980 4602 ut
1006 4547 1324 4603 solemniter
1371 4551 1637 4616 dicamus,
1670 4562 1853 4608 vestro
1879 4579 1930 4638 Ι)
1957 4543 2276 4646 ὦ.

261 4635 448 4690 1111000
469 4627 596 4704 jure
649 4646 862 4693 tenetur
910 4641 1190 4707 astrictus,
1237 4641 1426 4697 liceret
1471 4643 1849 4701 innocentibus

263 4729 618 4799 parocliianis
649 4733 714 4785 ad
745 4732 849 4786 alia
884 4735 1273 4803 transmigrare
1297 4733 1438 4798 Ioea,
1466 4736 1683 4806 suisque
1710 4735 1851 4808 lega-

260 4819 389 4875 liter
416 4821 492 4874 uti
526 4822 717 4877 sacris.
747 4821 937 4878 Moneo
988 4824 1155 4894 igitur
1179 4826 1564 4894 paternitatem
1613 4838 1849 4882 vestram

261 4911 487 4964 modum
521 4909 712 4979 judicii
746 4923 1068 4984 temperare,
1121 4905 1400 4985 totumque
1455 4907 1725 4986 negetium
1775 4919 1849 4973 ita

271 5011 635 5072 pertractare,
670 5013 726 5058 ut
750 5016 875 5061 ante
901 5008 1085 5062 oculos
1105 5008 1299 5062 divinae
1320 4999 1614 5079 Majestatis
1639 5009 1852 5080 placere

263 5097 511 5166 possitis,
549 5107 606 5152 et
664 5102 1103 5174 coepiscoporum
1132 5101 1335 5170 judicio
1366 5117 1472 5156 11011
1501 5102 1849 5171 displiceatis.

272 5186 474 5240 Varios
505 5187 630 5242 mali
659 5191 916 5258 temporis
945 5192 1034 5244 diu
1077 5190 1190 5258 jam
1238 5190 1500 5244 sulferens
1546 5201 1740 5256 motus,
1788 5194 1853 5247 agl

263 5291 510 5335 vestrum
549 5283 799 5339 solatium
830 5295 1086 5354 tanquam
1116 5285 1182 5338 ad
1231 5284 1554 5339 tutissimum
1603 5284 1854 5356 confugio

264 5382 502 5443 portum.
534 5375 809 5445 Alioquin,
840 5385 932 5429 aut
963 5386 1142 5430 vestra
1174 5376 1469 5430 solabimur
1489 5390 1612 5446 ope,
1643 5384 1736 5430 aut
1762 5391 1856 5446 pe-

265 5464 479 5534 regrina
510 5465 668 5520 nobis
693 5467 993 5535 expetenda
1026 5467 1290 5522 subsidia.

657 5639 662 5643 ,
781 5579 1118 5636 EPISTOLA
1147 5581 1320 5636 CCVI.
1439 5663 1444 5669 _

527 5681 840 5724 GERBERTUS
865 5685 1151 5724 ADHELAIDI
1187 5683 1565 5724 IlIPl-SRATRICI.

333 5778 715 5841 Saepenumero
743 5797 956 5838 mecum
985 5791 1246 5849 reputans
1273 5782 1493 5838 ubinam
1525 5782 1675 5850 lides,
1708 5783 1848 5840 veri-

1965 3295 2218 3368 quiddam
2253 3319 2332 3360 cst
2363 3311 2640 3366 sinistrum
2670 3331 2854 3384 puero.
2887 3295 3038 3388 Quod
3071 3335 3370 3399 temporum

1965 3395 2139 3452 cultas
2170 3400 2429 3468 intulerit,
2471 3415 2658 3462 nostro
2686 3409 3042 3480 imputabitur
3071 3395 3225 3479 vitio.

2459 3497 2790 3556 EPISTULA
2829 3508 3050 3564 CCVIII.

2137 3599 2444 3642 GEBBEHTUS
2480 3606 2701 3648 FULCONI
2743 3583 2991 3654 EPISCOPO
3025 3620 3363 3663 AMBIANENSI.

2030 3669 2176 3726 Inter
2211 3679 2388 3732 \‘at‘ias
2425 3697 2743 3753 magnarum
2775 3704 2958 3744 rerum
2989 3699 3370 3765 occupationes
3399 3703 3543 3759 nulla

1960 3762 2206 3818 molestia
2235 3771 2404 3837 magis
2421 3771 2683 3829 allicimur
2707 3794 2865 3845 quam
2886 3762 3188 3841 vestrorum
3219 3803 3540 3848 excessuum

1959 3857 2148 3912 crebra
2183 3862 2459 3918 relatione.
2494 3867 2606 3920 Etsi
2635 3871 2779 3924 enim
2816 3875 2979 3929 totius
3006 3882 3315 3951 metropolis
3345 3883 3543 3939 Remo-

1960 3965 2078 4004 rum
2115 3968 2244 4006 cura
2278 3958 2433 4010 nobis
2463 3959 2700 4027 injuncta
2734 3974 2838 4029 est,
2865 3968 2960 4021 sed
2989 3957 3154 4024 vestri.
3177 3976 3538 4043 potissimum,

1959 4041 2048 4107 qui
2089 4053 2143 4094 et
2197 4059 2441 4100 amorum
2500 4051 2892 4121 teneritud.ne,
2952 4069 3006 4112 et
3055 4051 3266 4115 morum
3325 4041 3542 4123 levitate

1956 4127 2166 4204 pondus
2214 4129 2556 4196 sacerdotale
2616 4149 2845 4220 necdum
2901 4151 3045 4207 ferre
3093 4157 3378 4214 didicistis.
3433 4163 3542 4220 Cur

1961 4239 2112 4294 ergo,
2143 4237 2328 4280 contra
2358 4242 2577 4314 pactum
2606 4235 2657 4288 in
2681 4252 2970 4318 commune
2985 4255 3264 4315 statutum,
3293 4255 3540 4321 usquead

1957 4324 2167 4386 tempus
2217 4322 2432 4375 consilii
2484 4328 2860 4392 pervasionem
2909 4333 2960 4387 in
3007 4340 3220 4407 propria
3261 4346 3538 4410 parmcbia

1957 4406 2197 4472 fecistis?
2229 4411 2340 4466 Nec
2368 4413 2428 4466 'in
2463 4415 2566 4470 1100
2604 4419 2748 4472 enim
2782 4406 3129 4491 alleviamini,
3161 4430 3204 4483 si
3238 4406 3324 4487 res
3347 4433 3538 4490 Eccle-

1957 4497 2049 4550 siae
2080 4511 2206 4553 sunt
2239 4515 2375 4569 quas
2411 4502 2727 4574 diripuistis,
2761 4525 2881 4564 cum
2921 4514 3021 4568 1100
3046 4517 3149 4572 nisi
3184 4519 3388 4590 legibus
3419 4525 3536 4580 ﬁeri

2307 4594 2553 4650 Accessit
2581 4599 2648 4651 ad
2679 4600 2783 4656 hoc
2814 4603 3061 4660 illicitum
3103 4624 3374 4668 armorum
3403 4631 3542 4685 prte-

1957 4681 2212 4748 sumptio,
2242 4682 2497 4738 Ecclesia:
2527 4687 2765 4756 violatio,
2795 4695 2948 4760 quasi
2981 4701 3248 4754 sacerdoti
3277 4681 3456 4757 omnia
3483 4707 3535 4759 in

1935 4769 2204 4830 ecclesiis
2255 4772 2474 4829 liceant.
2525 4776 2652 4843 Sed,
2687 4780 2773 4834 "ait
2823 4783 3152 4855 Apostolus,
3185 4794 3362 4847 omnia
3409 4797 3538 4850 milii

1958 4861 2140 4930 licent,
2170 4865 2261 4918 sed
2307 4882 2410 4919 non
2441 4871 2614 4936 omnia
2635 4873 2934 4940 expediunt.
2971 4877 3155 4935 Lieent
3178 4899 3276 4953 per
3303 4885 3532 4941 liberum

1939 4955 2266 5020 arbitrium,
2294 4973 2402 5026 quo
2439 4959 2578 5015 male
2607 4963 2689 5018 usi
2719 4965 2852 5020 e5tis
2889 4983 2904 5022 :
2951 4971 3044 5024 sed
3099 4988 3203 5028 non
3239 4976 3535 5043 expediunt

1957 5047 2193 5117 perjura
2228 5049 2430 5116 divina,
2468 5067 2587 5121 qua:
2613 5059 3030 5126 contempsistis.
3052 5061 3328 5120 Monemus
3352 5067 3535 5139 itaque

1959 5134 2352 5193 fraternitatem
2401 5151 2635 5196 vestram
2685 5158 2866 5202 errata
2923 5152 3224 5220 corrigere,
3277 5163 3333 5210 et
3378 5134 3536 5215 nobis

1959 5246 2096 5300 quos
2123 5231 2442 5300 offendistis,
2489 5237 2534 5289 si
2589 5237 2790 5305 placet,
2824 5243 3174 5310 satisfacere,
3231 5257 3290 5302 ut
3340 5249 3534 5306 borum

1961 5336 2278 5377 excessuum
2323 5327 2618 5395 recognitio
2664 5329 2954 5384 multormn
2998 5343 3340 5402 peccatorum
3365 5340 3537 5409 possit

1961 5431 2080 5471 €550
2101 5427 2344 5470 aDOIIlIO.

2467 5505 2800 5564 EPISTOLA
2833 5510 3011 5568 CCIX.

1949 5613 2258 5656 CERBERTUS
2308 5613 2693 5656 ABtiIIE!!!)ALDO
2743 5587 3154 5664 ARCIIIEPISCOPO
3205 5625 3528 5666 TURONENSI.

2022 5688 2310 5755 Querelam
2345 5698 2578 5744 vestram
2600 5705 2706 5744 non
2739 5691 2855 5747 sine
2882 5689 3125 5752 fraterna
3153 5699 3534 5770 compassione

1951 5779 2308 5850 suscepimus.
2344 5779 2493 5836 Unde
2521 5780 2805 5839 consilium
2841 5792 2896 5839 et
2937 5785 3198 5844 auxilium
3221 5827 3235 5855 ,
3267 5796 3533 5859 quantum
