3948 5350
495 340 606 400 265

499 558 563 602 ut
585 543 796 610 dicitis,
840 541 982 598 beati
1016 539 1228 594 Martini
1261 538 1692 594 benedictionem
1737 546 1971 590 vestram
2007 551 2084 590 rc-

501 640 640 702 nuit,
672 637 765 690 fiat
802 643 858 688 ιιι
880 634 1140 702 scriptum
1173 639 1256 686 est
1291 648 1304 683 :
1345 629 1531 683 Noluit
1573 629 2006 692 benedictionem,
2033 639 2082 682 et

502 727 829 798 clongabitur
857 725 921 777 ab
951 741 1029 776 eo.
1064 721 1168 775 Pro
1196 731 1416 791 accepta
1441 736 1570 775 vero
1599 719 1792 786 injuria
1823 720 2084 790 repulsio-

501 816 610 878 nis,
641 814 913 884 pulverem
946 812 1302 866 calceamenti
1338 810 1720 866 excutiendum
1747 825 1866 865 esse
1895 818 2083 865 contra

502 906 622 962 illos
647 906 904 960 Dominus
928 905 1103 958 docet.

1029 1038 1364 1094 EPISTULA
1403 1035 1558 1093 CCX.

783 1143 1032 1185 ADELAIDI
1072 1144 1422 1184 IMPERATRICI
1461 1141 1793 1183 GERBERTUS.

569 1239 875 1296 Incredibili
927 1253 1066 1308 pene
1115 1246 1171 1292 et
1227 1237 1454 1291 nimium
1499 1244 1764 1291 scelerata
1811 1235 2075 1289 relatione

502 1339 654 1388 tanto
677 1331 862 1386 dolore
890 1327 1112 1383 allectus
1137 1343 1278 1391 sum,
1313 1335 1371 1379 ut
1406 1325 1586 1380 lumen
1615 1324 1894 1380 oculorum
1917 1339 2086 1394 pr0pe

499 1422 764 1494 plorando
793 1419 1092 1475 amiserim.
1133 1418 1237 1472 Sed
1262 1418 1385 1486 quia
1409 1415 1614 1485 jubetis
1645 1427 1705 1470 ut
1732 1431 1829 1470 vos
1868 1417 2083 1479 adeam,

501 1511 1034 1579 consolationemque
1067 1509 1405 1579 impendam,
1449 1523 1560 1562 rem
1595 1506 1814 1576 quidem
1861 1505 2083 1568 bonam,

477 1603 596 1659 sed
648 1601 1034 1672 impossibilem
1062 1599 1358 1669 imperatis.
1387 1596 1748 1651 Transierunt
1789 1596 1932 1650 enim
1968 1594 2085 1650 dies

502 1693 631 1756 mei,
653 1708 687 1746 o
716 1691 888 1746 dulcis
916 1689 1129 1744 domina
1161 1699 1213 1744 et
1243 1688 1497 1759 gloriosa,
1535 1697 1785 1742 senectus
1811 1701 1929 1740 mea
1953 1685 2084 1740 mihi

1179 329 1536 389 SILVESTRI
1582 329 1624 384 II
1663 327 1865 386 ΡΑΡᾸΞ
1904 329 2056 385 ΟΡΡ.

2199 328 2273 386 llS
2311 329 2397 384 IIl.
2439 361 2508 370 -—-
2532 329 2748 386 EPIST.
2791 329 2880 387 ET
2909 329 3179 388 DIPLOM.

499 461 688 511 nostra
734 452 981 516 interest,
1028 463 1134 504 non
1177 447 1501 503 dill'ertmus.
1531 445 1670 513 Quia
1697 445 1844 500 enim
1880 454 2082 509 cterns,
2116 447 2164 503 Α

3660 331 3763 388 264

2683 465 3020 522 EPISTOLA
3058 463 3258 520 CCXII.

2317 570 2627 614 GERBERTUS
2664 575 2906 614 ARNULFO
2945 574 3331 616 AURELIANENSI
3369 575 3644 614 EPISCOPO.

2257 688 2411 743 Nullo
2433 707 2626 760 genere
2645 691 2931 748 locutionis
2952 692 3201 748 allectum
3229 694 3394 748 animi
3428 695 3604 748 nostri
3632 709 3762 764 erga

2185 795 2283 835 vos
2320 783 2592 852 explicare
2633 784 2820 850 valeo,
2854 787 3050 854 quippe
3074 787 3162 854 qui
3221 785 3364 839 omni
3417 785 3768 841 simulatione

2186 872 2293 927 mei
2322 873 2512 942 capitis
2556 875 2922 943 periclitarer.
2976 875 3107 943 Quae
3139 877 3267 930 mihi
3305 877 3523 930 vitanda
3566 888 3767 942 essent,

2195 978 2380 1032 quaeve
2409 966 2677 1032 sequenda
2693 967 2972 1031 docuistis,
3003 969 3308 1031 monuistis,
3337 970 3767 1038 pnescripsistis.

2187 1054 2254 1109 Et
2309 1071 2452 1108 nunc
2502 1056 2720 1124 quidem
2770 1058 2913 1111 omni
2964 1059 3284 1124 conamine,
3331 1060 3594 1127 omnique
3651 1060 3769 1114 nisu

2187 1145 2486 1198 secundum
2536 1160 2712 1198 meum
2767 1148 2908 1201 scire
2937 1157 2989 1202 et
3021 1163 3179 1216 posse
3226 1159 3406 1218 grates
3436 1165 3576 1218 quas
3617 1150 3770 1205 valeo

2189 1238 2461 1306 rependo,
2515 1247 2820 1308 vestrmqne
2875 1239 3139 1295 clientelze
3188 1251 3243 1297 et
3289 1243 3631 1312 dispositiont
3687 1261 3771 1300 me

2187 1342 2417 1396 meaque
2441 1329 2620 1382 omnia
2652 1331 2964 1397 committo;
2998 1347 3104 1386 non
3135 1333 3351 1388 dubiam
3377 1349 3530 1404 spem
3559 1350 3661 1403 pro
3689 1353 3773 1391 me

2189 1433 2382 1486 gerens
2416 1419 2674 1487 praeclara
2705 1421 2970 1491 principia
3007 1423 3194 1478 felices
3225 1425 3495 1479 habitura.
3539 1427 3604 1480 Et
3637 1443 3772 1496 ψιθ-

2187 1511 2331 1564 niam
2371 1512 2750 1582 synodum.....
2785 1515 2926 1568 unde
2949 1517 3168 1570 omnixe
3197 1531 3390 1584 precor
3422 1531 3490 1571 ne
3523 1519 3773 1586 ingentes

2189 1613 2364 1665 eorm,
2415 1616 2533 1670 quae
2579 1617 2664 1655 me
2717 1603 2782 1655 ad
2813 1618 3049 1670 prtesens
3104 1613 3267 1658 totum
3315 1606 3417 1660 sibi
3466 1607 3770 1670 vindicant,

2189 1689 2446 1744 Ecclesia:
2485 1700 2684 1745 nostra:
2713 1691 2967 1746 olliciant.
3006 1692 3140 1746 Dum
3169 1694 3312 1748 enim
3342 1703 3461 1763 post
3491 1696 3771 1764 paniulnm

503 1785 645 1839 diem
690 1784 928 1837 minatur
961 1781 1230 1835 ultimum.
1282 1779 1478 1834 Latera
1521 1778 1786 1850 pleuresis
1831 1785 2086 1848 occupat,
2113 1805 2161 1864 Β
2191 1781 2474 1836 divinitate
2505 1783 2739 1851 propitia
2773 1784 3040 1852 respirare
3067 1784 3266 1847 licebit,
3299 1795 3352 1839 et
3389 1788 3454 1840 de
3505 1788 3590 1840 bis
3618 1796 3674 1841 et
3708 1788 3774 1843 de

501 1875 745 1929 tinniunt
767 1888 946 1936 aures,
973 1871 1234 1927 distillant
1254 1869 1417 1932 oculi,
1447 1878 1727 1939 totumque
1740 1883 1937 1938 corpus
1959 1883 2086 1922 con-

503 1965 672 2020 tinuis
722 1964 980 2034 pungitur
1023 1961 1276 2018 stimulis.
1319 1960 1490 2016 Totus
1535 1961 1625 2015 hic
1674 1975 1849 2014 annus
1899 1973 1984 2013 me
2031 1958 2086 2011 in

472 2059 642 2114 ~Iecto
689 2074 718 2112 a
763 2057 1038 2113 doloribus
1082 2055 1499 2111 decumbentem
1533 2055 1691 2118 vidit,
1721 2062 1778 2108 et
1821 2067 1967 2106 nunc
1995 2051 2085 2104 vix

499 2158 875 2223 resurgentem
931 2148 1156 2204 recidivi
1207 2148 1424 2204 dolores
1474 2146 1701 2201 alternis
1747 2145 2088 2214 praecipitant

501 2243 711 2297 diebus.
753 2241 907 2308 Quod
955 2242 999 2296 si
1042 2239 1172 2309 quid
1211 2238 1418 2308 requiei
1464 2253 1493 2293 a
1534 2237 1814 2293 doloribus
1849 2236 2084 2297 dabitur,

502 2334 672 2389 vestri
727 2332 977 2388 beneficii
1024 2332 1313 2386 immemor
1351 2344 1474 2384 esse
1524 2345 1631 2385 non
1686 2337 1896 2399 potero.
1940 2326 2090 2380 Licet

505 2427 750 2480 sullicere
791 2440 952 2494 posse
1003 2423 1251 2478 videatur
1301 2422 1444 2493 quod
1489 2423 1726 2494 synodus
1769 2421 1980 2474 Niczena
2024 2421 2088 2473 de

505 2514 886 2568 communione
914 2513 1137 2583 privatis
1159 2513 1370 2577 definit,
1396 2521 1456 2566 ut
1479 2513 1534 2566 hi
1558 2512 1650 2582 qui
1675 2510 2000 2581 abjiciuntur
2022 2510 2088 2564 ab

504 2606 627 2661 aliis
656 2622 762 2662 non
799 2606 1149 2674 recipiantur,
1182 2606 1326 2659 omni
1353 2603 1582 2673 jussioni
1617 2611 1812 2657 vestra:
1837 2617 2089 2672 paremus

479 2709 619 2756 'tum
665 2701 716 2756 in
759 2701 874 2766 bis,
916 2708 1028 2754 tum
1071 2699 1125 2754 in
1164 2697 1492 2768 quibuslibet
1523 2695 1765 2751 honestis
1790 2703 1846 2749 et
1870 2710 2090 2764 compe-

504 2792 744 2847 tentibus
779 2791 1031 2861 negotiis.
1066 2790 1171 2844 Sed
1196 2790 1320 2859 quia
1347 2803 1470 2844 cum
1503 2803 1701 2858 magno
1723 2785 2090 2841 moderamine

504 2881 654 2937 salus
699 2880 1002 2936 animarum
1050 2880 1333 2934 tractanda
1375 2888 1479 2943 est,
1517 2893 1618 2932 nec
1643 2877 1927 2947 quisquam
1953 2890 2092 2946 pra:-

504 2985 736 3044 prOpere
771 2989 799 3026 a
841 2985 1070 3042 corpore
1109 2981 1164 3026 et
1195 2971 1456 3040 sanguine
1487 2969 1609 3024 Filii
1641 2967 1735 3022 Dei
1769 2967 2093 3022 submoven-

504 3065 626 3128 dus,
662 3080 756 3134 per
781 3064 925 3134 quod
966 3063 1284 3134 mysterium
1321 3077 1450 3116 vera
1490 3060 1690 3115 vivitur
1720 3060 1829 3113 vita
1855 3099 1870 3124 ,
1901 3069 1956 3112 et
1983 3073 2091 3127 quo

506 3155 655 3225 juste
683 3157 929 3226 privatus
956 3158 1144 3210 vivens
1174 3164 1418 3209 mortuus
1448 3162 1529 3208 est
1550 3195 1563 3218 ,
1595 3154 1813 3223 dignum
1847 3152 2092 3207 ducimus
2119 3149 2164 3212 C

505 3247 796 3302 militarem
827 3249 1000 3302 virum
1031 3256 1211 3301 nostra
1237 3245 1470 3315 primum
1499 3242 1866 3298 admonitione
1892 3257 2090 3298 conve-

505 3339 786 3403 niendum,
837 3339 880 3393 si
931 3337 1068 3392 forte
1120 3337 1425 3406 resipiscat,
1453 3342 1506 3388 et
1534 3342 1729 3388 vestrze
1776 3334 2092 3388 reverentiae

509 3426 832 3483 satisfaciat.
864 3427 930 3480 Et
953 3442 1052 3481 nos
1081 3426 1300 3495 quidem
1332 3424 1478 3478 illum
1506 3421 1619 3490 jam
1652 3421 1853 3476 dudum
1884 3437 1983 3492 pro
2009 3422 2093 3476 bis

506 3533 714 3590 proque
754 3517 872 3572 aliis
895 3517 1229 3582 excessibus,
1257 3531 1288 3570 a
1311 3515 1588 3569 liminibus
1614 3522 1818 3568 tantum
1842 3513 2095 3567 Ecclesia:

509 3621 631 3662 cum
661 3608 780 3662 aliis
808 3607 1126 3677 quibusdam
1159 3606 1552 3669 submovimus,
1594 3613 1716 3674 post
1743 3605 2040 3674 separaturi
2063 3619 2094 3658 a

509 3714 736 3768 corpore
754 3699 986 3762 Domini,
1013 3713 1078 3753 ac
1102 3697 1335 3752 deindea
1354 3695 1586 3750 fidelium
1613 3694 2011 3756 communione,
2037 3705 2098 3748 ut

509 3789 597 3844 his
649 3789 983 3857 quibusdam.
1021 3787 1277 3858 gradibus
1329 3802 1439 3840 sua:
1483 3785 1672 3841 salutis
1713 3787 2092 3849 admoneatur,

511 3889 568 3935 et
588 3881 751 3935 unius
764 3881 1012 3950 contagio
1030 3896 1124 3949 pro
1141 3879 1364 3949 hujusce
1382 3879 1640 3949 temporis
1662 3879 1821 3945 male,
1847 3895 2100 3935 necessa-

513 3971 595 4024 ria
628 3973 728 4025 sub
768 3971 985 4025 nomine
1017 3970 1236 4024 militari
1275 3969 1705 4033 cobabitatione,
1739 3970 1969 4040 populus
2002 3969 2095 4025 Dei

512 4062 694 4116 minus
720 4061 1010 4127 inliciatur,
1038 4062 1293 4130 solusque
1320 4076 1472 4116 suam
1498 4061 1712 4115 interim
1742 4069 1921 4131 portet
1945 4060 2100 4116 mali-

512 4151 664 4219 tiam,
690 4153 1038 4222 ignominiam
1067 4161 1120 4207 et
1147 4152 1381 4205 ruinam.

1028 4286 1368 4342 EPISTOLA
1407 4286 1586 4343 CCXI.

516 4391 794 4431 CANONICIS
841 4393 1028 4437 SANCTI
1075 4393 1299 4432 MARTINI
1337 4393 1404 4430 EX
1444 4393 1676 4433 PEBSONA
1713 4393 2094 4432 εριεςοροιιωι.

590 4485 792 4539 Omnes
828 4487 1065 4555 episc0pi
1093 4487 1184 4554 qui
1213 4487 1278 4539 ad
1307 4486 1592 4539 concilimn
1627 4495 1894 4539 venerunt
1929 4487 1981 4539 in
2010 4501 2098 4540 ec—
2131 4495 2177 4554 υ

517 4573 681 4629 clesia
713 4576 886 4628 sancti
927 4575 1112 4642 Pauli,
1140 4575 1392 4630 omnibus
1423 4575 1638 4629 clericis
1663 4574 1729 4628 de
1768 4576 2099 4630 monasterio

518 4663 692 4719 sancti
725 4662 962 4717 Martini.

587 4753 785 4806 Audita
827 4752 966 4806 fama
1019 4763 1216 4808 vestrae
1271 4752 1582 4810 rebellionis
1627 4761 1816 4807 contra
1874 4753 2098 4808 fratrem

513 4831 766 4900 hostrnm
795 4844 1079 4900 Turonicae
1113 4846 1350 4900 civitatis
1381 4845 1695 4914 episcopum
1716 4886 1729 4906 ,
1761 4845 1858 4899 bas
1889 4846 2100 4901 litteras

520 4937 848 5002 direximus,
887 4937 939 4990 in
979 4952 1264 4992 commune
1294 4939 1645 4992 decernentes
1667 4977 1680 5001 ,
1706 4946 1973 5004 quatenus
2004 4944 2099 4990 aut

520 5043 642 5081 cum
671 5038 853 5080 vestro
875 5027 1126 5098 episcopo
1151 5028 1382 5083 redeatis
1407 5029 1458 5081 in
1490 5027 1740 5097 gratiam,
1772 5036 1865 5081 aut
1893 5027 1959 5081 ad
1987 5027 2100 5096 pla-

521 5115 688 5170 citum
725 5117 904 5171 Chela:
945 5117 1252 5172 habendum
1281 5118 1511 5173 veniatis
1542 5133 1639 5184 pro
1692 5117 1964 5171 discordia
2005 5117 2096 5171 diu

2187 1874 2308 1927 aliis
2341 1874 2392 1927 in
2423 1883 2599 1930 vestra
2633 1877 2920 1946 praesentia
2953 1887 3133 1932 vestra
3175 1878 3615 1946 exspectabimus
3652 1894 3776 1935 sen-

2191 1966 2444 2020 tentiam.

2684 2077 3017 2136 EPISTOLA
3053 2080 3273 2136 CCXIII.

2544 2184 2854 2226 GERBEIITUS
2883 2188 3110 2228 IETENSI
3140 2188 3410 2229 EPISCOPO.

2261 2283 2414 2340 Licet
2439 2299 2500 2339 ea
2529 2299 2650 2353 quae
2678 2284 2728 2337 in
2761 2285 2916 2339 nobis
2938 2294 3021 2338 est
3049 2285 3220 2339 virtus
3253 2286 3434 2340 multis
3463 2297 3591 2341 ante
3621 2288 3775 2342 inno-

2194 2375 2358 2430 tuerit
2389 2373 2584 2437 modis,
2609 2389 2752 2428 nunc
2788 2383 2964 2428 tamen
2997 2375 3570 2442 ex-superabundant'r
3593 2379 3775 2432 verbis

2191 2474 2244 2519 et
2281 2465 2566 2519 sententiis
2588 2463 2836 2518 allectum
2868 2465 2949 2518 sui
2971 2464 3246 2534 explicans
3274 2464 3356 2518 vel
3386 2480 3548 2533 super
3577 2469 3776 2521 cande-

2191 2555 2400 2610 labrum
2451 2555 2668 2610 ell‘nlsit.
2703 2555 2836 2622 Quia
2879 2557 3022 2609 enim
3073 2556 3363 2624 Apostolus
3389 2556 3464 2610 ait
3495 2576 3509 2610 :
3541 2557 3778 2614 Gaudete

2192 2666 2308 2704 cum
2339 2651 2715 2719 gaudentibus,
2746 2651 2864 2718 ﬂete
2891 2665 3007 2702 cum
3039 2648 3305 2718 flentibus,
3343 2665 3426 2703 me
3463 2665 3492 2702 a
3545 2649 3774 2707 fratrum

2192 2756 2436 2796 meorum
2463 2741 2702 2796 indebita
2719 2741 3110 2810 .persecutione
3139 2740 3430 2795 liberatum
3444 2741 3572 2795 lmto
3594 2746 3776 2799 animo

2193 2831 2513 2902 accepistis,
2545 2847 2751 2902 vosque
2797 2833 2932 2888 meis
2976 2832 3236 2904 periculis
3280 2847 3424 2888 nunc
3465 2834 3779 2890 interfuisse

2194 2922 2464 2978 doluistis.
2506 2923 2846 2993 Quapropter
2878 2933 2932 2978 et
2969 2926 3167 2980 absens
3198 2935 3377 2996 grates
3414 2929 3660 2996 rependo
3683 2967 3698 2993 ,
3728 2935 3779 2983 et

2195 3034 2438 3088 prmsens
2480 3021 2755 3077 servitutis
2807 3036 3031 3090 pensum
3075 3023 3120 3078 si
3166 3023 3298 3079 libet
3334 3025 3571 3096 excipio.
3610 3025 3782 3081 Caete-

2199 3123 2434 3165 rum.....
2467 3109 2570 3163 alia
2609 3117 2908 3166 memoratu
2939 3111 3097 3183 digna
3125 3129 3228 3168 non
3262 3115 3394 3168 satis
3420 3115 3602 3171 adhuc
3631 3131 3779 3170 com-

2197 3208 2347 3270 perta
2375 3199 2656 3256 habemus.

2687 3311 3017 3368 EPISTOLA
3058 3311 3283 3368 CCXIV.

2507 3416 2815 3459 GERBERTUS
2846 3418 3170 3459 VERDCNENSI
3203 3419 3472 3460 EPISCOPO.

2269 3514 2597 3570 Communes
2644 3514 2738 3568 filii
2781 3514 2846 3567 Β.
2895 3524 2950 3569 et
2996 3515 3057 3570 ι).
3111 3515 3522 3570 Ιςιδιίῐίοτινεινιιηι
3570 3533 3673 3572 nos
3722 3534 3787 3573 ex

2199 3608 2339 3663 dulci
2369 3623 2548 3662 rertun
2578 3607 3022 3661 commutatione.
3061 3606 3194 3674 Quia
3233 3610 3399 3673 enim,
3430 3616 3485 3661 ut
3523 3609 3603 3663 ait
3635 3611 3781 3679 Apo-

2199 3696 2369 3752 stolus
2412 3712 2429 3751 :
2475 3696 2825 3765 Corrumpunt
2877 3713 3045 3750 mores
3090 3697 3251 3751 bonos
3301 3697 3567 3768 colloquia
3619 3701 3783 3764 mala,

2199 3803 2301 3843 nec
2351 3801 2446 3841 vos
2491 3787 2835 3856 simplicitate
2862 3787 3161 3858 gaudentes
3202 3789 3563 3857 quorumdam
3607 3789 3786 3846 Gallo.

2201 3895 2319 3934 rum
2369 3876 2595 3933 allectus
2642 3879 2824 3933 Varios
2871 3888 2926 3933 et
2975 3878 3263 3949 perplexas
3309 3878 3494 3934 dulces
3557 3881 3612 3934 in
3658 3895 3783 3945 ore,

2200 3987 2418 4027 amaros
2451 3972 2504 4025 in
2531 3970 2696 4026 corde
2725 3970 2904 4025 subito
2939 3971 3344 4040 deprehendere
3386 3972 3670 4041 potuistis,
3719 3972 3782 4026 ad

2200 4066 2343 4120 nulla
2367 4079 2552 4119 eorum
2583 4064 2951 4118 commentitia
2982 4064 3221 4133 stuporis
3257 4063 3413 4134 plena
3442 4077 3551 4117 non
3592 4063 3782 4117 imme-

2200 4157 2308 4212 rito
2343 4157 2533 4210 mutati
2564 4157 2714 4210 estis.
2745 4155 2850 4210 Sed
2890 4156 3015 4224 quia
3044 4155 3281 4226 ingenita
3309 4155 3467 4210 vobis
3500 4155 3782 4224 prudentia

2201 4251 2406 4305 diutius
2454 4249 2604 4303 illudi
2655 4264 2762 4304 non
2800 4250 3008 4318 potuit,
3043 4263 3232 4304 eorum
3283 4247 3684 4302 simulationem
3724 4261 3785 4300 ac

2202 4339 2686 4396 dissimulationem
2723 4353 2822 4394 vos
2859 4338 2924 4392 ad
2959 4338 3172 4408 plenum
3210 4337 3542 4392 intellexisse
3581 4337 3782 4408 gaude-

2202 4446 2343 4484 mus.
2378 4429 2528 4483 Undc
2561 4429 2727 4482 lilium
2759 4439 3001 4482 nostrum
3030 4430 3091 4483 D.
3123 4443 3282 4498 quem
3320 4429 3372 4481 in
3405 4427 3572 4481 multa
3608 4442 3785 4482 rerum

2204 4519 2430 4574 scientia
2478 4519 2749 4572 eruditum
2794 4518 3147 4587 interpretem
3195 4518 3360 4572 (idum
3395 4518 3646 4572 omnium
3672 4531 3786 4589 quae

2205 4613 2256 4666 in
2291 4627 2578 4667 commune
2606 4611 2856 4682 placeant
2887 4612 3087 4666 habere
3118 4612 3434 4681 pmerimus.
3465 4608 3622 4665 Vale.

2701 4742 3043 4799 EPISTOLA'
3083 4740 3285 4797 CCXV.

2411 4875 2479 4914 Αῐ)
2518 4873 2786 4912 ΛΖΕῙΛΝυὶί
2828 4872 3119 4912 EPISCOPUM
3166 4869 3572 4910 LAUDUNENSEM.

2203 4951 2363 5023 (Vide
2403 4951 2544 5020 infra
2581 4951 2635 5003 in
2667 4949 2900 5018 epistolis
2946 4959 2992 5001 et
3025 4947 3400 5023 diplomatibus
3445 4955 3564 5023 post
3607 4959 3783 5000 tunc.

2444 5016 2590 5091 ptum
2619 5016 2879 5073 summum
2909 5018 3272 5086 pontiﬁcatum
3293 5016 3550 5085 scriptis.)

2692 5150 2957 5188 FDIQTOI
2989 5150 3018 5188 Δ
3060 5150 3189 5188 ΓΡΥ
3201 5150 3266 5188 Vl
