3948 5350
151 316 238 368 265
973 308 1215 367 SECTIO
1254 307 1581 380 1.-ξΑΝΤΕ
1617 306 1915 364 ΞΗΜΜΠΜ
1952 300 2483 365 PONTIFICATUM.
3274 304 3385 361 266

165 450 2187 475 Ἥ

2191 450 3388 476 m

198 568 1327 689 SUPPLEMENTUM
1451 566 1640 682 AD
1735 567 2385 682 GERBERT
2398 571 2443 682 Ι
2553 566 3325 685 EPISTOLAS

1377 743 1719 802 EDITIONIS
1758 744 2144 801 DUCHESNII.

794 868 968 933 (Actes
1016 866 1081 921 de
1112 865 1164 919 la
1200 863 1440 935 province
1464 859 1852 929 ecclésiastique
1879 860 1943 913 de
1969 858 2162 926 Reims,
2195 870 2233 917 t.
2265 860 2305 929 Ι,
2338 877 2463 933 pag.
2503 861 2607 916 645
2636 858 2776 933 seq.)

616 1084 952 1141 EPISTOLA
994 1083 1202 1139 PRIMA
1215 1123 1226 1137 .

279 1196 339 1237 ιι)
373 1193 725 1235 νιιῡεκοῡωι
764 1190 1207 1230 ARGENTINENSEI
1248 1188 1561 1229 EPISCOPUM.

580 1272 659 1325 De
689 1269 896 1338 Arnulfi
927 1269 1268 1338 depositione.

212 1366 504 1418 Vitnsnono
571 1359 887 1430 Argentius;
956 1358 1197 1413 civitatis
1263 1355 1518 1428 episcopo
1576 1356 1719 1412 Gen-

1738 1093 1786 1153 Α
1817 1084 1902 1141 fus
1931 1084 2073 1140 inter
2100 1084 2285 1140 hostes
2314 1082 2457 1155 regis
2488 1083 2785 1149 invenitur,
2811 1082 3018 1155 synodo
3047 1096 3402 1156 rcprmscntaa

1823 1187 1929 1243 tur,
1959 1192 2057 1247 pro
2086 1183 2163 1230 tot
2201 1176 2473 1245 tantisque
2498 1174 2718 1247 ﬂagitiis
2753 1178 3020 1231 rationem
3052 1179 3278 1233 reddere
3307 1179 3403 1233 dc-

1820 1271 2104 1339 pbscitnr:
2138 1270 2229 1338 qui
2278 1270 2369 1323 diu
2411 1284 2595 1324 secum
2643 1284 2707 1325 ac
2743 1286 2865 1323 cum
2898 1270 3009 1325 suis
3054 1266 3408 1341 complicibus

1822 1361 2048 1415 multum
2104 1359 2443 1436 deliberans,
2492 1375 2588 1413 sua
2653 1371 2845 1429 sponte
2900 1360 2951 1414 in
3005 1361 3404 1417 confessionem

157 1469 346 1509 learns.
1821 1459 2170 1520 peccatorum
2204 1465 2424 1504 suorum
2457 1451 2667 1519 erupit,
2714 1450 2936 1520 suisque
2980 1451 3409 1507 confessionibus

213 1544 337 1597 liene
371 1550 638 1598 concepta
684 1541 983 1610 meliusque
1027 1548 1238 1593 retenta
1287 1548 1435 1593 casta
1488 1539 1721 1596 societas
1822 1540 1956 1594 alios
1983 1548 2148 1594 testes
2192 1540 2470 1605 adhibuit,
2504 1540 2731 1594 erimina
2764 1556 2859 1594 sua
2905 1541 2957 1595 in
3003 1542 3242 1596 libellum
3276 1558 3410 1597 con-

156 1634 399 1704 prastanti
427 1632 731 1687 αἰθρίου...
760 1648 882 1687 cum
915 1647 1001 1686 me
1044 1641 1341 1695 remotum,
1374 1632 1571 1701 vixque
1606 1632 1720 1687 solo
1824 1631 1975 1696 tulit,
2008 1631 2166 1700 eique
2196 1645 2379 1684 coram
2416 1630 2655 1685 Ecclesia
2682 1632 2801 1685 viva
2834 1644 2967 1687 voce
3010 1634 3237 1687 recitato
3283 1635 3411 1687 sub—

159 1724 342 1776 nomine
366 1723 651 1791 cognitum
673 1762 688 1787 ,
720 1722 812 1775 ﬁdi
852 1723 1166 1792 interpretis
1193 1722 1333 1776 dulci
1367 1721 1601 1790 alloquio
1631 1736 1721 1776 re-

157 1812 352 1875 creasti,
400 1826 580 1881 eoque
626 1811 907 1881 praestanti
941 1810 1115 1866 officio
1154 1812 1333 1881 palam
1386 1810 1597 1877 fecisti,
1632 1810 1720 1866 cui

158 1912 200 1955 et
224 1913 410 1973 quanto
454 1902 709 1957 Helvetia
739 1912 929 1972 pareat
960 1903 1253 1957 sacerdoti.
1292 1902 1548 1956 Arnulfus
1580 1902 1724 1972 regis

156 1992 400 2060 Lotharii,
437 2003 498 2048 ut
544 1994 697 2049 fama
741 2004 852 2056 est,
885 1994 1058 2059 filius,
1103 2003 1390 2063 postquam
1419 2010 1575 2049 suum
1607 1993 1723 2062 epi-

158 2099 345 2155 scepum
373 2084 496 2138 dolo
527 2093 593 2139 et
640 2083 829 2137 fraude
857 2084 1291 2138 circumventum
1337 2098 1459 2137 cum
1501 2081 1720 2151 propria

1824 1727 2074 1796 scripsit;
2106 1726 2332 1797 insignia
2374 1725 2660 1780 sacerdotii
2693 1724 2938 1796 deposuit
2967 1740 3141 1797 eoque
3165 1740 3223 1780 se
3255 1726 3409 1780 abdi-

1824 1820 1998 1884 cavit,
2027 1820 2428 1874 contessoribus
2458 1818 2570 1872 suis
2600 1830 2660 1871 ac
2688 1818 2914 1871 testibus
2947 1818 3332 1872 attestanlibus
3355 1826 3412 1872 et

1823 1907 2271 1979 reSpondentibus
2313 1922 2326 1961 :
2377 1907 2674 1962 secundum
2712 1905 3106 1976 professionem
3176 1914 3232 1961 et
3282 1907 3412 1961 sub-

1823 1999 2172 2069 scriptionem
2228 2007 2400 2060 tuam,
2454 2012 2605 2051 cessa
2650 1996 2718 2049 ab
2765 1995 3008 2051 officio...
3061 1996 3414 2065 Respondent

1823 2106 2007 2161 regem
2036 2088 2265 2145 Arnulfo
2300 2090 2512 2144 veniam
2551 2088 2837 2152 tribuisse,
2886 2100 2986 2142 nec
3034 2095 3219 2158 postea
3252 2087 3412 2158 quid-

159 2177 266 2230 urbe
287 2177 617 2246 εὓρῑίνθνίιν
646 2184 768 2246 Post
800 2175 1023 2230 mullum
1056 2190 1307 2230 cruorem
1340 2176 1563 2229 humani
1592 2189 1721 2228 5³η·-
1824 2196 1987 2253 quam
2018 2180 2286 2235 veniabile
2315 2180 2688 2243 commisisse;
2722 2178 2967 2233 Ruinano
2994 2177 3235 2249 pontiﬁci
3276 2176 3417 2247 inju-

157 2266 306 2336 guinis
329 2282 357 2321 a
385 2282 444 2322 se
490 2266 693 2332 effusi,
724 2275 846 2336 post
888 2266 1100 2335 praedas
1140 2276 1196 2320 et
1226 2265 1472 2319 incendia
1504 2265 1557 2318 in
1595 2279 1725 2318 con-

1836 2275 1963 2327 riam
2013 2274 2243 2337 factam,
2291 2272 2445 2341 quasi
2479 2271 2597 2326 sine
2629 2269 2744 2338 ejus
2776 2271 3136 2336 auctoritate,
3188 2280 3242 2324 et
3298 2271 3417 2323 sine

158 2367 289 2412 ventu
313 2358 472 2413 totius
500 2358 706 2414 Gallia:
730 2359 1105 2428 episcoporum
1146 2358 1435 2412 damnatus
1467 2366 1550 2412 est
1574 2356 1720 2426 (52)»
1819 2363 2033 2434 juribus
2061 2366 2353 2433 resumptis
2380 2363 2648 2433 deponere
2678 2378 2781 2416 non
2812 2362 3176 2417 dcbnerit.....
3207 2360 3265 2416 In
3297 2363 3415 2431 epi-

158 2464 208 2503 ac
224 2451 395 2506 deinde
417 2461 560 2522 post
581 2452 787 2506 obitum
809 2450 1167 2505 Adalberonis
1192 2466 1222 2503 a
1247 2450 1364 2503 solo
1383 2449 1725 2505 Adalberone
1757 2489 1799 2546 Β
1826 2457 1950 2526 logo
1984 2475 1996 2509 :
2025 2472 2125 2527 ego
2157 2456 2246 2510 ille
2297 2454 2524 2510 multum
2563 2453 2805 2523 jactatus
2839 2455 3002 2508 terris
3037 2464 3091 2508 et
3120 2454 3259 2517 alto,
3290 2457 3418 2508 (tum

158 2542 375 2613 episcopo
420 2542 788 2598 Laudonensi
856 2542 1237 2597 reconciliatus
1279 2556 1374 2611 spe
1420 2542 1727 2596 obtinenda:
1761 2542 1792 2546 "
1828 2548 2270 2619 philosophorum
2319 2546 2539 2599 inventa
2570 2560 2888 2614 prosequor,
2922 2545 3049 2599 dum
3098 2554 3284 2615 gemes
3331 2546 3417 2598 in-

161 2634 314 2700 pacis,
342 2634 649 2705 metropoli
678 2634 965 2689 Remorum
992 2634 1252 2698 donatus,
1294 2634 1534 2702 acceptis
1564 2633 1631 2687 ab
1660 2647 1725 2687 eo
1827 2639 2201 2709 disciplinatas
2224 2637 2371 2708 fugio
2414 2645 2469 2691 et
2510 2652 2615 2691 non
2644 2638 2836 2692 evado.
2878 2638 2988 2707 Ego
3011 2679 3024 2701 ,
3055 2637 3296 2705 inquam,
3324 2639 3418 2706 qui

164 2727 456 2785 terribilibus
494 2729 859 2784 sacramentis
885 2736 939 2784 et
966 2728 1193 2783 libellari
1230 2725 1568 2797 professione
1588 2766 1602 2787 ,
1629 2741 1727 2794 pro
1828 2746 2038 2801 magna:
2084 2730 2235 2785 urbis
2269 2729 2563 2783 Remorum
2596 2728 2855 2797 proditae,
2884 2736 2938 2782 et
2969 2728 3168 2798 captivi
3201 2743 3265 2781 ac
3296 2743 3421 2799 spo-

166 2816 248 2874 ﬁde
284 2823 387 2876 suis
435 2822 675 2890 regibus
702 2819 1071 2875 conservanda
1094 2859 1110 2884 ,
1153 2834 1313 2888 quam
1349 2817 1468 2871 viva
1515 2832 1646 2871 voce
1674 2817 1727 2871 in
1826 2820 1940 2874 liati
1985 2818 2165 2889 populi
2209 2833 2336 2887 pars
2364 2832 2469 2871 non
2516 2833 2681 2887 parva
2730 2817 2839 2883 fni,
2871 2818 2937 2872 ad
2976 2826 3030 2873 te
3055 2816 3208 2887 quasi
3235 2814 3301 2872 ad
3335 2825 3424 2871 tu-

165 2924 396 2968 conventu
410 2913 686 2969 Ecclesia:
710 2913 956 2967 recitavit
974 2911 1155 2982 (33)et
1175 2910 1390 2980 propria
1420 2924 1578 2962 manu
1602 2907 1731 2961 sub-
1830 2913 2098 2968 tissimum
2126 2909 2336 2982 refugio
2363 2918 2601 2980 portum.
2630 2910 2772 2980 Ergo
2797 2908 3083 2966 fluctuanti
3121 2910 3419 2964 salutarem

167 3004 416 3063 scribendo
474 3005 785 3061 roboravit.
857 3004 1096 3059 Necdum
1151 3017 1182 3056 a
1236 3018 1332 3057 sua
1385 2999 1729 3055 ordinatione
1827 3003 2045 3075 porrige
2065 3007 2310 3066 manum,
2334 3000 2536 3056 fessum
2562 3000 2931 3067 alleva;edax
2961 3001 3099 3056 livor
3121 2999 3425 3057 dlll'amavit

168 3106 323 3152 sextus
363 3098 579 3153 mensis
620 3095 836 3167 elapsus
881 3103 1033 3159 erat,
1080 3100 1137 3148 et
1182 3107 1311 3147 ecce
1356 3090 1543 3145 urbem
1573 3091 1639 3144 ab
1664 3103 1732 3144 eo
1829 3108 1916 3149 me
1947 3093 2172 3149 alterius
2200 3093 2467 3148 invasisse
2489 3092 2695 3155 sedem,
2720 3108 2841 3149 meo
2864 3093 3120 3149 instinctu
3145 3098 3422 3164 pastorem

168 3188 398 3254 prndium
431 3187 620 3243 hostis
667 3185 891 3253 invasit,
937 3184 1307 3241 sanctuarium
1358 3184 1451 3237 Dei
1502 3181 1730 3251 polluit,
1831 3195 2082 3256 captum,
2115 3196 2465 3251 accusatum,
2499 3184 2769 3254 dejectum
2806 3184 2992 3254 :quod
3036 3185 3109 3239 ita
3152 3201 3259 3239 non
3298 3199 3425 3240 esse

170 3280 313 3347 spolia
339 3279 605 3350 diripuit,
637 3278 844 3334 clerum
870 3285 920 3333 et
955 3274 1212 3346 populum
1248 3272 1566 3343 captivavil.
1603 3271 1734 3325 Post
1831 3277 2187 3334 sacerdotalis
2216 3276 2453 3347 dignitas
2501 3275 2708 3332 Gallica
2742 3277 2897 3332 testis
2926 3285 3040 3342 est,
3074 3286 3240 3331 testes
3269 3290 3427 3347 reges

171 3369 408 3427 haerere
454 3370 722 3427 Arnulfus
752 3384 879 3423 suos
924 3368 1206 3437 praedones
1235 3365 1337 3419 sub
1383 3363 1732 3417 anathemate
1832 3378 1888 3423 et
1938 3382 2224 3437 proceres,
2255 3381 2353 3421 cur
2386 3380 2591 3437 egenus
2634 3374 2690 3420 et
2738 3366 2921 3432 exsul,
2950 3381 3051 3421 nec
3090 3379 3289 3436 genere
3323 3379 3428 3421 nec

174 3464 354 3530 posuit,
386 3474 443 3520 et
474 3471 537 3516 ut
574 3463 716 3517 idem
750 3460 995 3515 facerent
1020 3457 1317 3513 Galliarum
1352 3453 1593 3526 episcopi
1633 3454 1735 3507 im-
1834 3460 2039 3516 divitiis
2086 3460 2335 3531 adjutus,
2402 3459 2589 3513 multis
2639 3458 3001 3529 locupletibus
3046 3467 3101 3514 et
3144 3453 3433 3535 nobilitate

174 3557 379 3622 ρθτεινὶις
412 3555 619 3626 prandia
666 3553 911 3609 ecclesiae
937 3568 1056 3623 (tum
1080 3565 1177 3622 per
1200 3557 1598 3605 sacramentum
1622 3546 1735 3612 suis
1834 3563 2119 3624 parentum
2164 3551 2475 3621 conspicuis
2513 3550 2770 3622 praelatus
2800 3551 2896 3614 sit,
2932 3551 3033 3605 nisi
3063 3550 3205 3619 quod
3238 3549 3315 3604 tui
3345 3558 3432 3605 est

175 3644 404 3701 militibus
433 3645 663 3700 dederat
717 3643 971 3705 abstulit,
1016 3642 1266 3697 hostibus
1298 3639 1529 3694 contulit
1557 3655 1571 3704 ;
1606 3654 1737 3693 con-
1837 3647 2098 3712 muneris,
2124 3645 2263 3699 bone
2284 3645 2433 3709 .lesu,
2461 3645 2553 3713 qui
2577 3644 2643 3699 de
2666 3654 2907 3699 stercore
2928 3642 3092 3713 erigis
3112 3654 3427 3713 pauperem,

171 3729 446 3800 juratorum
474 3748 696 3788 manum
718 3743 909 3788 contra
936 3750 1091 3787 suum
1124 3746 1307 3801 regem
1331 3729 1552 3800 ejusque
1579 3745 1736 3784 exer-

176 3823 316 3877 citum
346 3825 397 3878 in
444 3825 619 3878 aciem
650 3822 750 3877 sub
792 3822 959 3893 signis
989 3821 1167 3877 Caroli
1204 3819 1475 3890 perduxit.
1524 3818 1736 3874 Interea

176 3913 338 3985 legatis
374 3926 431 3972 et
479 3917 681 3971 litteris
727 3915 999 3987 synodicis
1044 3914 1325 3969 Romanus
1354 3911 1628 3984 pontifex,
1676 3920 1736 3964 ut

176 4010 389 4064 ecclesia:
438 4008 671 4063 turbatae
701 4007 984 4062 subveniat
1017 4008 1373 4071 admonetur;
1422 4005 1517 4059 sed
1563 4017 1739 4073 neque

176 4099 460 4164 catholicis,
531 4113 707 4167 neque
756 4096 967 4151 clericis
1025 4095 1437 4152 consulentibus
1482 4093 1734 4148 consulit.

176 4186 335 4260 itaque
360 4190 609 4261 gravium
640 4189 1016 4259 episcoporum
1050 4187 1193 4242 facto
1238 4186 1515 4250 consultu,
1547 4186 1739 4255 legatis

177 4293 223 4337 et
243 4282 427 4339 litteris
464 4282 776 4354 synodicis,
813 4297 877 4336 ac
904 4281 1043 4335 trina
1080 4281 1452 4335 admonitione
1479 4277 1741 4333 Arnolqu

178 4377 497 4439 convenitur,
526 4376 709 4427 decem
737 4381 792 4426 et
817 4380 941 4427 octo
970 4372 1244 4428 continuis
1280 4369 1582 4431 mensibus,
1621 4377 1682 4422 ut
1710 4384 1740 4422 a

178 4474 336 4533 empto
360 4464 549 4519 furore
575 4464 893 4529 desisteret,
924 4478 1090 4534 seque
1123 4479 1154 4517 a
1182 4461 1390 4517 scelere
1420 4460 1741 4529 proditionis

180 4562 227 4610 ct
249 4557 552 4612 rebellionis
580 4570 685 4625 quo
711 4554 1072 4625 impetebatur
1100 4552 1428 4625 regulariter
1454 4558 1739 4623 purgaret,

182 4647 360 4713 noluit;
386 4647 482 4701 sed
510 4662 633 4701 cuni
657 4662 686 4699 a
708 4662 766 4701 se
790 4648 1024 4700 fautores
1046 4643 1301 4715 nequitiae
1327 4657 1437 4697 suae
1462 4641 1743 4696 discedere

185 4742 361 4806 sensit,
392 4742 609 4795 territus
645 4755 824 4811 regem
855 4740 1017 4803 adiit,
1049 4739 1316 4807 novisque
1345 4735 1739 4799 sacramentis,

188 4846 240 4886 ac
262 4834 407 4889 novis
426 4850 600 4889 rerum
621 4832 1023 4890 conditionibus
1047 4832 1210 4903 regite
1240 4843 1442 4884 mensa:
1469 4828 1744 4898 particeps

188 4922 388 4980 eﬂectus
411 4935 519 4992 est,
548 4936 712 4997 atque
740 4926 812 4979 ita
840 4925 922 4978 ira
954 4924 1094 4995 regis
1129 4922 1318 4978 sedata
1341 4959 1355 4985 ,
1380 4919 1526 4973 omni
1554 4936 1612 4976 se
1636 4919 1744 4975 cri-

192 5017 319 5072 mine
338 5031 545 5075 exutum
580 5018 842 5085 credidit;
878 5016 1107 5087 indeque
1146 5030 1274 5071 mox
1318 5012 1532 5067 rediens
1581 5014 1742 5069 fidem

194 5124 624 5170 sacramentorum
658 5111 838 5181 rupit,
886 5110 1289 5165 conditionibus
1333 5122 1441 5161 non
1476 5107 1739 5170 servatis;

1837 3747 1896 3794 ut
1919 3739 2101 3793 sedeat
2127 3753 2249 3792 cum
2278 3736 2637 3807 principibus.
2669 3735 2748 3789 Tu
2784 3735 2892 3790 scis
2942 3748 3028 3788 me
3073 3733 3428 3789 Germaniam

1763 3850 1807 3912 ρ
1838 3839 1893 3885 et
1924 3830 2163 3898 Belgium
2196 3844 2413 3898 semper
2438 3827 2740 3883 honorasse
2768 3835 2827 3881 ut
2860 3825 3170 3889 dominam,
3194 3825 3432 3880 coluisse

1840 3931 1899 3976 ut
1945 3929 2242 3973 matrem...
2277 3918 2343 3972 Et
2377 3933 2521 3971 nunc
2558 3918 2777 3987 quidem
2822 3931 2851 3970 a
2885 3924 2938 3970 te
2969 3915 3153 3971 dulces
3202 3913 3430 3970 aﬂ‘ectus

1839 4027 1976 4082 quos
2025 4010 2236 4082 perdidi
2290 4024 2548 4079 reposco;
2602 4017 2862 4078 tuumque
2914 4008 3213 4063 antistitem
3274 4005 3427 4061 Will.

1840 4103 2029 4173 gratia:
2075 4102 2313 4156 indebite
2358 4101 2572 4154 amissae
2618 4098 3087 4154 reconciliatorem
3134 4099 3251 4153 fleri
3298 4113 3429 4162 oro,

1842 4208 2081 4264 memque
2114 4194 2462 4263 interpretem
2494 4189 2821 4244 innocentiae
2866 4204 3051 4244 coram
3087 4188 3429 4259 praesulibus,

1841 4302 2026 4342 coram
2063 4297 2188 4355 rege
2216 4292 2433 4346 nostro,
2464 4284 2553 4337 cui
2584 4281 2816 4337 favendo
2860 4290 3107 4351 tempore
3138 4280 3283 4351 regis
3326 4280 3432 4335 Lo-

1845 4378 2004 4433 tharii
2032 4376 2223 4448 gladiis
2249 4375 2482 4430 hostium
2515 4375 2759 4430 addictus
2780 4390 2923 4428 sum.
2954 4373 3023 4428 Et
3044 4389 3191 4428 nunc
3211 4373 3431 4444 quidem

1842 4468 1983 4523 mala
2028 4483 2129 4539 pro
2168 4466 2329 4522 bonis
2378 4466 2752 4520 retribnuntur
2796 4465 2987 4531 nobis,
3036 4465 3105 4519 ab
3153 4465 3242 4519 his
3294 4479 3434 4534 quos

1843 4560 1993 4631 pacis
2022 4567 2329 4621 amatores,
2371 4557 2722 4611 innocentum
2768 4564 3110 4624 protectores
3155 4555 3436 4609 existima-

1844 4654 2059 4706 bamus.
2090 4650 2291 4704 Pressa
2320 4647 2468 4717 jacet
2501 4647 2787 4719 tyrannide
2822 4647 3002 4703 omnis
3030 4646 3263 4702 ecclesia
3307 4644 3435 4701 Gal-

1843 4741 2053 4806 lorum,
2085 4738 2234 4810 atqui
2279 4753 2383 4792 non
2432 4753 2461 4791 a
2509 4738 2713 4806 Gallis,
2744 4740 2839 4793 sed
2866 4740 2935 4793 ab
2980 4739 3069 4794 his
3112 4739 3436 4808 sperabatur

1846 4832 2026 4898 salus;
2045 4832 2139 4888 sed
2163 4846 2268 4885 una
2291 4830 2436 4885 salus
2450 4830 2967 4897 hominis,Christe,
2986 4840 3043 4886 tu
3064 4845 3124 4885 es
3144 4846 3158 4894 ;
3182 4838 3237 4883 et
3260 4828 3436 4883 Roma

1846 4924 2089 4980 omnium
2129 4922 2495 4977 Ecclesiarum
2533 4924 2803 4977 hactenus
2829 4922 3018 4978 habita
3056 4927 3251 4984 mater,
3280 4916 3438 4973 bonis

1850 5015 2176 5070 maledicere
2196 5054 2209 5076 ,
2256 5012 2414 5067 malis
2442 5013 2771 5069 benedicere
2801 5012 2993 5078 fertur,
3023 5020 3077 5066 et
3109 5008 3309 5077 quibus
3338 5019 3442 5060 nec

1849 5119 1940 5158 ave
1971 5104 2259 5158 dicendum
2304 5110 2417 5168 est,
2470 5103 2906 5162 communicare.
2958 5111 3220 5167 tuamque
3271 5098 3443 5166 legem

196 5204 290 5257 atii
311 5220 519 5275 quorum
542 5209 832 5267 intererat,
862 5200 1019 5256 toties
1039 5201 1237 5272 decipi,
1271 5198 1429 5253 toties
1451 5198 1607 5254 bonis
1632 5196 1745 5269 pri-
1772 5213 1821 5271 ι)
1851 5194 2089 5250 zelantes
2132 5196 2425 5258 damnare,
2469 5197 2701 5250 abutens
2736 5193 2936 5263 ligandi
2984 5202 3147 5261 atque
3198 5183 3447 5245 solvendi

196 5295 292 5350 vari
313 5312 400 5350 non
430 5298 699 5350 ferentes.
728 5292 978 5350 Lauduni
1006 5310 1186 5350 arcem
1219 5300 1508 5350 occupant.
1538 5290 1741 5348 Arnol—

1842 5295 2110 5350 potestate
2140 5302 2171 5342 a
2201 5296 2253 5342 te
2281 5294 2507 5350 accepta
2539 5287 2771 5350 (34)"...
