3948 5350
491 417 597 474 ἓ67

1063 523 1395 581 EPISTOLA
1438 523 1501 578 Il.

639 661 706 701 AD
757 655 1036 713 SECWINUI
1075 652 1525 695 ARCHIEPISCOPUI
1567 648 1928 692 SENOKENSEII.

1098 755 1278 823 (Anno
1317 749 1470 823 995.)

500 881 576 937 De
589 878 859 935 interdicto
878 884 1058 929 contra
1078 868 1265 924 Patres
1280 866 1488 923 concilii
1502 861 1804 918 Basolensis
1821 861 1925 915 (ato
1941 860 2076 932 ('55).

569 996 898 1066 Oportuerat
940 987 1158 1059 quidem
1201 980 1542 1054 prudentiam
1590 986 1827 1033 vestram
1862 972 2081 1029 calliilm

500 1104 619 1143 rum
649 1083 927 1140 hominum
955 1076 1226 1134 versutias
1261 1072 1529 1132 evitasse,
1562 1076 1618 1122 ct
1651 1081 1838 1122 vocem
1869 1063 2081 1119 Domini

500 1180 689 1237 audire
710 1173 971 1231 dicentis:
995 1190 1011 1222 ι
1040 1168 1094 1224 Si
1110 1165 1347 1222 dixerint
1368 1158 1800 1218 vobis:Eccebic
1813 1157 2082 1221 Christus,

500 1280 595 1326 aut
622 1281 749 1325 ecce
772 1264 911 1329 illic,
941 1259 1108 1316 nolite
1137 1255 1334 1331 sectari
1379 1251 1596 1327 (Matth.
1632 1250 1804 1320 xxiv).
1847 1267 1865 1300 ›
1899 1247 2084 1302 Roma:

503 1362 707 1418 dicitur
745 1372 866 1413 esse
896 1353 987 1425 qui
1015 1368 1078 1408 ea
1111 1366 1230 1421 qua:
1265 1347 1535 1403 damnatis
1563 1344 1857 1416 justiﬁcct,
1887 1351 1935 1396 ct
1963 1355 2087 1412 qua:

498 1455 642 1526 justa
671 1449 872 1521 putatis
898 1448 1114 1501 damnet
1148 1457 1162 1496 :
1193 1452 1248 1497 ct
1273 1456 1372 1496 nos
1396 1438 1627 1493 dicimus
1656 1436 1799 1506 quod
1839 1435 1931 1489 Dei
1965 1443 2086 1488 tan-

506 1559 619 1602 tum
657 1554 771 1609 est,
818 1550 873 1597 et
919 1553 1024 1594 non
1072 1534 1336 1599 hominis,
1385 1546 1450 1587 ea
1494 1544 1615 1601 qua:
1659 1528 1915 1583 videntur
1946 1524 2086 1580 iusta

505 1641 787 1702 damnare,
813 1644 867 1691 et
892 1647 1012 1704 qum
1035 1628 1172 1686 mala
1204 1635 1487 1700 putantur,
1507 1620 1834 1692 justiﬁcare.
1869 1638 1886 1670 ι
1922 1616 2085 1677 Deus,

507 1732 682 1800 inquit
709 1724 1039 1798 Apostolus,
1086 1728 1170 1776 est
1213 1718 1305 1790 qui
1348 1715 1407 1787 ju
1442 1713 1643 1780 tifieat,
1700 1711 1824 1783 quis
1866 1718 1951 1765 est
1997 1706 2089 1780 qui

506 1799 863 1875 condemnet?
894 1835 912 1868 ι
945 1813 1120 1888 (Rom.
1152 1811 1295 1882 vin.)
1326 1805 1690 1876 Consequitur
1719 1817 1848 1875 ergo
1874 1802 1916 1856 si
1949 1799 2093 1855 Deus

1163 410 1521 470 SILVES'HH
1557 410 1597 465 Il
1638 408 1841 465 ΡΑΡᾹΞ
1881 407 2033 464 ΟΡΡ.
2076 406 2103 461 ιι

2205 407 2256 462 ιδ
2297 406 2384 463 Ill.
2424 406 2783 477 EPISTgET,
2819 404 3090 461 DIPIDM.

3664 388 3782 457 268

2100 539 2150 596 Α
2177 519 2530 590 appellandus
2557 530 2659 576 est.
2691 517 2878 589 Neque
2922 533 3053 573 vero
3081 516 3331 588 Gregorii
3366 517 3688 583 sententia,
3718 532 3778 571 ni

2155 696 2163 703 ’
2180 612 2377 668 ademit
2391 612 2749 682 corporalem,
2765 611 2847 673 vel
2871 610 2972 666 sibi
2989 609 3070 665 vel
3084 609 3237 665 alteri
3258 606 3529 664 homicida
3551 616 3677 665 est:
3690 607 3783 664 hic

2181 702 2274 773 qui
2305 702 2442 768 sibi,
2467 702 2551 757 vel
2581 701 2737 757 alteri
2763 701 2929 755 vitam
2956 699 3381 770 sempiternam,
3413 712 3523 768 quo
3550 697 3783 753 nomine

2183 795 2436 866 populum
2466 794 2658 860 relata,
2684 794 2737 848 in
2763 794 3049 864 episcopos
3075 790 3267 848 referri
3298 798 3478 860 potest
3509 806 3523 842 :
3562 808 3580 839 ι
3619 786 3781 851 Sive,

2185 889 2395 958 inquit,
2436 885 2584 956 juste
2628 886 2742 941 sive
2772 884 2973 954 injuste
3013 881 3215 955 obliget
3260 892 3465 951 pastor,
3495 880 3780 935 sententia

2183 983 2423 1054 pastoris
2444 980 2596 1052 gregi
2620 978 2858 1035 timenda
2881 977 2986 1033 est.
3016 996 3035 1029 ο
3064 958 3181 1031 Non
3204 975 3350 1031 enim
3372 973 3616 1044 episcopi
3645 975 3782 1042 gre!

2186 1077 2419 1140 dicitur;
2446 1074 2540 1129 sed
2563 1071 2812 1143 populus.
2839 1070 3112 1138 Quantum
3142 1083 3378 1137 namque
3404 1066 3514 1121 vita
3538 1065 3781 1135 pastoris

2187 1166 2351 1222 distat
2390 1180 2421 1218 a
2451 1176 2632 1234 grege,
2666 1169 2874 1223 tantum
2903 1159 3018 1213 vita
3054 1156 3292 1228 pastoris
3323 1156 3529 1209 distare
3557 1153 3725 1209 debet
3749 1168 3781 1207 τι

2188 1256 2363 1325 plebe.
2395 1252 2512 1308 Non
2559 1252 2725 1322 igitur
2751 1264 2781 1304 a
2809 1263 2968 1305 sacra
3012 1247 3434 1310 communione,
3481 1243 3641 1314 quasi
3674 1244 3782 1297 cri-

2192 1352 2383 1409 minosi
2399 1344 2759 1412 couifCSsi,_v'el
2775 1344 3028 1409 convicti,
3054 1342 3311 1412 suspendi
3335 1339 3603 1396 debuisﬁs
3619 1338 3739 1409 (36)
3764 1356 3778 1393 :

2189 1458 2366 1514 neque
2388 1456 2517 1496 vero
2538 1438 2704 1494 veluti
2726 1434 2942 1493 rebellis
2961 1449 3026 1489 ac
3047 1433 3257 1503 refuga,
3280 1432 3405 1502 quia
3426 1440 3781 1486 sacrosancta

2191 1531 2421 1589 concilia
2478 1541 2760 1597 nunquam
2795 1522 3078 1580 devitastis
3111 1539 3126 1576 :
3158 1522 3397 1576 maxime
3448 1535 3574 1576 cum
3628 1526 3786 1575 actus

2191 1637 2248 1682 et
2270 1623 2605 1681 conscientia
2633 1622 2707 1677 sit
2733 1635 2868 1692 pura
2889 1658 2905 1685 ,
2938 1633 3040 1674 nec
3069 1616 3263 1688 legalis
3307 1617 3580 1671 sententia
3625 1614 3783 1669 damn

2195 1716 2436 1773 nationis
2481 1715 2535 1769 in
2567 1728 2668 1770 vos
2697 1713 2877 1768 adhuc
2901 1710 2982 1766 sic
3011 1709 3122 1764 lata
3142 1747 3158 1773 ,
3205 1721 3305 1763 nec
3352 1706 3561 1776 legibus
3592 1703 3782 1760 inferri

2194 1806 2389 1880 possit.
2419 1804 2635 1876 Legalis
2680 1804 2804 1859 ideo
2832 1801 2983 1857 illata
3015 1814 3121 1855 non
3157 1808 3282 1862 est,
3329 1798 3457 1868 quia
3486 1796 3788 1867 Gregorius

508 1911 865 1974 condemnat,
916 1915 975 1962 ut
1017 1919 1125 1959 non
1160 1901 1233 1957 sit
1276 1899 1366 1970 qui
1408 1896 1693 1991 justiticet.
1726 1893 1868 1948 Deus
1911 1890 2086 1991 dicit:
2123 1931 2164 1991 Β
2196 1900 2375 1956 dicit:
2416 1917 2433 1951 ι
2473 1879 2910 1967 ὃθηιεηιίιιθείιισ
2938 1891 3143 1961 scripto
3182 1888 3432 1959 prolata,
3458 1903 3560 1943 nec
3584 1900 3784 1942 nomen

514 2024 532 2057 ι
568 2003 624 2061 Si
667 1998 974 2074 peccaverit
1010 1996 1065 2051 in
1109 2004 1159 2050 te
1201 1992 1369 2048 frater
1401 1998 1557 2054 tuus,
1588 1986 1724 2042 vade
1772 1994 1827 2039 et
1876 1983 2090 2052 corripe

509 2113 632 2154 cum
680 2097 821 2151 inter
854 2102 905 2147 te
942 2097 997 2144 et
1048 2087 1226 2159 ipsum
1274 2084 1448 2140 solum
1497 2079 1715 2151 (Matth.
1758 2074 1947 2147 avni),
1987 2093 2006 2126 ι
2039 2080 2094 2127 et

511 2180 717 2259 reliqua
739 2204 757 2237 ι
783 2195 957 2253 usque
979 2186 1039 2236 ut
1060 2176 1312 2259 ethnicus
1335 2183 1391 2229 et
1418 2170 1758 2242 publicanus.
1778 2185 1795 2218 ι
1814 2161 2094 2233 Quomodo

509 2253 647 2353 ergo
668 2276 846 2334 aemuli
877 2275 1064 2330 dicunt
1090 2256 1234 2340 quod
1277 2267 1332 2321 in
1375 2260 1582 2319 Arnulii
1620 2257 1921 2328 dejectione
1944 2295 1958 2319 ,
1988 2253 2096 2309 Ro-

513 2348 657 2430 mani
704 2356 945 2442 episcopi
990 2362 1254 2437 judicium
1279 2354 1703 2428 exspectandum
1751 2348 1886 2405 fuit?
1933 2348 2094 2404 Pote-

513 2476 713 2520 runtne
733 2439 935 2518 docere’
954 2454 1184 2512 Romani
1215 2449 1451 2523 episcopi
1468 2445 1736 2519 judicium
1780 2442 1869 2498 Dei
1891 2439 2097 2510 judicio

517 2556 691 2628 majus
708 2553 861 2611 esse?
887 2551 995 2608 Sed
1022 2549 1231 2621 primus
1255 2544 1625 2600 Romanorum
1650 2539 1961 2608 cpiscopus,
1989 2533 2097 2588 imo

517 2655 755 2724 ipsorum
804 2644 1172 2720 apostolorum
1222 2640 1497 2711 princeps,
1542 2635 1790 2690 clamat:
1829 2650 1846 2682 ι
1877 2628 2101 2698 Oportet

516 2717 690 2812 magis
716 2717 939 2796 obedire
967 2737 1077 2791 Deo
1099 2747 1259 2803 quam
1292 2726 1603 2785 hominibus
1634 2723 1774 2794 (Act.
1806 2720 1883 2791 v).
1921 2738 1940 2771 ι
1978 2717 2101 2773 Cla-

520 2808 634 2891 mat
658 2841 712 2889 et
760 2832 878 2901 ipse
919 2827 1070 2884 orbis
1113 2835 1382 2881 terrarum
1423 2818 1683 2889 magister
1710 2813 1949 2870 Paulus:
1986 2827 2004 2862 ι
2044 2808 2101 2865 Si

516 2926 640 2997 quis
680 2924 833 2979 vobis
880 2917 1287 2976 annuntiaverit
1338 2922 1553 2985 pra-ter.
1577 2908 1720 2981 quod
1778 2902 2103 2976 accepistis,

520 2995 684 3074 etiam
714 3013 939 3087 angelus
964 3012 1034 3069 de
1073 3009 1247 3077 creto,
1293 3006 1587 3063 anathema
1630 3002 1702 3057 sit
1748 2996 1949 3072 (Colat.
1983 2995 2049 3063 ι).
2081 3011 2100 3044 ι

520 3111 659 3167 Num
685 3109 813 3180 quia
836 3105 1185 3163 Marcellinus
1206 3116 1341 3174 papa
1360 3097 1480 3154 Jovi
1506 3098 1665 3151 thura
1690 3091 1962 3154 incendit,
1986 3088 2108 3142 idco

522 3205 732 3260 cunctis
747 3201 1019 3272 episc0pis
1044 3195 1464 3254 thuriiicaudum
1480 3191 1616 3246 fuit?
1648 3190 1971 3245 Constanter
1988 3182 2109 3236 dico

2193 1991 2481 2049 sententiis
2529 1990 2734 2046 habere
2777 1994 3041 2042 meretur.
3082 2001 3101 2035 ι
3146 1981 3387 2052 Legibus
3438 1980 3632 2034 inferri
3678 1994 3783 2036 non

2192 2090 2409 2155 potest,
2440 2080 2568 2153 quia
2596 2092 2827 2150 magnus
2854 2076 2964 2131 Leo
3001 2087 3139 2145 papa
3184 2072 3319 2128 dicit
3357 2087 3374 2125 :
3412 2088 3432 2122 ‹
3475 2068 3597 2126 Non
3632 2079 3784 2125 tene-

2197 2187 2286 2232 tur
2310 2175 2455 2231 Petri
2490 2172 2867 2245 privilegium,
2910 2167 3224 2235 ubicunque
3270 2179 3381 2219 non
3427 2178 3495 2218 ex
3526 2163 3787 2234 aequitate

2196 2268 2372 2324 fertur
2386 2266 2672 2336 judicium.
2705 2283 2725 2318 ι
2753 2262 2871 2318 Non
2895 2269 2979 2317 est
2999 2272 3131 2329 ergo
3150 2255 3325 2310 danda
3347 2255 3569 2311 occasio
3588 2255 3788 2311 nostris

2195 2360 2439 2426 :emulis,
2484 2367 2543 2414 ut
2587 2355 2986 2421 sacerdotium,
3034 2348 3181 2421 quod
3222 2348 3425 2419 ubique
3473 2362 3645 2403 unum
3672 2354 3781 2409 est,

2198 2456 2341 2512 sicut
2368 2451 2615 2507 Ecclesia
2652 2447 2924 2505 catholica
2957 2461 3066 2502 una
3099 2455 3216 2511 est,
3248 2445 3324 2499 ita
3356 2440 3447 2496 uni
3480 2436 3681 2506 subjici
3712 2436 3787 2490 vi-

2199 2549 2379 2612 detur,
2416 2555 2475 2600 ut
2516 2553 2573 2600 et
2614 2539 2879 2614 pecunia,
2911 2539 3120 2612 gratia,
3153 2550 3298 2594 metu
3348 2532 3433 2590 vel
3482 2525 3783 2602 ignorantis

2200 2645 2460 2709 corrupto
2487 2625 2648 2692 ne'mo
2672 2633 2932 2689 sacerdos
2958 2644 3080 2687 esse
3121 2628 3325 2700 possit,
3355 2624 3464 2679 nisi
3493 2634 3663 2693 quem
3686 2616 3783 2672 sibi

2204 2735 2289 2789 lue
2329 2732 2564 2786 virtutes
2607 2724 3068 2783 commendarint.
3099 2720 3185 2776 Sit
3219 2718 3307 2775 lex
3351 2711 3668 2772 communis
3694 2710 3786 2764 Ec-

2203 2824 2386 2883 clesia:
2415 2818 2701 2878 catholica:
2746 2814 3122 2887 evangelium,
3158 2808 3436 2882 Apostoli,
3469 2804 3785 2873 Propheta,

2204 2928 2443 2971 canones
2469 2910 2668 2983 spiritu
2702 2907 2795 2963 Dei
2822 2903 3200 2964 constituti.et
3231 2899 3399 2955 totius
3423 2895 3617 2952 mundi
3645 2906 3789 2948 leve-

2208 3008 2384 3064 rentia
2397 3002 2724 3065 consecrati,
2745 3000 2963 3056 decreta
2985 2995 3132 3053 sedis
3155 2991 3472 3064 apostolica:
3496 2990 3567 3044 ab
3584 2988 3674 3043 his
3688 3000 3791 3041 non

2210 3097 2608 3160 discordantia,
2622 3103 2677 3149 et
2691 3092 2782 3163 qui
2796 3106 2895 3161 per
2907 3095 3277 3157 contemptum
3291 3082 3461 3138 abhis
3472 3075 3790 3140 deviaverit,

2212 3189 2740 3265 perlmcjudicctur,
2755 3198 2851 3255 per
2878 3182 2996 3238 haec
3020 3179 3334 3249 abjieiatur.
3356 3174 3531 3229 Porro
3551 3173 3673 3227 ham
3692 3183 3794 3224 scr-

523 3294 667 3367 qqu
699 3294 744 3348 si
796 3268 1073 3346 Romanus
1097 3292 1385 3359 episcopus
1430 3283 1483 3337 in
1518 3280 1742 3335 fratrem
1768 3271 2103 3347 peccaverit,

2211 3284 2558 3352 vanti.ctpro
2569 3279 2778 3335 viribus
2788 3272 3324 3346 ex'scqucnti,sitpax
3339 3268 3598 3324 continua
3611 3275 3797 3320 etcon-

525 3364 829 3457 saepiusque
854 3379 1163 3435 admonitus
1207 3374 1503 3431 Ecclesium
1546 3386 1653 3425 non
1686 3365 1953 3432 audierit,
1985 3364 2105 3428 hic,

526 3479 781 3548 inquam,
811 3473 1091 3529 Romanus
1117 3470 1406 3540 episcopus
1435 3470 1705 3535 praecepto
1744 3458 1837 3514 Dei
1883 3465 1966 3513 est
2012 3455 2110 3511 ha-

527 3570 735 3625 bendus
781 3566 924 3622 sicut
950 3562 1200 3618 ethnicus
1225 3569 1281 3615 et
1325 3557 1666 3628 publicanus.
1712 3551 1925 3619 Quanto
1965 3550 2111 3605 enim

530 3660 731 3735 gradus
756 3657 941 3722 altior,
971 3663 1122 3709 tanto
1151 3651 1304 3707 ruina
1335 3648 1555 3721 gravior
1586 3656 1689 3701 cst.
1717 3644 1871 3711 Quod
1900 3642 1944 3696 si
1978 3657 2111 3712 pro-

530 3733 715 3822 pterea
735 3763 835 3804 sua
850 3745 1234 3804 communione
1257 3758 1355 3796 nos
1371 3741 1618 3809 indignos
1640 3736 1810 3800 ducit,
1830 3733 1958 3804 quia
1977 3747 2106 3788 con-

536 3826 617 3900 tra
646 3841 999 3913 Evangelium
1031 3835 1296 3894 sentiendi
1330 3832 1509 3889 nullus
1537 3839 1778 3886 nostrum
1810 3825 2111 3890 consentit,

535 3953 639 3991 non
660 3936 781 3990 ideo
803 3950 830 3987 a
852 3928 1232 3987 communione
1249 3924 1450 3982 Christi
1473 3937 1574 3979 nos
1594 3932 1847 3991 separare
1868 3918 2069 3990 poterit
2094 3929 2111 3971 :

526 4043 658 4083 cum
682 4027 845 4083 etiam
871 4022 1179 4094 presbyter,
1211 4017 1314 4073 nisi
1343 4013 1624 4071 confessus
1664 4021 1756 4077 aut
1797 4009 2113 4076 convictus,

534 4121 605 4194 ab
645 4117 823 4176 cilicio
877 4111 1144 4170 removeri
1197 4125 1304 4164 non
1355 4106 1581 4173 debeat,
1634 4100 1932 4174 pra'scrtim
1991 4112 2115 4152 cum

534 4191 829 4282 Apostolus
873 4206 1062 4261 dicat:
1101 4221 1119 4255 ι
1156 4199 1290 4268 Quis
1320 4212 1418 4253 nos
1450 4194 1728 4268 separabit
1776 4208 1808 4247 a
1852 4188 2119 4243 cliaritate

537 4280 782 4357 Christi?
819 4317 839 4351 ι
872 4297 939 4351 Et
967 4296 1163 4350 iterum
1197 4307 1212 4345 :
1247 4309 1264 4342 ι
1300 4289 1491 4345 Certus
1530 4302 1648 4343 sum
1675 4285 1819 4339 enim
1849 4280 1990 4350 quod
2020 4295 2117 4334 ne-

539 4404 648 4460 que
693 4402 875 4453 mors,
909 4398 1085 4455 neque
1110 4384 1246 4447 vita,
1277 4389 1382 4435 etc.
1416 4377 1598 4450 (Rom.
1639 4375 1779 4445 vni).
1818 4392 1837 4425 ι
1881 4372 1945 4426 Et
1974 4385 2122 4439 qua:-

544 4497 669 4537 nam
706 4480 879 4551 major
906 4477 1179 4549 separatio
1200 4515 1214 4539 ,
1241 4488 1405 4543 quam
1442 4486 1473 4524 a
1504 4470 1626 4525 Filii
1671 4468 1764 4522 Dei
1812 4477 2039 4535 corpore
2066 4471 2122 4516 et

543 4573 807 4645 sanguine
825 4610 840 4636 ,
866 4570 957 4639 qui
983 4567 1223 4641 quotidie
1246 4581 1345 4638 pro
1372 4571 1557 4619 nostra
1584 4559 1892 4617 immolatur
1922 4556 2118 4617 salute,

2215 3375 2365 3430 tinuo
2395 3370 2748 3440 sempiterna.
2781 3366 2888 3422 Vos
2910 3366 3050 3419 bene
3079 3366 3263 3416 valere
3291 3367 3571 3428 optamus.
3606 3367 3790 3408 nccv.

2210 3467 2412 3522 lterum
2449 3461 2656 3525 valete,
2687 3469 2742 3513 et
2767 3473 2800 3512 a
2830 3452 3200 3511 sacrosanctis
3222 3460 3276 3505 et
3301 3445 3548 3519 mysticis
3571 3456 3797 3513 suspen-

2212 3560 2341 3613 dere
2385 3568 2483 3608 vos
2526 3550 2713 3606 nolite.
2749 3546 2853 3616 Qui
2895 3544 3041 3601 enim
3086 3549 3375 3597 accusatus
3407 3544 3537 3592 ante
3558 3533 3795 3606 judicent

2214 3656 2390 3712 tacet,
2414 3643 2740 3706 conﬁtetur;
2790 3647 2845 3696 et
2887 3637 2982 3709 qui
3016 3635 3200 3708 judice
3228 3632 3512 3702 iudicante
3539 3641 3717 3700 punire
3740 3640 3800 3679 se

2213 3739 2453 3802 addicit,
2483 3734 2795 3791 confitetur.
2823 3727 3108 3785 Confessio
3147 3734 3332 3780 autem
3366 3722 3425 3776 [it
3465 3729 3562 3775 aut
3607 3716 3799 3772 salutis

2213 3839 2309 3886 aut
2336 3824 2659 3901 perditionis
2687 3836 2854 3878 causa
2885 3838 2899 3874 :
2928 3817 3153 3880 salutis,
3186 3829 3313 3870 cum
3355 3812 3479 3883 quis
3508 3807 3799 3865 conﬁtetur

2215 3925 2282 3979 de
2313 3899 2372 3976 se
2399 3933 2561 3984 vera;
2591 3912 2947 3987 perditionis,
2975 3924 3100 3965 cum
3134 3905 3270 3962 falsa
3312 3905 3379 3960 de
3407 3919 3466 3958 se
3495 3899 3761 3971 confingit
3781 3936 3798 3965 ,

2218 4013 2304 4069 vel
2331 4013 2385 4067 in
2413 4025 2473 4066 se
2499 4008 2704 4081 patitur
2727 4002 2988 4073 contingi.
3018 3999 3226 4056 Tacere
3249 4011 3385 4065 ergo
3411 4003 3538 4050 ante
3563 3992 3800 4061 judicent

2216 4102 2463 4162 conﬁteri
2491 4110 2575 4156 est
2607 4114 2621 4156 :
2656 4095 2905 4153 conﬁteri
2948 4106 3111 4165 porro
3137 4090 3279 4145 falsa
3322 4097 3379 4142 et
3421 4085 3672 4142 mortalia
3696 4083 3802 4138 cri-

2217 4199 2394 4262 mina,
2445 4192 2732 4251 homicidte
2760 4199 2889 4246 est:
2920 4187 3047 4258 quia
3090 4184 3270 4240 omnis
3313 4183 3407 4253 qui
3453 4182 3557 4235 sibi
3610 4177 3801 4234 mortis

2219 4304 2381 4346 causa
2412 4286 2606 4347 fuerit,
2636 4281 2809 4351 major
2832 4278 3105 4336 homicida
3128 4285 3232 4333 est.
3259 4274 3324 4330 Et
3346 4273 3609 4328 Dominus
3632 4271 3757 4326 dicit
3783 4286 3799 4325 :

2226 4400 2245 4434 ι
2280 4379 2360 4435 Ex
2390 4394 2486 4433 ore
2512 4388 2601 4431 tuo
2630 4383 2683 4429 te
2703 4373 2908 4445 judico.
2943 4390 2963 4423 ι
2998 4367 3328 4439 Repellenda
3356 4365 3521 4436 igitur
3550 4364 3688 4418 falsa
3711 4377 3802 4418 ac-

2222 4468 2455 4531 cusalio,
2477 4475 2531 4519 et
2556 4443 2952 4520 contemnenda
2981 4459 3209 4529 illegalis
3224 4455 3491 4526 judica;io
3518 4471 3533 4508 :
3562 4471 3650 4519 ne,
3674 4454 3798 4507 dum

2222 4557 2470 4612 volumus
2517 4553 2688 4608 videri
2737 4551 3058 4606 innocentes
3084 4562 3271 4605 coram
3298 4545 3548 4600 Ecclesia
3565 4584 3582 4609 ,
3608 4542 3800 4598 ciliciis

545 4644 845 4735 quemlibet
865 4659 1101 4716 fidelium
1125 4654 1441 4713 removere?
1461 4652 1615 4721 Quod
1637 4651 1681 4706 si
1706 4649 1817 4715 hic,
1839 4648 1930 4719 qui
1952 4647 2119 4701 vitam
2152 4654 2199 4716 ι)
2226 4664 2348 4705 mur
2376 4654 2631 4702 nocentes
2655 4644 2788 4717 (37).

551 4799 631 4857 tés
660 4798 692 4855 ξι
719 4797 944 4852 l’oeuvre
986 4793 1054 4849 de
1095 4791 1343 4848 Gerbert.
1376 4788 1453 4844 Le
1495 4795 1640 4842 texte
1675 4798 1781 4855 quc
1821 4797 1955 4857 unus
1989 4782 2121 4835 don-

547 4853 689 4927 no‘ns
714 4869 817 4929 ici,
851 4864 1055 4935 malgré
1088 4878 1177 4919 ses
1209 4862 1460 4935 lacunes.
1492 4872 1638 4935 unus
1662 4853 1703 4935 a'
1723 4870 1855 4925 paru
1883 4853 2000 4935 plus
2021 4868 2118 4905 an-

550 4924 852 5013 tlientique,
866 4924 1042 5013 etpar
1058 4931 1391 5013 conséqttqnt
1412 4924 1739 5001 prél'érablei
1757 4940 1893 5013 uotis
1916 4924 2121 5013 lIavq‘ns

552 4991 825 5067 iii-3113‘s;
839 4991 1116 5063 collection
1141 5003 1205 5057 de
1229 4991 1287 5056 ὑ.
1313 4991 1613 5064 Μςιιτιειιιιθ,
1639 5006 1773 5052 tom.
1797 4995 1841 5058 1,
1868 4994 1978 5067 col.
1994 4991 2119 5047 551.

622 5064 735 5151 (55)
751 5079 824 5135 Le
841 5092 979 5151 papc
996 5074 1127 5131 Jean
1140 5072 1259 5151 XV,
1275 5070 1489 5151 instruit
1506 5064 2123 5151 p_arnquelques‘éveques

552 5134 702 5206 de‘ce
719 5134 817 5220 qui
832 5134 1010 5204 s‘était
1031 5144 1186 5220 passo
1204 5134 1271 5197 au
1295 5134 1581 5220 concilc'de
1594 5134 1950 5220 SaiiitéBasle,
1966 5147 2121 5214 cassa

554 5204 632 5268 is;
649 5204 808 5268 acres
833 5220 901 5268 de
931 5232 993 5268 ee
1015 5204 1310 5268 c'oiiciie.et
1325 5209 1837 5268 susneuditdeleurs
1852 5204 2122 5261 fouctious

2228 4781 2360 4835 dont
2396 4778 2476 4834 les
2524 4786 2722 4833 termes
2749 4790 2853 4846 peu
2904 4771 3149 4846 mcsurés
3185 4774 3443 4846 accusent
3483 4767 3535 4822 le
3565 4766 3715 4839 dépit
3740 4769 3799 4823 dc

2228 4851 2523 4906 l‘ecrivain.
2557 4842 2832 4902 'l‘outei'ois
2862 4860 2999 4899 nous
3026 4844 3207 4897 ferons
3233 4842 3495 4895 observer
3529 4854 3639 4908 quc.
3669 4849 3799 4892 cette

2227 4922 2389 4976 lettre
2412 4937 2440 4974 a
2470 4918 2627 4989 passé
2656 4915 3082 4989 par_les_memes
3110 4912 3289 4967 maius
3318 4926 3437 4981 .que
3463 4909 3543 4964 les
3570 4920 3718 4964 actes
3737 4910 3797 4964 du

2229 4991 2436 5047 concile
2466 4985 2532 5045 de
2562 4985 2925 5043 Saiitt-Basle.

2301 5062 2414 5134 (56)
2439 5060 2512 5114 Le
2534 5058 2911 5134 continuateur
2929 5052 3200 5134 d‘Aimoiu
3226 5048 3449 5134 pretend
3467 5065 3593 5134 _que_
3609 5047 3795 5134 Segnia

2229 5120 2589 5187 ne‘couscntit
2615 5142 2711 5196 pas
2736 5126 2767 5181 it
2800 5126 2847 5179 la
2880 5125 3184 5195 dépitsition
3222 5120 3603 5196 d’At-noultil
3633 5122 3795 5196 parait

2228 5211 2489 5268 pourtant
2518 5190 2648 5267 qu‘il
2673 5190 2965 5254 sous‘crivii
2993 5196 3074 5251 les
3102 5203 3252 5250 actes
3279 5194 3351 5248 du
3379 5190 3623 5258 concile,
3667 5191 3798 5260 puis-
