3948 5350
828 405 1070 464 SECTIO
1107 407 1169 463 ll.
1202 438 1268 447 —-
1289 406 1642 463 EPISTOLE
1681 404 1766 461 ET

1878 405 2195 462 PLOMA'l‘A
2243 401 2639 463 PONTlFltIM.

1408 684 2231 777 JUBAMENTUM

357 859 722 924 Prcrstitum
769 882 805 923 a
854 864 1067 927 Parno
1113 862 1331 929 abbate
1374 865 1688 1008 Classcnﬁ
1730 866 2383 961 Sancliﬂpollinart's
2433 866 2777 931 Genaun'ro
2816 867 3287 949 archiepiscopo

1690 959 2005 1008 avennatt.

1690 959 2005 1009 avennatt‘.

1296 1089 1508 1166 (Anno
1545 1088 1686 1162 998,
1723 1090 1802 1151 30
1833 1087 2265 1166 Novembris.)

744 1208 961 1279 (Annal.
987 1207 1311 1273 Camaldul.,
1342 1218 1472 1265 tom.
1504 1209 1543 1274 Ι,
1569 1224 1690 1279 pag.
1722 1208 1843 1273 M7,
1872 1223 1937 1263 ex
1965 1208 2279 1263 authentico
2308 1206 2515 1261 archivi
2543 1204 2885 1275 Classensis.)

288 1440 600 1513 Exemplum
640 1449 996 1513 instrumenti,
1022 1448 1171 1518 cujus
1206 1460 1354 1502 tenor
1382 1449 1502 1502 talis
1532 1458 1605 1503 est
1637 1462 1655 1499 :

250 1540 303 1595 In
332 1542 555 1595 nomine
584 1541 786 1607 Patris,
805 1550 857 1594 et
884 1540 1023 1603 Filii,
1055 1552 1110 1595 et
1140 1540 1376 1611 Spiritus
1398 1542 1593 1607 sancti,
1612 1558 1774 1607 anno,

198 1628 288 1685 Deo
344 1630 604 1700 propitio,
665 1631 1018 1699 pontilicatus
1080 1632 1263 1685 domui
1306 1630 1551 1699 Gregorii
1602 1634 1775 1702 quinti

196 1730 242 1775 et
261 1721 587 1775 universalis
615 1736 768 1791 papa:
800 1722 850 1775 in
888 1722 1184 1790 apostolica
1222 1723 1593 1777 sacratissima
1634 1723 1775 1777 beati

198 1810 319 1867 Petri
373 1812 610 1883 apostoli
645 1811 793 1880 sede;
820 1814 996 1877 tertio,
1029 1822 1188 1881 atque
1234 1813 1533 1883 imperante
1579 1814 1775 1868 domno

198 1899 375 1957 Ottone
433 1904 600 1958 tertio
652 1903 871 1972 juniore
920 1918 1063 1957 anno
1107 1903 1304 1969 tertio,
1361 1904 1447 1959 die
1504 1905 1775 1960 tricesimo

199 1996 379 2050 mensis
414 1994 763 2060 Novembris,
799 1994 1092 2050 indictione
1118 1996 1349 2059 decima,
1381 1995 1669 2050 Ravenna).

248 2085 543 2143 Pastoralis
568 2104 631 2142 ac
656 2088 929 2158 pontiﬁcis
954 2089 1135 2143 domui
1158 2089 1559 2144 etsanctissimi
1582 2098 1637 2143 et
1656 2087 1777 2143 bea.

202 2177 365 2233 tissimi
394 2179 654 2235 Gerberti
679 2180 1067 2251 archiepiscOpi
1092 2191 1294 2235 sanctre
1318 2180 1649 2235 Ravennatis
1669 2180 1773 2236 Ec-

202 2270 371 2337 clesiae,
390 2283 445 2328 et
475 2273 766 2329 iuvestitor
791 2290 909 2328 meo
937 2275 1271 2344 providentia
1295 2284 1458 2343 atque
1486 2276 1773 2343 respectio,

203 2363 277 2429 qui
300 2363 417 2419 licet
456 2365 597 2419 mihi
628 2365 847 2436 indigno
876 2363 1077 2420 famulo
1109 2374 1226 2430 tuo,
1256 2366 1416 2420 nullis
1433 2364 1778 2433 suifraganti-

204 2451 285 2507 bus
307 2456 546 2519 meritis,
591 2472 704 2511 sua:
752 2456 927 2512 laudis
956 2472 1179 2527 suaeque
1214 2458 1432 2526 pietatis
1463 2457 1773 2523 clementia,

203 2541 319 2598 sicut
352 2554 404 2599 et
436 2547 701 2602 omnibus
736 2548 993 2619 subjectis
1038 2550 1172 2614 suis,
1203 2550 1335 2604 mihi
1371 2547 1618 2619 largiﬁua
1664 2565 1776 2604 sine

204 2632 580 2691 misericordia:
630 2636 836 2692 viscera
890 2637 1184 2694 clementer
1232 2639 1565 2709 impendere,
1603 2639 1775 2708 respi-

204 2732 335 2777 rante
359 2724 429 2778 illi
492 2724 673 2780 divina
718 2725 937 2789 virtute,
972 2726 1224 2797 dignatus
1263 2736 1347 2782 est
1390 2744 1551 2797 super
1579 2744 1663 2782 me
1695 2727 1773 2780 af-

1803 1456 1848 1513 Α
1879 1458 2047 1503 stram
2067 1446 2434 1503 inﬁdelitatem
2466 1464 2549 1503 me
2572 1449 2809 1512 soeiaho,
2827 1450 2917 1505 sed
2948 1452 3071 1507 totis
3094 1454 3294 1508 viribus
3318 1456 3452 1511 meis

1877 1547 2062 1591 contra
2096 1538 2211 1591 illos
2242 1539 2394 1593 Stabo
2413 1554 2509 1606 pro
2538 1550 2713 1594 vestra
2742 1540 3020 1606 fidelitate,
3044 1554 3092 1597 et
3112 1545 3453 1613 quidquilab

1877 1628 1982 1682 illis
2012 1628 2150 1682 scire
2182 1637 2429 1698 potuero,
2468 1639 2558 1683 aut
2598 1647 2693 1701 per
2720 1647 2828 1697 me,
2869 1641 2959 1685 aut
3002 1648 3095 1702 per
3124 1648 3299 1686 meum
3329 1640 3455 1688 mis-

1877 1738 1993 1777 sum
2028 1722 2277 1775 nuntiare
2307 1723 2475 1784 vobis,
2523 1733 2615 1777 aut
2658 1724 2855 1777 vestris
2900 1725 3173 1791 ﬁdelibus,
3231 1731 3457 1783 studebo

1875 1815 1982 1868 cito
2021 1822 2080 1867 ut
2130 1824 2397 1882 potuero;
2472 1822 2525 1868 et
2580 1815 2717 1869 bene
2765 1816 3024 1885 polliceor
3076 1830 3135 1873 ut
3181 1834 3458 1889 nunquam

1877 1905 2066 1959 diebus
2097 1907 2216 1959 vita:
2254 1921 2385 1959 mete
2431 1916 2523 1959 aut
2566 1908 2631 1960 ad
2673 1923 2865 1977 papam
2893 1947 2907 1972 ,
2950 1919 3041 1963 aut
3080 1912 3145 1963 ad
3200 1911 3455 1980 majorem

1877 1997 1958 2050 vel
1986 1996 2315 2065 comqualem
2336 1996 2726 2065 patriarcham,
2744 2008 2834 2051 aut
2857 2000 2922 2053 ad
2948 2000 3350 2070 imperatorem,
3368 2015 3461 2059 aut

1878 2102 2056 2157 regem
2090 2086 2171 2140 vel
2193 2086 2428 2155 aliquam
2459 2103 2744 2157 personam
2773 2088 3053 2158 majorem,
3082 2091 3163 2145 vel
3195 2094 3458 2149 minorem

1878 2176 2209 2238 vadam,aut
2236 2176 2461 2228 missum
2497 2176 2709 2229 mittam
2734 2186 2922 2231 contra
2948 2190 3188 2235 sanctam
3224 2193 3458 2239 vestram

1878 2264 2150 2319 dominam
2185 2281 2356 2319 meam
2385 2264 2753 2322 Ravennatem
2792 2267 3088 2325 Ecelesiam
3112 2313 3127 2337 ,
3153 2283 3243 2328 aut
3273 2286 3460 2330 contra

1878 2366 2111 2411 vestram
2139 2366 2552 2425 vestrorumque
2584 2358 2914 2414 voluntatem
2943 2377 3108 2432 agens
3131 2379 3227 2432 per
3254 2364 3462 2421 nullum

1879 2448 2150 2519 ingenium
2189 2448 2306 2502 sine
2334 2456 2512 2501 vestra
2545 2448 2625 2503 vel
2668 2458 2972 2504 vestrorum
3004 2468 3374 2509 successorum
3395 2454 3461 2507 li-

1876 2542 2073 2595 centiat
2094 2539 2149 2593 lu
2168 2539 2552 2594 festivitatibus
2591 2555 2802 2610 quoque
2822 2552 3131 2598 sanctorum
3162 2554 3462 2616 martyrum

1875 2632 2203 2701 Apollinaris
2229 2642 2281 2687 et
2308 2630 2496 2687 Vitalis
2525 2633 2671 2687 omni
2703 2648 2843 2689 anno
2870 2635 2934 2688 ad
2976 2637 3236 2707 synodum
3261 2654 3457 2692 secun-

1876 2723 2002 2778 dum
2040 2724 2317 2793 antiquam
2357 2723 2797 2778 consuetudinem
2850 2740 3137 2781 occurrere
3178 2727 3459 2795 promitto,

203 2811 426 2871 liuentem
462 2817 818 2888 sucepietatis
849 2818 1231 2873 misericordia:
1247 2818 1769 2882 exhibere,etmeli-
1800 2838 1844 2896 Β
1873 2822 2099 2884 excepta
2154 2829 2320 2869 causa
2365 2814 2697 2869 inﬁrmitatis
2728 2824 2781 2870 et
2823 2816 3051 2870 itineris.
3079 2818 3145 2870 Et
3187 2817 3252 2871 de
3299 2816 3461 2871 rebus

202 2911 275 2956 cet
297 2904 578 2975 indignum
600 2917 657 2962 et
675 2907 945 2962 immerito
965 2917 1017 2964 et
1048 2909 1101 2962 in
1126 2909 1375 2964 coenobio
1412 2909 1586 2963 sancti
1609 2908 1768 2979 Apol-

206 2990 373 3051 liuaris
390 2996 603 3054 Christi
626 3001 887 3070 martyris
907 3001 973 3055 ad
999 3001 1426 3056 conservandam
1458 3002 1628 3055 sancti
1666 3000 1765 3055 Be-

209 3088 383 3142 nedicti
403 3090 736 3161 regulam,et
751 3091 818 3146 ad
839 3091 1242 3146 custodiendam
1269 3092 1561 3146 secundum
1593 3106 1771 3145 meam

210 3173 597 3249 intelligentiam
613 3190 667 3237 et
687 3180 1096 3251 possibilitatem
1111 3182 1283 3252 gratia
1306 3194 1565 3252 operante
1587 3182 1768 3236 divina

209 3272 520 3328 constituere
564 3288 652 3328 me
695 3274 946 3328 abbatem
995 3273 1245 3344 dignatus
1284 3281 1386 3327 est.
1433 3272 1637 3328 Idcirco
1672 3287 1770 3343 ego

210 3358 470 3430 presbyter
495 3370 554 3417 et
584 3364 879 3417 monachus
908 3402 923 3428 ,
958 3371 1013 3417 et
1038 3362 1241 3419 electus
1288 3378 1317 3417 a
1357 3362 1772 3434 congregatione

211 3452 507 3507 monasterii
531 3452 714 3507 Sancti
736 3452 1079 3523 Apollinaris,
1100 3453 1241 3522 quod
1267 3461 1490 3507 vocatur
1523 3453 1587 3506 ad
1618 3450 1773 3506 Clas-

208 3549 335 3604 sem,
362 3541 623 3609 promitto
672 3557 766 3612 per
812 3546 914 3597 hoc
954 3550 1200 3596 sanctum
1243 3541 1413 3597 altare
1462 3550 1517 3595 et
1555 3550 1773 3596 sanctas

209 3626 387 3683 ibidem
415 3632 663 3687 conditas
690 3632 965 3701 reliquias,
988 3642 1043 3687 et
1063 3633 1178 3687 haec
1199 3640 1385 3687 sancta
1416 3631 1510 3686 Dei
1543 3640 1774 3699 quatuor

206 3720 504 3795 Evangelia,
564 3726 687 3795 quia
734 3727 803 3782 ab
839 3726 940 3780 hac
985 3726 1116 3780 hora
1164 3725 1382 3780 inantea
1437 3724 1611 3777 ﬁdelis
1655 3737 1771 3777 sum

202 3822 251 3865 et
291 3827 383 3867 ero
415 3816 675 3871 omnibus
718 3816 909 3871 diebus
952 3816 1076 3871 vitze
1128 3831 1261 3870 mea:
1300 3824 1501 3870 sanctae
1547 3813 1775 3867 domqu

202 3920 321 3960 mea:
350 3908 654 3963 Ravennati
677 3910 1019 3974 Ecclesize,et
1038 3908 1130 3963 tibi
1149 3911 1348 3964 domno
1364 3922 1483 3962 meo
1514 3906 1776 3962 Gerberto

203 3996 605 4067 archiepiscopo
622 3996 873 4054 Ecclesia:
893 4008 1092 4054 sancta:
1112 3996 1439 4052 Ravennatis
1458 4011 1553 4065 per
1575 4004 1774 4049 rectam

204 4082 347 4139 ﬁdem
378 4088 599 4156 tuisque
630 4089 1028 4144 successoribus
1049 4090 1102 4142 in
1127 4094 1775 4159 perpetuum,etomnem

199 4172 501 4241 iussionem,
553 4177 907 4243 voluntatem,
942 4194 1037 4234 seu
1078 4178 1521 4234 consuetudinem
1576 4183 1776 4229 sancta:

1881 2906 2197 2962 monasterii
2236 2905 2419 2960 Sancti
2455 2906 2805 2975 Apollinaris,
2846 2906 2899 2959 in
2937 2923 3044 2976 quo
3098 2920 3182 2961 me
3209 2907 3461 2961 ordinare

1875 2996 2180 3065 disponitis,
2209 2995 2274 3049 ad
2305 2995 2504 3049 nullam
2553 2997 2964 3052 minorationem
3016 2998 3084 3052 ab
3110 2998 3210 3051 hac
3239 2998 3371 3052 hora
3405 2997 3460 3051 in

1870 3098 2028 3143 antea
2062 3087 2295 3157 aliquam
2324 3090 2647 3157 scripturam
2690 3099 2783 3141 aut
2822 3090 3064 3144 chartam
3095 3090 3273 3145 facere
3316 3105 3460 3161 pra:-

1870 3195 2103 3245 sumam,
2164 3179 2264 3234 nisi
2322 3187 2530 3232 tantum
2581 3194 2677 3249 per
2729 3180 2938 3235 libellos
2990 3189 3084 3235 aut
3133 3182 3458 3251 empbyteu—

1870 3270 1974 3325 si‘m
2004 3271 2146 3325 bona
2181 3271 2517 3335 renovanda,
2543 3272 2683 3325 sicut
2718 3287 2816 3341 per
2836 3282 3054 3327 nostros
3085 3283 3461 3329 anteoctssores

1872 3358 2103 3414 ﬁrmiter
2132 3367 2277 3425 sunt,
2310 3375 2401 3413 seu
2449 3370 2609 3429 prout
2658 3362 2850 3415 melius
2877 3377 3132 3431 posuero.
3182 3362 3288 3417 Res
3317 3361 3461 3430 ejuse

1871 3453 1995 3505 dem
2049 3450 2363 3505 monasterii
2390 3460 2444 3504 et
2475 3452 2841 3520 possessiones
2878 3468 3065 3508 omnes
3108 3454 3173 3507 ad
3204 3454 3459 3509 meliora-

1873 3537 2073 3597 tionem
2100 3542 2389 3604 renovabo,
2423 3551 2477 3595 et
2502 3557 2563 3597 ea
2606 3542 2722 3597 loca
2750 3559 2867 3611 qua:
2894 3543 2959 3597 ad
2987 3544 3301 3613 pensionem
3330 3544 3459 3598 data

1874 3641 1997 3688 sunt
2020 3633 2284 3703 completa
2328 3634 2641 3689 haereditate
2687 3636 3123 3688 contraltentium
3167 3635 3217 3687 iu
3250 3633 3449 3688 salario

1869 3725 2012 3794 jure,
2045 3733 2207 3794 prout
2248 3727 2489 3792 valuero,
2531 3727 2991 3782 administrandas
3037 3727 3217 3797 fruges
3244 3727 3456 3782 recolli-

1875 3831 2002 3884 gere
2033 3817 2160 3870 totis
2188 3816 2395 3871 viribus
2439 3817 2776 3885 repromitto,
2808 3818 2950 3886 quod
2987 3827 3046 3871 ut
3070 3832 3198 3872 vere
3235 3819 3302 3869 ab
3343 3833 3461 3877 oms

1877 3906 2036 3959 nibus
2064 3903 2338 3969 credatur,
2368 3912 2422 3957 et
2450 3905 2502 3958 in
2529 3905 2712 3961 futuro
2745 3916 2987 3974 tempore
3032 3921 3061 3958 a
3091 3920 3175 3960 me
3202 3906 3458 3959 observe-

1879 4003 1985 4058 tur,
2016 4010 2178 4048 manu
2205 3996 2425 4065 propria
2457 3994 2675 4065 scripsi.

1950 4086 2061 4155 Ego
2090 4084 2284 4140 Petrus
2327 4086 2647 4150 monachus,
2674 4093 2729 4139 et
2756 4084 3041 4155 presbyter
3069 4093 3121 4139 et
3147 4084 3314 4139 abbas
3341 4100 3462 4139 mo.

1878 4176 2096 4229 nasterii
2122 4176 2303 4229 Sancti
2331 4176 2693 4244 Appollinarls
2718 4175 2990 4241 inClasse,
3019 4176 3071 4229 in
3102 4176 3204 4230 hac
3228 4176 3461 4245 promise

199 4264 515 4322 Ravennatis
545 4268 805 4325 Ecclesia:
822 4269 1077 4340 polliceor
1094 4269 1389 4326 secundum
1415 4282 1593 4322 meum
1618 4279 1778 4335 posse
1804 4240 1847 4302 C
1881 4268 2030 4321 sione
2058 4281 2217 4319 manu
2242 4267 2458 4334 propria
2493 4266 2711 4334 scripsi.

199 4360 581 4429 completurum
609 4376 757 4428 esse,
782 4372 979 4417 etcum
1020 4361 1252 4416 inimicis
1274 4358 1471 4415 vestris
1497 4370 1777 4425 nunquam

195 4449 252 4501 ad
287 4451 647 4507 damnitatem
688 4463 882 4509 sanctae
906 4453 1238 4508 Ravennatis
1277 4450 1533 4507 Ecclesiae
1574 4456 1629 4501 et
1682 4461 1780 4513 ve-

1953 4355 2018 4439 [ξι
2036 4370 2135 4426 ego
2156 4355 2447 4409 Artusinus
2472 4355 2720 4410 notarius
2746 4355 3069 4424 exemplavi.

218 4548 3420 4583 MM.

1185 4655 1696 4773 SECTIO
1777 4651 2024 4765 SEC
2048 4648 2476 4766 UNDA.

1025 4859 1458 4923 EPISTULA?
1511 4856 1629 4919 ET
1675 4851 2060 4915 DECRETA
2116 4849 2602 4911 PONTIFICIA

1576 4998 1998 5022 Μ

238 5183 471 5259 Syimter
507 5186 581 5266 ΙΙ⁸
619 5186 977 5268 monasterium
1003 5188 1057 5245 S.
1086 5188 1349 5270 Lambrrti
1381 5186 1650 5270 Segnense.
1683 5206 1771 5272 pf:

1795 5071 1855 5133 1)
1950 5062 2009 5118 Si
2036 5060 2151 5116 loca
2183 5056 2268 5113 vel
2310 5052 2640 5114 monasteria
2686 5048 2955 5123 religiosis
2988 5053 3237 5124 personis
3268 5069 3332 5109 ac
3358 5047 3471 5110 Deo

1882 5155 2091 5209 devotis
2118 5158 2428 5205 constructa
2453 5156 2644 5204 nostra
2667 5146 2961 5213 pontiﬁcali
2994 5142 3322 5199 auctoritate
3346 5158 3470 5198 cor.

1884 5246 2144 5274 -A'unnnna
2173 5250 2222 5274 ul
2255 5239 2549 5274 οιιιιιίηιιηοο
2590 5249 2853 5274 nnnnmur
2924 5236 3024 5274 lmn
3070 5232 3259 5274 m-m-nl
3305 5232 3475 5274 ill-hin
