3948 5350
436 264 536 322 271

1048 265 1409 323 SiLVESTRl
1443 266 1482 322 ll
1525 266 1727 323 ΡΑΡῶ
1769 267 1922 325 ΟΡΡ.
1959 269 2138 328 PARS
2178 273 2263 330 lll;
2300 307 2371 317 ——
2408 278 2630 337 EPIST.
2678 280 2764 338 ET
2805 281 3082 343 DII‘LOM.

3595 288 3714 342 279.

437 372 597 438 modo
624 375 693 433 ab
720 373 912 431 incolis
947 374 1123 431 Seuva
1152 376 1299 431 Cella
1332 389 1507 432 sanctt
1534 377 1826 448 Landpcrti
1862 396 2009 436 mar-
2040 389 2085 445 Α
2117 394 2271 442 valor
2317 388 2476 460 hujus
2501 392 2670 448 nostri
2697 395 2961 465 privilegii
2989 394 3278 462 exstiterit,
3306 393 3711 457 benedictionis

435 470 570 542 tyris
600 470 764 535 dicto,
794 469 1183 525 monasterium
1209 469 1261 523 in
1285 468 1546 525 honorem
1575 471 1817 541 ejusdem
1845 474 2014 528 sancti

432 559 689 632 martyris
712 558 1001 628 Landperti
1035 556 1308 627 amplifico
1336 559 1692 629 benignitatis
1728 561 2016 618 conamine

430 652 756 717 construxit,
793 652 860 706 ad
887 650 1344 721 augurentandum
1374 667 1485 707 suae
1512 652 1706 708 salutis
1732 653 2013 724 praemium

426 755 483 799 et
511 759 579 801 ex
608 745 933 800 auctoritate
962 744 1138 799 sancti
1167 744 1315 801 Petri
1355 745 1619 816 principis
1644 747 2010 817 apostolorum

426 833 694 890 libertatis
729 832 957 888 arbitrio
981 833 1393 890 corroboratqu
1424 833 1539 888 fieri
1567 834 1882 904 postulavit.
1909 836 2014 904 lgi-

423 933 513 980 tur
546 939 615 981 ex
642 925 747 981 hac
777 940 838 979 re
874 923 1248 994 gloriosissimi
1292 924 1635 995 imperatoris
1662 924 1890 997 Augusti
1921 926 2012 982 0:-

421 1014 565 1071 tonis
611 1014 755 1069 tertii
795 1014 900 1085 piis
949 1014 1442 1069 interventionibus
1483 1026 1669 1070 nostra
1714 1017 2009 1086 apostolica

419 1104 720 1159 auctoritas
750 1119 1029 1174 persuasa.
1063 1103 1288 1174 praefato
1328 1104 1505 1160 sancti
1547 1106 1805 1177 martyris
1832 1106 2009 1164 Land-

416 1196 557 1267 perti
587 1196 921 1253 monasterio
948 1211 1045 1267 per
1074 1196 1233 1263 hujus
1254 1197 1521 1269 privilegii
1549 1200 1749 1253 seriem
1777 1198 2004 1256 liberum

414 1280 619 1344 habere
665 1288 936 1343 concessit
990 1288 1300 1354 arbitrium,
1351 1304 1416 1344 ac
1465 1298 1522 1343 ut
1570 1290 1851 1346 monachis
1896 1292 2005 1347 Deo

415 1382 550 1439 inibi
598 1383 963 1439 servientibus
1008 1382 1171 1438 liceat
1224 1383 1522 1438 secundum
1568 1384 1816 1455 regulare
1858 1385 2003 1440 beati

412 1472 690 1530 Benedicti
719 1475 933 1530 abbatis
959 1476 1237 1531 decretum
1262 1474 1462 1546 eligere
1481 1476 1584 1532 sibi
1606 1477 1880 1533 abbatem.
1911 1479 2003 1534 ln-

410 1581 577 1639 super
621 1567 787 1624 etiam
833 1566 1038 1638 placuit
1067 1568 1375 1625 auctoritati
1423 1578 1622 1624 nostra
1670 1572 1999 1638 concedere,

410 1665 471 1712 ut
521 1658 839 1728 praelibatus
883 1648 1237 1713 conservator
1283 1648 1600 1714 monasterii
1648 1661 2001 1718 advocatione

2118 477 2351 547 gratiam
2376 490 2431 535 et
2462 482 2624 539 vitam
2654 493 2913 540 aeternam
2945 501 2977 539 a
3004 485 3229 541 Domino
3255 498 3641 557 consequatur.

2189 570 2459 641 Scriptum
2504 588 2604 644 per
2643 590 2840 632 manus
2884 575 3031 631 Petri
3076 576 3278 631 notarii
3322 585 3377 640 et
3425 579 3705 636 scriniarii

2117 661 2368 720 S.R.E.
2482 662 2487 667 ’
3538 665 3543 670 ’

2185 753 2319 810 Data
2359 772 2448 811 xw
2479 756 2599 812 Kal.
2636 757 2783 825 Maii,
2812 774 2955 815 anno
2980 758 3276 815 Dominicze
3306 758 3705 816 incarnationis

2113 846 2238 914 999,
2270 848 2562 904 indictione
2589 865 2687 904 xu.
2873 919 2914 975 ﬂ

2113 1014 2362 1071 Silt'ester
2406 1016 2471 1071 11
2525 1034 2663 1090 poym
2715 1019 3026 1073 monasterii
3069 1016 3349 1074 Fuldeusis
3387 1019 3694 1090 privilegia,

2319 1097 2520 1159 petente
2552 1089 2890 1144 Erkanbaldo
2932 1090 3138 1155 abbate,
3179 1091 3476 1160 conﬁrmat.

2272 1244 2301 1247 _
2519 1181 2697 1251 (Anno
2726 1181 2851 1246 999,
2877 1181 2938 1235 51
2973 1182 3255 1251 Decetub.)

2277 1270 2550 1345 [Drouke,
2586 1272 2718 1327 Cod.
2748 1271 2964 1343 diplom.
2994 1271 3182 1339 FuIa‘.,
3216 1290 3339 1346 pag.
3368 1274 3522 1348 34L]
3567 1332 3575 1338 _

2179 1361 2480 1419 SILVESTEB
2517 1363 2835 1432 cpiscopus,
2887 1377 3078 1419 servus
3124 1378 3407 1419 servorum
3449 1367 3564 1432 Dei,
3614 1368 3700 1423 di—

2105 1453 2404 1510 lectissimo
2451 1455 2562 1510 filio
2606 1456 2969 1511 EBKANBALDO
2996 1458 3293 1512 venerabili
3326 1459 3510 1515 abbati
3546 1461 3696 1516 sacri

2106 1547 2420 1602 monasterii
2454 1546 2755 1602 Salvatoris
2783 1547 2953 1601 nostri
2983 1546 3109 1603 Jcsu
3140 1548 3339 1604 Christi
3368 1551 3697 1621 cunctisque

2105 1638 2212 1693 tuis
2258 1638 2666 1694 successoribus
2717 1637 3005 1694 abbatibus
3056 1636 3298 1706 ejusdem
3349 1642 3583 1697 ρωποι)ὶὶ
3634 1643 3694 1699 in

407 1759 593 1807 utatur
643 1751 885 1821 quandiu
931 1760 1209 1820 superstes
1233 1740 1373 1818 est;
1403 1751 1500 1807 sed
1530 1762 1652 1822 post
1680 1749 1850 1823 ipsius
1901 1754 1987 1810 de-

2103 1736 2421 1798 perpetuum

406 1857 619 1898 cessum
647 1851 902 1914 potenter
931 1842 1098 1913 eligat
1124 1843 1230 1898 sibi
1260 1842 1428 1899 abbas
1449 1858 1572 1898 cum
1616 1843 1877 1914 fratribus
1906 1844 2002 1899 ad-

405 1940 652 1987 vocatum
685 1946 1062 2002 quemcunque
1098 1933 1369 1989 utiliorem
1410 1933 1907 2004 comprobaverint;
1945 1942 2001 1990 et

404 2031 464 2077 ut
488 2023 692 2092 absque
711 2022 987 2094 omnijuga
1023 2024 1451 2080 contradictione
1472 2023 1843 2095 cujuscunque
1871 2040 1995 2095 pcr-

402 2128 550 2169 sona:
565 2099 767 2170 cuncta
789 2113 909 2169 loca
938 2115 1145 2170 urbana
1172 2114 1259 2170 vel
1285 2115 1512 2182 rustica,
1536 2116 1993 2187 diversaprmdia,

401 2205 544 2260 culta
579 2204 660 2261 vel
708 2205 934 2273 inculta,
980 2222 1106 2263 cum
1140 2208 1393 2264 omnibus
1424 2223 1614 2264 eorum
1661 2209 1997 2280 appendiciis

400 2311 521 2366 qua:
564 2295 632 2351 ab
683 2296 957 2368 aliquibus
1011 2297 1341 2354 Christianis
1398 2314 1660 2355 concessa
1706 2309 1835 2355 sunt
1910 2300 1995 2357 vel

397 2388 789 2457 concedentur,
825 2405 951 2446 cum
1003 2391 1153 2446 omni
1205 2390 1501 2447 securitate
1554 2392 1774 2462 quietus
1810 2394 1994 2463 possi-

397 2479 545 2547 deat,
576 2490 741 2551 atque
785 2482 1060 2553 disponat,
1091 2489 1147 2537 et
1176 2490 1298 2553 post
1336 2498 1459 2536 eum
1504 2482 1743 2538 universi
1775 2499 1995 2539 succes-

396 2588 551 2628 sores
597 2573 680 2628 sui
725 2572 945 2629 abbates
974 2573 1027 2628 in
1056 2582 1394 2642 perpetuum.
1425 2571 1540 2640 Qua
1576 2573 1786 2630 ratione
1814 2574 1992 2644 ipsum

398 2677 544 2733 smpe
604 2664 942 2734 praelibatum
996 2663 1389 2719 monasterium
1462 2678 1563 2741 per
1617 2662 1989 2720 defensionem

394 2764 599 2810 sancta:
624 2755 881 2811 Romana:
904 2755 1159 2811 Ecclesiae
1182 2754 1504 2811 liberalitate
1533 2758 1703 2811 nostri
1726 2757 1989 2830 privilegii

393 2846 803 2913 confirmamus,
850 2855 909 2900 ut
936 2862 1112 2918 neque
1158 2863 1294 2913 nos,
1344 2864 1519 2919 neque
1547 2848 1641 2904 ulli
1674 2838 1985 2907 nostrorum

392 2951 771 2992 successorum
799 2938 1142 3007 pontificum,
1173 2954 1267 2994 seu
1294 2939 1522 3010 quilibet
1556 2926 1855 3010 imperator
1893 2952 1988 2999 aut

394 3040 516 3093 rex,
546 3027 816 3082 vendendi
848 3029 964 3084 sive
992 3030 1285 3100 praestandi
1320 3031 1373 3085 in
1407 3031 1730 3088 beneficium
1758 3033 1841 3088 vel
1870 3043 1983 3088 tra-

2175 1817 2332 1874 Ponti
2341 1818 2445 1874 ficii
2470 1819 2643 1875 nostri
2668 1835 2798 1876 cura
2817 1835 2918 1875 nos
2939 1829 3098 1893 urget
3117 1831 3426 1878 sanctarum
3442 1824 3689 1878 omnium

2103 1909 2198 1965 Dei
2239 1911 2603 1967 Ecelesiarnm
2654 1912 2981 1970 utilitatibus
3031 1913 3215 1972 favere
3254 1933 3342 1981 ac,
3385 1920 3687 1973 secundum

2100 2002 2242 2072 quod
2272 2017 2607 2072 unaquaeque
2636 2002 2690 2056 in
2720 2004 2937 2073 proprio
2968 2012 3113 2060 statu
3147 2022 3399 2061 mansura
3428 2008 3521 2071 sit,
3552 2024 3687 2063 con-

2099 2107 2291 2163 gruum
2321 2094 2401 2149 eis
2434 2093 2714 2162 impertire
2740 2094 3080 2164 suffragium.
3118 2096 3408 2164 Quocirca,
3438 2098 3685 2154 dilectis-

2098 2184 2235 2241 sime
2266 2183 2362 2249 lili,
2396 2184 2580 2240 omnia
2611 2200 2733 2255 quae
2758 2199 2787 2238 a
2819 2187 3312 2255 praedecessoribus
3334 2191 3538 2245 nostris
3561 2191 3688 2262 jure

2098 2289 2163 2329 ac
2210 2275 2610 2331 rationabiliter
2654 2277 2731 2331 tui
2778 2277 3120 2348 postulavere
3160 2294 3551 2349 praecessores,
3585 2282 3684 2336 tibi

2100 2363 2315 2435 tuisque
2358 2366 2769 2422 successoribus
2810 2380 3076 2437 perpetuo
3119 2370 3528 2425 confirmamus.
3562 2370 3682 2425 Mo-

2094 2457 2390 2511 nasterium
2415 2471 2545 2527 ergo
2567 2456 2857 2522 Fuldense,
2889 2458 3033 2527 quod
3069 2461 3447 2516 sanctissimus
3471 2458 3678 2516 Christi

2094 2557 2305 2619 martyr
2333 2547 2648 2604 Bonifacius
2675 2550 2928 2619 primitus
2956 2552 3283 2617 construxit,
3312 2560 3365 2606 et
3396 2565 3584 2622 regum
3612 2567 3680 2607 ac

2091 2641 2396 2712 principum
2441 2642 2682 2698 donariis
2712 2643 3059 2713 propriisque
3089 2642 3441 2700 facultatibus
3467 2647 3678 2717 magni-

2093 2734 2192 2788 ﬁce
2236 2734 2455 2797 ditavit,
2482 2749 2606 2789 cum
2628 2734 2880 2789 omnibus
2906 2734 3076 2799 cellis,
3098 2735 3366 2801 ecclesiis,
3405 2738 3676 2801 curtibus,

2091 2827 2407 2897 cunctisque
2439 2827 2506 2882 ad
2535 2841 2595 2882 se
2622 2828 3023 2897 pertinentibus
3071 2828 3165 2883 tibi
3207 2830 3376 2883 nostri
3404 2828 3676 2900 privilegii

2089 2919 2450 2989 praeceptione
2479 2919 2828 2976 concedimus
2872 2928 2928 2975 et
2966 2920 3374 2989 confirmamus,
3409 2933 3468 2977 ut
3495 2922 3680 2979 nullus

2089 3010 2214 3065 inde
2245 3010 2459 3066 luturus
2504 3010 2674 3066 abbas
2720 3012 3191 3068 consecrationem
3240 3027 3480 3082 unquam
3536 3028 3681 3083 pra:-

391 3118 554 3175 tleudi
601 3118 800 3175 habeat
829 3129 1195 3190 potestatem;
1226 3131 1281 3177 et
1324 3122 1504 3179 nullus
1532 3109 1661 3189 dux,
1708 3126 1979 3196 archiepi-
2009 3107 2055 3167 (ἶ
2085 3109 2264 3196 sum?"
2294 3101 2543 3196 ἶθθίρθηῗ
2587 3100 2691 3156 "Egi
2735 3101 3112 3196 διξ-ιωθλδθδθ
3160 3102 3477 3196 δφέίοίίθλ
3525 3102 3679 3196 PM?

392 3225 611 3282 scopus,
633 3211 940 3282 episcopus,
963 3227 1165 3277 comes,
1188 3212 1305 3269 sive
1326 3214 1504 3283 aliqua
1529 3229 1759 3284 persona
1784 3220 1981 3271 audeat

388 3299 715 3371 inquietare,
742 3300 825 3355 vel
850 3301 1164 3369 molestare,
1196 3303 1312 3358 sive
1342 3303 1408 3359 de
1438 3304 1601 3359 rebus
1623 3292 1739 3361 suis
1769 3306 1976 3377 aliquid

387 3388 511 3445 sine
534 3389 815 3447 voluntate
838 3390 1051 3447 abbatis
1072 3393 1173 3448 sibi
1203 3409 1485 3464 usurpare.
1510 3395 1578 3450 Et
1606 3411 1703 3467 pro
1729 3408 1979 3467 respectu

388 3479 811 3551 testimonioque
844 3497 1117 3539 concessae
1156 3484 1446 3551 libertatis,
1496 3485 1596 3542 sub
1646 3487 1852 3542 honore
1903 3503 1978 3543 xu

383 3574 757 3643 apostolorum
786 3591 862 3629 xu
893 3575 1101 3630 denarii
1129 3576 1193 3631 ad
1222 3574 1409 3631 limina
1437 3577 1804 3648 apostolorum
1828 3578 1979 3635 Petri

386 3674 443 3723 et
471 3665 622 3722 Pauli
669 3668 815 3722 omni
863 3683 1005 3722 anno
1041 3666 1377 3724 deferantur.
1429 3668 1497 3723 Et
1542 3670 1589 3724 si
1636 3670 1783 3726 omni
1836 3686 1979 3728 anno

383 3761 705 3833 pratsentari
736 3760 1072 3830 impossibile
1118 3759 1315 3828 fuerit,
1355 3760 1494 3816 infra
1525 3763 1759 3834 spatium
1808 3779 1980 3819 anno-

385 3868 505 3906 rum
537 3867 612 3906 xu
639 3844 1037 3923 persolvautur.
1068 3853 1133 3907 Et
1162 3869 1263 3924 pro
1289 3854 1413 3910 vivo
1442 3854 1692 3910 Romano
1718 3857 1978 3926 pontifice

383 3944 452 3999 ad
480 3944 700 4000 missam
732 3945 928 4001 atnodo
962 3946 1108 4001 omni
1152 3946 1239 4002 die
1270 3962 1375 4002 una
1406 3946 1629 4003 collecta
1662 3948 1775 4003 fiat.
1807 3948 1976 4004 Simi-

388 4032 519 4088 liter
540 4043 595 4088 et
611 4050 715 4106 pro
742 4033 1033 4102 defunctis.
1058 4036 1114 4091 Si
1141 4036 1262 4106 quis
1288 4043 1471 4092 autem
1495 4038 1789 4093 temerario
1816 4054 1971 4107 ausu,

383 4125 527 4194 quod
559 4124 676 4179 fieri
715 4140 822 4179 non
863 4125 1156 4192 credimus,
1194 4135 1384 4181 contra
1416 4127 1575 4197 hujus
1604 4137 1809 4183 nostrae
1839 4145 1973 4200 apo-

385 4213 591 4267 stolicte
617 4214 1052 4270 confirmationis
1085 4216 1284 4271 seriem
1322 4217 1510 4272 venire
1537 4226 1633 4272 aut
1660 4234 1824 4290 agerc
1856 4229 1974 4276 ten-

387 4305 614 4370 laverit,
642 4305 780 4360 sciat
811 4320 871 4361 se
898 4306 1101 4361 domini
1139 4307 1311 4362 nostri
1351 4308 1721 4377 apostolorum
1766 4311 1973 4381 princi-

381 4397 466 4469 pis
507 4396 653 4451 Petri
702 4398 1063 4453 anathematis
1112 4399 1327 4455 vinculo
1374 4399 1714 4468 iunodatum,
1752 4412 1808 4459 et.
1846 4418 1968 4459 cum

2082 3190 2263 3245 omnia
2289 3190 2595 3247 Germania:
2623 3190 2869 3247 ctenobia
2901 3192 3136 3262 primtttn
3164 3193 3411 3247 ordinem
3442 3193 3675 3248 sedendi

2080 3282 2198 3337 sive
2219 3281 2495 3350 judicandi
2522 3293 2578 3339 et
2598 3283 2886 3339 concilium
2916 3284 3149 3340 habendi
3177 3286 3273 3340 tibi
3307 3286 3521 3356 tuisque
3547 3302 3675 3342 suc-

2080 3374 2391 3429 cessoribus
2441 3374 2813 3429 attribuintus.
2867 3373 3011 3431 Nulli
3055 3376 3453 3448 episcoporum,
3483 3378 3672 3433 archi-

2080 3466 2483 3536 episcoporum,
2506 3467 2941 3537 patriarcharum
2973 3476 3195 3534 temere,
3224 3469 3326 3522 nisi
3348 3469 3551 3538 avobis
3575 3483 3672 3523 ac-

2080 3566 2233 3627 cepta
2248 3556 2486 3623 licentia,
2510 3572 2674 3627 super
2694 3556 2866 3612 altare
2891 3558 3052 3613 vestri
3068 3558 3350 3628 patrocinii
3375 3558 3670 3614 missarum

2078 3652 2340 3707 solemnia
2373 3653 2652 3707 celebrare
2682 3650 2867 3706 liceat.
2899 3649 3111 3706 Nullius
3142 3666 3372 3721 persona
3403 3651 3670 3721 principis

2078 3759 2254 3813 neque
2304 3752 2473 3797 totum
2527 3757 2702 3813 neque
2752 3753 2964 3813 partem
3024 3744 3091 3798 dc
3138 3743 3297 3798 rebus
3345 3742 3668 3798 monasterii

2078 3837 2238 3892 alicui
2284 3838 2598 3894 mortalium
2624 3839 2860 3896 subdere
2898 3839 2985 3895 vel
3020 3840 3123 3895 sub
3165 3840 3414 3896 beneﬁcii
3444 3841 3667 3895 nomine

2076 3933 2207 3988 dare
2255 3941 2571 4004 praesumat,
2607 3935 2703 3990 sed
2745 3934 2846 3990 soli
2887 3933 3149 3990 Romamn
3196 3935 3310 3990 sedi
3352 3933 3665 4004 specialiter

2075 4025 2362 4082 Fuldeusis
2393 4026 2623 4083 ecclesia
2671 4041 2888 4096 semper
2921 4027 3092 4082 libera
3118 4040 3420 4096 securaque
3466 4026 3656 4081 deser-

2073 4119 2205 4174 viat.
2233 4118 2312 4186 Si,
2334 4118 2478 4189 quod
2505 4119 2666 4185 absit,
2686 4118 2885 4187 aliquis
2908 4117 3080 4173 abbas
3101 4118 3167 4173 de
3182 4124 3365 4173 vestro
3383 4127 3662 4172 monaste-

2074 4212 2156 4267 rio
2184 4212 2366 4281 aliquo
2409 4211 2638 4266 crimine
2683 4210 2907 4267 infamis
2948 4210 3135 4276 fuerit,
3183 4209 3571 4265 constituimus
3596 4225 3659 4264 ac

2072 4303 2414 4373 prtecipimus
2469 4311 2528 4357 ιιι
2580 4302 2898 4373 pulsatiouis
2951 4301 3220 4372 judicium
3276 4316 3382 4355 non
3430 4301 3657 4366 sentiat,

2073 4395 2246 4451 donec
2277 4409 2308 4448 a
2347 4403 2533 4450 nostra
2568 4395 2866 4465 apostolica
2900 4395 3028 4450 sede
3068 4394 3322 4449 audiatur
3366 4402 3422 4448 et
3450 4392 3656 4448 exami-

381 4462 597 4543 diabolo
657 4497 713 4543 et
769 4489 886 4558 ejus
933 4489 1292 4546 atrocissiutis
1345 4492 1580 4561 pompis,
1628 4462 1792 4563 atque
1828 4508 1968 4567 .cum
2000 4462 2253 4540 θηριων.
2308 4485 2495 4541 Liceat
2541 4462 2707 4543 etiam
2758 4488 2872 4552 tibi,
2923 4486 3246 4543 charissime
3294 4485 3390 4551 fili,
3444 4486 3658 4555 tuisque

379 4581 518 4638 Juda
546 4582 808 4638 traditore
838 4582 1051 4639 Domini
1082 4592 1139 4638 et
1179 4582 1482 4641 Salvatoris
1515 4585 1643 4641 Iesu
1683 4586 1882 4643 Christi
1913 4588 1968 4643 in

379 4682 645 4730 aeternum
676 4675 856 4746 ignem
885 4675 1382 4744 concremandum;
1416 4676 1578 4731 simul
1617 4686 1671 4732 et
1715 4678 1766 4732 in
1812 4693 1970 4734 vora-

381 4767 563 4837 ginem
599 4775 895 4822 tartaream
918 4766 1191 4823 demissus
1215 4782 1338 4823 cum
1378 4767 1560 4837 impiis
1589 4768 1825 4824 deficiat.
1857 4770 1969 4826 Ad-

378 4857 598 4913 modum
628 4865 812 4913 notum
839 4856 914 4912 sit
943 4857 1197 4913 omnibus
1222 4856 1425 4914 Christi
1454 4858 1723 4925 fidelibus,
1748 4860 1890 4930 quod
1917 4860 1964 4917 si

378 4946 482 5002 hoc
510 4955 837 5019 przeceptum
869 4961 1052 5002 meum
1096 4964 1202 5004 non
1235 4949 1473 5019 potuerit
1500 4949 1604 5005 ista
1643 4950 1958 5016 stabilitate,

378 5038 524 5107 quod
574 5037 735 5106 absit,
786 5038 1121 5095 aeternalitcr
1173 5055 1529 5111 permanere;
1584 5056 1711 5096 mox
1758 5043 1964 5113 absque

377 5129 760 5185 universorum
803 5131 1237 5188 contradictione
1272 5142 1544 5189 rectorum
1592 5134 1696 5189 ista
1745 5134 1963 5191 abbatis

375 5221 480 5273 sub
512 5219 750 5289 praefata:
778 5222 1129 5292 ingenuitatis
1175 5221 1403 5292 honore,
1435 5227 1622 5281 redeat
1664 5225 1962 5283 liberaliter

811 5328 853 5350 m
887 5314 1138 5350 nmvinnn
1168 5317 1369 5350 Ινιαιιηιιί
1415 5317 1482 5350 ΛΔ
1512 5318 1754 5350 πιοηιιιὲηιῖ
1788 5318 1956 5350 ιιηωῖ-

2072 4581 2482 4636 successoribus
2507 4580 2796 4636 abbatibus
2824 4579 3067 4650 ejusdem
3097 4578 3414 4635 monasterii
3444 4579 3656 4648 episco-

2071 4689 2262 4745 porum
2295 4688 2448 4728 more
2477 4673 2828 4744 apostolicam
2865 4674 3047 4729 sedem
3075 4673 3141 4728 ad
3172 4671 3548 4728 defensionem
3579 4670 3653 4725 tui

2073 4775 2283 4835 tuaeque
2310 4764 2569 4820 Ecclesia:
2593 4765 2867 4838 appellare
2895 4781 2961 4822 ac
2989 4776 3179 4821 contra
3206 4780 3395 4821 omnes
3426 4765 3651 4820 aemulos

2066 4866 2279 4915 vestros
2328 4858 2588 4915 Romana:
2643 4859 2944 4929 maiestatis
2995 4872 3150 4917 scuto
3200 4874 3294 4915 vos
3341 4859 3646 4917 defensare.

2066 4950 2421 5007 Decernimus
2473 4951 2576 5008 hoc
2611 4966 2826 5024 quoque
2871 4952 3234 5008 deliberantes
3286 4960 3346 5006 ttt
3395 4953 3646 5023 congruis

2067 5043 2400 5112 temporibus
2445 5051 2645 5098 nostra:
2690 5042 3041 5101 sollicitudini
3089 5043 3370 5097 iutimetnr
3414 5044 3645 5113 qualiter

2064 5131 2255 5205 religio
2285 5133 2585 5189 monastica
2626 5132 2862 5204 regulari
2908 5134 3097 5190 habitu
3140 5135 3404 5206 dirfgatur
3437 5143 3495 5190 et
3519 5150 3643 5191 cou-

2064 5224 2251 5279 cordia
2294 5222 2524 5279 fratrum
2564 5224 2936 5281 ecclesiastico
2975 5226 3154 5281 studio
3186 5228 3547 5293 custodiatur,
3577 5245 3640 5282 ue

2067 5311 2206 5350 fnrla
2256 5314 2399 5350 ηιιηιΙ
2445 5313 2582 5350 nimii
2654 5314 2754 5350 αιιῆ
2781 5313 2937 5350 liniue
2967 5315 3229 5350 nriuilnnii
3270 5316 3497 5350 nlalaliln
3529 5318 3639 5350 nni-
