  <div class='ocr_page' id='page_1' title='image "/cluster/home/n/w/nwhite01/storage/ocr_20150623/139/hvd.32044015471782/142.png"; bbox 0 0 3948 5350; ppageno 0'>
   <div class='ocr_carea' id='block_1_1' title="bbox 245 173 360 226">
    <p class='ocr_par' dir='ltr' id='par_1_1' title="bbox 245 173 360 226">
     <span class='ocr_line' id='line_1_1' title="bbox 245 173 360 226; baseline 0 -1"><span class='ocrx_word' id='word_1_1' title='bbox 245 173 360 226; x_wconf 73' lang='lat'><strong>273</strong></span> 
     </span>
    </p>
   </div>
   <div class='ocr_carea' id='block_1_2' title="bbox 955 171 2809 232">
    <p class='ocr_par' dir='ltr' id='par_1_2' title="bbox 955 171 2809 232">
     <span class='ocr_line' id='line_1_2' title="bbox 955 171 2809 232; baseline -0.001 -1"><span class='ocrx_word' id='word_1_2' title='bbox 955 175 1197 232; x_wconf 76' lang='lat' dir='ltr'><strong>SECTIO</strong></span> <span class='ocrx_word' id='word_1_3' title='bbox 1236 176 1301 231; x_wconf 93' lang='lat' dir='ltr'><strong>ll.</strong></span> <span class='ocrx_word' id='word_1_4' title='bbox 1341 208 1409 217; x_wconf 95' lang='lat'><strong>—</strong></span> <span class='ocrx_word' id='word_1_5' title='bbox 1442 171 1800 230; x_wconf 59' lang='lat' dir='ltr'><strong>EPISTOLrE</strong></span> <span class='ocrx_word' id='word_1_6' title='bbox 1842 172 1929 229; x_wconf 79' lang='lat' dir='ltr'>ET</span> <span class='ocrx_word' id='word_1_7' title='bbox 1970 172 2364 228; x_wconf 78' lang='lat' dir='ltr'><strong>DIPLOMATA</strong></span> <span class='ocrx_word' id='word_1_8' title='bbox 2406 172 2809 230; x_wconf 75' lang='lat' dir='ltr'><strong>PONTIFICIA.</strong></span> 
     </span>
    </p>
   </div>
   <div class='ocr_carea' id='block_1_3' title="bbox 3420 176 3523 231">
    <p class='ocr_par' dir='ltr' id='par_1_3' title="bbox 3420 176 3523 231">
     <span class='ocr_line' id='line_1_3' title="bbox 3420 176 3523 231; baseline 0.01 -1"><span class='ocrx_word' id='word_1_9' title='bbox 3420 176 3523 231; x_wconf 72' lang='grc'><strong>274</strong></span> 
     </span>
    </p>
   </div>
   <div class='ocr_carea' id='block_1_4' title="bbox 247 286 3523 361">
    <p class='ocr_par' dir='ltr' id='par_1_4' title="bbox 247 286 3523 361">
     <span class='ocr_line' id='line_1_4' title="bbox 247 286 3523 361; baseline 0 -16"><span class='ocrx_word' id='word_1_10' title='bbox 247 308 381 361; x_wconf 84' lang='lat' dir='ltr'><strong>pere</strong></span> <span class='ocrx_word' id='word_1_11' title='bbox 412 291 755 361; x_wconf 64' lang='lat' dir='ltr'><strong>pnecipimus</strong></span> <span class='ocrx_word' id='word_1_12' title='bbox 782 300 837 345; x_wconf 87' lang='lat' dir='ltr'><strong>et</strong></span> <span class='ocrx_word' id='word_1_13' title='bbox 867 308 1274 347; x_wconf 69' lang='lat' dir='ltr'><strong>commonemus</strong></span> <span class='ocrx_word' id='word_1_14' title='bbox 1304 302 1362 346; x_wconf 91' lang='lat' dir='ltr'><strong>ut</strong></span> <span class='ocrx_word' id='word_1_15' title='bbox 1396 292 1573 347; x_wconf 91' lang='lat' dir='ltr'><strong>nullus</strong></span> <span class='ocrx_word' id='word_1_16' title='bbox 1599 292 1665 345; x_wconf 89' lang='lat' dir='ltr'><strong>de</strong></span> <span class='ocrx_word' id='word_1_17' title='bbox 1694 290 1835 344; x_wconf 80' lang='lat' dir='ltr'><strong>redi-</strong></span> <span class='ocrx_word' id='word_1_18' title='bbox 1868 294 1913 351; x_wconf 81' lang='grc' dir='ltr'>Α</span> <span class='ocrx_word' id='word_1_19' title='bbox 1943 288 2024 341; x_wconf 89' lang='lat' dir='ltr'><strong>vel</strong></span> <span class='ocrx_word' id='word_1_20' title='bbox 2083 288 2182 341; x_wconf 91' lang='lat' dir='ltr'><strong>hac</strong></span> <span class='ocrx_word' id='word_1_21' title='bbox 2232 287 2515 343; x_wconf 79' lang='lat' dir='ltr'><strong>occasione</strong></span> <span class='ocrx_word' id='word_1_22' title='bbox 2568 288 2620 341; x_wconf 93' lang='lat' dir='ltr'><strong>in</strong></span> <span class='ocrx_word' id='word_1_23' title='bbox 2672 286 2984 357; x_wconf 87' lang='lat' dir='ltr'><strong>impropcrii</strong></span> <span class='ocrx_word' id='word_1_24' title='bbox 3024 297 3211 344; x_wconf 88' lang='lat' dir='ltr'><strong>contra</strong></span> <span class='ocrx_word' id='word_1_25' title='bbox 3260 298 3311 345; x_wconf 91' lang='lat' dir='ltr'><strong>te</strong></span> <span class='ocrx_word' id='word_1_26' title='bbox 3360 294 3523 345; x_wconf 85' lang='lat' dir='ltr'><strong>verba</strong></span> 
     </span>
    </p>
   </div>
   <div class='ocr_carea' id='block_1_5' title="bbox 249 382 1837 453">
    <p class='ocr_par' dir='ltr' id='par_1_5' title="bbox 249 382 1837 453">
     <span class='ocr_line' id='line_1_5' title="bbox 249 382 1837 453; baseline -0.001 -16"><span class='ocrx_word' id='word_1_27' title='bbox 249 385 397 437; x_wconf 84' lang='lat' dir='ltr'><strong>tibus</strong></span> <span class='ocrx_word' id='word_1_28' title='bbox 424 394 478 437; x_wconf 90' lang='lat' dir='ltr'><strong>et</strong></span> <span class='ocrx_word' id='word_1_29' title='bbox 503 384 681 437; x_wconf 90' lang='lat' dir='ltr'><strong>fundis</strong></span> <span class='ocrx_word' id='word_1_30' title='bbox 709 384 793 437; x_wconf 86' lang='lat' dir='ltr'><strong>vel</strong></span> <span class='ocrx_word' id='word_1_31' title='bbox 824 384 1047 439; x_wconf 83' lang='lat' dir='ltr'><strong>decimis</strong></span> <span class='ocrx_word' id='word_1_32' title='bbox 1074 386 1391 453; x_wconf 69' lang='lat' dir='ltr'><strong>ueterisque</strong></span> <span class='ocrx_word' id='word_1_33' title='bbox 1424 382 1656 437; x_wconf 82' lang='lat' dir='ltr'><strong>fidelium</strong></span> <span class='ocrx_word' id='word_1_34' title='bbox 1688 382 1837 435; x_wconf 87' lang='lat' dir='ltr'><strong>obla-</strong></span> 
     </span>
    </p>
   </div>
   <div class='ocr_carea' id='block_1_6' title="bbox 247 474 1835 548">
    <p class='ocr_par' dir='ltr' id='par_1_6' title="bbox 247 474 1835 548">
     <span class='ocr_line' id='line_1_6' title="bbox 247 474 1835 548; baseline 0 -19"><span class='ocrx_word' id='word_1_35' title='bbox 247 477 492 531; x_wconf 88' lang='lat' dir='ltr'><strong>tionibus</strong></span> <span class='ocrx_word' id='word_1_36' title='bbox 521 493 549 527; x_wconf 93' lang='lat' dir='ltr'><strong>a</strong></span> <span class='ocrx_word' id='word_1_37' title='bbox 578 487 769 530; x_wconf 89' lang='lat' dir='ltr'><strong>sancto</strong></span> <span class='ocrx_word' id='word_1_38' title='bbox 801 476 1080 531; x_wconf 81' lang='lat' dir='ltr'><strong>Bomfacio</strong></span> <span class='ocrx_word' id='word_1_39' title='bbox 1116 487 1353 548; x_wconf 88' lang='lat' dir='ltr'><strong>martyre</strong></span> <span class='ocrx_word' id='word_1_40' title='bbox 1384 476 1675 544; x_wconf 80' lang='lat' dir='ltr'><strong>multisque</strong></span> <span class='ocrx_word' id='word_1_41' title='bbox 1713 474 1835 529; x_wconf 88' lang='lat' dir='ltr'><strong>aliis</strong></span> 
     </span>
    </p>
   </div>
   <div class='ocr_carea' id='block_1_7' title="bbox 227 565 1835 636">
    <p class='ocr_par' dir='ltr' id='par_1_7' title="bbox 227 565 1835 636">
     <span class='ocr_line' id='line_1_7' title="bbox 227 565 1835 636; baseline 0.001 -19"><span class='ocrx_word' id='word_1_42' title='bbox 227 567 588 636; x_wconf 61' lang='lat' dir='ltr'><strong>.principibus</strong></span> <span class='ocrx_word' id='word_1_43' title='bbox 613 566 723 621; x_wconf 90' lang='lat' dir='ltr'><strong>Deo</strong></span> <span class='ocrx_word' id='word_1_44' title='bbox 768 567 965 622; x_wconf 82' lang='lat' dir='ltr'><strong>ibidem</strong></span> <span class='ocrx_word' id='word_1_45' title='bbox 993 568 1191 621; x_wconf 88' lang='lat' dir='ltr'><strong>oblatis</strong></span> <span class='ocrx_word' id='word_1_46' title='bbox 1237 568 1440 636; x_wconf 87' lang='lat' dir='ltr'><strong>aliquid</strong></span> <span class='ocrx_word' id='word_1_47' title='bbox 1478 577 1675 636; x_wconf 62' lang='lat' dir='ltr'><strong>praeter</strong></span> <span class='ocrx_word' id='word_1_48' title='bbox 1707 565 1835 635; x_wconf 83' lang='lat' dir='ltr'><strong>legi-</strong></span> 
     </span>
    </p>
   </div>
   <div class='ocr_carea' id='block_1_8' title="bbox 242 656 1831 724">
    <p class='ocr_par' dir='ltr' id='par_1_8' title="bbox 242 656 1831 724">
     <span class='ocr_line' id='line_1_8' title="bbox 242 656 1831 724; baseline -0.001 -15"><span class='ocrx_word' id='word_1_49' title='bbox 242 656 382 709; x_wconf 85' lang='lat' dir='ltr'><strong>tima</strong></span> <span class='ocrx_word' id='word_1_50' title='bbox 421 656 861 711; x_wconf 88' lang='lat' dir='ltr'><strong>ministerialium</strong></span> <span class='ocrx_word' id='word_1_51' title='bbox 895 657 1159 711; x_wconf 85' lang='lat' dir='ltr'><strong>beneficia</strong></span> <span class='ocrx_word' id='word_1_52' title='bbox 1208 657 1421 710; x_wconf 86' lang='lat' dir='ltr'><strong>auferat</strong></span> <span class='ocrx_word' id='word_1_53' title='bbox 1456 656 1540 711; x_wconf 87' lang='lat' dir='ltr'><strong>vel</strong></span> <span class='ocrx_word' id='word_1_54' title='bbox 1582 656 1831 724; x_wconf 84' lang='lat' dir='ltr'><strong>cuiquam</strong></span> 
     </span>
    </p>
   </div>
   <div class='ocr_carea' id='block_1_9' title="bbox 241 726 1833 818">
    <p class='ocr_par' dir='ltr' id='par_1_9' title="bbox 241 726 1833 818">
     <span class='ocr_line' id='line_1_9' title="bbox 241 726 1833 818; baseline 0.002 -21"><span class='ocrx_word' id='word_1_55' title='bbox 241 756 495 816; x_wconf 62' lang='lat' dir='ltr'><strong>praestet,</strong></span> <span class='ocrx_word' id='word_1_56' title='bbox 526 726 785 802; x_wconf 50' lang='lat' dir='ltr'><strong>sed&#39;sicut</strong></span> <span class='ocrx_word' id='word_1_57' title='bbox 816 751 1006 803; x_wconf 89' lang='lat' dir='ltr'><strong>beatus</strong></span> <span class='ocrx_word' id='word_1_58' title='bbox 1036 748 1124 802; x_wconf 91' lang='lat' dir='ltr'><strong>ille</strong></span> <span class='ocrx_word' id='word_1_59' title='bbox 1149 758 1409 818; x_wconf 81' lang='lat' dir='ltr'><strong>patronus</strong></span> <span class='ocrx_word' id='word_1_60' title='bbox 1433 757 1610 803; x_wconf 78' lang='lat' dir='ltr'><strong>vester</strong></span> <span class='ocrx_word' id='word_1_61' title='bbox 1633 746 1833 801; x_wconf 81' lang='lat' dir='ltr'><strong>consti—</strong></span> 
     </span>
    </p>
   </div>
   <div class='ocr_carea' id='block_1_10' title="bbox 239 840 1831 912">
    <p class='ocr_par' dir='ltr' id='par_1_10' title="bbox 239 840 1831 912">
     <span class='ocr_line' id='line_1_10' title="bbox 239 840 1831 912; baseline 0.002 -21"><span class='ocrx_word' id='word_1_62' title='bbox 239 840 370 901; x_wconf 78' lang='lat' dir='ltr'><strong>tuit,</strong></span> <span class='ocrx_word' id='word_1_63' title='bbox 401 841 585 893; x_wconf 87' lang='lat' dir='ltr'><strong>omnia</strong></span> <span class='ocrx_word' id='word_1_64' title='bbox 616 842 726 894; x_wconf 87' lang='lat' dir='ltr'><strong>sint</strong></span> <span class='ocrx_word' id='word_1_65' title='bbox 774 852 893 895; x_wconf 85' lang='lat' dir='ltr'><strong>rata</strong></span> <span class='ocrx_word' id='word_1_66' title='bbox 939 851 994 895; x_wconf 88' lang='lat' dir='ltr'><strong>et</strong></span> <span class='ocrx_word' id='word_1_67' title='bbox 1037 842 1309 905; x_wconf 88' lang='lat' dir='ltr'><strong>ordinata,</strong></span> <span class='ocrx_word' id='word_1_68' title='bbox 1346 850 1455 895; x_wconf 91' lang='lat' dir='ltr'><strong>tam</strong></span> <span class='ocrx_word' id='word_1_69' title='bbox 1486 855 1547 894; x_wconf 83' lang='lat' dir='ltr'><strong>ea</strong></span> <span class='ocrx_word' id='word_1_70' title='bbox 1600 857 1720 912; x_wconf 74' lang='lat' dir='ltr'><strong>qua:</strong></span> <span class='ocrx_word' id='word_1_71' title='bbox 1764 840 1831 894; x_wconf 92' lang='lat' dir='ltr'><strong>ad</strong></span> 
     </span>
    </p>
   </div>
   <div class='ocr_carea' id='block_1_11' title="bbox 236 931 1832 1001">
    <p class='ocr_par' dir='ltr' id='par_1_11' title="bbox 236 931 1832 1001">
     <span class='ocr_line' id='line_1_11' title="bbox 236 931 1832 1001; baseline 0.003 -17"><span class='ocrx_word' id='word_1_72' title='bbox 236 931 513 999; x_wconf 62' lang='lat' dir='ltr'><strong>hospitale</strong></span> <span class='ocrx_word' id='word_1_73' title='bbox 539 947 836 999; x_wconf 60' lang='lat' dir='ltr'><strong>pauperum</strong></span> <span class='ocrx_word' id='word_1_74' title='bbox 866 943 919 986; x_wconf 89' lang='lat' dir='ltr'><strong>et</strong></span> <span class='ocrx_word' id='word_1_75' title='bbox 948 942 1159 1001; x_wconf 87' lang='lat' dir='ltr'><strong>portam</strong></span> <span class='ocrx_word' id='word_1_76' title='bbox 1202 933 1475 1001; x_wconf 91' lang='lat' dir='ltr'><strong>hospitum</strong></span> <span class='ocrx_word' id='word_1_77' title='bbox 1519 948 1682 1001; x_wconf 90' lang='lat' dir='ltr'><strong>quam</strong></span> <span class='ocrx_word' id='word_1_78' title='bbox 1713 946 1832 1000; x_wconf 74' lang='lat' dir='ltr'><strong>qua:</strong></span> 
     </span>
    </p>
   </div>
   <div class='ocr_carea' id='block_1_12' title="bbox 234 1022 1833 1093">
    <p class='ocr_par' dir='ltr' id='par_1_12' title="bbox 234 1022 1833 1093">
     <span class='ocr_line' id='line_1_12' title="bbox 234 1022 1833 1093; baseline 0.003 -22"><span class='ocrx_word' id='word_1_79' title='bbox 234 1022 304 1093; x_wconf 75' lang='lat' dir='ltr'><strong>ad</strong></span> <span class='ocrx_word' id='word_1_80' title='bbox 338 1022 707 1075; x_wconf 89' lang='lat' dir='ltr'><strong>necessitates</strong></span> <span class='ocrx_word' id='word_1_81' title='bbox 740 1022 970 1076; x_wconf 79' lang='lat' dir='ltr'><strong>fratrum</strong></span> <span class='ocrx_word' id='word_1_82' title='bbox 1023 1023 1296 1091; x_wconf 84' lang='lat' dir='ltr'><strong>pertinere</strong></span> <span class='ocrx_word' id='word_1_83' title='bbox 1338 1024 1606 1077; x_wconf 88' lang='lat' dir='ltr'><strong>videntur.</strong></span> <span class='ocrx_word' id='word_1_84' title='bbox 1657 1023 1833 1092; x_wconf 85' lang='lat' dir='ltr'><strong>Super</strong></span> 
     </span>
    </p>
   </div>
   <div class='ocr_carea' id='block_1_13' title="bbox 234 1113 1828 1185">
    <p class='ocr_par' dir='ltr' id='par_1_13' title="bbox 234 1113 1828 1185">
     <span class='ocr_line' id='line_1_13' title="bbox 234 1113 1828 1185; baseline 0.001 -19"><span class='ocrx_word' id='word_1_85' title='bbox 234 1114 352 1166; x_wconf 70' lang='lat' dir='ltr'><strong>lucc</strong></span> <span class='ocrx_word' id='word_1_86' title='bbox 381 1113 567 1167; x_wconf 85' lang='lat' dir='ltr'><strong>omnia</strong></span> <span class='ocrx_word' id='word_1_87' title='bbox 595 1115 980 1169; x_wconf 83' lang='lat' dir='ltr'><strong>constituimus</strong></span> <span class='ocrx_word' id='word_1_88' title='bbox 1004 1130 1101 1184; x_wconf 87' lang='lat' dir='ltr'><strong>per</strong></span> <span class='ocrx_word' id='word_1_89' title='bbox 1136 1116 1296 1185; x_wconf 85' lang='lat' dir='ltr'><strong>hujus</strong></span> <span class='ocrx_word' id='word_1_90' title='bbox 1326 1115 1526 1169; x_wconf 87' lang='lat' dir='ltr'><strong>decreti</strong></span> <span class='ocrx_word' id='word_1_91' title='bbox 1554 1115 1828 1185; x_wconf 79' lang='lat' dir='ltr'><strong>paginam,</strong></span> 
     </span>
    </p>
   </div>
   <div class='ocr_carea' id='block_1_14' title="bbox 232 1206 1828 1276">
    <p class='ocr_par' dir='ltr' id='par_1_14' title="bbox 232 1206 1828 1276">
     <span class='ocr_line' id='line_1_14' title="bbox 232 1206 1828 1276; baseline 0.004 -22"><span class='ocrx_word' id='word_1_92' title='bbox 232 1219 403 1271; x_wconf 90' lang='lat' dir='ltr'><strong>quam</strong></span> <span class='ocrx_word' id='word_1_93' title='bbox 453 1206 783 1259; x_wconf 78' lang='lat' dir='ltr'><strong>auctoritate</strong></span> <span class='ocrx_word' id='word_1_94' title='bbox 817 1206 1079 1276; x_wconf 88' lang='lat' dir='ltr'><strong>principis</strong></span> <span class='ocrx_word' id='word_1_95' title='bbox 1124 1206 1491 1276; x_wconf 67' lang='lat' dir='ltr'><strong>apostolorum</strong></span> <span class='ocrx_word' id='word_1_96' title='bbox 1536 1207 1828 1260; x_wconf 80' lang='lat' dir='ltr'><strong>conﬁrma—</strong></span> 
     </span>
    </p>
   </div>
   <div class='ocr_carea' id='block_1_15' title="bbox 229 1297 1829 1375">
    <p class='ocr_par' dir='ltr' id='par_1_15' title="bbox 229 1297 1829 1375">
     <span class='ocr_line' id='line_1_15' title="bbox 229 1297 1829 1375; baseline 0.004 -28"><span class='ocrx_word' id='word_1_97' title='bbox 229 1310 377 1359; x_wconf 86' lang='lat' dir='ltr'><strong>mus,</strong></span> <span class='ocrx_word' id='word_1_98' title='bbox 414 1304 480 1351; x_wconf 78' lang='lat' dir='ltr'><strong>nt</strong></span> <span class='ocrx_word' id='word_1_99' title='bbox 526 1297 571 1350; x_wconf 88' lang='lat' dir='ltr'><strong>si</strong></span> <span class='ocrx_word' id='word_1_100' title='bbox 604 1298 727 1365; x_wconf 86' lang='lat' dir='ltr'><strong>quis</strong></span> <span class='ocrx_word' id='word_1_101' title='bbox 760 1298 899 1353; x_wconf 90' lang='lat' dir='ltr'><strong>hanc</strong></span> <span class='ocrx_word' id='word_1_102' title='bbox 934 1300 1204 1369; x_wconf 77' lang='lat' dir='ltr'><strong>privilegii</strong></span> <span class='ocrx_word' id='word_1_103' title='bbox 1256 1301 1428 1354; x_wconf 87' lang='lat' dir='ltr'><strong>nostri</strong></span> <span class='ocrx_word' id='word_1_104' title='bbox 1468 1301 1715 1355; x_wconf 86' lang='lat' dir='ltr'><strong>chartam</strong></span> <span class='ocrx_word' id='word_1_105' title='bbox 1750 1310 1829 1375; x_wconf 44' lang='lat' dir='ltr'><strong>lef-</strong></span> 
     </span>
    </p>
   </div>
   <div class='ocr_carea' id='block_1_16' title="bbox 231 1386 1828 1461">
    <p class='ocr_par' dir='ltr' id='par_1_16' title="bbox 231 1386 1828 1461">
     <span class='ocr_line' id='line_1_16' title="bbox 231 1386 1828 1461; baseline 0.006 -24"><span class='ocrx_word' id='word_1_106' title='bbox 231 1400 454 1439; x_wconf 86' lang='lat' dir='ltr'><strong>merare</strong></span> <span class='ocrx_word' id='word_1_107' title='bbox 501 1386 721 1452; x_wconf 90' lang='lat' dir='ltr'><strong>audeat,</strong></span> <span class='ocrx_word' id='word_1_108' title='bbox 769 1390 1058 1445; x_wconf 86' lang='lat' dir='ltr'><strong>anathema</strong></span> <span class='ocrx_word' id='word_1_109' title='bbox 1092 1391 1162 1445; x_wconf 91' lang='lat' dir='ltr'><strong>sit</strong></span> <span class='ocrx_word' id='word_1_110' title='bbox 1200 1400 1255 1445; x_wconf 89' lang='lat' dir='ltr'><strong>et</strong></span> <span class='ocrx_word' id='word_1_111' title='bbox 1286 1392 1420 1445; x_wconf 90' lang='lat' dir='ltr'><strong>iram</strong></span> <span class='ocrx_word' id='word_1_112' title='bbox 1457 1392 1549 1446; x_wconf 90' lang='lat' dir='ltr'><strong>Dei</strong></span> <span class='ocrx_word' id='word_1_113' title='bbox 1582 1392 1828 1461; x_wconf 85' lang='lat' dir='ltr'><strong>omnipo-</strong></span> 
     </span>
    </p>
   </div>
   <div class='ocr_carea' id='block_1_17' title="bbox 228 1475 1824 1549">
    <p class='ocr_par' dir='ltr' id='par_1_17' title="bbox 228 1475 1824 1549">
     <span class='ocr_line' id='line_1_17' title="bbox 228 1475 1824 1549; baseline 0.006 -23"><span class='ocrx_word' id='word_1_114' title='bbox 228 1475 399 1529; x_wconf 87' lang='lat' dir='ltr'><strong>tentis</strong></span> <span class='ocrx_word' id='word_1_115' title='bbox 425 1476 717 1532; x_wconf 77' lang='lat' dir='ltr'><strong>incurrens</strong></span> <span class='ocrx_word' id='word_1_116' title='bbox 746 1496 775 1533; x_wconf 92' lang='lat' dir='ltr'><strong>a</strong></span> <span class='ocrx_word' id='word_1_117' title='bbox 804 1489 944 1534; x_wconf 71' lang='lat' dir='ltr'><strong>cmtu</strong></span> <span class='ocrx_word' id='word_1_118' title='bbox 970 1491 1278 1537; x_wconf 87' lang='lat' dir='ltr'><strong>sanctorum</strong></span> <span class='ocrx_word' id='word_1_119' title='bbox 1301 1484 1824 1549; x_wconf 78' lang='lat' dir='ltr'><strong>excommunicetur,</strong></span> 
     </span>
    </p>
   </div>
   <div class='ocr_carea' id='block_1_18' title="bbox 228 1566 1824 1646">
    <p class='ocr_par' dir='ltr' id='par_1_18' title="bbox 228 1566 1824 1646">
     <span class='ocr_line' id='line_1_18' title="bbox 228 1566 1824 1646; baseline 0.009 -27"><span class='ocrx_word' id='word_1_120' title='bbox 228 1574 285 1619; x_wconf 85' lang='lat' dir='ltr'><strong>et</strong></span> <span class='ocrx_word' id='word_1_121' title='bbox 314 1566 675 1623; x_wconf 83' lang='lat' dir='ltr'><strong>nihilominus</strong></span> <span class='ocrx_word' id='word_1_122' title='bbox 707 1572 913 1639; x_wconf 69' lang='lat' dir='ltr'><strong>prmfati</strong></span> <span class='ocrx_word' id='word_1_123' title='bbox 961 1576 1272 1630; x_wconf 85' lang='lat' dir='ltr'><strong>ruouasterii</strong></span> <span class='ocrx_word' id='word_1_124' title='bbox 1314 1576 1551 1646; x_wconf 87' lang='lat' dir='ltr'><strong>dignitas</strong></span> <span class='ocrx_word' id='word_1_125' title='bbox 1598 1594 1627 1631; x_wconf 89' lang='lat' dir='ltr'><strong>a</strong></span> <span class='ocrx_word' id='word_1_126' title='bbox 1668 1579 1824 1633; x_wconf 92' lang='lat' dir='ltr'><strong>nobis</strong></span> 
     </span>
    </p>
   </div>
   <div class='ocr_carea' id='block_1_19' title="bbox 225 1654 1508 1735">
    <p class='ocr_par' dir='ltr' id='par_1_19' title="bbox 225 1654 1508 1735">
     <span class='ocr_line' id='line_1_19' title="bbox 225 1654 1508 1735; baseline 0.008 -26"><span class='ocrx_word' id='word_1_127' title='bbox 225 1654 440 1710; x_wconf 87' lang='lat' dir='ltr'><strong>indulta</strong></span> <span class='ocrx_word' id='word_1_128' title='bbox 468 1661 863 1728; x_wconf 87' lang='lat' dir='ltr'><strong>perpetualiter</strong></span> <span class='ocrx_word' id='word_1_129' title='bbox 893 1663 1146 1717; x_wconf 90' lang='lat' dir='ltr'><strong>inviolata</strong></span> <span class='ocrx_word' id='word_1_130' title='bbox 1174 1675 1508 1735; x_wconf 88' lang='lat' dir='ltr'><strong>permaneat.</strong></span> 
     </span>
    </p>
   </div>
   <div class='ocr_carea' id='block_1_20' title="bbox 302 1744 1820 1819">
    <p class='ocr_par' dir='ltr' id='par_1_20' title="bbox 302 1744 1820 1819">
     <span class='ocr_line' id='line_1_20' title="bbox 302 1744 1820 1819; baseline 0.008 -18"><span class='ocrx_word' id='word_1_131' title='bbox 302 1744 587 1817; x_wconf 85' lang='lat' dir='ltr'><strong>Scriptum</strong></span> <span class='ocrx_word' id='word_1_132' title='bbox 622 1766 723 1819; x_wconf 83' lang='lat' dir='ltr'><strong>per</strong></span> <span class='ocrx_word' id='word_1_133' title='bbox 751 1767 941 1805; x_wconf 91' lang='lat' dir='ltr'><strong>manus</strong></span> <span class='ocrx_word' id='word_1_134' title='bbox 980 1754 1199 1808; x_wconf 86' lang='lat' dir='ltr'><strong>Antonii</strong></span> <span class='ocrx_word' id='word_1_135' title='bbox 1235 1757 1431 1811; x_wconf 86' lang='lat' dir='ltr'><strong>notarii</strong></span> <span class='ocrx_word' id='word_1_136' title='bbox 1462 1766 1516 1812; x_wconf 91' lang='lat' dir='ltr'><strong>et</strong></span> <span class='ocrx_word' id='word_1_137' title='bbox 1547 1758 1820 1813; x_wconf 87' lang='lat' dir='ltr'><strong>scriniarii</strong></span> 
     </span>
    </p>
   </div>
   <div class='ocr_carea' id='block_1_21' title="bbox 224 1836 1441 1903">
    <p class='ocr_par' dir='ltr' id='par_1_21' title="bbox 224 1836 1441 1903">
     <span class='ocr_line' id='line_1_21' title="bbox 224 1836 1441 1903; baseline 0.009 -12"><span class='ocrx_word' id='word_1_138' title='bbox 224 1845 431 1892; x_wconf 69' lang='lat' dir='ltr'><strong>sancta:</strong></span> <span class='ocrx_word' id='word_1_139' title='bbox 454 1836 721 1895; x_wconf 73' lang='lat' dir='ltr'><strong>Romam:</strong></span> <span class='ocrx_word' id='word_1_140' title='bbox 759 1841 1034 1898; x_wconf 76' lang='lat' dir='ltr'><strong>Ecclesize.</strong></span> <span class='ocrx_word' id='word_1_141' title='bbox 1070 1846 1215 1901; x_wconf 87' lang='lat' dir='ltr'><strong>Bene</strong></span> <span class='ocrx_word' id='word_1_142' title='bbox 1243 1847 1441 1903; x_wconf 80' lang='lat' dir='ltr'><strong>valete.</strong></span> 
     </span>
    </p>
   </div>
   <div class='ocr_carea' id='block_1_22' title="bbox 294 1930 1819 2015">
    <p class='ocr_par' dir='ltr' id='par_1_22' title="bbox 294 1930 1819 2015">
     <span class='ocr_line' id='line_1_22' title="bbox 294 1930 1819 2015; baseline 0.011 -32"><span class='ocrx_word' id='word_1_143' title='bbox 294 1930 492 1985; x_wconf 80' lang='lat' dir='ltr'><strong>Datum</strong></span> <span class='ocrx_word' id='word_1_144' title='bbox 543 1950 579 1988; x_wconf 82' lang='grc' dir='ltr'><strong>ιι</strong></span> <span class='ocrx_word' id='word_1_145' title='bbox 629 1934 747 1989; x_wconf 69' lang='lat' dir='ltr'><strong>Kal.</strong></span> <span class='ocrx_word' id='word_1_146' title='bbox 797 1936 1019 1992; x_wconf 85' lang='lat' dir='ltr'><strong>Januar.</strong></span> <span class='ocrx_word' id='word_1_147' title='bbox 1057 1955 1153 2009; x_wconf 91' lang='lat' dir='ltr'><strong>per</strong></span> <span class='ocrx_word' id='word_1_148' title='bbox 1184 1957 1402 1996; x_wconf 86' lang='lat' dir='ltr'><strong>manum</strong></span> <span class='ocrx_word' id='word_1_149' title='bbox 1434 1941 1660 1999; x_wconf 80' lang='lat' dir='ltr'><strong>Joannis</strong></span> <span class='ocrx_word' id='word_1_150' title='bbox 1706 1945 1819 2015; x_wconf 84' lang='lat' dir='ltr'><strong>epi-</strong></span> 
     </span>
    </p>
   </div>
   <div class='ocr_carea' id='block_1_23' title="bbox 224 2025 1817 2094">
    <p class='ocr_par' dir='ltr' id='par_1_23' title="bbox 224 2025 1817 2094">
     <span class='ocr_line' id='line_1_23' title="bbox 224 2025 1817 2094; baseline 0.011 -17"><span class='ocrx_word' id='word_1_151' title='bbox 224 2025 373 2093; x_wconf 79' lang='lat' dir='ltr'><strong>scopi</strong></span> <span class='ocrx_word' id='word_1_152' title='bbox 410 2036 619 2081; x_wconf 63' lang='lat' dir='ltr'><strong>sancta:</strong></span> <span class='ocrx_word' id='word_1_153' title='bbox 649 2028 973 2085; x_wconf 82' lang='lat' dir='ltr'><strong>Albanensis</strong></span> <span class='ocrx_word' id='word_1_154' title='bbox 1021 2032 1276 2089; x_wconf 73' lang='lat' dir='ltr'><strong>Ecclesia:</strong></span> <span class='ocrx_word' id='word_1_155' title='bbox 1317 2046 1373 2091; x_wconf 90' lang='lat' dir='ltr'><strong>et</strong></span> <span class='ocrx_word' id='word_1_156' title='bbox 1418 2038 1817 2094; x_wconf 86' lang='lat' dir='ltr'><strong>bibliothecarii</strong></span> 
     </span>
    </p>
   </div>
   <div class='ocr_carea' id='block_1_24' title="bbox 222 2111 1818 2199">
    <p class='ocr_par' dir='ltr' id='par_1_24' title="bbox 222 2112 1818 2199">
     <span class='ocr_line' id='line_1_24' title="bbox 222 2112 1818 2199; baseline 0.014 -35"><span class='ocrx_word' id='word_1_157' title='bbox 222 2124 429 2168; x_wconf 79' lang='lat' dir='ltr'><strong>sancta:</strong></span> <span class='ocrx_word' id='word_1_158' title='bbox 441 2118 761 2185; x_wconf 75' lang='lat' dir='ltr'><strong>apostolica:</strong></span> <span class='ocrx_word' id='word_1_159' title='bbox 782 2122 946 2184; x_wconf 86' lang='lat' dir='ltr'><strong>sedis,</strong></span> <span class='ocrx_word' id='word_1_160' title='bbox 964 2138 1125 2189; x_wconf 87' lang='lat' dir='ltr'><strong>anno,</strong></span> <span class='ocrx_word' id='word_1_161' title='bbox 1145 2126 1251 2180; x_wconf 89' lang='lat' dir='ltr'><strong>Deo</strong></span> <span class='ocrx_word' id='word_1_162' title='bbox 1273 2112 1818 2199; x_wconf 43' lang='lat' dir='ltr'><strong>propitiofpontilica-</strong></span> 
     </span>
    </p>
   </div>
   <div class='ocr_carea' id='block_1_25' title="bbox 222 2208 1817 2293">
    <p class='ocr_par' dir='ltr' id='par_1_25' title="bbox 222 2208 1817 2293">
     <span class='ocr_line' id='line_1_25' title="bbox 222 2208 1817 2293; baseline 0.014 -34"><span class='ocrx_word' id='word_1_163' title='bbox 222 2215 308 2260; x_wconf 88' lang='lat' dir='ltr'><strong>tus</strong></span> <span class='ocrx_word' id='word_1_164' title='bbox 339 2208 528 2263; x_wconf 89' lang='lat' dir='ltr'><strong>domui</strong></span> <span class='ocrx_word' id='word_1_165' title='bbox 559 2210 809 2266; x_wconf 81' lang='lat' dir='ltr'><strong>Silvestri</strong></span> <span class='ocrx_word' id='word_1_166' title='bbox 834 2213 1069 2281; x_wconf 86' lang='lat' dir='ltr'><strong>junioris</strong></span> <span class='ocrx_word' id='word_1_167' title='bbox 1112 2234 1262 2287; x_wconf 62' lang='lat' dir='ltr'><strong>papae</strong></span> <span class='ocrx_word' id='word_1_168' title='bbox 1294 2215 1817 2293; x_wconf 30' lang='lat' dir='ltr'><strong>primm-imperante</strong></span> 
     </span>
    </p>
   </div>
   <div class='ocr_carea' id='block_1_26' title="bbox 221 2296 1813 2382">
    <p class='ocr_par' dir='ltr' id='par_1_26' title="bbox 221 2296 1813 2382">
     <span class='ocr_line' id='line_1_26' title="bbox 221 2296 1813 2382; baseline 0.014 -34"><span class='ocrx_word' id='word_1_169' title='bbox 221 2296 425 2352; x_wconf 89' lang='lat' dir='ltr'><strong>domno</strong></span> <span class='ocrx_word' id='word_1_170' title='bbox 455 2299 665 2355; x_wconf 85' lang='lat' dir='ltr'><strong>Otlone</strong></span> <span class='ocrx_word' id='word_1_171' title='bbox 712 2303 797 2357; x_wconf 84' lang='lat' dir='ltr'><strong>lll°</strong></span> <span class='ocrx_word' id='word_1_172' title='bbox 829 2307 1078 2375; x_wconf 87' lang='lat' dir='ltr'><strong>pacilico,</strong></span> <span class='ocrx_word' id='word_1_173' title='bbox 1108 2308 1319 2379; x_wconf 85' lang='lat' dir='ltr'><strong>imperii</strong></span> <span class='ocrx_word' id='word_1_174' title='bbox 1360 2310 1474 2380; x_wconf 76' lang='lat' dir='ltr'><strong>ejus</strong></span> <span class='ocrx_word' id='word_1_175' title='bbox 1514 2328 1657 2368; x_wconf 88' lang='lat' dir='ltr'><strong>anno</strong></span> <span class='ocrx_word' id='word_1_176' title='bbox 1694 2330 1813 2382; x_wconf 84' lang='grc' dir='ltr'>ιιιο,</span> 
     </span>
    </p>
   </div>
   <div class='ocr_carea' id='block_1_27' title="bbox 221 2388 670 2448">
    <p class='ocr_par' dir='ltr' id='par_1_27' title="bbox 221 2388 670 2448">
     <span class='ocr_line' id='line_1_27' title="bbox 221 2388 670 2448; baseline 0.009 -5"><span class='ocrx_word' id='word_1_177' title='bbox 221 2388 525 2448; x_wconf 85' lang='lat' dir='ltr'><strong>indictione</strong></span> <span class='ocrx_word' id='word_1_178' title='bbox 552 2410 670 2448; x_wconf 77' lang='lat' dir='ltr'><strong>xm.</strong></span> 
     </span>
    </p>
   </div>
   <div class='ocr_carea' id='block_1_28' title="bbox 220 2574 1815 2719">
    <p class='ocr_par' dir='ltr' id='par_1_28' title="bbox 220 2574 1815 2719">
     <span class='ocr_line' id='line_1_28' title="bbox 220 2574 1815 2662; baseline 0.017 -35"><span class='ocrx_word' id='word_1_179' title='bbox 220 2574 469 2657; x_wconf 63' lang='lat' dir='ltr'><strong>Si‘lresler</strong></span> <span class='ocrx_word' id='word_1_180' title='bbox 487 2579 551 2633; x_wconf 88' lang='lat' dir='ltr'><strong><em>II</em></strong></span> <span class='ocrx_word' id='word_1_181' title='bbox 576 2599 643 2650; x_wconf 88' lang='lat' dir='ltr'><strong>pa</strong></span> <span class='ocrx_word' id='word_1_182' title='bbox 683 2599 714 2636; x_wconf 89' lang='lat' dir='ltr'><strong>a</strong></span> <span class='ocrx_word' id='word_1_183' title='bbox 734 2583 958 2654; x_wconf 78' lang='lat' dir='ltr'><strong>Arnulfo</strong></span> <span class='ocrx_word' id='word_1_184' title='bbox 978 2587 1240 2653; x_wconf 75' lang='lat' dir='ltr'><strong>Rerneusi,</strong></span> <span class='ocrx_word' id='word_1_185' title='bbox 1268 2612 1286 2643; x_wconf 71' lang='grc' dir='ltr'>ι</span> <span class='ocrx_word' id='word_1_186' title='bbox 1310 2596 1619 2662; x_wconf 78' lang='lat' dir='ltr'><strong>quibusdam</strong></span> <span class='ocrx_word' id='word_1_187' title='bbox 1641 2616 1815 2653; x_wconf 72' lang='lat' dir='ltr'><strong>exces-</strong></span> 
     </span>
     <span class='ocr_line' id='line_1_29' title="bbox 286 2600 1813 2719; baseline 0.012 -19"><span class='ocrx_word' id='word_1_188' title='bbox 286 2649 435 2719; x_wconf 57' lang='lat' dir='ltr'><strong>{tbus</strong></span> <span class='ocrx_word' id='word_1_189' title='bbox 463 2600 759 2719; x_wconf 35' lang='lat' dir='ltr'><strong>ponti/iﬁlli</strong></span> <span class='ocrx_word' id='word_1_190' title='bbox 786 2656 981 2712; x_wconf 80' lang='lat' dir='ltr'><strong>honore</strong></span> <span class='ocrx_word' id='word_1_191' title='bbox 1006 2662 1205 2719; x_wconf 78' lang='lat' dir='ltr'><strong>privato</strong></span> <span class='ocrx_word' id='word_1_192' title='bbox 1223 2704 1236 2719; x_wconf 91' lang='lat'><strong>.</strong></span> <span class='ocrx_word' id='word_1_193' title='bbox 1262 2668 1386 2719; x_wconf 83' lang='lat' dir='ltr'><strong>auia</strong></span> <span class='ocrx_word' id='word_1_194' title='bbox 1414 2667 1525 2719; x_wconf 78' lang='lat' dir='ltr'><strong>eius</strong></span> <span class='ocrx_word' id='word_1_195' title='bbox 1552 2671 1813 2719; x_wconf 77' lang='lat' dir='ltr'><strong>abdicatio</strong></span> 
     </span>
    </p>
   </div>
   <div class='ocr_carea' id='block_1_29' title="bbox 286 2649 1813 2734">
    <p class='ocr_par' dir='ltr' id='par_1_29' title="bbox 286 2649 1813 2734">
     <span class='ocr_line' id='line_1_30' title="bbox 286 2649 1813 2734; baseline 0.016 -34"><span class='ocrx_word' id='word_1_196' title='bbox 286 2649 435 2734; x_wconf 45' lang='lat' dir='ltr'><strong>sibus</strong></span> <span class='ocrx_word' id='word_1_197' title='bbox 463 2649 759 2719; x_wconf 72' lang='lat' dir='ltr'><strong>pontiﬁcali</strong></span> <span class='ocrx_word' id='word_1_198' title='bbox 786 2649 981 2712; x_wconf 80' lang='lat' dir='ltr'><strong>honore</strong></span> <span class='ocrx_word' id='word_1_199' title='bbox 1005 2649 1238 2734; x_wconf 78' lang='lat' dir='ltr'><strong>privato,</strong></span> <span class='ocrx_word' id='word_1_200' title='bbox 1262 2649 1386 2732; x_wconf 63' lang='lat' dir='ltr'><strong>quia</strong></span> <span class='ocrx_word' id='word_1_201' title='bbox 1414 2667 1525 2734; x_wconf 78' lang='lat' dir='ltr'><strong>ejus</strong></span> 
     </span>
    </p>
   </div>
   <div class='ocr_carea' id='block_1_30' title="bbox 290 2716 1815 2808">
    <p class='ocr_par' dir='ltr' id='par_1_30' title="bbox 290 2716 1815 2808">
     <span class='ocr_line' id='line_1_31' title="bbox 290 2716 1815 2808; baseline 0.016 -38"><span class='ocrx_word' id='word_1_202' title='bbox 290 2716 539 2808; x_wconf 18' lang='lat' dir='ltr'><strong>Rontarno</strong></span> <span class='ocrx_word' id='word_1_203' title='bbox 562 2716 775 2808; x_wconf 48' lang='lat' dir='ltr'><strong>asss&#39;risu</strong></span> <span class='ocrx_word' id='word_1_204' title='bbox 808 2716 1033 2808; x_wconf 58' lang='lat' dir='ltr'><strong>caruerit</strong></span> <span class='ocrx_word' id='word_1_205' title='bbox 1050 2772 1062 2793; x_wconf 93' lang='lat'><strong>,</strong></span> <span class='ocrx_word' id='word_1_206' title='bbox 1095 2716 1368 2808; x_wconf 35' lang='lat' dir='ltr'><strong>{concedit</strong></span> <span class='ocrx_word' id='word_1_207' title='bbox 1397 2716 1475 2800; x_wconf 74' lang='grc' dir='ltr'><strong>ηἷ,</strong></span> <span class='ocrx_word' id='word_1_208' title='bbox 1500 2751 1698 2808; x_wconf 79' lang='lat' dir='ltr'><strong>recepto</strong></span> <span class='ocrx_word' id='word_1_209' title='bbox 1724 2743 1815 2794; x_wconf 87' lang='lat' dir='ltr'><strong>ba-</strong></span> 
     </span>
    </p>
   </div>
   <div class='ocr_carea' id='block_1_31' title="bbox 285 2788 1811 2877">
    <p class='ocr_par' dir='ltr' id='par_1_31' title="bbox 285 2788 1811 2877">
     <span class='ocr_line' id='line_1_32' title="bbox 285 2788 1811 2877; baseline 0.016 -37"><span class='ocrx_word' id='word_1_210' title='bbox 285 2788 407 2877; x_wconf 50' lang='lat' dir='ltr'><strong>culo</strong></span> <span class='ocrx_word' id='word_1_211' title='bbox 428 2788 1157 2877; x_wconf 32' lang='lat' dir='ltr'><strong>ethnnulo,archiepiscopali</strong></span> <span class='ocrx_word' id='word_1_212' title='bbox 1179 2805 1343 2877; x_wconf 74' lang='lat' dir='ltr'><strong>ofﬁcio</strong></span> <span class='ocrx_word' id='word_1_213' title='bbox 1366 2788 1673 2877; x_wconf 39' lang='lat' dir='ltr'><strong>{uirga—tur}!</strong></span> <span class='ocrx_word' id='word_1_214' title='bbox 1699 2829 1811 2863; x_wconf 89' lang='lat' dir='ltr'><strong>om-</strong></span> 
     </span>
    </p>
   </div>
   <div class='ocr_carea' id='block_1_32' title="bbox 286 2858 1814 2943">
    <p class='ocr_par' dir='ltr' id='par_1_32' title="bbox 286 2858 1814 2943">
     <span class='ocr_line' id='line_1_33' title="bbox 286 2858 1814 2943; baseline 0.019 -35"><span class='ocrx_word' id='word_1_215' title='bbox 286 2858 443 2943; x_wconf 59' lang='lat' dir='ltr'><strong>nibus</strong></span> <span class='ocrx_word' id='word_1_216' title='bbox 478 2861 771 2943; x_wconf 64' lang='lat' dir='ltr'><strong>insignibus</strong></span> <span class='ocrx_word' id='word_1_217' title='bbox 795 2858 947 2943; x_wconf 69' lang='lat' dir='ltr'><strong>solito</strong></span> <span class='ocrx_word' id='word_1_218' title='bbox 970 2858 1111 2924; x_wconf 72' lang='lat' dir='ltr'><strong>more</strong></span> <span class='ocrx_word' id='word_1_219' title='bbox 1134 2858 1814 2943; x_wconf 15' lang='lat' dir='ltr'><strong>pei&#39;fruat&#39;ur.d;rlfcclesiw</strong></span> 
     </span>
    </p>
   </div>
   <div class='ocr_carea' id='block_1_33' title="bbox 284 2927 1179 3009">
    <p class='ocr_par' dir='ltr' id='par_1_33' title="bbox 284 2927 1179 3009">
     <span class='ocr_line' id='line_1_34' title="bbox 284 2927 1179 3009; baseline 0.017 -28"><span class='ocrx_word' id='word_1_220' title='bbox 284 2927 561 2985; x_wconf 74' lang='lat' dir='ltr'><strong>Bernensis</strong></span> <span class='ocrx_word' id='word_1_221' title='bbox 589 2927 857 3006; x_wconf 69' lang='lat' dir='ltr'><strong>privilegia</strong></span> <span class='ocrx_word' id='word_1_222' title='bbox 886 2927 1179 3009; x_wconf 49' lang='lat' dir='ltr'><strong>conﬁrma}.</strong></span> 
     </span>
    </p>
   </div>
   <div class='ocr_carea' id='block_1_34' title="bbox 828 3032 1202 3107">
    <p class='ocr_par' dir='ltr' id='par_1_34' title="bbox 828 3032 1202 3107">
     <span class='ocr_line' id='line_1_35' title="bbox 828 3032 1202 3107; baseline 0.019 -22"><span class='ocrx_word' id='word_1_223' title='bbox 828 3032 1005 3101; x_wconf 77' lang='lat' dir='ltr'><strong>(Anno</strong></span> <span class='ocrx_word' id='word_1_224' title='bbox 1054 3036 1202 3107; x_wconf 85' lang='lat'><strong>999.)</strong></span> 
     </span>
    </p>
   </div>
   <div class='ocr_carea' id='block_1_35' title="bbox 400 3119 1630 3209">
    <p class='ocr_par' dir='ltr' id='par_1_35' title="bbox 400 3119 1630 3209">
     <span class='ocr_line' id='line_1_36' title="bbox 400 3119 1630 3209; baseline 0.015 -38"><span class='ocrx_word' id='word_1_225' title='bbox 400 3119 732 3191; x_wconf 85' lang='lat' dir='ltr'><strong>[Duchesuc,</strong></span> <span class='ocrx_word' id='word_1_226' title='bbox 765 3123 902 3178; x_wconf 79' lang='lat' dir='ltr'><strong>Ilisl.</strong></span> <span class='ocrx_word' id='word_1_227' title='bbox 931 3125 1128 3183; x_wconf 79' lang='lat' dir='ltr'><strong>Frauc.</strong></span> <span class='ocrx_word' id='word_1_228' title='bbox 1158 3134 1361 3201; x_wconf 55' lang='lat' dir='ltr'><strong>script,</strong></span> <span class='ocrx_word' id='word_1_229' title='bbox 1390 3134 1451 3198; x_wconf 95' lang='lat' dir='ltr'><strong>ll,</strong></span> <span class='ocrx_word' id='word_1_230' title='bbox 1481 3136 1630 3209; x_wconf 71' lang='lat'><strong>845.]</strong></span> 
     </span>
    </p>
   </div>
   <div class='ocr_carea' id='block_1_36' title="bbox 286 3206 1809 3289">
    <p class='ocr_par' dir='ltr' id='par_1_36' title="bbox 286 3206 1809 3289">
     <span class='ocr_line' id='line_1_37' title="bbox 286 3206 1809 3289; baseline 0.011 -28"><span class='ocrx_word' id='word_1_231' title='bbox 286 3206 605 3265; x_wconf 72' lang='grc' dir='ltr'><strong>διινεδτειι</strong></span> <span class='ocrx_word' id='word_1_232' title='bbox 640 3214 948 3284; x_wconf 87' lang='lat' dir='ltr'><strong>cpiscopus,</strong></span> <span class='ocrx_word' id='word_1_233' title='bbox 981 3234 1170 3274; x_wconf 89' lang='lat' dir='ltr'><strong>servus</strong></span> <span class='ocrx_word' id='word_1_234' title='bbox 1205 3236 1484 3279; x_wconf 88' lang='lat' dir='ltr'><strong>servorum</strong></span> <span class='ocrx_word' id='word_1_235' title='bbox 1520 3206 1635 3289; x_wconf 65' lang='lat' dir='ltr'><strong>Dei,</strong></span> <span class='ocrx_word' id='word_1_236' title='bbox 1673 3228 1809 3285; x_wconf 76' lang='lat' dir='ltr'><strong>dile.</strong></span> 
     </span>
    </p>
   </div>
   <div class='ocr_carea' id='block_1_37' title="bbox 208 3300 1805 3376">
    <p class='ocr_par' dir='ltr' id='par_1_37' title="bbox 208 3300 1805 3376">
     <span class='ocr_line' id='line_1_38' title="bbox 208 3300 1805 3376; baseline 0.016 -25"><span class='ocrx_word' id='word_1_237' title='bbox 208 3308 301 3353; x_wconf 91' lang='lat' dir='ltr'><strong>cto</strong></span> <span class='ocrx_word' id='word_1_238' title='bbox 336 3300 392 3353; x_wconf 89' lang='lat' dir='ltr'><strong>in</strong></span> <span class='ocrx_word' id='word_1_239' title='bbox 417 3302 639 3357; x_wconf 75' lang='lat' dir='ltr'><strong>Christo</strong></span> <span class='ocrx_word' id='word_1_240' title='bbox 670 3304 776 3360; x_wconf 92' lang='lat' dir='ltr'><strong>lilio</strong></span> <span class='ocrx_word' id='word_1_241' title='bbox 801 3310 1055 3365; x_wconf 72' lang='lat' dir='ltr'><strong>AltNULFO</strong></span> <span class='ocrx_word' id='word_1_242' title='bbox 1078 3325 1279 3368; x_wconf 76' lang='lat' dir='ltr'><strong>sancta:</strong></span> <span class='ocrx_word' id='word_1_243' title='bbox 1303 3314 1589 3373; x_wconf 71' lang='lat' dir='ltr'><strong>Bernensis</strong></span> <span class='ocrx_word' id='word_1_244' title='bbox 1621 3320 1805 3376; x_wconf 83' lang='lat' dir='ltr'><strong>Eccle-</strong></span> 
     </span>
    </p>
   </div>
   <div class='ocr_carea' id='block_1_38' title="bbox 211 3389 775 3465">
    <p class='ocr_par' dir='ltr' id='par_1_38' title="bbox 211 3389 775 3465">
     <span class='ocr_line' id='line_1_39' title="bbox 211 3389 775 3465; baseline 0.014 -22"><span class='ocrx_word' id='word_1_245' title='bbox 211 3389 307 3444; x_wconf 77' lang='lat' dir='ltr'><strong>sia:</strong></span> <span class='ocrx_word' id='word_1_246' title='bbox 338 3393 775 3465; x_wconf 82' lang='lat' dir='ltr'><strong>archiepiscopo.</strong></span> 
     </span>
    </p>
   </div>
   <div class='ocr_carea' id='block_1_39' title="bbox 281 3484 1807 3571">
    <p class='ocr_par' dir='ltr' id='par_1_39' title="bbox 281 3484 1807 3571">
     <span class='ocr_line' id='line_1_40' title="bbox 281 3484 1807 3571; baseline 0.017 -36"><span class='ocrx_word' id='word_1_247' title='bbox 281 3484 590 3552; x_wconf 84' lang='lat' dir='ltr'><strong>Apostolici</strong></span> <span class='ocrx_word' id='word_1_248' title='bbox 644 3488 892 3545; x_wconf 88' lang='lat' dir='ltr'><strong>culminis</strong></span> <span class='ocrx_word' id='word_1_249' title='bbox 940 3502 1022 3547; x_wconf 88' lang='lat' dir='ltr'><strong>est</strong></span> <span class='ocrx_word' id='word_1_250' title='bbox 1074 3510 1179 3550; x_wconf 92' lang='lat' dir='ltr'><strong>non</strong></span> <span class='ocrx_word' id='word_1_251' title='bbox 1234 3498 1406 3553; x_wconf 91' lang='lat' dir='ltr'><strong>solum</strong></span> <span class='ocrx_word' id='word_1_252' title='bbox 1456 3506 1807 3571; x_wconf 87' lang='lat' dir='ltr'><strong>peccantibus</strong></span> 
     </span>
    </p>
   </div>
   <div class='ocr_carea' id='block_1_40' title="bbox 210 3579 1806 3668">
    <p class='ocr_par' dir='ltr' id='par_1_40' title="bbox 210 3579 1806 3668">
     <span class='ocr_line' id='line_1_41' title="bbox 210 3579 1806 3668; baseline 0.015 -37"><span class='ocrx_word' id='word_1_253' title='bbox 210 3579 536 3643; x_wconf 86' lang='lat' dir='ltr'><strong>consulere,</strong></span> <span class='ocrx_word' id='word_1_254' title='bbox 582 3597 767 3636; x_wconf 84' lang='lat' dir='ltr'><strong>verum</strong></span> <span class='ocrx_word' id='word_1_255' title='bbox 803 3587 965 3641; x_wconf 90' lang='lat' dir='ltr'><strong>etiam</strong></span> <span class='ocrx_word' id='word_1_256' title='bbox 1007 3589 1184 3659; x_wconf 87' lang='lat' dir='ltr'><strong>lapsos</strong></span> <span class='ocrx_word' id='word_1_257' title='bbox 1220 3595 1451 3663; x_wconf 79' lang='lat' dir='ltr'><strong>erigere,</strong></span> <span class='ocrx_word' id='word_1_258' title='bbox 1484 3606 1537 3651; x_wconf 93' lang='lat' dir='ltr'><strong>et</strong></span> <span class='ocrx_word' id='word_1_259' title='bbox 1568 3600 1806 3668; x_wconf 88' lang='lat' dir='ltr'><strong>propriis</strong></span> 
     </span>
    </p>
   </div>
   <div class='ocr_carea' id='block_1_41' title="bbox 212 3672 1805 3759">
    <p class='ocr_par' dir='ltr' id='par_1_41' title="bbox 212 3672 1805 3759">
     <span class='ocr_line' id='line_1_42' title="bbox 212 3672 1805 3759; baseline 0.015 -37"><span class='ocrx_word' id='word_1_260' title='bbox 212 3672 460 3740; x_wconf 88' lang='lat' dir='ltr'><strong>privatos</strong></span> <span class='ocrx_word' id='word_1_261' title='bbox 496 3677 752 3743; x_wconf 82' lang='lat' dir='ltr'><strong>gradibus</strong></span> <span class='ocrx_word' id='word_1_262' title='bbox 786 3690 1045 3747; x_wconf 51' lang='lat' dir='ltr'><strong>reparata</strong></span> <span class='ocrx_word' id='word_1_263' title='bbox 1081 3683 1358 3751; x_wconf 82' lang='lat' dir='ltr'><strong>dignitatis</strong></span> <span class='ocrx_word' id='word_1_264' title='bbox 1388 3688 1687 3759; x_wconf 80' lang='lat' dir='ltr'><strong>insignibus</strong></span> <span class='ocrx_word' id='word_1_265' title='bbox 1725 3693 1805 3746; x_wconf 89' lang='lat' dir='ltr'><strong>in-</strong></span> 
     </span>
    </p>
   </div>
   <div class='ocr_carea' id='block_1_42' title="bbox 209 3762 1805 3849">
    <p class='ocr_par' dir='ltr' id='par_1_42' title="bbox 209 3762 1805 3849">
     <span class='ocr_line' id='line_1_43' title="bbox 209 3762 1805 3849; baseline 0.014 -35"><span class='ocrx_word' id='word_1_266' title='bbox 209 3762 487 3828; x_wconf 77' lang='lat' dir='ltr'><strong>formare;</strong></span> <span class='ocrx_word' id='word_1_267' title='bbox 524 3776 581 3817; x_wconf 90' lang='lat' dir='ltr'><strong>ut</strong></span> <span class='ocrx_word' id='word_1_268' title='bbox 609 3777 664 3819; x_wconf 90' lang='lat' dir='ltr'><strong>et</strong></span> <span class='ocrx_word' id='word_1_269' title='bbox 695 3766 855 3824; x_wconf 85' lang='lat' dir='ltr'><strong>Petro</strong></span> <span class='ocrx_word' id='word_1_270' title='bbox 886 3772 1122 3827; x_wconf 84' lang='lat' dir='ltr'><strong>solvendi</strong></span> <span class='ocrx_word' id='word_1_271' title='bbox 1155 3774 1322 3830; x_wconf 84' lang='lat' dir='ltr'><strong>libera</strong></span> <span class='ocrx_word' id='word_1_272' title='bbox 1354 3787 1422 3833; x_wconf 73' lang='lat' dir='ltr'><strong>sut</strong></span> <span class='ocrx_word' id='word_1_273' title='bbox 1450 3790 1720 3849; x_wconf 86' lang='lat' dir='ltr'><strong>potestas,</strong></span> <span class='ocrx_word' id='word_1_274' title='bbox 1750 3792 1805 3837; x_wconf 89' lang='lat' dir='ltr'><strong>et</strong></span> 
     </span>
    </p>
   </div>
   <div class='ocr_carea' id='block_1_43' title="bbox 211 3850 1805 3941">
    <p class='ocr_par' dir='ltr' id='par_1_43' title="bbox 211 3850 1805 3941">
     <span class='ocr_line' id='line_1_44' title="bbox 211 3850 1805 3941; baseline 0.015 -38"><span class='ocrx_word' id='word_1_275' title='bbox 211 3850 475 3907; x_wconf 62' lang='lat' dir='ltr'><strong>Romanas</strong></span> <span class='ocrx_word' id='word_1_276' title='bbox 504 3855 686 3925; x_wconf 71' lang='lat' dir='ltr'><strong>gloria:</strong></span> <span class='ocrx_word' id='word_1_277' title='bbox 720 3859 915 3930; x_wconf 90' lang='lat' dir='ltr'><strong>ubique</strong></span> <span class='ocrx_word' id='word_1_278' title='bbox 939 3862 1139 3934; x_wconf 80' lang='lat' dir='ltr'><strong>fulgeat</strong></span> <span class='ocrx_word' id='word_1_279' title='bbox 1168 3867 1422 3936; x_wconf 78' lang='lat' dir='ltr'><strong>dignitas.</strong></span> <span class='ocrx_word' id='word_1_280' title='bbox 1464 3870 1805 3941; x_wconf 85' lang='lat' dir='ltr'><strong>Quapropter</strong></span> 
     </span>
    </p>
   </div>
   <div class='ocr_carea' id='block_1_44' title="bbox 212 3942 1803 4029">
    <p class='ocr_par' dir='ltr' id='par_1_44' title="bbox 212 3942 1803 4029">
     <span class='ocr_line' id='line_1_45' title="bbox 212 3942 1803 4029; baseline 0.017 -35"><span class='ocrx_word' id='word_1_281' title='bbox 212 3942 304 3995; x_wconf 83' lang='lat' dir='ltr'><strong>tibi</strong></span> <span class='ocrx_word' id='word_1_282' title='bbox 345 3944 581 3999; x_wconf 82' lang='lat' dir='ltr'><strong>Aruulfo</strong></span> <span class='ocrx_word' id='word_1_283' title='bbox 613 3947 863 4005; x_wconf 72' lang='lat' dir='ltr'><strong>llemensi</strong></span> <span class='ocrx_word' id='word_1_284' title='bbox 910 3957 1316 4029; x_wconf 71' lang='lat' dir='ltr'><strong>archiepiscopo</strong></span> <span class='ocrx_word' id='word_1_285' title='bbox 1351 3964 1669 4029; x_wconf 79' lang='lat' dir='ltr'><strong>quibusdam</strong></span> <span class='ocrx_word' id='word_1_286' title='bbox 1711 3980 1803 4020; x_wconf 80' lang='lat' dir='ltr'><strong>ex-</strong></span> 
     </span>
    </p>
   </div>
   <div class='ocr_carea' id='block_1_45' title="bbox 208 4036 1800 4128">
    <p class='ocr_par' dir='ltr' id='par_1_45' title="bbox 208 4036 1800 4128">
     <span class='ocr_line' id='line_1_46' title="bbox 208 4036 1800 4128; baseline 0.017 -40"><span class='ocrx_word' id='word_1_287' title='bbox 208 4036 457 4090; x_wconf 89' lang='lat' dir='ltr'><strong>cessibus</strong></span> <span class='ocrx_word' id='word_1_288' title='bbox 486 4041 777 4106; x_wconf 81' lang='lat' dir='ltr'><strong>pontificali</strong></span> <span class='ocrx_word' id='word_1_289' title='bbox 804 4046 1005 4101; x_wconf 85' lang='lat' dir='ltr'><strong>honore</strong></span> <span class='ocrx_word' id='word_1_290' title='bbox 1037 4050 1245 4118; x_wconf 89' lang='lat' dir='ltr'><strong>privato</strong></span> <span class='ocrx_word' id='word_1_291' title='bbox 1267 4056 1553 4109; x_wconf 88' lang='lat' dir='ltr'><strong>subvenire</strong></span> <span class='ocrx_word' id='word_1_292' title='bbox 1580 4058 1800 4128; x_wconf 90' lang='lat' dir='ltr'><strong>dignum</strong></span> 
     </span>
    </p>
   </div>
   <div class='ocr_carea' id='block_1_46' title="bbox 208 4128 1803 4205">
    <p class='ocr_par' dir='ltr' id='par_1_46' title="bbox 208 4128 1803 4205">
     <span class='ocr_line' id='line_1_47' title="bbox 208 4128 1803 4205; baseline 0.016 -25"><span class='ocrx_word' id='word_1_293' title='bbox 208 4128 489 4193; x_wconf 82' lang='lat' dir='ltr'><strong>duximus,</strong></span> <span class='ocrx_word' id='word_1_294' title='bbox 523 4140 580 4184; x_wconf 80' lang='lat' dir='ltr'><strong>ut</strong></span> <span class='ocrx_word' id='word_1_295' title='bbox 606 4134 728 4200; x_wconf 86' lang='lat' dir='ltr'><strong>quia</strong></span> <span class='ocrx_word' id='word_1_296' title='bbox 762 4144 846 4190; x_wconf 87' lang='lat' dir='ltr'><strong>tua</strong></span> <span class='ocrx_word' id='word_1_297' title='bbox 882 4139 1150 4195; x_wconf 86' lang='lat' dir='ltr'><strong>abdicatio</strong></span> <span class='ocrx_word' id='word_1_298' title='bbox 1181 4142 1425 4199; x_wconf 79' lang='lat' dir='ltr'><strong>Romano</strong></span> <span class='ocrx_word' id='word_1_299' title='bbox 1455 4163 1680 4204; x_wconf 88' lang='lat' dir='ltr'><strong>assensu</strong></span> <span class='ocrx_word' id='word_1_300' title='bbox 1711 4166 1803 4205; x_wconf 89' lang='lat' dir='ltr'><strong>ca-</strong></span> 
     </span>
    </p>
   </div>
   <div class='ocr_carea' id='block_1_47' title="bbox 208 4221 1800 4314">
    <p class='ocr_par' dir='ltr' id='par_1_47' title="bbox 208 4221 1800 4314">
     <span class='ocr_line' id='line_1_48' title="bbox 208 4221 1800 4314; baseline 0.017 -42"><span class='ocrx_word' id='word_1_301' title='bbox 208 4221 348 4286; x_wconf 87' lang='lat' dir='ltr'><strong>ruit,</strong></span> <span class='ocrx_word' id='word_1_302' title='bbox 392 4223 655 4278; x_wconf 80' lang='lat' dir='ltr'><strong>Romauae</strong></span> <span class='ocrx_word' id='word_1_303' title='bbox 684 4228 894 4296; x_wconf 89' lang='lat' dir='ltr'><strong>pietatis</strong></span> <span class='ocrx_word' id='word_1_304' title='bbox 926 4247 1145 4288; x_wconf 78' lang='lat' dir='ltr'><strong>inlinere</strong></span> <span class='ocrx_word' id='word_1_305' title='bbox 1183 4237 1423 4292; x_wconf 89' lang='lat' dir='ltr'><strong>credaris</strong></span> <span class='ocrx_word' id='word_1_306' title='bbox 1461 4256 1617 4309; x_wconf 89' lang='lat' dir='ltr'><strong>posse</strong></span> <span class='ocrx_word' id='word_1_307' title='bbox 1647 4259 1800 4314; x_wconf 89' lang='lat' dir='ltr'><strong>repa-</strong></span> 
     </span>
    </p>
   </div>
   <div class='ocr_carea' id='block_1_48' title="bbox 207 4313 1791 4403">
    <p class='ocr_par' dir='ltr' id='par_1_48' title="bbox 207 4313 1791 4403">
     <span class='ocr_line' id='line_1_49' title="bbox 207 4313 1791 4403; baseline 0.016 -39"><span class='ocrx_word' id='word_1_308' title='bbox 207 4314 337 4365; x_wconf 85' lang='lat' dir='ltr'><strong>rari.</strong></span> <span class='ocrx_word' id='word_1_309' title='bbox 370 4313 473 4368; x_wconf 86' lang='lat' dir='ltr'><strong>Est</strong></span> <span class='ocrx_word' id='word_1_310' title='bbox 508 4317 653 4369; x_wconf 88' lang='lat' dir='ltr'><strong>euim</strong></span> <span class='ocrx_word' id='word_1_311' title='bbox 688 4318 844 4375; x_wconf 84' lang='lat' dir='ltr'><strong>Petro</strong></span> <span class='ocrx_word' id='word_1_312' title='bbox 871 4340 933 4377; x_wconf 88' lang='lat' dir='ltr'><strong>ea</strong></span> <span class='ocrx_word' id='word_1_313' title='bbox 972 4342 1181 4380; x_wconf 89' lang='lat' dir='ltr'><strong>summa</strong></span> <span class='ocrx_word' id='word_1_314' title='bbox 1222 4328 1449 4385; x_wconf 88' lang='lat' dir='ltr'><strong>facultas</strong></span> <span class='ocrx_word' id='word_1_315' title='bbox 1473 4373 1487 4396; x_wconf 92' lang='lat'><strong>,</strong></span> <span class='ocrx_word' id='word_1_316' title='bbox 1524 4334 1589 4387; x_wconf 93' lang='lat' dir='ltr'><strong>ad</strong></span> <span class='ocrx_word' id='word_1_317' title='bbox 1631 4313 1791 4403; x_wconf 85' lang='lat' dir='ltr'><strong>quam</strong></span> 
     </span>
    </p>
   </div>
   <div class='ocr_carea' id='block_1_49' title="bbox 1937 379 3522 449">
    <p class='ocr_par' dir='ltr' id='par_1_49' title="bbox 1937 379 3522 449">
     <span class='ocr_line' id='line_1_50' title="bbox 1937 379 3522 449; baseline 0.002 -15"><span class='ocrx_word' id='word_1_318' title='bbox 1937 379 2283 443; x_wconf 77' lang='lat' dir='ltr'><strong>exardescat;</strong></span> <span class='ocrx_word' id='word_1_319' title='bbox 2318 380 2408 433; x_wconf 86' lang='lat' dir='ltr'><strong>sed</strong></span> <span class='ocrx_word' id='word_1_320' title='bbox 2435 389 2616 433; x_wconf 84' lang='lat' dir='ltr'><strong>nostra</strong></span> <span class='ocrx_word' id='word_1_321' title='bbox 2652 388 2702 434; x_wconf 90' lang='lat' dir='ltr'><strong>te</strong></span> <span class='ocrx_word' id='word_1_322' title='bbox 2729 380 2926 449; x_wconf 89' lang='lat' dir='ltr'><strong>ubique</strong></span> <span class='ocrx_word' id='word_1_323' title='bbox 2965 382 3263 437; x_wconf 79' lang='lat' dir='ltr'><strong>auctoritas</strong></span> <span class='ocrx_word' id='word_1_324' title='bbox 3294 384 3522 446; x_wconf 81' lang='lat' dir='ltr'><strong>nniniat,</strong></span> 
     </span>
    </p>
   </div>
   <div class='ocr_carea' id='block_1_50' title="bbox 1934 467 3525 525">
    <p class='ocr_par' dir='ltr' id='par_1_50' title="bbox 1934 467 3525 525">
     <span class='ocr_line' id='line_1_51' title="bbox 1934 467 3525 525; baseline 0.003 -4"><span class='ocrx_word' id='word_1_325' title='bbox 1934 468 2148 522; x_wconf 86' lang='lat' dir='ltr'><strong>etiamsi</strong></span> <span class='ocrx_word' id='word_1_326' title='bbox 2194 467 2539 522; x_wconf 68' lang='lat' dir='ltr'><strong>conscientiae</strong></span> <span class='ocrx_word' id='word_1_327' title='bbox 2584 479 2767 522; x_wconf 87' lang='lat' dir='ltr'><strong>reatus</strong></span> <span class='ocrx_word' id='word_1_328' title='bbox 2812 478 3083 523; x_wconf 90' lang='lat' dir='ltr'><strong>accurrat.</strong></span> <span class='ocrx_word' id='word_1_329' title='bbox 3127 468 3525 525; x_wconf 87' lang='lat' dir='ltr'><strong>Coulirmamus</strong></span> 
     </span>
    </p>
   </div>
   <div class='ocr_carea' id='block_1_51' title="bbox 1936 559 3527 633">
    <p class='ocr_par' dir='ltr' id='par_1_51' title="bbox 1936 559 3527 633">
     <span class='ocr_line' id='line_1_52' title="bbox 1936 559 3527 633; baseline 0.002 -20"><span class='ocrx_word' id='word_1_330' title='bbox 1936 559 2156 629; x_wconf 90' lang='lat' dir='ltr'><strong>insuper</strong></span> <span class='ocrx_word' id='word_1_331' title='bbox 2205 560 2299 615; x_wconf 84' lang='lat' dir='ltr'><strong>tibi</strong></span> <span class='ocrx_word' id='word_1_332' title='bbox 2354 570 2407 615; x_wconf 92' lang='lat' dir='ltr'><strong>et</strong></span> <span class='ocrx_word' id='word_1_333' title='bbox 2456 563 2805 617; x_wconf 90' lang='lat' dir='ltr'><strong>concedimus</strong></span> <span class='ocrx_word' id='word_1_334' title='bbox 2851 563 3374 633; x_wconf 85' lang='lat' dir='ltr'><strong>archiepiscopatum</strong></span> <span class='ocrx_word' id='word_1_335' title='bbox 3421 564 3527 619; x_wconf 84' lang='lat' dir='ltr'><strong>Re-</strong></span> 
     </span>
    </p>
   </div>
   <div class='ocr_carea' id='block_1_52' title="bbox 1935 652 3523 725">
    <p class='ocr_par' dir='ltr' id='par_1_52' title="bbox 1935 652 3523 725">
     <span class='ocr_line' id='line_1_53' title="bbox 1935 652 3523 725; baseline 0.004 -20"><span class='ocrx_word' id='word_1_336' title='bbox 1935 667 2175 706; x_wconf 90' lang='lat' dir='ltr'><strong>mensem</strong></span> <span class='ocrx_word' id='word_1_337' title='bbox 2222 653 2274 706; x_wconf 91' lang='lat' dir='ltr'><strong>in</strong></span> <span class='ocrx_word' id='word_1_338' title='bbox 2316 652 2617 722; x_wconf 86' lang='lat' dir='ltr'><strong>integrum,</strong></span> <span class='ocrx_word' id='word_1_339' title='bbox 2664 669 2785 707; x_wconf 90' lang='lat' dir='ltr'><strong>cum</strong></span> <span class='ocrx_word' id='word_1_340' title='bbox 2829 655 3081 709; x_wconf 88' lang='lat' dir='ltr'><strong>omnibus</strong></span> <span class='ocrx_word' id='word_1_341' title='bbox 3124 656 3523 725; x_wconf 80' lang='lat' dir='ltr'><strong>episcopalibus</strong></span> 
     </span>
    </p>
   </div>
   <div class='ocr_carea' id='block_1_53' title="bbox 1934 743 3525 820">
    <p class='ocr_par' dir='ltr' id='par_1_53' title="bbox 1934 743 3525 820">
     <span class='ocr_line' id='line_1_54' title="bbox 1934 743 3525 820; baseline 0.003 -20"><span class='ocrx_word' id='word_1_342' title='bbox 1934 744 2036 800; x_wconf 86' lang='lat' dir='ltr'><strong>sibi</strong></span> <span class='ocrx_word' id='word_1_343' title='bbox 2069 743 2349 812; x_wconf 86' lang='lat' dir='ltr'><strong>subjectis,</strong></span> <span class='ocrx_word' id='word_1_344' title='bbox 2380 760 2473 799; x_wconf 87' lang='lat' dir='ltr'><strong>seu</strong></span> <span class='ocrx_word' id='word_1_345' title='bbox 2507 762 2628 799; x_wconf 90' lang='lat' dir='ltr'><strong>cum</strong></span> <span class='ocrx_word' id='word_1_346' title='bbox 2664 747 2914 801; x_wconf 90' lang='lat' dir='ltr'><strong>omnibus</strong></span> <span class='ocrx_word' id='word_1_347' title='bbox 2943 749 3289 804; x_wconf 85' lang='lat' dir='ltr'><strong>monasteriis</strong></span> <span class='ocrx_word' id='word_1_348' title='bbox 3310 790 3324 813; x_wconf 89' lang='lat'><strong>,</strong></span> <span class='ocrx_word' id='word_1_349' title='bbox 3355 750 3525 820; x_wconf 84' lang='lat' dir='ltr'><strong>plebi-</strong></span> 
     </span>
    </p>
   </div>
   <div class='ocr_carea' id='block_1_54' title="bbox 1933 835 3520 906">
    <p class='ocr_par' dir='ltr' id='par_1_54' title="bbox 1933 835 3520 906">
     <span class='ocr_line' id='line_1_55' title="bbox 1933 835 3520 906; baseline 0.003 -15"><span class='ocrx_word' id='word_1_350' title='bbox 1933 835 2057 900; x_wconf 86' lang='lat' dir='ltr'><strong>bus,</strong></span> <span class='ocrx_word' id='word_1_351' title='bbox 2110 836 2278 889; x_wconf 91' lang='lat' dir='ltr'><strong>titulis</strong></span> <span class='ocrx_word' id='word_1_352' title='bbox 2322 844 2377 890; x_wconf 90' lang='lat' dir='ltr'><strong>et</strong></span> <span class='ocrx_word' id='word_1_353' title='bbox 2418 836 2635 905; x_wconf 89' lang='lat' dir='ltr'><strong>capellis</strong></span> <span class='ocrx_word' id='word_1_354' title='bbox 2661 877 2677 902; x_wconf 94' lang='lat'><strong>,</strong></span> <span class='ocrx_word' id='word_1_355' title='bbox 2726 848 2888 906; x_wconf 88' lang='lat' dir='ltr'><strong>atque</strong></span> <span class='ocrx_word' id='word_1_356' title='bbox 2929 838 3170 893; x_wconf 90' lang='lat' dir='ltr'><strong>cortibus</strong></span> <span class='ocrx_word' id='word_1_357' title='bbox 3199 880 3213 905; x_wconf 92' lang='lat'><strong>,</strong></span> <span class='ocrx_word' id='word_1_358' title='bbox 3263 840 3520 904; x_wconf 89' lang='lat' dir='ltr'><strong>castellis,</strong></span> 
     </span>
    </p>
   </div>
   <div class='ocr_carea' id='block_1_55' title="bbox 1934 924 3523 992">
    <p class='ocr_par' dir='ltr' id='par_1_55' title="bbox 1934 924 3523 992">
     <span class='ocr_line' id='line_1_56' title="bbox 1934 924 3523 992; baseline 0.006 -15"><span class='ocrx_word' id='word_1_359' title='bbox 1934 924 2103 990; x_wconf 83' lang='lat' dir='ltr'><strong>villis,</strong></span> <span class='ocrx_word' id='word_1_360' title='bbox 2144 925 2453 992; x_wconf 89' lang='lat' dir='ltr'><strong>casalibus,</strong></span> <span class='ocrx_word' id='word_1_361' title='bbox 2495 936 2551 981; x_wconf 89' lang='lat' dir='ltr'><strong>et</strong></span> <span class='ocrx_word' id='word_1_362' title='bbox 2584 942 2704 981; x_wconf 91' lang='lat' dir='ltr'><strong>cum</strong></span> <span class='ocrx_word' id='word_1_363' title='bbox 2743 930 2994 983; x_wconf 86' lang='lat' dir='ltr'><strong>omnibus</strong></span> <span class='ocrx_word' id='word_1_364' title='bbox 3036 931 3196 985; x_wconf 87' lang='lat' dir='ltr'><strong>rebus</strong></span> <span class='ocrx_word' id='word_1_365' title='bbox 3232 930 3301 985; x_wconf 89' lang='lat' dir='ltr'><strong>ad</strong></span> <span class='ocrx_word' id='word_1_366' title='bbox 3340 931 3523 986; x_wconf 85' lang='lat' dir='ltr'><strong>Eccle-</strong></span> 
     </span>
    </p>
   </div>
   <div class='ocr_carea' id='block_1_56' title="bbox 1932 1014 3521 1087">
    <p class='ocr_par' dir='ltr' id='par_1_56' title="bbox 1932 1014 3521 1087">
     <span class='ocr_line' id='line_1_57' title="bbox 1932 1014 3521 1087; baseline 0.006 -18"><span class='ocrx_word' id='word_1_367' title='bbox 1932 1014 2069 1069; x_wconf 87' lang='lat' dir='ltr'><strong>siam</strong></span> <span class='ocrx_word' id='word_1_368' title='bbox 2116 1014 2437 1071; x_wconf 86' lang='lat' dir='ltr'><strong>Remensem</strong></span> <span class='ocrx_word' id='word_1_369' title='bbox 2480 1018 2910 1087; x_wconf 83' lang='lat' dir='ltr'><strong>pertinentibus,</strong></span> <span class='ocrx_word' id='word_1_370' title='bbox 2955 1020 3103 1075; x_wconf 87' lang='lat' dir='ltr'><strong>salvo</strong></span> <span class='ocrx_word' id='word_1_371' title='bbox 3134 1030 3190 1077; x_wconf 93' lang='lat' dir='ltr'><strong>et</strong></span> <span class='ocrx_word' id='word_1_372' title='bbox 3228 1022 3521 1078; x_wconf 85' lang='lat' dir='ltr'><strong>iuviolabili</strong></span> 
     </span>
    </p>
   </div>
   <div class='ocr_carea' id='block_1_57' title="bbox 1935 1109 3522 1185">
    <p class='ocr_par' dir='ltr' id='par_1_57' title="bbox 1935 1109 3522 1185">
     <span class='ocr_line' id='line_1_58' title="bbox 1935 1109 3522 1185; baseline 0.006 -23"><span class='ocrx_word' id='word_1_373' title='bbox 1935 1116 2265 1164; x_wconf 89' lang='lat' dir='ltr'><strong>testamento</strong></span> <span class='ocrx_word' id='word_1_374' title='bbox 2306 1110 2447 1164; x_wconf 80' lang='lat' dir='ltr'><strong>beati</strong></span> <span class='ocrx_word' id='word_1_375' title='bbox 2478 1109 2711 1180; x_wconf 80' lang='lat' dir='ltr'><strong>Remigii</strong></span> <span class='ocrx_word' id='word_1_376' title='bbox 2754 1111 3088 1169; x_wconf 88' lang='lat' dir='ltr'><strong>Francorum</strong></span> <span class='ocrx_word' id='word_1_377' title='bbox 3120 1117 3367 1185; x_wconf 88' lang='lat' dir='ltr'><strong>apostoli.</strong></span> <span class='ocrx_word' id='word_1_378' title='bbox 3401 1116 3522 1171; x_wconf 87' lang='lat' dir='ltr'><strong>Sta-</strong></span> 
     </span>
    </p>
   </div>
   <div class='ocr_carea' id='block_1_58' title="bbox 1933 1199 3523 1275">
    <p class='ocr_par' dir='ltr' id='par_1_58' title="bbox 1933 1199 3523 1275">
     <span class='ocr_line' id='line_1_59' title="bbox 1933 1199 3523 1275; baseline 0.004 -22"><span class='ocrx_word' id='word_1_379' title='bbox 1933 1207 2147 1253; x_wconf 90' lang='lat' dir='ltr'><strong>tuentes</strong></span> <span class='ocrx_word' id='word_1_380' title='bbox 2190 1199 2484 1269; x_wconf 89' lang='lat' dir='ltr'><strong>apostolica</strong></span> <span class='ocrx_word' id='word_1_381' title='bbox 2520 1216 2748 1255; x_wconf 85' lang='lat' dir='ltr'><strong>censura</strong></span> <span class='ocrx_word' id='word_1_382' title='bbox 2794 1203 2895 1256; x_wconf 91' lang='lat' dir='ltr'><strong>sub</strong></span> <span class='ocrx_word' id='word_1_383' title='bbox 2939 1202 3105 1257; x_wconf 87' lang='lat' dir='ltr'><strong>divini</strong></span> <span class='ocrx_word' id='word_1_384' title='bbox 3143 1205 3329 1275; x_wconf 90' lang='lat' dir='ltr'><strong>judicii</strong></span> <span class='ocrx_word' id='word_1_385' title='bbox 3372 1206 3523 1259; x_wconf 87' lang='lat' dir='ltr'><strong>obte-</strong></span> 
     </span>
    </p>
   </div>
   <div class='ocr_carea' id='block_1_59' title="bbox 1930 1292 3517 1359">
    <p class='ocr_par' dir='ltr' id='par_1_59' title="bbox 1930 1292 3517 1359">
     <span class='ocr_line' id='line_1_60' title="bbox 1930 1292 3517 1359; baseline 0.003 -16"><span class='ocrx_word' id='word_1_386' title='bbox 1930 1292 2194 1356; x_wconf 86' lang='lat' dir='ltr'><strong>statione,</strong></span> <span class='ocrx_word' id='word_1_387' title='bbox 2231 1301 2285 1346; x_wconf 92' lang='lat' dir='ltr'><strong>et</strong></span> <span class='ocrx_word' id='word_1_388' title='bbox 2315 1292 2679 1346; x_wconf 88' lang='lat' dir='ltr'><strong>anathematis</strong></span> <span class='ocrx_word' id='word_1_389' title='bbox 2717 1292 3133 1359; x_wconf 87' lang='lat' dir='ltr'><strong>interdictione,</strong></span> <span class='ocrx_word' id='word_1_390' title='bbox 3166 1303 3223 1350; x_wconf 87' lang='lat' dir='ltr'><strong>ut</strong></span> <span class='ocrx_word' id='word_1_391' title='bbox 3255 1294 3385 1349; x_wconf 90' lang='lat' dir='ltr'><strong>nulli</strong></span> <span class='ocrx_word' id='word_1_392' title='bbox 3418 1312 3517 1347; x_wconf 88' lang='lat' dir='ltr'><strong>uu-</strong></span> 
     </span>
    </p>
   </div>
   <div class='ocr_carea' id='block_1_60' title="bbox 1930 1387 3523 1456">
    <p class='ocr_par' dir='ltr' id='par_1_60' title="bbox 1930 1387 3523 1456">
     <span class='ocr_line' id='line_1_61' title="bbox 1930 1387 3523 1456; baseline 0.003 -21"><span class='ocrx_word' id='word_1_393' title='bbox 1930 1397 2091 1451; x_wconf 85' lang='lat' dir='ltr'><strong>quam</strong></span> <span class='ocrx_word' id='word_1_394' title='bbox 2136 1392 2442 1438; x_wconf 90' lang='lat' dir='ltr'><strong>nostrorum</strong></span> <span class='ocrx_word' id='word_1_395' title='bbox 2474 1399 2847 1439; x_wconf 87' lang='lat' dir='ltr'><strong>successorum</strong></span> <span class='ocrx_word' id='word_1_396' title='bbox 2891 1387 3242 1456; x_wconf 78' lang='lat' dir='ltr'><strong>pontiﬁcum.</strong></span> <span class='ocrx_word' id='word_1_397' title='bbox 3284 1387 3366 1441; x_wconf 87' lang='lat' dir='ltr'><strong>vel</strong></span> <span class='ocrx_word' id='word_1_398' title='bbox 3405 1387 3523 1440; x_wconf 71' lang='lat' dir='ltr'><strong>alia:</strong></span> 
     </span>
    </p>
   </div>
   <div class='ocr_carea' id='block_1_61' title="bbox 1930 1474 3523 1548">
    <p class='ocr_par' dir='ltr' id='par_1_61' title="bbox 1930 1474 3523 1548">
     <span class='ocr_line' id='line_1_62' title="bbox 1930 1474 3523 1548; baseline 0.006 -24"><span class='ocrx_word' id='word_1_399' title='bbox 1930 1474 2183 1543; x_wconf 72' lang='lat' dir='ltr'><strong>qumlibet</strong></span> <span class='ocrx_word' id='word_1_400' title='bbox 2208 1490 2413 1545; x_wconf 72' lang='lat' dir='ltr'><strong>magna:</strong></span> <span class='ocrx_word' id='word_1_401' title='bbox 2438 1492 2728 1546; x_wconf 68' lang='lat' dir='ltr'><strong>parvmque</strong></span> <span class='ocrx_word' id='word_1_402' title='bbox 2759 1491 3000 1544; x_wconf 69' lang='lat' dir='ltr'><strong>personae</strong></span> <span class='ocrx_word' id='word_1_403' title='bbox 3025 1479 3125 1531; x_wconf 89' lang='lat' dir='ltr'><strong>hoc</strong></span> <span class='ocrx_word' id='word_1_404' title='bbox 3148 1486 3389 1532; x_wconf 89' lang='lat' dir='ltr'><strong>nostrum</strong></span> <span class='ocrx_word' id='word_1_405' title='bbox 3414 1479 3523 1548; x_wconf 89' lang='lat' dir='ltr'><strong>pri-</strong></span> 
     </span>
    </p>
   </div>
   <div class='ocr_carea' id='block_1_62' title="bbox 1928 1566 3518 1639">
    <p class='ocr_par' dir='ltr' id='par_1_62' title="bbox 1928 1566 3518 1639">
     <span class='ocr_line' id='line_1_63' title="bbox 1928 1566 3518 1639; baseline 0.003 -20"><span class='ocrx_word' id='word_1_406' title='bbox 1928 1566 2185 1637; x_wconf 85' lang='lat' dir='ltr'><strong>vilegium</strong></span> <span class='ocrx_word' id='word_1_407' title='bbox 2220 1567 2514 1638; x_wconf 79' lang='lat' dir='ltr'><strong>infringere</strong></span> <span class='ocrx_word' id='word_1_408' title='bbox 2538 1568 2718 1622; x_wconf 89' lang='lat' dir='ltr'><strong>liceat.</strong></span> <span class='ocrx_word' id='word_1_409' title='bbox 2752 1568 2807 1622; x_wconf 90' lang='lat' dir='ltr'><strong>Si</strong></span> <span class='ocrx_word' id='word_1_410' title='bbox 2834 1568 2958 1637; x_wconf 90' lang='lat' dir='ltr'><strong>quis</strong></span> <span class='ocrx_word' id='word_1_411' title='bbox 2988 1584 3138 1632; x_wconf 92' lang='lat' dir='ltr'><strong>vero,</strong></span> <span class='ocrx_word' id='word_1_412' title='bbox 3174 1570 3316 1639; x_wconf 83' lang='lat' dir='ltr'><strong>quod</strong></span> <span class='ocrx_word' id='word_1_413' title='bbox 3344 1570 3518 1632; x_wconf 87' lang='lat' dir='ltr'><strong>absit,</strong></span> 
     </span>
    </p>
   </div>
   <div class='ocr_carea' id='block_1_63' title="bbox 1856 1656 3521 1732">
    <p class='ocr_par' dir='ltr' id='par_1_63' title="bbox 1856 1656 3521 1732">
     <span class='ocr_line' id='line_1_64' title="bbox 1856 1656 3521 1732; baseline 0.002 -22"><span class='ocrx_word' id='word_1_414' title='bbox 1856 1673 1899 1732; x_wconf 75' lang='grc' dir='ltr'><strong><em>Β</em></strong></span> <span class='ocrx_word' id='word_1_415' title='bbox 1929 1656 2031 1711; x_wconf 89' lang='lat' dir='ltr'><strong>hoc</strong></span> <span class='ocrx_word' id='word_1_416' title='bbox 2081 1656 2385 1712; x_wconf 76' lang='lat' dir='ltr'><strong>Romanum</strong></span> <span class='ocrx_word' id='word_1_417' title='bbox 2436 1658 2713 1713; x_wconf 88' lang='lat' dir='ltr'><strong>decretum</strong></span> <span class='ocrx_word' id='word_1_418' title='bbox 2761 1658 2963 1714; x_wconf 85' lang='lat' dir='ltr'><strong>violare</strong></span> <span class='ocrx_word' id='word_1_419' title='bbox 3013 1659 3336 1723; x_wconf 85' lang='lat' dir='ltr'><strong>teutaverit,</strong></span> <span class='ocrx_word' id='word_1_420' title='bbox 3390 1675 3521 1713; x_wconf 89' lang='lat' dir='ltr'><strong>ana-</strong></span> 
     </span>
    </p>
   </div>
   <div class='ocr_carea' id='block_1_64' title="bbox 1928 1750 2240 1805">
    <p class='ocr_par' dir='ltr' id='par_1_64' title="bbox 1928 1750 2240 1805">
     <span class='ocr_line' id='line_1_65' title="bbox 1928 1750 2240 1805; baseline 0.003 -2"><span class='ocrx_word' id='word_1_421' title='bbox 1928 1750 2112 1804; x_wconf 89' lang='lat' dir='ltr'><strong>thema</strong></span> <span class='ocrx_word' id='word_1_422' title='bbox 2147 1750 2240 1805; x_wconf 88' lang='lat' dir='ltr'><strong>sit.</strong></span> 
     </span>
    </p>
   </div>
   <div class='ocr_carea' id='block_1_65' title="bbox 2685 1846 2772 1901">
    <p class='ocr_par' dir='ltr' id='par_1_65' title="bbox 2685 1846 2772 1901">
     <span class='ocr_line' id='line_1_66' title="bbox 2685 1846 2772 1901; baseline -0.023 0"><span class='ocrx_word' id='word_1_423' title='bbox 2685 1846 2772 1901; x_wconf 77' lang='lat' dir='ltr'><strong>IV.</strong></span> 
     </span>
    </p>
   </div>
   <div class='ocr_carea' id='block_1_66' title="bbox 1923 1930 3519 2004">
    <p class='ocr_par' dir='ltr' id='par_1_66' title="bbox 1923 1930 3519 2004">
     <span class='ocr_line' id='line_1_67' title="bbox 1923 1930 3519 2004; baseline 0.004 -18"><span class='ocrx_word' id='word_1_424' title='bbox 1923 1930 2157 1987; x_wconf 77' lang='lat' dir='ltr'><strong>Silreuri</strong></span> <span class='ocrx_word' id='word_1_425' title='bbox 2207 1932 2269 1986; x_wconf 77' lang='grc' dir='ltr'><strong>ΙΙ</strong></span> <span class='ocrx_word' id='word_1_426' title='bbox 2310 1951 2460 2003; x_wconf 79' lang='lat' dir='ltr'><strong>papa&#39;</strong></span> <span class='ocrx_word' id='word_1_427' title='bbox 2497 1936 2713 2004; x_wconf 79' lang='lat' dir='ltr'><strong>epistola</strong></span> <span class='ocrx_word' id='word_1_428' title='bbox 2754 1938 2817 1988; x_wconf 86' lang='lat' dir='ltr'><strong>de</strong></span> <span class='ocrx_word' id='word_1_429' title='bbox 2860 1936 3107 1991; x_wconf 77' lang='lat' dir='ltr'><strong>electione</strong></span> <span class='ocrx_word' id='word_1_430' title='bbox 3148 1936 3430 1991; x_wconf 77' lang='lat' dir='ltr'><strong>Tlieotardi</strong></span> <span class='ocrx_word' id='word_1_431' title='bbox 3464 1940 3519 1993; x_wconf 75' lang='lat' dir='ltr'><strong>in</strong></span> 
     </span>
    </p>
   </div>
   <div class='ocr_carea' id='block_1_67' title="bbox 2382 2008 3053 2075">
    <p class='ocr_par' dir='ltr' id='par_1_67' title="bbox 2382 2008 3053 2075">
     <span class='ocr_line' id='line_1_68' title="bbox 2382 2008 3053 2075; baseline 0.003 -17"><span class='ocrx_word' id='word_1_432' title='bbox 2382 2008 2678 2075; x_wconf 77' lang='lat' dir='ltr'><strong>episcOpum</strong></span> <span class='ocrx_word' id='word_1_433' title='bbox 2704 2008 3053 2060; x_wconf 63' lang='lat' dir='ltr'><strong>.lniciensem.</strong></span> 
     </span>
    </p>
   </div>
   <div class='ocr_carea' id='block_1_68' title="bbox 2534 2116 2901 2184">
    <p class='ocr_par' dir='ltr' id='par_1_68' title="bbox 2534 2116 2901 2184">
     <span class='ocr_line' id='line_1_69' title="bbox 2534 2116 2901 2184; baseline 0.019 -18"><span class='ocrx_word' id='word_1_434' title='bbox 2534 2117 2713 2182; x_wconf 77' lang='lat' dir='ltr'><strong>(Almo</strong></span> <span class='ocrx_word' id='word_1_435' title='bbox 2752 2116 2901 2184; x_wconf 74' lang='lat'><strong>999.)</strong></span> 
     </span>
    </p>
   </div>
   <div class='ocr_carea' id='block_1_69' title="bbox 2170 2205 3284 2281">
    <p class='ocr_par' dir='ltr' id='par_1_69' title="bbox 2170 2205 3284 2281">
     <span class='ocr_line' id='line_1_70' title="bbox 2170 2205 3284 2281; baseline 0.003 -23"><span class='ocrx_word' id='word_1_436' title='bbox 2170 2206 2363 2278; x_wconf 74' lang='lat' dir='ltr'><strong>[\lansi</strong></span> <span class='ocrx_word' id='word_1_437' title='bbox 2396 2205 2622 2271; x_wconf 80' lang='lat' dir='ltr'><strong>C0ucil.,</strong></span> <span class='ocrx_word' id='word_1_438' title='bbox 2659 2218 2785 2263; x_wconf 88' lang='lat' dir='ltr'><strong>tom.</strong></span> <span class='ocrx_word' id='word_1_439' title='bbox 2820 2208 2961 2271; x_wconf 78' lang='lat' dir='ltr'><strong>XIX,</strong></span> <span class='ocrx_word' id='word_1_440' title='bbox 2996 2210 3101 2264; x_wconf 86' lang='lat' dir='ltr'><strong>col.</strong></span> <span class='ocrx_word' id='word_1_441' title='bbox 3134 2209 3284 2281; x_wconf 59' lang='lat'><strong>2%.]</strong></span> 
     </span>
    </p>
   </div>
   <div class='ocr_carea' id='block_1_70' title="bbox 1994 2297 3514 2370">
    <p class='ocr_par' dir='ltr' id='par_1_70' title="bbox 1994 2297 3514 2370">
     <span class='ocr_line' id='line_1_71' title="bbox 1994 2297 3514 2370; baseline 0.006 -18"><span class='ocrx_word' id='word_1_442' title='bbox 1994 2297 2326 2361; x_wconf 71' lang='lat' dir='ltr'><strong>SILvssrcn,</strong></span> <span class='ocrx_word' id='word_1_443' title='bbox 2368 2317 2556 2355; x_wconf 87' lang='lat' dir='ltr'><strong>servus</strong></span> <span class='ocrx_word' id='word_1_444' title='bbox 2586 2317 2867 2356; x_wconf 85' lang='lat' dir='ltr'><strong>servorum</strong></span> <span class='ocrx_word' id='word_1_445' title='bbox 2916 2303 3040 2370; x_wconf 90' lang='lat' dir='ltr'><strong>Dei,</strong></span> <span class='ocrx_word' id='word_1_446' title='bbox 3076 2305 3429 2359; x_wconf 83' lang='lat' dir='ltr'><strong>dilectissimo</strong></span> <span class='ocrx_word' id='word_1_447' title='bbox 3462 2308 3514 2361; x_wconf 80' lang='lat' dir='ltr'><strong>in</strong></span> 
     </span>
    </p>
   </div>
   <div class='ocr_carea' id='block_1_71' title="bbox 1920 2392 3511 2459">
    <p class='ocr_par' dir='ltr' id='par_1_71' title="bbox 1920 2392 3511 2459">
     <span class='ocr_line' id='line_1_72' title="bbox 1920 2392 3511 2459; baseline 0.006 -14"><span class='ocrx_word' id='word_1_448' title='bbox 1920 2392 2146 2445; x_wconf 77' lang='lat' dir='ltr'><strong>Domino</strong></span> <span class='ocrx_word' id='word_1_449' title='bbox 2178 2393 2285 2447; x_wconf 90' lang='lat' dir='ltr'><strong>lilio</strong></span> <span class='ocrx_word' id='word_1_450' title='bbox 2322 2394 2683 2459; x_wconf 74' lang='lat' dir='ltr'><strong>THEUTARDU,</strong></span> <span class='ocrx_word' id='word_1_451' title='bbox 2726 2403 2927 2449; x_wconf 75' lang='lat' dir='ltr'><strong>sancta:</strong></span> <span class='ocrx_word' id='word_1_452' title='bbox 2958 2396 3290 2453; x_wconf 76' lang='lat' dir='ltr'><strong>Vallavensis</strong></span> <span class='ocrx_word' id='word_1_453' title='bbox 3325 2398 3511 2455; x_wconf 76' lang='lat' dir='ltr'><strong>Eccle-</strong></span> 
     </span>
    </p>
   </div>
   <div class='ocr_carea' id='block_1_72' title="bbox 1920 2484 2318 2554">
    <p class='ocr_par' dir='ltr' id='par_1_72' title="bbox 1920 2484 2318 2554">
     <span class='ocr_line' id='line_1_73' title="bbox 1920 2484 2318 2554; baseline -0.003 -16"><span class='ocrx_word' id='word_1_454' title='bbox 1920 2484 2015 2539; x_wconf 74' lang='lat' dir='ltr'><strong>siae</strong></span> <span class='ocrx_word' id='word_1_455' title='bbox 2046 2485 2318 2554; x_wconf 86' lang='lat' dir='ltr'><strong>episcopo.</strong></span> 
     </span>
    </p>
   </div>
   <div class='ocr_carea' id='block_1_73' title="bbox 1994 2572 3511 2651">
    <p class='ocr_par' dir='ltr' id='par_1_73' title="bbox 1994 2572 3511 2651">
     <span class='ocr_line' id='line_1_74' title="bbox 1994 2572 3511 2651; baseline 0.007 -26"><span class='ocrx_word' id='word_1_456' title='bbox 1994 2572 2215 2640; x_wconf 88' lang='lat' dir='ltr'><strong>Quoties</strong></span> <span class='ocrx_word' id='word_1_457' title='bbox 2245 2576 2569 2644; x_wconf 71' lang='lat' dir='ltr'><strong>quzestiones</strong></span> <span class='ocrx_word' id='word_1_458' title='bbox 2614 2592 2680 2631; x_wconf 84' lang='lat' dir='ltr'><strong>ex</strong></span> <span class='ocrx_word' id='word_1_459' title='bbox 2719 2578 2945 2633; x_wconf 87' lang='lat' dir='ltr'><strong>adverso</strong></span> <span class='ocrx_word' id='word_1_460' title='bbox 2987 2580 3259 2645; x_wconf 79' lang='lat' dir='ltr'><strong>oriuntur,</strong></span> <span class='ocrx_word' id='word_1_461' title='bbox 3299 2590 3511 2651; x_wconf 89' lang='lat' dir='ltr'><strong>oportet</strong></span> 
     </span>
    </p>
   </div>
   <div class='ocr_carea' id='block_1_74' title="bbox 1917 2666 3510 2743">
    <p class='ocr_par' dir='ltr' id='par_1_74' title="bbox 1917 2666 3510 2743">
     <span class='ocr_line' id='line_1_75' title="bbox 1917 2666 3510 2743; baseline 0.005 -24"><span class='ocrx_word' id='word_1_462' title='bbox 1917 2675 1977 2719; x_wconf 93' lang='lat' dir='ltr'><strong>ut</strong></span> <span class='ocrx_word' id='word_1_463' title='bbox 1998 2666 2237 2737; x_wconf 90' lang='lat' dir='ltr'><strong>synodali</strong></span> <span class='ocrx_word' id='word_1_464' title='bbox 2267 2668 2495 2723; x_wconf 90' lang='lat' dir='ltr'><strong>concilio</strong></span> <span class='ocrx_word' id='word_1_465' title='bbox 2526 2669 2648 2723; x_wconf 90' lang='lat' dir='ltr'><strong>linis</strong></span> <span class='ocrx_word' id='word_1_466' title='bbox 2676 2680 2969 2738; x_wconf 68' lang='lat' dir='ltr'><strong>qumratur,</strong></span> <span class='ocrx_word' id='word_1_467' title='bbox 3005 2680 3062 2727; x_wconf 92' lang='lat' dir='ltr'><strong>et</strong></span> <span class='ocrx_word' id='word_1_468' title='bbox 3090 2673 3385 2726; x_wconf 87' lang='lat' dir='ltr'><strong>secundum</strong></span> <span class='ocrx_word' id='word_1_469' title='bbox 3424 2688 3510 2743; x_wconf 76' lang='lat' dir='ltr'><strong>sy-</strong></span> 
     </span>
    </p>
   </div>
   <div class='ocr_carea' id='block_1_75' title="bbox 1916 2757 3509 2831">
    <p class='ocr_par' dir='ltr' id='par_1_75' title="bbox 1916 2757 3509 2831">
     <span class='ocr_line' id='line_1_76' title="bbox 1916 2757 3509 2831; baseline 0.004 -21"><span class='ocrx_word' id='word_1_470' title='bbox 1916 2757 2168 2811; x_wconf 89' lang='lat' dir='ltr'><strong>nodalem</strong></span> <span class='ocrx_word' id='word_1_471' title='bbox 2197 2757 2563 2812; x_wconf 89' lang='lat' dir='ltr'><strong>definitionem</strong></span> <span class='ocrx_word' id='word_1_472' title='bbox 2585 2800 2599 2822; x_wconf 92' lang='lat'><strong>,</strong></span> <span class='ocrx_word' id='word_1_473' title='bbox 2633 2760 2775 2828; x_wconf 90' lang='lat' dir='ltr'><strong>quod</strong></span> <span class='ocrx_word' id='word_1_474' title='bbox 2802 2768 3061 2815; x_wconf 91' lang='lat' dir='ltr'><strong>statutum</strong></span> <span class='ocrx_word' id='word_1_475' title='bbox 3088 2760 3253 2815; x_wconf 85' lang='lat' dir='ltr'><strong>fuerit</strong></span> <span class='ocrx_word' id='word_1_476' title='bbox 3283 2762 3509 2831; x_wconf 82' lang='lat' dir='ltr'><strong>implea-</strong></span> 
     </span>
    </p>
   </div>
   <div class='ocr_carea' id='block_1_76' title="bbox 1920 2848 3501 2924">
    <p class='ocr_par' dir='ltr' id='par_1_76' title="bbox 1920 2848 3501 2924">
     <span class='ocr_line' id='line_1_77' title="bbox 1920 2848 3501 2924; baseline 0.004 -22"><span class='ocrx_word' id='word_1_477' title='bbox 1920 2858 2026 2902; x_wconf 88' lang='lat' dir='ltr'><strong>tur.</strong></span> <span class='ocrx_word' id='word_1_478' title='bbox 2060 2848 2323 2915; x_wconf 88' lang='lat' dir='ltr'><strong>Quocirea</strong></span> <span class='ocrx_word' id='word_1_479' title='bbox 2346 2890 2359 2913; x_wconf 92' lang='lat'><strong>,</strong></span> <span class='ocrx_word' id='word_1_480' title='bbox 2384 2850 2510 2919; x_wconf 89' lang='lat' dir='ltr'><strong>quia</strong></span> <span class='ocrx_word' id='word_1_481' title='bbox 2542 2858 2753 2904; x_wconf 86' lang='lat' dir='ltr'><strong>constat</strong></span> <span class='ocrx_word' id='word_1_482' title='bbox 2795 2866 2860 2905; x_wconf 77' lang='lat' dir='ltr'><strong>ex</strong></span> <span class='ocrx_word' id='word_1_483' title='bbox 2891 2853 3128 2920; x_wconf 85' lang='lat' dir='ltr'><strong>generali</strong></span> <span class='ocrx_word' id='word_1_484' title='bbox 3171 2852 3377 2924; x_wconf 88' lang='lat' dir='ltr'><strong>synodo</strong></span> <span class='ocrx_word' id='word_1_485' title='bbox 3409 2855 3501 2908; x_wconf 85' lang='lat' dir='ltr'><strong>ha-</strong></span> 
     </span>
    </p>
   </div>
   <div class='ocr_carea' id='block_1_77' title="bbox 1918 2938 3507 3009">
    <p class='ocr_par' dir='ltr' id='par_1_77' title="bbox 1918 2938 3507 3009">
     <span class='ocr_line' id='line_1_78' title="bbox 1918 2938 3507 3009; baseline 0.004 -16"><span class='ocrx_word' id='word_1_486' title='bbox 1918 2938 2027 2993; x_wconf 88' lang='lat' dir='ltr'><strong>bita</strong></span> <span class='ocrx_word' id='word_1_487' title='bbox 2052 2939 2162 3009; x_wconf 77' lang='lat'><strong>(38)</strong></span> <span class='ocrx_word' id='word_1_488' title='bbox 2189 2940 2392 3005; x_wconf 76' lang='lat' dir='ltr'><strong>Romae,</strong></span> <span class='ocrx_word' id='word_1_489' title='bbox 2425 2939 2756 3009; x_wconf 84' lang='lat' dir='ltr'><strong>Stephanum</strong></span> <span class='ocrx_word' id='word_1_490' title='bbox 2787 2951 2891 2996; x_wconf 80' lang='lat' dir='ltr'><strong>tuae</strong></span> <span class='ocrx_word' id='word_1_491' title='bbox 2916 2941 3167 2997; x_wconf 83' lang='lat' dir='ltr'><strong>Ecclesiae</strong></span> <span class='ocrx_word' id='word_1_492' title='bbox 3202 2943 3507 2999; x_wconf 87' lang='lat' dir='ltr'><strong>iuvasorem</strong></span> 
     </span>
    </p>
   </div>
   <div class='ocr_carea' id='block_1_78' title="bbox 1838 3030 3507 3104">
    <p class='ocr_par' dir='ltr' id='par_1_78' title="bbox 1838 3030 3507 3104">
     <span class='ocr_line' id='line_1_79' title="bbox 1838 3030 3507 3104; baseline 0.004 -22"><span class='ocrx_word' id='word_1_493' title='bbox 1838 3034 1882 3097; x_wconf 85' lang='lat' dir='ltr'><strong><em>C</em></strong></span> <span class='ocrx_word' id='word_1_494' title='bbox 1915 3045 1944 3083; x_wconf 93' lang='lat' dir='ltr'><strong>a</strong></span> <span class='ocrx_word' id='word_1_495' title='bbox 1975 3030 2374 3099; x_wconf 65' lang='lat' dir='ltr'><strong>prmdecessore</strong></span> <span class='ocrx_word' id='word_1_496' title='bbox 2402 3039 2588 3085; x_wconf 90' lang='lat' dir='ltr'><strong>nostro</strong></span> <span class='ocrx_word' id='word_1_497' title='bbox 2627 3032 2891 3103; x_wconf 82' lang='lat' dir='ltr'><strong>Gregorio</strong></span> <span class='ocrx_word' id='word_1_498' title='bbox 2922 3032 2965 3085; x_wconf 74' lang='grc' dir='ltr'><strong>ν</strong></span> <span class='ocrx_word' id='word_1_499' title='bbox 3000 3034 3123 3104; x_wconf 86' lang='lat' dir='ltr'><strong>jure</strong></span> <span class='ocrx_word' id='word_1_500' title='bbox 3161 3034 3507 3101; x_wconf 80' lang='lat' dir='ltr'><strong>damnatum,</strong></span> 
     </span>
    </p>
   </div>
   <div class='ocr_carea' id='block_1_79' title="bbox 1910 3123 3506 3196">
    <p class='ocr_par' dir='ltr' id='par_1_79' title="bbox 1910 3123 3506 3196">
     <span class='ocr_line' id='line_1_80' title="bbox 1910 3123 3506 3196; baseline 0.002 -19"><span class='ocrx_word' id='word_1_501' title='bbox 1910 3133 1965 3177; x_wconf 89' lang='lat' dir='ltr'><strong>et</strong></span> <span class='ocrx_word' id='word_1_502' title='bbox 1994 3123 2061 3177; x_wconf 91' lang='lat' dir='ltr'><strong>ab</strong></span> <span class='ocrx_word' id='word_1_503' title='bbox 2098 3123 2245 3177; x_wconf 89' lang='lat' dir='ltr'><strong>oumi</strong></span> <span class='ocrx_word' id='word_1_504' title='bbox 2278 3123 2601 3178; x_wconf 87' lang='lat' dir='ltr'><strong>sacerdotali</strong></span> <span class='ocrx_word' id='word_1_505' title='bbox 2636 3124 2814 3179; x_wconf 88' lang='lat' dir='ltr'><strong>ollicio</strong></span> <span class='ocrx_word' id='word_1_506' title='bbox 2844 3124 3181 3194; x_wconf 90' lang='lat' dir='ltr'><strong>depositum,</strong></span> <span class='ocrx_word' id='word_1_507' title='bbox 3207 3125 3349 3196; x_wconf 86' lang='lat' dir='ltr'><strong>quod</strong></span> <span class='ocrx_word' id='word_1_508' title='bbox 3380 3124 3506 3183; x_wconf 85' lang='lat' dir='ltr'><strong>Gui-</strong></span> 
     </span>
    </p>
   </div>
   <div class='ocr_carea' id='block_1_80' title="bbox 1911 3212 3504 3283">
    <p class='ocr_par' dir='ltr' id='par_1_80' title="bbox 1911 3212 3504 3283">
     <span class='ocr_line' id='line_1_81' title="bbox 1911 3212 3504 3283; baseline 0.003 -18"><span class='ocrx_word' id='word_1_509' title='bbox 1911 3214 2050 3266; x_wconf 92' lang='lat' dir='ltr'><strong>done</strong></span> <span class='ocrx_word' id='word_1_510' title='bbox 2080 3214 2293 3267; x_wconf 87' lang='lat' dir='ltr'><strong>vivente</strong></span> <span class='ocrx_word' id='word_1_511' title='bbox 2320 3213 2575 3283; x_wconf 89' lang='lat' dir='ltr'><strong>episcopo</strong></span> <span class='ocrx_word' id='word_1_512' title='bbox 2602 3212 2867 3267; x_wconf 85' lang='lat' dir='ltr'><strong>avunculo</strong></span> <span class='ocrx_word' id='word_1_513' title='bbox 2899 3221 2953 3267; x_wconf 91' lang='lat' dir='ltr'><strong>et</strong></span> <span class='ocrx_word' id='word_1_514' title='bbox 2981 3214 3381 3283; x_wconf 75' lang='lat' dir='ltr'><strong>praulecessore</strong></span> <span class='ocrx_word' id='word_1_515' title='bbox 3406 3230 3504 3269; x_wconf 91' lang='lat' dir='ltr'><strong>suo</strong></span> 
     </span>
    </p>
   </div>
   <div class='ocr_carea' id='block_1_81' title="bbox 1908 3302 3505 3375">
    <p class='ocr_par' dir='ltr' id='par_1_81' title="bbox 1908 3302 3505 3375">
     <span class='ocr_line' id='line_1_82' title="bbox 1908 3302 3505 3375; baseline 0.002 -19"><span class='ocrx_word' id='word_1_516' title='bbox 1908 3303 1981 3356; x_wconf 88' lang='lat' dir='ltr'><strong>sit</strong></span> <span class='ocrx_word' id='word_1_517' title='bbox 2003 3302 2240 3367; x_wconf 86' lang='lat' dir='ltr'><strong>electus,</strong></span> <span class='ocrx_word' id='word_1_518' title='bbox 2280 3303 2398 3358; x_wconf 88' lang='lat' dir='ltr'><strong>sine</strong></span> <span class='ocrx_word' id='word_1_519' title='bbox 2427 3302 2556 3359; x_wconf 87' lang='lat' dir='ltr'><strong>cieri</strong></span> <span class='ocrx_word' id='word_1_520' title='bbox 2597 3312 2651 3359; x_wconf 91' lang='lat' dir='ltr'><strong>et</strong></span> <span class='ocrx_word' id='word_1_521' title='bbox 2685 3302 2864 3372; x_wconf 89' lang='lat' dir='ltr'><strong>populi</strong></span> <span class='ocrx_word' id='word_1_522' title='bbox 2891 3304 3201 3369; x_wconf 90' lang='lat' dir='ltr'><strong>voluntate,</strong></span> <span class='ocrx_word' id='word_1_523' title='bbox 3232 3315 3286 3358; x_wconf 90' lang='lat' dir='ltr'><strong>et</strong></span> <span class='ocrx_word' id='word_1_524' title='bbox 3324 3323 3350 3359; x_wconf 87' lang='lat' dir='ltr'><strong>a</strong></span> <span class='ocrx_word' id='word_1_525' title='bbox 3379 3306 3505 3375; x_wconf 88' lang='lat' dir='ltr'><strong>qui-</strong></span> 
     </span>
    </p>
   </div>
   <div class='ocr_carea' id='block_1_82' title="bbox 1906 3394 3504 3466">
    <p class='ocr_par' dir='ltr' id='par_1_82' title="bbox 1906 3394 3504 3466">
     <span class='ocr_line' id='line_1_83' title="bbox 1906 3394 3504 3466; baseline 0.001 -17"><span class='ocrx_word' id='word_1_526' title='bbox 1906 3395 2133 3449; x_wconf 90' lang='lat' dir='ltr'><strong>busdam</strong></span> <span class='ocrx_word' id='word_1_527' title='bbox 2159 3404 2362 3450; x_wconf 88' lang='lat' dir='ltr'><strong>tantum</strong></span> <span class='ocrx_word' id='word_1_528' title='bbox 2386 3396 2653 3466; x_wconf 88' lang='lat' dir='ltr'><strong>episcopis</strong></span> <span class='ocrx_word' id='word_1_529' title='bbox 2675 3394 2727 3448; x_wconf 93' lang='lat' dir='ltr'><strong>in</strong></span> <span class='ocrx_word' id='word_1_530' title='bbox 2751 3396 3061 3464; x_wconf 84' lang='lat' dir='ltr'><strong>episcopum</strong></span> <span class='ocrx_word' id='word_1_531' title='bbox 3089 3404 3208 3464; x_wconf 90' lang='lat' dir='ltr'><strong>post</strong></span> <span class='ocrx_word' id='word_1_532' title='bbox 3228 3394 3344 3463; x_wconf 87' lang='lat' dir='ltr'><strong>ejus</strong></span> <span class='ocrx_word' id='word_1_533' title='bbox 3367 3412 3504 3451; x_wconf 89' lang='lat' dir='ltr'><strong>mor-</strong></span> 
     </span>
    </p>
   </div>
   <div class='ocr_carea' id='block_1_83' title="bbox 1911 3487 3501 3557">
    <p class='ocr_par' dir='ltr' id='par_1_83' title="bbox 1911 3487 3501 3557">
     <span class='ocr_line' id='line_1_84' title="bbox 1911 3487 3501 3557; baseline 0.003 -19"><span class='ocrx_word' id='word_1_534' title='bbox 1911 3495 2017 3539; x_wconf 87' lang='lat' dir='ltr'><strong>tem</strong></span> <span class='ocrx_word' id='word_1_535' title='bbox 2053 3487 2123 3539; x_wconf 88' lang='lat' dir='ltr'><strong>sit</strong></span> <span class='ocrx_word' id='word_1_536' title='bbox 2154 3487 2465 3553; x_wconf 89' lang='lat' dir='ltr'><strong>ordinatus,</strong></span> <span class='ocrx_word' id='word_1_537' title='bbox 2508 3496 2564 3542; x_wconf 89' lang='lat' dir='ltr'><strong>et</strong></span> <span class='ocrx_word' id='word_1_538' title='bbox 2593 3488 2716 3557; x_wconf 87' lang='lat' dir='ltr'><strong>quia</strong></span> <span class='ocrx_word' id='word_1_539' title='bbox 2759 3488 2812 3541; x_wconf 90' lang='lat' dir='ltr'><strong>in</strong></span> <span class='ocrx_word' id='word_1_540' title='bbox 2845 3501 2907 3543; x_wconf 90' lang='lat' dir='ltr'><strong>ea</strong></span> <span class='ocrx_word' id='word_1_541' title='bbox 2948 3488 3159 3557; x_wconf 71' lang='lat' dir='ltr'><strong>synodo</strong></span> <span class='ocrx_word' id='word_1_542' title='bbox 3196 3487 3409 3543; x_wconf 88' lang='lat' dir='ltr'><strong>clericis</strong></span> <span class='ocrx_word' id='word_1_543' title='bbox 3450 3490 3501 3544; x_wconf 90' lang='lat' dir='ltr'><strong>in</strong></span> 
     </span>
    </p>
   </div>
   <div class='ocr_carea' id='block_1_84' title="bbox 1910 3572 3502 3641">
    <p class='ocr_par' dir='ltr' id='par_1_84' title="bbox 1910 3572 3502 3641">
     <span class='ocr_line' id='line_1_85' title="bbox 1910 3572 3502 3641; baseline 0.004 -16"><span class='ocrx_word' id='word_1_544' title='bbox 1910 3572 2213 3630; x_wconf 71' lang='lat' dir='ltr'><strong>Vallavensi</strong></span> <span class='ocrx_word' id='word_1_545' title='bbox 2244 3576 2473 3631; x_wconf 85' lang='lat' dir='ltr'><strong>ecclesia</strong></span> <span class='ocrx_word' id='word_1_546' title='bbox 2502 3576 2613 3631; x_wconf 89' lang='lat' dir='ltr'><strong>Deo</strong></span> <span class='ocrx_word' id='word_1_547' title='bbox 2644 3573 3058 3641; x_wconf 88' lang='lat' dir='ltr'><strong>famulantibus,</strong></span> <span class='ocrx_word' id='word_1_548' title='bbox 3094 3576 3307 3632; x_wconf 88' lang='lat' dir='ltr'><strong>licentia</strong></span> <span class='ocrx_word' id='word_1_549' title='bbox 3336 3576 3502 3631; x_wconf 87' lang='lat' dir='ltr'><strong>alium</strong></span> 
     </span>
    </p>
   </div>
   <div class='ocr_carea' id='block_1_85' title="bbox 1906 3666 3503 3738">
    <p class='ocr_par' dir='ltr' id='par_1_85' title="bbox 1906 3666 3503 3738">
     <span class='ocr_line' id='line_1_86' title="bbox 1906 3666 3503 3738; baseline 0.002 -19"><span class='ocrx_word' id='word_1_550' title='bbox 1906 3666 2136 3736; x_wconf 85' lang='lat' dir='ltr'><strong>eligendi</strong></span> <span class='ocrx_word' id='word_1_551' title='bbox 2176 3668 2486 3737; x_wconf 89' lang='lat' dir='ltr'><strong>episcopum</strong></span> <span class='ocrx_word' id='word_1_552' title='bbox 2513 3669 2662 3738; x_wconf 88' lang='lat' dir='ltr'><strong>prius</strong></span> <span class='ocrx_word' id='word_1_553' title='bbox 2690 3682 2971 3733; x_wconf 87' lang='lat' dir='ltr'><strong>concessa,</strong></span> <span class='ocrx_word' id='word_1_554' title='bbox 3009 3668 3287 3723; x_wconf 90' lang='lat' dir='ltr'><strong>decretum</strong></span> <span class='ocrx_word' id='word_1_555' title='bbox 3317 3678 3400 3724; x_wconf 88' lang='lat' dir='ltr'><strong>est</strong></span> <span class='ocrx_word' id='word_1_556' title='bbox 3442 3678 3503 3723; x_wconf 77' lang='lat' dir='ltr'><strong>ut</strong></span> 
     </span>
    </p>
   </div>
   <div class='ocr_carea' id='block_1_86' title="bbox 1907 3758 3493 3830">
    <p class='ocr_par' dir='ltr' id='par_1_86' title="bbox 1907 3758 3493 3830">
     <span class='ocr_line' id='line_1_87' title="bbox 1907 3758 3493 3830; baseline 0 -17"><span class='ocrx_word' id='word_1_557' title='bbox 1907 3774 2094 3813; x_wconf 89' lang='lat' dir='ltr'><strong>eorum</strong></span> <span class='ocrx_word' id='word_1_558' title='bbox 2125 3759 2330 3814; x_wconf 89' lang='lat' dir='ltr'><strong>electus</strong></span> <span class='ocrx_word' id='word_1_559' title='bbox 2359 3774 2387 3813; x_wconf 87' lang='lat' dir='ltr'><strong>a</strong></span> <span class='ocrx_word' id='word_1_560' title='bbox 2418 3758 2661 3813; x_wconf 78' lang='lat' dir='ltr'><strong>Romano</strong></span> <span class='ocrx_word' id='word_1_561' title='bbox 2693 3758 2948 3827; x_wconf 89' lang='lat' dir='ltr'><strong>pontifice</strong></span> <span class='ocrx_word' id='word_1_562' title='bbox 2976 3758 3027 3812; x_wconf 91' lang='lat' dir='ltr'><strong>in</strong></span> <span class='ocrx_word' id='word_1_563' title='bbox 3061 3759 3372 3830; x_wconf 89' lang='lat' dir='ltr'><strong>episc0pum</strong></span> <span class='ocrx_word' id='word_1_564' title='bbox 3401 3774 3493 3813; x_wconf 77' lang='lat' dir='ltr'><strong>or-</strong></span> 
     </span>
    </p>
   </div>
   <div class='ocr_carea' id='block_1_87' title="bbox 1905 3848 3495 3916">
    <p class='ocr_par' dir='ltr' id='par_1_87' title="bbox 1905 3848 3495 3916">
     <span class='ocr_line' id='line_1_88' title="bbox 1905 3848 3495 3916; baseline 0.001 -15"><span class='ocrx_word' id='word_1_565' title='bbox 1905 3849 2205 3916; x_wconf 86' lang='lat' dir='ltr'><strong>dinaretur,</strong></span> <span class='ocrx_word' id='word_1_566' title='bbox 2235 3858 2289 3903; x_wconf 92' lang='lat' dir='ltr'><strong>et</strong></span> <span class='ocrx_word' id='word_1_567' title='bbox 2314 3864 2436 3903; x_wconf 90' lang='lat' dir='ltr'><strong>cum</strong></span> <span class='ocrx_word' id='word_1_568' title='bbox 2463 3858 2512 3903; x_wconf 88' lang='lat' dir='ltr'><strong>te</strong></span> <span class='ocrx_word' id='word_1_569' title='bbox 2541 3849 2608 3903; x_wconf 90' lang='lat' dir='ltr'><strong>ab</strong></span> <span class='ocrx_word' id='word_1_570' title='bbox 2629 3848 2831 3903; x_wconf 80' lang='lat' dir='ltr'><strong>eisdem</strong></span> <span class='ocrx_word' id='word_1_571' title='bbox 2868 3848 3099 3903; x_wconf 85' lang='lat' dir='ltr'><strong>electqu</strong></span> <span class='ocrx_word' id='word_1_572' title='bbox 3124 3848 3495 3912; x_wconf 87' lang='lat' dir='ltr'><strong>didicerimus.</strong></span> 
     </span>
    </p>
   </div>
   <div class='ocr_carea' id='block_1_88' title="bbox 1905 3936 3496 4008">
    <p class='ocr_par' dir='ltr' id='par_1_88' title="bbox 1905 3936 3496 4008">
     <span class='ocr_line' id='line_1_89' title="bbox 1905 3936 3496 4008; baseline 0.003 -17"><span class='ocrx_word' id='word_1_573' title='bbox 1905 3936 2028 3992; x_wconf 90' lang='lat' dir='ltr'><strong>ideo</strong></span> <span class='ocrx_word' id='word_1_574' title='bbox 2056 3954 2241 3993; x_wconf 90' lang='lat' dir='ltr'><strong>eorum</strong></span> <span class='ocrx_word' id='word_1_575' title='bbox 2278 3938 2528 3995; x_wconf 88' lang='lat' dir='ltr'><strong>electioni</strong></span> <span class='ocrx_word' id='word_1_576' title='bbox 2561 3938 2774 3993; x_wconf 88' lang='lat' dir='ltr'><strong>favente</strong></span> <span class='ocrx_word' id='word_1_577' title='bbox 2805 3939 3127 3993; x_wconf 87' lang='lat' dir='ltr'><strong>auctoritate</strong></span> <span class='ocrx_word' id='word_1_578' title='bbox 3165 3940 3458 4008; x_wconf 88' lang='lat' dir='ltr'><strong>apostolica</strong></span> <span class='ocrx_word' id='word_1_579' title='bbox 3479 3981 3496 4004; x_wconf 95' lang='lat'><strong>,</strong></span> 
     </span>
    </p>
   </div>
   <div class='ocr_carea' id='block_1_89' title="bbox 1907 4026 3498 4097">
    <p class='ocr_par' dir='ltr' id='par_1_89' title="bbox 1907 4026 3498 4097">
     <span class='ocr_line' id='line_1_90' title="bbox 1907 4026 3498 4097; baseline 0.002 -18"><span class='ocrx_word' id='word_1_580' title='bbox 1907 4034 1957 4079; x_wconf 89' lang='lat' dir='ltr'><strong>te</strong></span> <span class='ocrx_word' id='word_1_581' title='bbox 1987 4026 2038 4079; x_wconf 91' lang='lat' dir='ltr'><strong>in</strong></span> <span class='ocrx_word' id='word_1_582' title='bbox 2076 4027 2388 4095; x_wconf 90' lang='lat' dir='ltr'><strong>episcopum</strong></span> <span class='ocrx_word' id='word_1_583' title='bbox 2424 4027 2773 4093; x_wconf 87' lang='lat' dir='ltr'><strong>ordinamus,</strong></span> <span class='ocrx_word' id='word_1_584' title='bbox 2808 4037 2969 4097; x_wconf 82' lang='lat' dir='ltr'><strong>atque</strong></span> <span class='ocrx_word' id='word_1_585' title='bbox 3000 4028 3261 4097; x_wconf 89' lang='lat' dir='ltr'><strong>pastorali</strong></span> <span class='ocrx_word' id='word_1_586' title='bbox 3299 4028 3498 4085; x_wconf 85' lang='lat' dir='ltr'><strong>sollici-</strong></span> 
     </span>
    </p>
   </div>
   <div class='ocr_carea' id='block_1_90' title="bbox 1905 4118 3497 4186">
    <p class='ocr_par' dir='ltr' id='par_1_90' title="bbox 1905 4118 3497 4186">
     <span class='ocr_line' id='line_1_91' title="bbox 1905 4118 3497 4186; baseline 0.003 -15"><span class='ocrx_word' id='word_1_587' title='bbox 1905 4119 2089 4172; x_wconf 78' lang='lat' dir='ltr'><strong>tudine</strong></span> <span class='ocrx_word' id='word_1_588' title='bbox 2135 4129 2185 4172; x_wconf 93' lang='lat' dir='ltr'><strong>te</strong></span> <span class='ocrx_word' id='word_1_589' title='bbox 2211 4157 2226 4181; x_wconf 92' lang='lat'><strong>,</strong></span> <span class='ocrx_word' id='word_1_590' title='bbox 2269 4118 2438 4174; x_wconf 88' lang='lat' dir='ltr'><strong>frater</strong></span> <span class='ocrx_word' id='word_1_591' title='bbox 2476 4119 2834 4186; x_wconf 87' lang='lat' dir='ltr'><strong>charissime,</strong></span> <span class='ocrx_word' id='word_1_592' title='bbox 2886 4118 3169 4173; x_wconf 87' lang='lat' dir='ltr'><strong>hortamur</strong></span> <span class='ocrx_word' id='word_1_593' title='bbox 3209 4127 3268 4173; x_wconf 92' lang='lat' dir='ltr'><strong>ut</strong></span> <span class='ocrx_word' id='word_1_594' title='bbox 3309 4119 3497 4175; x_wconf 86' lang='lat' dir='ltr'><strong>solerti</strong></span> 
     </span>
    </p>
   </div>
   <div class='ocr_carea' id='block_1_91' title="bbox 1902 4209 3495 4281">
    <p class='ocr_par' dir='ltr' id='par_1_91' title="bbox 1902 4209 3495 4281">
     <span class='ocr_line' id='line_1_92' title="bbox 1902 4209 3495 4281; baseline 0.004 -20"><span class='ocrx_word' id='word_1_595' title='bbox 1902 4222 2030 4262; x_wconf 84' lang='lat' dir='ltr'><strong>cura</strong></span> <span class='ocrx_word' id='word_1_596' title='bbox 2063 4222 2278 4279; x_wconf 85' lang='lat' dir='ltr'><strong>gregem</strong></span> <span class='ocrx_word' id='word_1_597' title='bbox 2312 4209 2405 4264; x_wconf 91' lang='lat' dir='ltr'><strong>tibi</strong></span> <span class='ocrx_word' id='word_1_598' title='bbox 2439 4210 2793 4265; x_wconf 89' lang='lat' dir='ltr'><strong>commissum</strong></span> <span class='ocrx_word' id='word_1_599' title='bbox 2824 4212 3120 4275; x_wconf 85' lang='lat' dir='ltr'><strong>custodias,</strong></span> <span class='ocrx_word' id='word_1_600' title='bbox 3154 4211 3495 4281; x_wconf 85' lang='lat' dir='ltr'><strong>temetipsum</strong></span> 
     </span>
    </p>
   </div>
   <div class='ocr_carea' id='block_1_92' title="bbox 1902 4301 3493 4374">
    <p class='ocr_par' dir='ltr' id='par_1_92' title="bbox 1902 4301 3493 4374">
     <span class='ocr_line' id='line_1_93' title="bbox 1902 4301 3493 4374; baseline 0.003 -20"><span class='ocrx_word' id='word_1_601' title='bbox 1902 4301 1979 4355; x_wconf 87' lang='lat' dir='ltr'><strong>sic</strong></span> <span class='ocrx_word' id='word_1_602' title='bbox 2018 4301 2070 4355; x_wconf 91' lang='lat' dir='ltr'><strong>in</strong></span> <span class='ocrx_word' id='word_1_603' title='bbox 2105 4302 2260 4357; x_wconf 87' lang='lat' dir='ltr'><strong>bonis</strong></span> <span class='ocrx_word' id='word_1_604' title='bbox 2287 4304 2544 4372; x_wconf 85' lang='lat' dir='ltr'><strong>Operibus</strong></span> <span class='ocrx_word' id='word_1_605' title='bbox 2573 4303 2856 4372; x_wconf 87' lang='lat' dir='ltr'><strong>disponas,</strong></span> <span class='ocrx_word' id='word_1_606' title='bbox 2888 4312 3018 4369; x_wconf 82' lang='lat' dir='ltr'><strong>etc.,</strong></span> <span class='ocrx_word' id='word_1_607' title='bbox 3054 4314 3114 4357; x_wconf 89' lang='lat' dir='ltr'><strong>ut</strong></span> <span class='ocrx_word' id='word_1_608' title='bbox 3147 4304 3190 4357; x_wconf 91' lang='lat' dir='ltr'><strong>si</strong></span> <span class='ocrx_word' id='word_1_609' title='bbox 3220 4305 3344 4374; x_wconf 91' lang='lat' dir='ltr'><strong>quis</strong></span> <span class='ocrx_word' id='word_1_610' title='bbox 3377 4304 3493 4374; x_wconf 89' lang='lat' dir='ltr'><strong>epi-</strong></span> 
     </span>
    </p>
   </div>
   <div class='ocr_carea' id='block_1_93' title="bbox 207 4385 3495 4482">
    <p class='ocr_par' dir='ltr' id='par_1_93' title="bbox 207 4385 3495 4482">
     <span class='ocr_line' id='line_1_94' title="bbox 207 4385 3495 4482; baseline 0.01 -28"><span class='ocrx_word' id='word_1_611' title='bbox 207 4402 353 4456; x_wconf 88' lang='lat' dir='ltr'><strong>nulla</strong></span> <span class='ocrx_word' id='word_1_612' title='bbox 385 4407 700 4460; x_wconf 85' lang='lat' dir='ltr'><strong>mortalium</strong></span> <span class='ocrx_word' id='word_1_613' title='bbox 738 4413 1060 4482; x_wconf 80' lang='lat' dir='ltr'><strong>:cquiparari</strong></span> <span class='ocrx_word' id='word_1_614' title='bbox 1090 4417 1263 4472; x_wconf 83' lang='lat' dir='ltr'><strong>valeat</strong></span> <span class='ocrx_word' id='word_1_615' title='bbox 1300 4385 1546 4477; x_wconf 79' lang='lat' dir='ltr'><strong>felicitas.</strong></span> <span class='ocrx_word' id='word_1_616' title='bbox 1583 4385 1790 4479; x_wconf 57' lang='lat' dir='ltr'><strong>Cdnce-</strong></span> <span class='ocrx_word' id='word_1_617' title='bbox 1822 4385 1872 4444; x_wconf 67' lang='grc' dir='ltr'><strong><em>Β</em></strong></span> <span class='ocrx_word' id='word_1_618' title='bbox 1899 4408 2093 4462; x_wconf 54' lang='lat' dir='ltr'><strong>“opus</strong></span> <span class='ocrx_word' id='word_1_619' title='bbox 2120 4400 2169 4447; x_wconf 47' lang='grc' dir='ltr'><strong>ιθ</strong></span> <span class='ocrx_word' id='word_1_620' title='bbox 2201 4393 2284 4447; x_wconf 59' lang='lat' dir='ltr'><strong>vel</strong></span> <span class='ocrx_word' id='word_1_621' title='bbox 2312 4406 2459 4448; x_wconf 67' lang='lat' dir='ltr'><strong>mum</strong></span> <span class='ocrx_word' id='word_1_622' title='bbox 2489 4393 2665 4451; x_wconf 70' lang='lat' dir='ltr'><strong>locum</strong></span> <span class='ocrx_word' id='word_1_623' title='bbox 2695 4410 2825 4448; x_wconf 65' lang='lat' dir='ltr'>aus&quot;</span> <span class='ocrx_word' id='word_1_624' title='bbox 2870 4394 3159 4448; x_wconf 52' lang='lat' dir='ltr'><strong>temerario</strong></span> <span class='ocrx_word' id='word_1_625' title='bbox 3185 4409 3495 4449; x_wconf 49' lang='lat' dir='ltr'><strong>“comm”.</strong></span> 
     </span>
    </p>
   </div>
   <div class='ocr_carea' id='block_1_94' title="bbox 207 4496 1795 4579">
    <p class='ocr_par' dir='ltr' id='par_1_94' title="bbox 207 4496 1795 4579">
     <span class='ocr_line' id='line_1_95' title="bbox 207 4496 1795 4579; baseline 0.014 -30"><span class='ocrx_word' id='word_1_626' title='bbox 207 4496 387 4549; x_wconf 86' lang='lat' dir='ltr'><strong>dimus</strong></span> <span class='ocrx_word' id='word_1_627' title='bbox 418 4512 551 4567; x_wconf 87' lang='lat' dir='ltr'><strong>ergo</strong></span> <span class='ocrx_word' id='word_1_628' title='bbox 588 4514 683 4566; x_wconf 86' lang='lat' dir='ltr'><strong>per</strong></span> <span class='ocrx_word' id='word_1_629' title='bbox 712 4500 867 4569; x_wconf 88' lang='lat' dir='ltr'><strong>hujus</strong></span> <span class='ocrx_word' id='word_1_630' title='bbox 907 4506 1171 4578; x_wconf 87' lang='lat' dir='ltr'><strong>privilegii</strong></span> <span class='ocrx_word' id='word_1_631' title='bbox 1206 4512 1377 4566; x_wconf 90' lang='lat' dir='ltr'><strong>nostri</strong></span> <span class='ocrx_word' id='word_1_632' title='bbox 1426 4522 1624 4568; x_wconf 87' lang='lat' dir='ltr'><strong>statuta</strong></span> <span class='ocrx_word' id='word_1_633' title='bbox 1646 4555 1659 4579; x_wconf 86' lang='lat'><strong>,</strong></span> <span class='ocrx_word' id='word_1_634' title='bbox 1699 4517 1795 4572; x_wconf 88' lang='lat' dir='ltr'><strong>tibi</strong></span> 
     </span>
    </p>
   </div>
   <div class='ocr_carea' id='block_1_95' title="bbox 205 4586 1794 4675">
    <p class='ocr_par' dir='ltr' id='par_1_95' title="bbox 205 4586 1794 4675">
     <span class='ocr_line' id='line_1_96' title="bbox 205 4586 1794 4675; baseline 0.016 -36"><span class='ocrx_word' id='word_1_635' title='bbox 205 4586 404 4641; x_wconf 90' lang='lat' dir='ltr'><strong>baculo</strong></span> <span class='ocrx_word' id='word_1_636' title='bbox 456 4598 511 4642; x_wconf 91' lang='lat' dir='ltr'><strong>ct</strong></span> <span class='ocrx_word' id='word_1_637' title='bbox 564 4592 759 4647; x_wconf 87' lang='lat' dir='ltr'><strong>annulo</strong></span> <span class='ocrx_word' id='word_1_638' title='bbox 810 4597 1071 4663; x_wconf 89' lang='lat' dir='ltr'><strong>redditis,</strong></span> <span class='ocrx_word' id='word_1_639' title='bbox 1122 4603 1566 4675; x_wconf 88' lang='lat' dir='ltr'><strong>archiepisc0pali</strong></span> <span class='ocrx_word' id='word_1_640' title='bbox 1617 4610 1794 4666; x_wconf 83' lang='lat' dir='ltr'><strong>olIieio</strong></span> 
     </span>
    </p>
   </div>
   <div class='ocr_carea' id='block_1_96' title="bbox 204 4675 1796 4767">
    <p class='ocr_par' dir='ltr' id='par_1_96' title="bbox 204 4675 1796 4767">
     <span class='ocr_line' id='line_1_97' title="bbox 204 4675 1796 4767; baseline 0.018 -40"><span class='ocrx_word' id='word_1_641' title='bbox 204 4675 394 4746; x_wconf 88' lang='lat' dir='ltr'><strong>fungi,</strong></span> <span class='ocrx_word' id='word_1_642' title='bbox 433 4689 488 4732; x_wconf 90' lang='lat' dir='ltr'><strong>et</strong></span> <span class='ocrx_word' id='word_1_643' title='bbox 520 4682 769 4738; x_wconf 90' lang='lat' dir='ltr'><strong>omnibus</strong></span> <span class='ocrx_word' id='word_1_644' title='bbox 804 4686 1101 4757; x_wconf 83' lang='lat' dir='ltr'><strong>insignibus</strong></span> <span class='ocrx_word' id='word_1_645' title='bbox 1129 4709 1461 4767; x_wconf 72' lang='lat' dir='ltr'><strong>qumcunque</strong></span> <span class='ocrx_word' id='word_1_646' title='bbox 1491 4692 1555 4752; x_wconf 81' lang='lat' dir='ltr'><strong>ad</strong></span> <span class='ocrx_word' id='word_1_647' title='bbox 1592 4709 1796 4757; x_wconf 73' lang='lat' dir='ltr'><strong>sancta:</strong></span> 
     </span>
    </p>
   </div>
   <div class='ocr_carea' id='block_1_97' title="bbox 205 4770 1797 4855">
    <p class='ocr_par' dir='ltr' id='par_1_97' title="bbox 205 4770 1797 4855">
     <span class='ocr_line' id='line_1_98' title="bbox 205 4770 1797 4855; baseline 0.017 -33"><span class='ocrx_word' id='word_1_648' title='bbox 205 4771 555 4838; x_wconf 86' lang='lat' dir='ltr'><strong>metropolim</strong></span> <span class='ocrx_word' id='word_1_649' title='bbox 583 4770 862 4832; x_wconf 66' lang='lat' dir='ltr'><strong>liemensis</strong></span> <span class='ocrx_word' id='word_1_650' title='bbox 884 4781 1123 4837; x_wconf 71' lang='lat' dir='ltr'><strong>ecclesia:</strong></span> <span class='ocrx_word' id='word_1_651' title='bbox 1149 4786 1439 4855; x_wconf 90' lang='lat' dir='ltr'><strong>pertinent,</strong></span> <span class='ocrx_word' id='word_1_652' title='bbox 1466 4792 1624 4847; x_wconf 91' lang='lat' dir='ltr'><strong>solito</strong></span> <span class='ocrx_word' id='word_1_653' title='bbox 1645 4808 1797 4850; x_wconf 89' lang='lat' dir='ltr'><strong>more</strong></span> 
     </span>
    </p>
   </div>
   <div class='ocr_carea' id='block_1_98' title="bbox 204 4860 1795 4950">
    <p class='ocr_par' dir='ltr' id='par_1_98' title="bbox 204 4860 1795 4950">
     <span class='ocr_line' id='line_1_99' title="bbox 204 4860 1795 4950; baseline 0.019 -39"><span class='ocrx_word' id='word_1_654' title='bbox 204 4860 437 4927; x_wconf 89' lang='lat' dir='ltr'><strong>perfrui.</strong></span> <span class='ocrx_word' id='word_1_655' title='bbox 478 4862 653 4918; x_wconf 88' lang='lat' dir='ltr'><strong>Pallio</strong></span> <span class='ocrx_word' id='word_1_656' title='bbox 694 4867 1121 4929; x_wconf 88' lang='lat' dir='ltr'><strong>solemnitatibus</strong></span> <span class='ocrx_word' id='word_1_657' title='bbox 1162 4878 1382 4932; x_wconf 90' lang='lat' dir='ltr'><strong>statutis</strong></span> <span class='ocrx_word' id='word_1_658' title='bbox 1412 4884 1599 4950; x_wconf 89' lang='lat' dir='ltr'><strong>utaris,</strong></span> <span class='ocrx_word' id='word_1_659' title='bbox 1629 4885 1795 4941; x_wconf 87' lang='lat' dir='ltr'><strong>bene-</strong></span> 
     </span>
    </p>
   </div>
   <div class='ocr_carea' id='block_1_99' title="bbox 206 4952 1789 5046">
    <p class='ocr_par' dir='ltr' id='par_1_99' title="bbox 206 4952 1789 5046">
     <span class='ocr_line' id='line_1_100' title="bbox 206 4952 1789 5046; baseline 0.02 -41"><span class='ocrx_word' id='word_1_660' title='bbox 206 4952 501 5009; x_wconf 88' lang='lat' dir='ltr'><strong>dictionem</strong></span> <span class='ocrx_word' id='word_1_661' title='bbox 554 4972 745 5025; x_wconf 85' lang='lat' dir='ltr'><strong>regqu</strong></span> <span class='ocrx_word' id='word_1_662' title='bbox 794 4961 1121 5021; x_wconf 89' lang='lat' dir='ltr'><strong>Francorum</strong></span> <span class='ocrx_word' id='word_1_663' title='bbox 1177 4977 1233 5025; x_wconf 89' lang='lat' dir='ltr'><strong>et</strong></span> <span class='ocrx_word' id='word_1_664' title='bbox 1282 4969 1374 5025; x_wconf 91' lang='lat' dir='ltr'><strong>tibi</strong></span> <span class='ocrx_word' id='word_1_665' title='bbox 1424 4976 1789 5046; x_wconf 90' lang='lat' dir='ltr'><strong>subjectornm</strong></span> 
     </span>
    </p>
   </div>
   <div class='ocr_carea' id='block_1_100' title="bbox 205 5044 1788 5138">
    <p class='ocr_par' dir='ltr' id='par_1_100' title="bbox 205 5044 1788 5138">
     <span class='ocr_line' id='line_1_101' title="bbox 205 5044 1788 5138; baseline 0.018 -39"><span class='ocrx_word' id='word_1_666' title='bbox 205 5044 585 5117; x_wconf 85' lang='lat' dir='ltr'><strong>episcoporum</strong></span> <span class='ocrx_word' id='word_1_667' title='bbox 608 5051 870 5119; x_wconf 89' lang='lat' dir='ltr'><strong>obtineas,</strong></span> <span class='ocrx_word' id='word_1_668' title='bbox 894 5064 950 5110; x_wconf 91' lang='lat' dir='ltr'><strong>et</strong></span> <span class='ocrx_word' id='word_1_669' title='bbox 971 5073 1127 5114; x_wconf 88' lang='lat' dir='ltr'><strong>omne</strong></span> <span class='ocrx_word' id='word_1_670' title='bbox 1150 5044 1685 5138; x_wconf 64' lang='lat' dir='ltr'><strong>magisteriuniquod</strong></span> <span class='ocrx_word' id='word_1_671' title='bbox 1713 5073 1788 5128; x_wconf 89' lang='lat' dir='ltr'><strong>tui</strong></span> 
     </span>
    </p>
   </div>
   <div class='ocr_carea' id='block_1_101' title="bbox 207 5143 1786 5220">
    <p class='ocr_par' dir='ltr' id='par_1_101' title="bbox 207 5143 1786 5220">
     <span class='ocr_line' id='line_1_102' title="bbox 207 5143 1786 5220; baseline 0.014 -23"><span class='ocrx_word' id='word_1_672' title='bbox 207 5146 581 5190; x_wconf 64' lang='lat' dir='ltr'><strong>antecessores</strong></span> <span class='ocrx_word' id='word_1_673' title='bbox 625 5143 875 5202; x_wconf 79' lang='lat' dir='ltr'><strong>habuisse</strong></span> <span class='ocrx_word' id='word_1_674' title='bbox 904 5149 1001 5203; x_wconf 79' lang='lat' dir='ltr'><strong>visi</strong></span> <span class='ocrx_word' id='word_1_675' title='bbox 1037 5162 1186 5219; x_wconf 78' lang='lat' dir='ltr'><strong>sunt,</strong></span> <span class='ocrx_word' id='word_1_676' title='bbox 1235 5164 1418 5210; x_wconf 77' lang='lat' dir='ltr'><strong>nostra</strong></span> <span class='ocrx_word' id='word_1_677' title='bbox 1463 5163 1786 5220; x_wconf 73' lang='lat' dir='ltr'><strong>auctoritate</strong></span> 
     </span>
    </p>
   </div>
   <div class='ocr_carea' id='block_1_102' title="bbox 208 5230 1785 5310">
    <p class='ocr_par' dir='ltr' id='par_1_102' title="bbox 208 5230 1785 5310">
     <span class='ocr_line' id='line_1_103' title="bbox 208 5230 1785 5310; baseline 0.022 -33"><span class='ocrx_word' id='word_1_678' title='bbox 208 5230 496 5295; x_wconf 80' lang='lat' dir='ltr'><strong>apostolica</strong></span> <span class='ocrx_word' id='word_1_679' title='bbox 526 5249 707 5302; x_wconf 84' lang='lat' dir='ltr'><strong>geras.</strong></span> <span class='ocrx_word' id='word_1_680' title='bbox 742 5234 1082 5309; x_wconf 65' lang='lat' dir='ltr'><strong>Prmeipimus</strong></span> <span class='ocrx_word' id='word_1_681' title='bbox 1105 5248 1269 5300; x_wconf 90' lang='lat' dir='ltr'><strong>etiam</strong></span> <span class='ocrx_word' id='word_1_682' title='bbox 1298 5257 1354 5301; x_wconf 90' lang='lat' dir='ltr'><strong>ut</strong></span> <span class='ocrx_word' id='word_1_683' title='bbox 1384 5252 1557 5307; x_wconf 87' lang='lat' dir='ltr'><strong>nullus</strong></span> <span class='ocrx_word' id='word_1_684' title='bbox 1583 5268 1785 5310; x_wconf 88' lang='lat' dir='ltr'><strong>morta-</strong></span> 
     </span>
    </p>
   </div>
   <div class='ocr_carea' id='block_1_103' title="bbox 208 5320 834 5350">
    <p class='ocr_par' dir='ltr' id='par_1_103' title="bbox 208 5320 834 5350">
     <span class='ocr_line' id='line_1_104' title="bbox 229 5321 239 5330; baseline 0 0"><span class='ocrx_word' id='word_1_685' title='bbox 229 5321 239 5330; x_wconf 73' lang='grc' dir='ltr'><strong>ι</strong></span> 
     </span>
     <span class='ocr_line' id='line_1_105' title="bbox 208 5320 834 5350; baseline 0 0"><span class='ocrx_word' id='word_1_686' title='bbox 208 5320 329 5350; x_wconf 69' lang='lat' dir='ltr'><strong>&#39;au-n</strong></span> <span class='ocrx_word' id='word_1_687' title='bbox 364 5324 414 5350; x_wconf 68' lang='grc' dir='ltr'><strong>ε..</strong></span> <span class='ocrx_word' id='word_1_688' title='bbox 447 5328 651 5350; x_wconf 67' lang='grc' dir='ltr'><strong>η....ι..1-</strong></span> <span class='ocrx_word' id='word_1_689' title='bbox 712 5338 795 5350; x_wconf 73' lang='grc' dir='ltr'><strong>---ι</strong></span> <span class='ocrx_word' id='word_1_690' title='bbox 823 5331 834 5350; x_wconf 75' lang='lat'><strong><em>2</em></strong></span> 
     </span>
    </p>
   </div>
   <div class='ocr_carea' id='block_1_104' title="bbox 1898 4485 3491 4555">
    <p class='ocr_par' dir='ltr' id='par_1_104' title="bbox 1898 4485 3491 4555">
     <span class='ocr_line' id='line_1_106' title="bbox 1898 4485 3491 4555; baseline 0.003 -17"><span class='ocrx_word' id='word_1_691' title='bbox 1898 4485 2082 4539; x_wconf 86' lang='lat' dir='ltr'><strong>nicare</strong></span> <span class='ocrx_word' id='word_1_692' title='bbox 2119 4487 2523 4555; x_wconf 63' lang='lat' dir='ltr'><strong>praesumpserit</strong></span> <span class='ocrx_word' id='word_1_693' title='bbox 2564 4497 2658 4540; x_wconf 90' lang='lat' dir='ltr'><strong>aut</strong></span> <span class='ocrx_word' id='word_1_694' title='bbox 2699 4486 3065 4542; x_wconf 87' lang='lat' dir='ltr'><strong>anathematis</strong></span> <span class='ocrx_word' id='word_1_695' title='bbox 3104 4487 3318 4541; x_wconf 90' lang='lat' dir='ltr'><strong>vinculo</strong></span> <span class='ocrx_word' id='word_1_696' title='bbox 3357 4487 3491 4542; x_wconf 85' lang='lat' dir='ltr'><strong>irre-</strong></span> 
     </span>
    </p>
   </div>
   <div class='ocr_carea' id='block_1_105' title="bbox 1899 4576 3496 4648">
    <p class='ocr_par' dir='ltr' id='par_1_105' title="bbox 1899 4576 3496 4648">
     <span class='ocr_line' id='line_1_107' title="bbox 1899 4576 3496 4648; baseline 0.006 -19"><span class='ocrx_word' id='word_1_697' title='bbox 1899 4576 2002 4629; x_wconf 87' lang='lat' dir='ltr'><strong>tire</strong></span> <span class='ocrx_word' id='word_1_698' title='bbox 2052 4578 2374 4641; x_wconf 87' lang='lat' dir='ltr'><strong>tentaverit,</strong></span> <span class='ocrx_word' id='word_1_699' title='bbox 2417 4586 2605 4634; x_wconf 87' lang='lat' dir='ltr'><strong>nostro</strong></span> <span class='ocrx_word' id='word_1_700' title='bbox 2639 4578 2808 4632; x_wconf 86' lang='lat' dir='ltr'><strong>fretus</strong></span> <span class='ocrx_word' id='word_1_701' title='bbox 2848 4579 3149 4634; x_wconf 89' lang='lat' dir='ltr'><strong>munimine</strong></span> <span class='ocrx_word' id='word_1_702' title='bbox 3192 4579 3361 4648; x_wconf 86' lang='lat' dir='ltr'><strong>ipsam</strong></span> <span class='ocrx_word' id='word_1_703' title='bbox 3400 4594 3496 4639; x_wconf 77' lang='lat' dir='ltr'><strong>ex,-</strong></span> 
     </span>
    </p>
   </div>
   <div class='ocr_carea' id='block_1_106' title="bbox 1899 4670 2859 4744">
    <p class='ocr_par' dir='ltr' id='par_1_106' title="bbox 1899 4670 2859 4744">
     <span class='ocr_line' id='line_1_108' title="bbox 1899 4670 2859 4744; baseline 0 -19"><span class='ocrx_word' id='word_1_704' title='bbox 1899 4670 2446 4726; x_wconf 86' lang='lat' dir='ltr'><strong>communicatiouem</strong></span> <span class='ocrx_word' id='word_1_705' title='bbox 2476 4672 2859 4744; x_wconf 86' lang='lat' dir='ltr'><strong>parvipendas.</strong></span> 
     </span>
    </p>
   </div>
   <div class='ocr_carea' id='block_1_107' title="bbox 2664 4785 2726 4839">
    <p class='ocr_par' dir='ltr' id='par_1_107' title="bbox 2664 4785 2726 4839">
     <span class='ocr_line' id='line_1_109' title="bbox 2664 4785 2726 4839; baseline -0.016 0"><span class='ocrx_word' id='word_1_706' title='bbox 2664 4785 2726 4839; x_wconf 86' lang='lat' dir='ltr'><strong>V.</strong></span> 
     </span>
    </p>
   </div>
   <div class='ocr_carea' id='block_1_108' title="bbox 1903 4868 3513 4947">
    <p class='ocr_par' dir='ltr' id='par_1_108' title="bbox 1903 4868 3513 4947">
     <span class='ocr_line' id='line_1_110' title="bbox 1903 4868 3513 4947; baseline -0.001 -20"><span class='ocrx_word' id='word_1_707' title='bbox 1903 4870 2149 4927; x_wconf 77' lang='lat' dir='ltr'><strong>Silvester</strong></span> <span class='ocrx_word' id='word_1_708' title='bbox 2180 4874 2237 4928; x_wconf 84' lang='lat' dir='ltr'><strong><em>II</em></strong></span> <span class='ocrx_word' id='word_1_709' title='bbox 2271 4874 2385 4947; x_wconf 86' lang='lat' dir='ltr'><strong>PP.</strong></span> <span class='ocrx_word' id='word_1_710' title='bbox 2410 4893 2617 4932; x_wconf 76' lang='lat' dir='ltr'><strong>sacram</strong></span> <span class='ocrx_word' id='word_1_711' title='bbox 2658 4892 2909 4947; x_wconf 78' lang='lat' dir='ltr'><strong>coronam</strong></span> <span class='ocrx_word' id='word_1_712' title='bbox 2967 4868 3513 4947; x_wconf 40' lang='lat' dir='ltr'><strong>Stephanoﬂunqa-</strong></span> 
     </span>
    </p>
   </div>
   <div class='ocr_carea' id='block_1_109' title="bbox 1973 4939 3520 5019">
    <p class='ocr_par' dir='ltr' id='par_1_109' title="bbox 1973 4939 3520 5019">
     <span class='ocr_line' id='line_1_111' title="bbox 1973 4939 3520 5019; baseline 0.003 -25"><span class='ocrx_word' id='word_1_713' title='bbox 1973 4960 2154 4998; x_wconf 82' lang='lat' dir='ltr'><strong>rerum</strong></span> <span class='ocrx_word' id='word_1_714' title='bbox 2179 4946 2505 5019; x_wconf 67' lang='lat' dir='ltr'><strong>ducimiuit,</strong></span> <span class='ocrx_word' id='word_1_715' title='bbox 2531 4966 2688 5019; x_wconf 74' lang='lat' dir='ltr'><strong>quem</strong></span> <span class='ocrx_word' id='word_1_716' title='bbox 2710 4945 2849 5019; x_wconf 73' lang='lat' dir='ltr'><strong>regio</strong></span> <span class='ocrx_word' id='word_1_717' title='bbox 2867 4939 3093 5019; x_wconf 68' lang='lat' dir='ltr'><strong>quoque</strong></span> <span class='ocrx_word' id='word_1_718' title='bbox 3106 4939 3332 5019; x_wconf 55' lang='grc' dir='ltr'><strong>λιοξηὶης</strong></span> <span class='ocrx_word' id='word_1_719' title='bbox 3354 4939 3520 4996; x_wconf 74' lang='lat' dir='ltr'><strong>Coho-</strong></span> 
     </span>
    </p>
   </div>
   <div class='ocr_carea' id='block_1_110' title="bbox 1974 5014 3532 5087">
    <p class='ocr_par' dir='ltr' id='par_1_110' title="bbox 1974 5014 3532 5087">
     <span class='ocr_line' id='line_1_112' title="bbox 1974 5014 3532 5087; baseline 0.007 -23"><span class='ocrx_word' id='word_1_720' title='bbox 1974 5023 2139 5087; x_wconf 74' lang='lat' dir='ltr'><strong>uestat</strong></span> <span class='ocrx_word' id='word_1_721' title='bbox 2155 5032 2171 5079; x_wconf 89' lang='lat'><strong><em>;</em></strong></span> <span class='ocrx_word' id='word_1_722' title='bbox 2186 5014 2731 5087; x_wconf 39' lang='lat' dir='ltr'><strong>variisquejcoucrssis</strong></span> <span class='ocrx_word' id='word_1_723' title='bbox 2747 5014 3075 5087; x_wconf 75' lang='lat' dir='ltr'><strong>privilegiis,</strong></span> <span class='ocrx_word' id='word_1_724' title='bbox 3101 5014 3532 5087; x_wconf 59' lang='grc' dir='ltr'><strong>ξιξξθοηίεηδεηὶ</strong></span> 
     </span>
    </p>
   </div>
   <div class='ocr_carea' id='block_1_111' title="bbox 1970 5078 3232 5156">
    <p class='ocr_par' dir='ltr' id='par_1_111' title="bbox 1970 5078 3232 5156">
     <span class='ocr_line' id='line_1_113' title="bbox 1970 5078 3232 5156; baseline 0.013 -21"><span class='ocrx_word' id='word_1_725' title='bbox 1970 5078 2243 5139; x_wconf 79' lang='lat' dir='ltr'><strong>ecclesiam</strong></span> <span class='ocrx_word' id='word_1_726' title='bbox 2275 5078 2416 5155; x_wconf 52' lang='lat' dir='ltr'><strong>reg&#39;ui</strong></span> <span class='ocrx_word' id='word_1_727' title='bbox 2446 5078 2787 5156; x_wconf 49' lang='lat' dir='ltr'><strong>&#39;metropoliin</strong></span> <span class='ocrx_word' id='word_1_728' title='bbox 2818 5078 3068 5142; x_wconf 70' lang='grc' dir='ltr'><strong>ἱηδεῖωίι</strong></span> <span class='ocrx_word' id='word_1_729' title='bbox 3099 5078 3232 5150; x_wconf 66' lang='grc'><strong>(⁵9)·</strong></span> 
     </span>
    </p>
   </div>
   <div class='ocr_carea' id='block_1_112' title="bbox 2498 5190 2883 5268">
    <p class='ocr_par' dir='ltr' id='par_1_112' title="bbox 2498 5190 2883 5268">
     <span class='ocr_line' id='line_1_114' title="bbox 2498 5190 2883 5268; baseline -0.026 -16"><span class='ocrx_word' id='word_1_730' title='bbox 2498 5199 2674 5268; x_wconf 70' lang='lat' dir='ltr'><strong>(Anno</strong></span> <span class='ocrx_word' id='word_1_731' title='bbox 2702 5190 2883 5258; x_wconf 86' lang='grc'>1000.)</span> 
     </span>
    </p>
   </div>
   <div class='ocr_carea' id='block_1_113' title="bbox 1897 5295 3549 5350">
    <p class='ocr_par' dir='ltr' id='par_1_113' title="bbox 1897 5295 3549 5350">
     <span class='ocr_line' id='line_1_115' title="bbox 1897 5295 3549 5350; baseline 0 0"><span class='ocrx_word' id='word_1_732' title='bbox 1897 5298 2276 5350; x_wconf 68' lang='grc' dir='ltr'><strong>ῐϐθρηιιριίηρς</strong></span> <span class='ocrx_word' id='word_1_733' title='bbox 2304 5346 2317 5350; x_wconf 83' lang='lat'><em>_</em></span> <span class='ocrx_word' id='word_1_734' title='bbox 2366 5306 2641 5350; x_wconf 74' lang='lat' dir='ltr'><strong>Rnllnrum</strong></span> <span class='ocrx_word' id='word_1_735' title='bbox 2687 5303 2836 5350; x_wconf 78' lang='lat' dir='ltr'><strong>Rom.</strong></span> <span class='ocrx_word' id='word_1_736' title='bbox 2890 5319 3061 5350; x_wconf 79' lang='grc' dir='ltr'><strong>ηηηι.</strong></span> <span class='ocrx_word' id='word_1_737' title='bbox 3094 5296 3254 5350; x_wconf 83' lang='lat' dir='ltr'><strong>nmul.</strong></span> <span class='ocrx_word' id='word_1_738' title='bbox 3283 5295 3549 5350; x_wconf 73' lang='lat' dir='ltr'><strong>ColleCL-</strong></span> 
     </span>
    </p>
   </div>
  </div>
