3948 5350
467 357 571 424 273

1073 365 1431 421 SILVESTRI
1473 364 1534 420 ιι.
1581 363 1781 418 ΡΑΡίΕ
1824 361 1974 419 ΟΡΡ.
2018 363 2045 416 Γ

2151 362 2198 418 .S
2237 361 2326 417 lll.
2365 389 2437 404 --
2461 360 2698 418 ’EPIST.
2742 361 2829 417 ET
2872 360 3123 419 DIPLOM
3645 360 3755 416 276

466 494 638 538 PIIASO
686 477 810 534 duci
858 475 1259 548 Hungariorum
1312 476 1542 533 salutem
1590 484 1646 530 et
1703 473 2055 546 apostolicam
2085 479 2133 536 Α
2162 473 2312 539 bere,
2351 487 2518 544 seque
2565 481 2767 528 sanctte
2807 472 3065 527 Romanae
3093 470 3383 541 Ecclesim,
3415 486 3535 542 qua:
3571 471 3755 542 subje-

463 572 926 628 benedictionem.

536 662 723 734 Legati
751 660 1051 718 nobilitatis
1082 668 1206 725 tuae,
1241 660 1293 714 in
1336 659 1528 730 primis
1549 675 1680 714 vero
1706 658 2062 714 eharissimus

467 755 748 810 c::n"rator
813 761 1002 810 noster
1062 753 1312 806 Astricus
1374 751 1698 807 venerabilis
1747 749 2060 806 Colocensis

464 846 774 915 episcopus,
806 853 960 899 tanto
996 842 1186 912 majori
1227 859 1323 900 cor
1363 853 1610 898 nostrum
1647 843 1833 898 laetitia
1867 841 2062 898 aﬂ'ece-

466 943 618 1002 runt,
650 950 714 989 ac
753 935 951 989 minori
982 932 1219 989 ofﬁcium
1255 949 1412 988 suum
1448 933 1632 988 labore
1659 932 2056 996 confecerunt,

463 1035 670 1094 quanto
699 1026 960 1082 divinitus
993 1025 1299 1096 przcmoniti
1336 1025 1688 1096 cupidissimo
1718 1026 1899 1080 animo
1940 1025 2056 1078 illo-

461 1134 584 1173 tum
613 1117 902 1174 adventum
944 1119 1010 1173 de
1063 1119 1244 1188 ignota
1296 1119 1454 1174 nobis
1481 1127 1641 1188 gente
1666 1117 2055 1188 praestolaban-

463 1221 573 1264 tur.
613 1210 764 1265 Felix
812 1210 1014 1281 legatio
1039 1251 1054 1277 ,
1091 1225 1212 1280 qua:
1254 1209 1460 1265 celesti
1509 1219 1782 1278 przeventa
1825 1210 2052 1271 nuntio,

463 1307 628 1369 atque
692 1299 938 1370 angelico
995 1307 1329 1368 pertractata
1368 1299 1711 1363 ministerio,
1753 1299 1903 1368 prius
1961 1297 2054 1353 Dei

462 1388 724 1444 conclusa
755 1398 840 1445 est
883 1391 1106 1445 decreto
1146 1404 1310 1458 quam
1351 1405 1382 1444 a
1422 1389 1576 1445 nobis
1621 1391 1802 1446 audita
1843 1389 2053 1445 fuisset.

461 1479 604 1534 Vere
633 1495 737 1534 non
770 1479 1004 1546 volentis,
1053 1498 1216 1552 neque
1254 1483 1512 1536 currentis
1537 1524 1552 1548 ,
1599 1483 1710 1550 sed,
1755 1483 2054 1538 secundum

457 1570 802 1640 Apostolum,
852 1572 1144 1627 miserantis
1183 1583 1258 1628 est
1293 1573 1392 1628 Dei
1426 1573 1599 1642 (Rom.
1641 1590 1730 1640 rx,
1769 1574 1856 1645 lb')
1888 1589 1902 1628 :
1938 1575 2052 1644 qui,

459 1669 604 1717 teste
651 1663 908 1728 Daniele,
961 1674 1127 1718 mutat
1180 1675 1413 1735 tempora
1464 1675 1513 1720 et
1561 1665 2055 1734 wtatesuransfert

460 1770 622 1824 regna
640 1764 795 1825 atque
818 1757 1086 1814 constituit
1103 1773 1121 1819 ;
1139 1755 1331 1810 revelat
1348 1757 1634 1827 profunda,
1652 1767 1699 1810 et
1723 1756 2052 1819 abscondita,

2164 577 2284 622 ctos
2308 581 2412 622 non
2435 565 2601 623 habet
2632 575 2690 622 ut
2709 580 2918 632 servos,
2947 566 3045 620 sed
3073 574 3132 620 ut
3182 563 3324 620 filios
3351 565 3581 635 suscipit
3622 565 3752 620 uni-

2160 676 2372 726 versos,
2397 659 2643 715 subditos
2665 673 2787 715 esse
2815 645 3105 715 ostendere
3128 698 3144 724 ,
3185 666 3349 728 atque
3385 657 3439 712 in
3473 656 3752 712 catholica

2160 752 2287 815 fide,
2311 751 2624 821 Christique
2651 751 2864 806 Domini
2887 766 2952 806 ac
2975 750 3274 806 Salvatoris
3290 749 3464 806 nostri
3485 748 3755 820 religione

2160 845 2390 900 ﬁrmiter
2437 859 2829 914 perseverare,
2891 844 3245 914 eamdemque
3284 857 3630 914 promovere.
3681 843 3754 898 Et

2160 939 2285 1008 quia
2318 937 2576 993 nobilitas
2601 947 2689 991 tua
2737 936 3106 1006 apostolorum
3136 931 3362 1006 gloriam
3401 935 3710 992 :emulando
3732 975 3750 1000 ,

2161 1030 2516 1100 apostolicum
2550 1043 2750 1084 munus
2788 1028 3065 1084 Christum
3095 1028 3480 1100 praedicando,
3522 1027 3755 1098 ejusque

2157 1122 2320 1176 ﬁdem
2351 1119 2696 1191 propagando
2719 1133 2909 1190 gerere
2933 1133 3039 1175 non
3061 1129 3147 1174 est
3167 1119 3480 1190 dedignata,
3501 1126 3754 1173 nostras-

2157 1229 2281 1284 quc,
2325 1222 2380 1267 et
2423 1212 2716 1268 sacerdotii
2763 1212 2910 1267 vices
2939 1253 2955 1277 ,
3005 1211 3260 1283 supplere
3299 1210 3504 1266 studuit
3535 1251 3551 1272 ,
3581 1219 3753 1279 atque

2157 1302 2527 1374 apostolorum
2558 1301 2859 1374 principem
2889 1317 2997 1371 pra:
3018 1301 3230 1358 czeteris
3269 1298 3622 1371 singulariter
3651 1300 3752 1354 lm-

2157 1411 2394 1460 norare;
2425 1394 2632 1450 ideirco
2679 1403 2736 1449 et
2785 1409 2885 1448 nos
2913 1392 3171 1464 singulari
3203 1391 3426 1462 insuper
3461 1388 3752 1460 privilegio

2157 1488 2539 1543 excellentiam
2588 1496 2736 1541 tuam
2797 1495 3123 1554 tuorumque
3170 1483 3488 1538 meritorum
3547 1480 3749 1536 intuitu

2158 1579 2435 1643 haeredes,
2480 1593 2544 1633 ac
2582 1591 2928 1633 successores
2957 1583 3079 1630 tuos
3107 1573 3410 1644 legitimos,
3439 1572 3568 1643 qui,
3605 1571 3754 1627 sicut

2157 1675 2361 1730 dictum
2387 1682 2490 1739 est,
2527 1673 2683 1729 electi
2712 1683 2876 1741 atque
2909 1687 2939 1725 a
2971 1670 3099 1726 sede
3128 1669 3428 1739 apostolica
3457 1667 3750 1738 approbati

2158 1765 2392 1829 fuerint,
2433 1779 2580 1820 nunc
2607 1773 2661 1818 et
2696 1762 2972 1834 perpetuis
3008 1761 3206 1816 futuris
3247 1759 3585 1830 temporibus
3618 1775 3751 1814 con-

461 1855 510 1898 et
538 1847 677 1900 novit
708 1849 762 1901 in
806 1849 1031 1902 tenebris
1063 1849 1348 1902 constituta
1370 1848 1533 1919 (Dan.
1561 1864 1619 1914 ll,
1646 1849 1740 1914 2t,
1771 1847 1889 1919 22),
1929 1848 2053 1916 quia
2087 1842 2134 1902 Β
2163 1858 2422 1912 decorare
2449 1855 2730 1926 cupientes
2754 1895 2768 1919 ,
2811 1863 2869 1908 ut
2909 1862 3193 1922 postquam
3249 1860 3325 1918 tu,
3354 1859 3408 1905 et
3439 1850 3513 1904 illi
3543 1864 3750 1905 corona

461 1937 553 1991 lux
585 1955 706 1993 cmn
735 1955 800 1995 eo
829 1949 933 2004 cst,
965 1957 1104 2011 quw,
1138 1942 1278 1995 sicut
1299 1942 1457 1997 docet
1488 1940 1754 2004 Joannes,
1784 1940 2050 1994 iltuminat

460 2045 666 2084 onmem
707 2031 969 2086 hominem
994 2032 1278 2086 venientem
1321 2032 1376 2086 in
1406 2033 1543 2088 hunc
1584 2039 1840 2086 mundum
1865 2031 2045 2103 (Joan.

457 2137 500 2186 ι,
530 2118 604 2191 9)-
636 2121 876 2176 Primum
906 2136 1036 2193 ergo
1077 2123 1285 2192 gratias
1307 2122 1519 2194 agimus
1552 2123 1659 2177 Deo
1682 2121 1830 2180 Patri
1866 2131 1921 2176 et
1944 2121 2051 2176 Do-

459 2213 610 2268 mino
652 2221 838 2270 nostro
875 2212 1004 2270 Jcsu
1050 2213 1270 2270 Christo
1296 2255 1311 2276 ,
1354 2214 1446 2284 qui
1481 2215 1816 2284 temporibus
1845 2214 2048 2269 nostris

457 2303 670 2358 invenit
703 2304 806 2360 sibi
846 2305 1016 2362 David
1051 2305 1222 2361 tilium
1267 2307 1492 2378 Geysaz,
1536 2307 1811 2362 hominem
1854 2322 2050 2371 secun-

458 2395 588 2449 dum
615 2411 712 2451 cor
738 2412 918 2464 suum,
940 2407 995 2452 et
1028 2397 1147 2454 luce
1176 2399 1496 2456 irradiatum
1528 2398 1735 2454 caelesti
1764 2399 2048 2454 suscitavit

458 2484 612 2546 illum
643 2501 872 2558 pascere
920 2487 1087 2544 lsrael
1124 2489 1380 2559 populum
1424 2504 1603 2551 suum,
1646 2489 1873 2545 electam
1917 2505 2048 2560 gen-

458 2589 571 2632 tem
610 2577 975 2651 Ungarorum.
1016 2579 1220 2636 Deinde
1263 2581 1546 2637 laudamus
1574 2580 1830 2650 pietatem
1877 2578 2046 2634 subli-

456 2669 668 2725 mitatis
721 2679 827 2725 tua:
877 2670 932 2724 in
971 2670 1141 2727 Deum
1173 2681 1227 2726 et
1281 2671 1645 2726 reverentiam
1689 2685 1817 2742 erga
1861 2670 2046 2726 sedem

456 2761 834 2832 apostolicam,
865 2762 973 2828 cui,
1001 2763 1181 2818 divina
1207 2763 1447 2832 patiente
1476 2762 1870 2828 misericordia,
1901 2761 2046 2816 nullo

458 2852 782 2908 meritorum
820 2861 1132 2908 nostrorum
1172 2852 1431 2925 sudragio
1475 2853 1847 2924 pmsidemus.
1895 2852 2047 2908 Tunc

454 2961 590 3002 vero
627 2946 938 3019 largitatem
976 2947 1321 3003 liberalitatis
1349 2987 1364 3014 ,
1401 2963 1507 3018 qua
1534 2947 1597 3004 B.
1633 2947 1796 3002 Petro
1831 2958 2048 3017 aposto-

452 3038 632 3094 lorum
661 3039 894 3109 principi
923 3053 1148 3110 regnum
1175 3080 1190 3106 ,
1232 3053 1298 3094 ac
1349 3048 1566 3109 gentem
1623 3037 1777 3108 cujus
1815 3039 1920 3093 dux
1953 3054 2041 3100 es.

459 3135 766 3198 Cunctaque
809 3137 902 3185 tua
943 3144 1007 3184 ac
1053 3129 1286 3200 teipsum
1333 3143 1433 3199 per
1487 3129 1706 3183 eosdem
1742 3128 1949 3199 legatos
1991 3136 2047 3182 et

2155 1961 2317 2017 quam
2343 1945 2632 2010 mittimus,
2667 1943 2771 1998 rite
2791 1941 2945 2012 qula
2974 1940 3263 1998 formulam
3289 1939 3481 2012 legatis
3513 1940 3621 1994 tuis
3645 1948 3750 1993 trav

2153 2035 2323 2092 ditam
2369 2043 2681 2094 coronatus.
2716 2033 2798 2087 vel
2827 2031 3093 2096 coronati,
3123 2029 3446 2085 exstiteritis
3468 2069 3484 2094 ,
3526 2043 3745 2084 erucem

2153 2139 2278 2184 ante
2315 2143 2395 2195 se,
2434 2127 2772 2198 apostolatus
2826 2126 3057 2196 insigne,
3095 2133 3310 2196 gestare
3350 2122 3533 2179 facere
3569 2123 3747 2192 possis

2149 2235 2207 2280 et
2231 2225 2616 2293 valeas,atque
2653 2222 2724 2277 illi
2758 2222 2966 2292 possint
2992 2220 3346 2291 valeantque;
3371 2229 3425 2275 et
3445 2221 3747 2275 secundum

2150 2317 2296 2388 quod
2337 2317 2518 2371 divina
2563 2315 2734 2387 gratia
2782 2324 2834 2368 te
2871 2323 2927 2369 ct
2976 2313 3098 2370 illos
3140 2313 3388 2369 docuerit
3424 2312 3700 2368 Ecclesias
3725 2354 3744 2380 ,

2150 2405 2302 2476 regni
2355 2390 2758 2476 tui‘praescntes
2803 2411 2858 2458 et
2890 2403 3102 2458 futuras
3130 2411 3314 2459 nostra
3344 2416 3410 2458 ac
3456 2417 3742 2458 successo-

2150 2512 2272 2556 rum
2337 2503 2649 2550 nostrorum
2719 2495 2840 2549 vice
2904 2492 3194 2562 disponere
3258 2501 3424 2562 atque
3485 2493 3745 2548 ordinare

2149 2593 2447 2664 apostolica
2491 2591 2818 2649 auctoritate
2866 2590 3120 2644 similiter
3148 2589 3520 2646 concessimus
3543 2630 3559 2654 ,
3593 2589 3744 2644 volu-

2151 2701 2272 2741 mus
2299 2695 2355 2740 ct
2393 2699 2667 2754 rogamus,
2697 2681 2839 2736 sicut
2861 2681 2914 2734 in
2950 2680 3073 2735 aliis
3101 2679 3318 2745 litteris,
3347 2694 3484 2750 quas
3516 2680 3567 2733 in
3599 2695 3745 2734 (δοκη-

2147 2776 2297 2832 muni
2323 2775 2390 2830 ad
2417 2784 2492 2839 te,
2523 2775 2923 2846 optimatesque
2951 2771 3125 2842 regni,
3158 2779 3212 2825 et
3240 2781 3493 2827 cunctum
3523 2770 3741 2828 tidelent

2148 2869 2403 2940 populum
2431 2883 2527 2938 per
2567 2866 2816 2921 nuntium
2853 2875 3098 2920 nostrum
3126 2904 3141 2930 ,
3172 2877 3332 2933 quem
3361 2863 3428 2916 ad
3459 2872 3509 2917 te
3545 2862 3740 2932 dirigia

2149 2977 2293 3027 mus,
2324 2957 2633 3013 deferendis
2683 2957 2897 3028 plenius
2931 2957 3044 3013 hinc
3079 2956 3260 3010 omnia
3291 2954 3562 3025 explicata
3605 2969 3740 3009 conc

2151 3051 2414 3108 tinentur.
2454 3048 2684 3104 Oramus
2729 3047 3156 3116 omnipotentem
3188 3044 3402 3110 Deum,
3443 3044 3536 3114 qui
3573 3052 3626 3100 te
3676 3044 3743 3099 de

2150 3152 2307 3198 utero
2339 3141 2530 3197 matris
2559 3151 2662 3195 tua:
2690 3139 2906 3194 vocavit
2927 3139 3148 3193 nomine
3177 3148 3270 3192 tuo
3315 3139 3383 3194 ad
3410 3154 3640 3209 regnum
3688 3149 3744 3196 ct

453 3218 674 3280 litteras
717 3229 1038 3291 perpetuum
1069 3221 1330 3276 obtulisse
1384 3222 1547 3292 digno
1581 3222 1853 3290 prteconio
1893 3234 2042 3274 com-

2151 3251 2440 3300 coronam,
2479 3236 2682 3306 quique
2730 3234 3012 3298 diadema,
3056 3235 3199 3303 quod
3243 3233 3364 3290 duci
3408 3234 3739 3290 Polonorum

455 3311 799 3374 mendant‘us.
838 3313 954 3368 Hoc
992 3313 1136 3367 enim
1179 3313 1322 3371 facto
1350 3313 1570 3384 egregio
1602 3320 1789 3380 aperte
1817 3318 2046 3366 testatus

457 3419 538 3468 es,
583 3414 637 3460 et
679 3421 870 3462 revera
917 3406 1081 3462 talem
1123 3416 1174 3460 te
1210 3406 1406 3462 merito
1445 3420 1566 3461 esse
1612 3403 2040 3468 demonstrasti,

461 3498 678 3566 qualem
727 3507 785 3554 ut
825 3515 924 3554 nos
977 3510 1028 3554 te
1063 3498 1343 3554 declarare
1400 3498 1753 3568 dignarcmur
1804 3496 2044 3551 studiose

457 3587 790 3654 expetivisti.
816 3587 925 3644 Sed
949 3589 1240 3658 parcimus.
1276 3587 1461 3658 Neque
1487 3588 1632 3643 enim
1667 3600 1889 3642 necesse
1914 3594 2000 3640 est
2025 3625 2040 3652 ,

464 3688 528 3733 ut
566 3693 728 3748 quem
781 3687 862 3735 tot
911 3695 977 3736 ac
1021 3679 1148 3735 talia
1199 3679 1459 3748 prteclara
1493 3693 1594 3750 pro
1635 3678 1853 3735 Christo
1893 3687 2044 3748 gesta

454 3771 702 3828 facinora
731 3786 863 3826 voce
901 3771 1112 3842 publica
1141 3771 1405 3835 clamant,
1443 3785 1717 3842 quemque
1746 3771 1889 3826 Deus
1928 3771 2044 3840 ipse

453 3862 824 3930 commendat,
882 3861 1113 3934 amplius
1159 3862 1625 3918 commendemus.
1679 3862 1900 3929 Quare,
1931 3862 2043 3932 glo-

451 3953 599 4009 riose
626 3951 699 4008 liti
731 3995 744 4019 ,
775 3961 969 4009 cuncta
1003 3968 1033 4011 a
1058 3952 1213 4014 nobis
1259 3963 1315 4010 et
1362 3954 1492 4010 sede
1519 3954 1815 4025 apostolica
1855 3963 2043 4023 postu-

448 4040 597 4108 lata,
650 4043 899 4099 diadema
951 4058 1255 4116 nomenque
1314 4044 1569 4114 regium,
1610 4043 2038 4114 Strigoniensem

449 4143 702 4203 ιυριιόρο
727 4134 797 4188 im
844 4143 900 4192 ct
946 4119 1184 4204 reliquos
1229 4134 1612 4204 episcopatus,
1648 4133 2040 4205 omnipotentis

449 4225 550 4280 Dei
583 4241 646 4280 ac
681 4226 964 4281 beatorum
1007 4225 1152 4280 Petri
1201 4233 1255 4280 et
1292 4225 1444 4284 Pauli
1491 4226 1892 4297 apostolorum,
1919 4224 2038 4293 ejus

452 4316 782 4374 auctoritate
823 4323 1192 4385 praemonente
1217 4354 1231 4377 ,
1285 4325 1448 4384 atque
1480 4319 1551 4369 ita
1584 4315 1808 4383 jubcnto
1845 4315 2036 4372 eodem

451 4411 823 4481 omnipotente
869 4411 980 4466 Deo
1011 4452 1025 4476 ,
1059 4425 1180 4465 cum
1213 4412 1504 4480 apostolica
1553 4421 1609 4468 et
1649 4422 1831 4467 nostra
1874 4413 2038 4468 bene.

451 4504 691 4559 dictione
717 4544 732 4568 ,
781 4503 1013 4558 libenter
1042 4503 1433 4568 concessimus,
1474 4504 1820 4558 concedimus
1853 4514 1908 4558 et
1935 4505 2036 4558 im—

2145 3326 2453 3384 confectum
2486 3341 2584 3395 per
2618 3341 2718 3380 nos
2753 3324 2957 3391 fuerat,
3001 3325 3095 3380 tibi
3142 3325 3377 3380 dandum
3424 3327 3738 3393 mandavit,

2145 3427 2342 3488 augeat
2386 3418 2724 3473 incrementa
2779 3417 2996 3487 frugum
3031 3415 3260 3486 justitize
3301 3431 3440 3482 sure;
3498 3418 3741 3472 novellas

2143 3509 2357 3579 plantas
2389 3523 2516 3564 suas
2560 3508 2712 3578 regni
2747 3507 2821 3562 tui
2853 3523 2978 3562 rore
3031 3523 3142 3562 sua:
3175 3507 3570 3563 benedictionis
3614 3523 3740 3578 per-

2143 3602 2335 3656 fundat
2388 3601 2659 3672 largiter:
2712 3588 2938 3670 regnum
2997 3609 3147 3653 tuum
3203 3600 3338 3663 tibi,
3375 3608 3537 3668 teque
3568 3616 3738 3671 regno

2142 3704 2324 3750 servet
2354 3693 2676 3749 incolumem
2707 3709 2720 3746 :
2751 3692 2819 3747 ab
2848 3692 3092 3748 hostibus
3140 3691 3441 3747 visibilibus
3464 3702 3518 3746 et
3549 3693 3735 3748 invisi~

2141 3787 2340 3842 bilibus
2370 3794 2648 3856 protegat;
2694 3800 2758 3839 ac
2795 3794 2917 3854 post
2945 3785 3144 3838 terreni
3175 3789 3326 3854 regni
3369 3784 3650 3841 molestias
3683 3787 3737 3844 in

2141 3879 2350 3935 cwlesti
2379 3893 2542 3948 regno
2573 3891 2770 3932 corona
2801 3877 3030 3929 adornet
3051 3884 3276 3930 mterna.

2214 3972 2348 4024 Data
2394 3969 2582 4025 Romae
2620 3983 2671 4023 vt
2730 3966 2848 4022 Kal.
2903 3967 3074 4038 April.
3103 4006 3118 4033 ,
3175 3966 3471 4023 indictione
3519 3967 3733 4024 decima

2143 4063 2323 4118 tertia.

2889 4129 2977 4186 Vl.

2143 4224 2381 4296 Epistola
2425 4221 2662 4296 Silrestri
2706 4221 2768 4275 II
2804 4237 2954 4296 paper
2993 4222 3061 4273 ad
3127 4220 3434 4289 Darferium
3486 4222 3730 4281 comitem

2566 4295 2777 4365 ejusque
2808 4292 2946 4361 ﬁlios
2983 4302 3028 4344 et
3067 4302 3295 4360 nepotes.

2737 4385 2916 4454 (Anno
2965 4381 3114 4452 999.)

2427 4498 2758 4571 [Contatore,
2798 4495 2941 4552 Hist.
2980 4476 3271 4558 Terracin.,
3311 4492 3427 4565 41.1

453 4595 734 4668 pertimur.
788 4591 1036 4664 Regnum
1079 4607 1295 4661 quoque
1332 4606 1364 4648 a
1413 4592 1780 4648 munificentia
1835 4603 1924 4648 tua
1974 4595 2030 4649 S.
2066 4578 2117 4638 ι)
2214 4592 2460 4648 Darferio
2488 4589 2672 4645 comiti
2696 4589 2920 4659 ejusque
2949 4586 3072 4641 [iliis
3118 4595 3171 4640 et
3203 4585 3514 4654 nepotibus,
3549 4603 3569 4636 ‹
3609 4602 3727 4640 ma-

449 4688 614 4744 Pctro
651 4687 917 4751 oblatum,
949 4693 1109 4754 teque
1140 4701 1244 4739 una
1275 4699 1339 4740 ac
1383 4693 1596 4755 gentem
1625 4725 1640 4748 ,
1674 4694 1725 4738 et
1759 4685 2030 4740 nationem

452 4778 777 4851 Ungarieam
813 4784 1135 4846 prazsentem
1176 4784 1231 4832 et
1279 4775 1548 4842 futuram,
1595 4777 1694 4830 sub
1743 4778 2032 4846 protectio-

449 4889 576 4934 nem
609 4870 667 4926 S.
717 4869 974 4927 Romanae
1012 4867 1267 4924 Ecclesia:
1311 4877 1682 4938 acceptantes,
1727 4867 2030 4937 prudentire

447 4977 578 5032 tuae,
613 4961 920 5018 haeredibus
943 4975 1008 5014 ac
1039 4958 1296 5028 legitimis
1327 4960 1733 5016 successoribus
1765 4960 1900 5025 tuis,
1935 4958 2029 5012 ha-

445 5054 714 5118 bendum,
762 5051 1088 5113 tenendum,
1142 5051 1463 5120 regendum,
1503 5051 1910 5120 gubernandum
1965 5065 2030 5106 ac

447 5144 836 5180 nnchanA-um
865 5143 1144 5182 rathlimnc
1178 5153 1226 5182 nl
1289 5141 1644 5184 nnnfprimuc-
1673 5140 1774 5184 nni
1810 5142 2026 5186 nllidmn

2141 4687 2286 4744 xime
2313 4684 2383 4739 ob
2413 4682 2648 4737 militare
2676 4678 2998 4748 obsequium
3041 4695 3062 4729 ι
3099 4676 3199 4731 sibi
3245 4676 3599 4745 promissum,
3631 4677 3728 4731 tri-

2139 4778 2258 4833 buit
2299 4795 2316 4826 ι
2353 4773 2572 4828 nomine
2594 4769 2844 4826 beneficii
2869 4769 3146 4822 civitatem
3177 4766 3518 4835 superiorem
3561 4779 3619 4822 et
3649 4769 3728 4822 in.

2137 4868 2564 4934 feriorem,~qua:
2592 4870 2816 4918 vocatur
2851 4857 3164 4922 Terracina,
3215 4873 3337 4913 cum
3367 4857 3516 4912 omni
3545 4859 3728 4912 distri-

2138 4959 2319 5014 ctione
2382 4970 2478 5010 sua
2523 4963 2687 5021 atque
2733 4950 2990 5006 comitatu
3043 4947 3447 5003 Terracinensi.
3496 4967 3516 4999 ι
3593 4967 3611 5000 ‹
3663 4948 3726 5004 Et

2133 5051 2408 5124 quoniam,
2451 5067 2468 5098 ι
2505 5047 2699 5119 inquit,
2734 5063 2753 5096 ι
2788 5051 2991 5099 sancta:
3020 5041 3278 5100 Romana:
3302 5041 3560 5097 Ecclesia:
3587 5057 3721 5112 ponc

2131 5145 2304 5186 ιὶίερρς
2333 5141 2550 5186 nomine
2588 5137 2866 5186 nensionis
2899 5149 2994 5186 ner
3021 5144 3200 5186 certas
3253 5133 3584 5186 indictiones
3612 5135 3722 5186 haec
