3948 5350
177 308 290 372 2??

871 311 1112 370 SECTIO
1141 313 1211 370 ll.
1248 344 1317 354 —
1351 313 1710 370 EPISTOLJS
1747 314 1834 370 ET
1873 313 2263 372 DlPLOMATA
2309 317 2718 378 PONTlFlCH.

3361 332 3471 386 371*

179 425 307 481 qum
341 402 608 480 pernam}
659 417 863 462 nostrce
895 409 1274 479 pra‘eeptionis
1303 410 1555 479 paginam
1586 425 1782 465 concc-
1812 411 1854 468 Α
1887 409 2212 478 suhjaccbis,
2249 420 2303 464 et
2341 411 2407 466 de
2447 414 2688 468 absentia
2733 414 2872 468 nihil
2897 414 3211 474 lucraberis.
3254 419 3472 477 \iarum

179 505 366 558 dirnns
396 502 499 556 sub
528 501 749 555 nomine
789 500 1061 565 beneﬁcii,
1117 509 1173 555 et
1219 501 1486 572 stipendia
1526 502 1780 556 militaria

179 603 341 657 sunt;
377 595 482 647 hoc
511 591 712 662 quippe
755 607 925 660 genus
956 592 1232 662 pensionis
1264 593 1485 662 dignum
1509 593 1778 657 ducinms,

179 697 240 738 et
281 683 485 738 milites
508 683 562 737 in
597 697 729 753 pace
784 682 1067 752 obsequio,
1096 683 1147 736 in
1174 682 1314 737 bello
1349 683 1518 737 armis
1561 698 1657 752 pro
1687 682 1784 736 bo-

183 787 319 828 nore
349 783 404 827 et
434 774 614 829 salute
643 783 848 828 sanctae
879 773 1139 828 Romamn
1180 773 1436 829 Ecclesiae
1481 775 1780 829 decertent.

184 863 295 918 Sed
333 880 405 918 ne
434 880 528 920 res
583 863 965 919 ecclesiastica:
1009 864 1063 918 in
1111 865 1512 934 possessionem
1550 864 1632 918 vel
1657 880 1782 934 pro-

180 957 479 1026 prietatem
534 956 766 1024 alicujus
822 956 1058 1010 transire
1119 956 1350 1026 possint,
1410 955 1508 1010 sub
1569 956 1787 1010 nomine

179 1048 470 1120 pensionis
497 1048 566 1102 ab
602 1047 703 1102 hac
730 1047 984 1116 priesenti
1018 1056 1210 1116 quarta
1257 1046 1464 1101 decima
1493 1046 1787 1101 indictione

181 1140 601 1206 constituimus,
634 1148 695 1193 ut
722 1139 1039 1194 actionariis
1078 1147 1281 1193 sancta:
1307 1137 1566 1194 Romana:
1590 1138 1782 1193 Eccle-

181 1229 279 1284 size
308 1238 422 1283 tres
462 1229 584 1284 auri
627 1229 787 1284 solidi
846 1229 1246 1300 persolvantur,
1298 1227 1353 1283 id
1401 1237 1484 1284 est
1514 1229 1569 1283 in
1600 1241 1786 1283 mense

183 1316 474 1375 Januario.
530 1338 554 1373 ι

937 1389 1048 1472 vn.

182 1479 430 1549 Epistola
483 1482 728 1539 Silveslri
769 1501 919 1554 papw
947 1483 1010 1538 11
1048 1486 1116 1538 ad
1153 1485 1424 1538 Azch’num
1465 1482 1788 1537 Laudtmert-

249 1569 362 1604 sem
388 1555 715 1622 episcopum.
739 1584 808 1594 —
835 1555 1017 1623 Ipsum
1046 1557 1110 1608 de
1145 1557 1320 1608 multis
1351 1557 1658 1609 criminibus
1693 1571 1783 1608 uc-

250 1634 499 1678 cusatum
525 1625 598 1678 ad
626 1626 921 1694 proximam
949 1626 1205 1696 synodum
1237 1626 1413 1682 Roma:
1443 1637 1640 1682 evocat.

791 1716 971 1783 (Anno
1011 1716 1180 1786 1001)

325 1803 511 1877 [Apud
543 1805 716 1861 Mansi
747 1805 974 1872 (.‘oncil.,
1011 1815 1142 1861 tom.
1174 1787 1314 1870 XN,
1351 1805 1452 1862 col.
1485 1805 1637 1877 2l|.]

251 1895 563 1952 StLvssnzn
585 1898 897 1968 episcopus.
929 1912 1120 1953 servus
1173 1913 1452 1954 servorum
1487 1899 1612 1964 Dei,
1649 1899 1786 1954 Ale-

180 2004 308 2044 Lmo
339 1987 466 2060 [al.,
494 1987 799 2060 Ascelinio]
830 1987 1197 2043 Laudunensi.

251 2077 439 2148 Super
483 2079 660 2136 salute
697 2090 750 2133 et
782 2079 1078 2150 apostolica
1119 2079 1497 2136 benedictione
1536 2079 1668 2134 nihil
1706 2089 1790 2136 est

174 2169 331 2239 quod
363 2169 623 2224 admirari
659 2171 868 2240 possis,
901 2171 1189 2239 quoniam,
1231 2171 1330 2225 sub
1360 2169 1654 2240 pontificali
1695 2187 1791 2224 no»

181 2260 336 2315 mine
384 2260 550 2315 homo
597 2261 764 2314 etiam
815 2261 1058 2317 moribus
1098 2276 1220 2317 esse
1268 2261 1496 2316 desiisti.
1549 2259 1606 2316 Si
1658 2260 1791 2316 fides

181 2351 482 2405 mortalem
515 2351 629 2405 Deo
660 2351 865 2416 sociat,
901 2352 1127 2422 perfidia
1160 2352 1511 2408 nihilominus
1549 2353 1789 2407 rationa-

182 2439 349 2496 bilem
383 2441 563 2496 brutis
600 2442 928 2497 animalibus
967 2452 1164 2513 zequat.
1197 2442 1331 2497 Cum
1377 2444 1479 2498 hoc
1526 2451 1696 2498 totum
1739 2452 1792 2499 te

183 2548 380 2602 sapere
419 2542 671 2596 constet,
704 2534 1056 2590 vehementer
1099 2535 1432 2589 admiramur
1462 2534 1699 2589 nativam
1741 2543 1791 2590 te

185 2625 563 2680 conditionem
598 2626 911 2694 reliquisse,
953 2634 1009 2682 et
1037 2642 1174 2680 nova
1213 2635 1269 2680 et
1309 2625 1551 2680 inaudita
1585 2625 1787 2680 scelera

175 2717 546 2773 inhumanius
592 2726 956 2789 perpetrasse.
999 2717 1240 2788 Epistula
1285 2718 1428 2788 regis
1471 2716 1691 2771 Roberti
1737 2727 1791 2772 et

191 2825 422 2864 suorum
449 2809 788 2878 pontificum,
814 2809 1126 2880 apostolicis
1146 2819 1202 2865 et
1224 2809 1592 2880 imperialibus
1611 2809 1791 2864 oblata

186 2911 267 2956 est
295 2902 591 2965 manibus,
620 2917 740 2973 qua:
767 2912 815 2956 te
841 2918 1024 2958 coram
1050 2901 1304 2958 universo
1332 2903 1477 2958 clero
1503 2918 1566 2957 ac
1594 2901 1791 2974 popqu

187 2990 270 3046 his
292 2993 538 3062 publicis
564 3003 782 3048 accusat
799 2992 1136 3048 criminibus.
1159 2994 1241 3048 Ad
1264 2994 1525 3064 synodum
1549 2993 1791 3048 habitam

177 3083 534 3153 'Compendio
572 3100 697 3140 cum
728 3100 758 3138 a
799 3085 1051 3141 Remensi
1089 3094 1144 3140 et
1181 3084 1482 3140 Turonensi
1522 3086 1790 3155 archiepi-

183 3175 366 3244 scopis
397 3175 724 3244 ueterisque
759 3175 1122 3233 conl'ratribus
1157 3177 1414 3232 invitatus
1449 3177 1616 3232 fueris
1641 3217 1657 3244 ,
1697 3193 1788 3234 ac-

191 3266 362 3334 ceptis
402 3281 433 3319 a
471 3266 799 3335 quibusdam
841 3282 1025 3322 eorum
1069 3279 1124 3324 et
1167 3267 1397 3323 aliorum
1437 3271 1791 3326 sacramentis

192 3375 287 3429 pro
332 3361 467 3414 vita:
518 3359 886 3416 membrorum
934 3369 1098 3430 atque
1141 3363 1411 3432 captionis
1455 3363 1786 3428 securitate,

197 3452 420 3507 tandem
449 3452 668 3507 venisse
691 3452 886 3508 diceris
913 3470 926 3507 :
951 3452 1266 3524 synodalem
1292 3453 1637 3509 severitatem
1665 3469 1788 3510 cum

197 3538 523 3614 tibimetipsi
557 3544 808 3600 conscius
845 3546 1040 3600 merito
1076 3545 1556 3616 perhorresceres,
1587 3546 1654 3601 ad
1691 3546 1793 3600 mi-

193 3636 512 3690 sericordia:
561 3650 790 3706 preces,
840 3636 1029 3692 eadem
1077 3636 1303 3706 cpistola
1355 3645 1527 3702 teste,
1579 3637 1790 3692 venisti.

193 3729 434 3800 Legibus
477 3738 530 3784 te
571 3744 676 3783 non
715 3744 874 3799 posse
912 3729 1140 3800 objectis
1178 3730 1504 3799 respondere
1560 3729 1792 3786 manife-

194 3823 388 3886 stasti,
420 3821 700 3875 dominum
738 3829 885 3875 tuum
927 3837 1108 3889 regem
1145 3819 1434 3876 oll'endisse
1472 3831 1522 3875 te
1555 3837 1659 3875 non
1698 3835 1793 3874 ne-

195 3912 353 3984 gasti.
389 3911 786 3982 lmlnlgentiam
825 3913 1199 3968 tantummodo
1236 3912 1516 3984 posmlans
1543 3928 1640 3982 per
1675 3913 1795 3966 uni-

196 4019 412 4061 versam
450 4004 753 4074 synodum,
792 4007 935 4076 regis
962 4007 1192 4076 gratiam
1226 4006 1504 4060 innovatis
1541 4005 1794 4076 perjuriis

198 4094 508 4150 obtinuisti.
534 4094 686 4149 Datis
705 4095 1004 4159 obsidibus,
1032 4095 1416 4149 archidiacono
1447 4095 1655 4149 scilicet
1679 4102 1791 4160 tuo,

195 4197 250 4243 et
275 4188 458 4241 altero
485 4186 661 4240 milite
681 4228 696 4250 ,
733 4195 910 4241 turres
939 4186 1184 4241 Lauduni
1221 4197 1270 4242 te
1307 4188 1643 4242 redditurum
1674 4203 1798 4256 pro-

199 4279 418 4333 misisti.
448 4275 767 4346 Magistrum
803 4286 949 4331 tuum
979 4277 1301 4333 Remensem
1329 4277 1794 4348 archiepiscopum

199 4385 295 4439 pro
329 4368 673 4438 accipiendis
704 4369 941 4424 turribus
975 4370 1076 4424 sub
1101 4367 1253 4424 Judte
1279 4369 1460 4439 specie
1487 4380 1663 4424 tecum
1701 4369 1796 4424 du-

200 4475 366 4521 cens,
407 4473 609 4527 capere
652 4458 866 4514 voluisti
907 4477 920 4513 :
964 4475 1153 4516 carcer
1189 4461 1386 4532 quippe
1430 4470 1748 4516 exeterorum
1775 4503 1788 4525 ,
1821 4500 1874 4560 Β

200 4547 411 4602 fraudis
442 4549 497 4602 in
525 4562 650 4602 eum
677 4559 948 4620 concepta:
972 4551 1174 4621 detegit
1200 4551 1403 4606 dolum.
1437 4551 1480 4608 0
1512 4551 1648 4605 .luda
1681 4568 1794 4606 ma-

193 4640 357 4711 gistri
390 4639 754 4710 proditionem
783 4643 1067 4708 innovans,
1095 4655 1150 4698 et
1181 4645 1543 4714 pontificalem
1569 4645 1792 4714 gloriam

201 4731 412 4786 nostris
456 4731 785 4800 temporibus
826 4732 1150 4802 deturpans!
1186 4733 1318 4789 Cum
1363 4734 1675 4802 magistrum
1710 4748 1800 4786 ar-

203 4822 616 4892 chiepiscopum
649 4822 858 4877 tradere
883 4822 1043 4887 velis,
1076 4823 1296 4878 domino
1329 4823 1439 4892 regi
1471 4839 1575 4877 non
1607 4838 1797 4892 parce-

205 4925 295 4966 res
313 4952 336 4984 ,η
361 4911 410 4965 si
446 4925 654 4980 posses.
683 4910 740 4964 In
775 4926 994 4968 carcere
1026 4921 1177 4967 tenes
1216 4912 1441 4966 traditos
1477 4911 1706 4976 milites,
1743 4921 1798 4966 et

195 4998 475 5055 fefellisse
517 5015 621 5054 non
647 4999 851 5056 vereris
882 5016 1084 5070 regem.
1131 4999 1520 5056 Exorationnm
1556 4999 1801 5070 epistolis

209 5089 428 5160 quoties
466 5098 519 5144 te
553 5092 887 5154 monuimus,
927 5101 980 5147 et
1023 5093 1092 5148 ab
1123 5093 1207 5148 his
1234 5089 1492 5163 periculis
1529 5105 1720 5145 eruere
1748 5101 1800 5145 te

203 5180 626 5236 .desudavimus!
660 5182 764 5238 Sed
794 5183 1048 5252 quoniam
1091 5182 1420 5239 irruentibus
1452 5191 1795 5252 peccatorum

216 5271 448 5298 ngam-u':n
504 5280 555 5298 In
600 5287 842 5298 ΛΑι-σιο-ι-κι-
886 5275 1216 5298 ..Αριι.ξ--Ῐ-ι..--
1299 5274 1349 5298 2-1
1404 5274 1504 5298 [Α-
1549 5274 1790 5298 -η-ινυῖυ-ΑΑ

1886 501 2167 553 excusatio
2203 503 2348 556 nulla
2383 512 2435 557 te
2471 516 2705 574 premat,
2753 508 3006 576 quoniam
3039 511 3092 564 in
3141 511 3478 572 Lothariensi

1888 602 2055 658 regno
2088 590 2246 644 nnllre
2291 601 2340 645 te
2373 603 2594 648 manent
2636 596 2880 659 insidiae,
2923 597 3075 654 Italia
3111 617 3238 656 vero
3279 605 3478 660 nullam

1887 679 2171 750 praetendit
2209 681 2574 740 formidinem.
2611 685 2720 741 Nisi
2762 691 3006 760 corporis
3039 693 3279 749 molestia
3319 713 3472 752 occu-

1886 780 2043 840 patus
2083 772 2266 836 fueris,
2301 776 2457 830 aliter
2487 781 2768 833 excusatio
2795 784 2934 836 nulla
2976 799 3095 839 csse
3123 788 3340 855 poterit.
3375 790 3478 845 Sed

1889 870 2055 918 testes
2086 865 2333 921 mittendi
2369 880 2524 934 sunt,
2550 873 2639 940 qui
2673 881 2726 928 et
2757 883 2904 928 tmtm
2942 876 3254 947 languorem
3287 887 3457 938 contir

1889 967 2068 1021 ment,
2109 962 2518 1018 accusatoribus
2550 966 2655 1020 tuis
2684 967 3074 1044 respondeant,
3105 980 3160 1026 ct
3195 971 3402 1042 legibus
3431 985 3481 1030 te

1889 1061 2210 1122 expurgem.

2615 1149 2747 1203 Vlll.

1889 1230 2136 1290 Silvesler
2168 1235 2231 1289 Il
2261 1253 2396 1306 papa
2424 1236 2478 1293 S.
2509 1238 2827 1380 Urgegensis
2861 1244 3092 1300 ecclesia:
3123 1247 3257 1302 bona
3283 1260 3330 1304 et
3352 1251 3480 1321 jura

2545 1328 2640 1364 ron
2689 1324 2843 1367 rmat.

2545 1324 2843 1367 conﬁrmat.

2480 1422 2659 1492 (:‘tnno
2699 1426 2882 1496 1001.)

1892 1509 2291 1582 [Cocqnelines,
2309 1513 2790 1570 Bullarumsumm.
2821 1529 2965 1587 pom.
2985 1521 3219 1592 antpliss.
3241 1511 3436 1580 Cof-lect
3468 1570 3480 1588 ,

2582 1608 2621 1674 ι,
2655 1609 2805 1680 501.]

1964 1691 2274 1749 Svtvt-zsven
2314 1695 2624 1767 episcopus,
2650 1713 2841 1754 servus
2866 1715 3145 1756 servorum
3185 1703 3295 1765 Dei,
3330 1721 3476 1761 reve-

1818 1777 1860 1836 B
1893 1783 2204 1838 rentissimo
2226 1797 2426 1840 sanctae
2448 1787 2776 1858 Urgellensis
2799 1791 3051 1848 Ecclesia:
3075 1796 3330 1866 episcopo
3353 1799 3476 1851 tuis-

1890 1890 1996 1945 que
2027 1879 2435 1934 successoribus
2467 1881 2518 1934 in
2551 1893 2893 1953 perpetuum.

1964 1967 2322 2032 Desiderium,
2391 1972 2537 2040 quod
2610 1974 2984 2044 religiosorum
3064 1978 3478 2048 praepositorum

1890 2060 2235 2116 ordinatioae
2282 2071 2337 2117 et
2391 2073 2704 2118 sanctorum
2752 2066 2996 2121 locorum
3033 2070 3329 2126 stabilitate
3358 2087 3480 2142 per-

1892 2165 2115 2205 manere
2146 2163 2503 2219 monstratur,
2539 2155 2658 2211 sine
2685 2156 2865 2228 aliqua
2901 2168 2980 2212 est
3010 2159 3120 2214 Deo
3153 2171 3376 2217 auctore
3403 2163 3484 2218 di-

1893 2241 2096 2298 latione
2131 2245 2572 2312 sustentandum,
2632 2251 2934 2320 ctquotics
2986 2253 3038 2306 in
3085 2267 3198 2308 suae
3245 2255 3486 2311 utilitatis

1893 2335 2194 2389 commodis
2221 2345 2526 2392 nostrorum
2550 2355 2826 2406 assensus,
2859 2351 2914 2397 et
2946 2353 3150 2398 sanctm
3178 2345 3486 2414 apostolica

1893 2425 2234 2480 auctoritatis
2264 2428 2575 2497 exposcitur
2601 2432 2932 2500 praesidium,
2963 2434 3106 2488 ultro
3136 2436 3488 2507 benignitatis

1895 2515 2094 2571 intuitu
2124 2533 2222 2572 nos
2250 2522 2508 2576 convenit
2546 2524 2859 2590 subvenire,
2909 2534 2966 2581 et
2997 2527 3097 2580 rite
3144 2543 3245 2598 pro
3279 2529 3488 2601 integra

1895 2612 2190 2666 securitate
2217 2629 2282 2668 ex
2316 2615 2524 2669 ratione
2554 2615 2806 2678 solidare,
2837 2627 2896 2672 ut
2935 2634 2999 2673 ex
3030 2620 3132 2675 hoc
3161 2621 3317 2677 nobis
3347 2639 3484 2692 quo-

1895 2715 1998 2770 que
2023 2702 2362 2770 potissimum
2389 2706 2667 2774 prtemium
2700 2722 2727 2759 a
2758 2709 3039 2764 conditore
3088 2711 3334 2766 omnium
3376 2712 3486 2767 Deo

1897 2792 1950 2846 in
1996 2793 2222 2849 sidereis
2266 2799 2482 2854 arcibus
2531 2801 2926 2856 conscribatur.
2963 2803 3030 2857 Et
3062 2804 3184 2860 ideo
3207 2805 3333 2873 quia
3386 2821 3485 2874 po.-

1895 2886 2106 2940 stnlasti
2159 2905 2188 2942 a
2229 2891 2407 2955 nobis,
2446 2901 2506 2945 ut
2555 2891 2837 2961 przefatum
2875 2895 3245 2966 episcopatum
3288 2909 3491 2953 εεηειω

1899 2975 2230 3046 Urgellensis
2278 2980 2538 3036 Ecclesia:
2585 2983 2894 3052 apostolica:
2955 2987 3297 3042 auctoritatis
3345 2988 3495 3044 serie-

1908 3067 2268 3135 mnniremus,
2298 3079 2353 3125 et
2400 3073 2580 3126 omnia
2629 3074 2676 3127 ei
2721 3075 3069 3144 pertinentia,
3100 3077 3392 3147 quazjuste
3436 3090 3488 3135 ct

1817 3143 1862 3206 C
1896 3157 2142 3230 legaliter
2167 3161 2368 3216 habere
2394 3163 2479 3217 vel
2504 3171 2689 3221 tenere
2717 3167 2954 3235 videtur,
2987 3169 3211 3239 perenni
3239 3169 3364 3239 jure
3383 3171 3487 3226 ibis

1895 3250 2015 3304 dem
2094 3252 2480 3309 inviolabiliter
2553 3257 2922 3324 permanenda
2997 3259 3492 3330 confirmaremus,

1892 3352 2183 3412 propterea
2219 3344 2323 3399 tuis
2345 3343 2467 3399 flexi
2507 3347 2781 3416 precibus,
2810 3363 2910 3418 per
2946 3349 3105 3420 hujus
3157 3339 3360 3407 nostra:
3393 3334 3501 3406 aﬂu-

1894 3435 2165 3490 ctoritatis
2190 3436 2529 3509 privilegium
2554 3449 2858 3496 statuentes
2888 3442 3236 3498 decernimus
3267 3452 3329 3498 ut
3361 3459 3490 3499 cun-

1896 3535 1980 3581 cta
2020 3526 2135 3581 loca
2173 3529 2380 3584 urbana
2428 3530 2510 3584 vel
2541 3533 2759 3593 rustica,
2794 3533 2846 3587 id
2873 3543 2980 3597 est,
3007 3544 3211 3599 certes,
3243 3551 3486 3596 mansos.

1896 3619 2061 3684 salas,
2092 3621 2339 3686 castella,
2383 3623 2617 3688 casales,
2669 3625 2880 3691 vineas,
2938 3633 3113 3682 terras
3165 3626 3503 3698 diversaque

1896 3713 2118 3782 praedia,
2149 3712 2293 3768 culta
2327 3714 2411 3768 vel
2452 3715 2678 3778 inculta,
2727 3731 2849 3771 cum
2899 3717 3127 3773 decimis
3155 3728 3211 3775 et
3234 3718 3500 3788 primitiis

1897 3805 2033 3870 suis,
2067 3805 2275 3862 colonis
2297 3806 2380 3860 vel
2411 3808 2710 3865 colonabus
2758 3809 2896 3876 suis,
2939 3811 3154 3867 ancillis
3179 3821 3232 3868 et
3265 3812 3493 3868 aldioni-

1897 3899 1996 3953 bus
2023 3914 2142 3968 qua:
2169 3898 2238 3953 ab
2266 3898 2538 3970 aliquibus
2571 3901 2898 3958 fidelissimis
2930 3902 3264 3959 Christianis
3309 3905 3491 3962 eidem

1898 3987 2172 4056 episcopio
2203 4003 2464 4044 concessa
2509 3991 2636 4054 sint,
2665 3991 2847 4046 sivein
2863 3992 3121 4047 comitatu
3141 3992 3493 4049 Cerdaniensi

1899 4094 2068 4148 pagus
2114 4078 2477 4146 Libiauensis,
2516 4082 2942 4152 Bergitancnsis,
2996 4083 3360 4151 Palionensis,
3401 4086 3492 4140 lti-

1901 4168 2274 4237 bacurcensis,
2300 4169 2685 4238 Jestabicnsis,
2714 4173 3090 4239 Cardosensis,
3137 4177 3495 4240 Anabiensis,

1901 4260 2238 4328 Turbiensis,
2275 4274 2331 4318 et
2365 4263 2541 4319 locum
2579 4276 2782 4321 saneta:
2832 4269 3088 4324 Deodatae
3136 4286 3258 4324 cum
3293 4271 3492 4326 finibus

1902 4354 2045 4417 suis';
2101 4363 2342 4410 castrum
2385 4371 2598 4427 quoque
2627 4357 2902 4431 Sanaugia
2942 4377 3064 4416 cum
3123 4363 3326 4417 finibus
3354 4364 3495 4427 suis,

1903 4443 2238 4511 Calbiciano,
2271 4446 2493 4510 Feners,
2531 4447 2854 4516 Submoute,
2898 4450 3126 4518 Letone,
3173 4453 3496 4523 Clopedera,

1903 4550 2023 4590 cum
2067 4537 2217 4592 silvis
2269 4546 2324 4591 et
2378 4538 2580 4594 finibus
2623 4556 2834 4597 earum.
2891 4543 2949 4597 In
2999 4559 3138 4615 pago
3186 4545 3493 4600 Ausonensi

1903 4626 2197 4683 Castellato
2221 4639 2275 4684 et
2299 4629 2568 4687 Turizella
2601 4650 2725 4689 cum
2754 4635 2952 4691 finibus
2984 4639 3119 4693 suis.
3152 4637 3208 4692 In
3241 4638 3492 4694 Mariano

1903 4721 2078 4791 ipsum
2127 4722 2398 4790 alaudem,
2458 4727 2549 4795 qui
2584 4725 2685 4780 fuit
2733 4728 2799 4782 de
2847 4729 3087 4785 Guisado
3129 4732 3407 4801 episcopo.
3440 4733 3497 4787 lu

1904 4814 2258 4870 Gerundense
2309 4817 2432 4870 villa
2477 4818 2644 4872 Adeiz
2689 4834 2810 4872 cum
2850 4821 2998 4875 omni
3051 4821 3207 4877 alode
3248 4822 3333 4874 vel
3383 4823 3498 4891 ipsa

1907 4907 2196 4976 parochia;
2233 4908 2360 4962 item
2388 4909 2441 4962 in
2476 4909 2693 4982 llrgello
2728 4911 2932 4976 villam,
2987 4928 3147 4984 quam
3186 4913 3376 4969 dicunt
3399 4915 3500 4968 Ba-

1905 4995 2182 5061 scharam,
2211 5012 2333 5051 cum
2379 4997 2576 5054 finibus
2599 5001 2734 5063 suis,
2761 5011 2816 5054 ct
2846 5001 3021 5070 ipsam
3074 5001 3390 5071 parochiam
3435 5006 3503 5076 de

1903 5087 2116 5154 Alasse,
2167 5099 2222 5144 et
2268 5091 2440 5159 ipsam
2491 5093 2672 5147 villam
2721 5093 2790 5146 de
2844 5094 3148 5156 Boxedera,
3200 5092 3505 5159 Nocolone,

1905 5177 2156 5244 Sardina,
2214 5179 2484 5246 Sallellas,
2542 5199 2666 5236 cum
2717 5180 2836 5238 fevo
2867 5182 3108 5238 etalode
3137 5179 3414 5236 comitale.
3452 5185 3512 5238 In

1903 5270 2023 5298 ‘v:llnn
2075 5272 2246 5298 l~-§.-A':
2304 5271 2562 5298 ΩοΛικιιηιδί
2615 5273 2732 5298 [Kuh
2803 5281 2850 5298 Α.
3122 5269 3258 5298 ΛιιΜὲ

2615 5273 2732 5298 θιιση
2803 5281 2850 5298 Α.
2903 5272 3058 5298 διηι-ΙΑ
3122 5269 3378 5298 AAM:CA'A
3456 5275 3516 5298 ‘..
