3948 5350
459 222 565 280 279

1074 222 1436 282 SILVESTR!
1474 227 1515 283 Il
1549 228 1754 284 ΡΑΡᾸΞ
1789 229 1922 288 OPP
1964 230 2036 301 Ρε

2136 230 2283 287 i'tll.
2324 264 2397 276 --ο
2433 232 2654 294 EPIST.
2695 235 2785 293 ET
2823 235 3098 295 ωηολε.

3629 237 3738 296 280

460 333 544 392 las
564 350 688 425 cum
716 333 973 392 omnibus
1000 337 1114 393 suis
1133 338 1500 425 pertinentils.
1528 340 1595 397 Et
1623 342 1794 414 ipsam
1820 350 2123 419 turremrA
2154 359 2273 412 qua:
2311 348 2487 405 eidem
2523 352 2853 405 monasterio
2876 365 2922 404 ea
2958 328 3271 422 jan'i'd‘i‘ctis
3314 340 3736 425 fun‘datoribus',

457 441 579 501 quae
600 424 701 515 fuit
727 427 793 483 de
840 425 1119 495 Marchuz,
1144 422 1310 499 atque
1341 430 1505 487 aliam
1555 439 1762 489 turrem
1807 432 1863 489 in
1917 432 2052 491 ﬁnes
2126 438 2237 507 ’πει
2272 439 2340 493 ab
2382 439 2503 495 aliis
2545 440 2955 515 quibuscunqne
2994 442 3244 513 personis
3278 442 3491 522 collata;
3530 453 3589 500 et
3614 422 3738 501 con;

456 521 582 577 Ce‘s
620 512 710 586 na,
742 535 861 590 qua:
913 518 1015 576 fuit
1043 522 1109 577 de
1153 521 1391 589 Bellone,
1438 523 1555 582 sive
1590 525 1803 581 tertiam
1840 533 2050 595 partem

435 612 655 688 'w'onei
714 627 837 667 ctnn
891 612 1235 682 pertinentiis
1286 615 1542 677 mercati,
1583 615 1667 671 vel
1718 615 1899 671 omnia
1930 631 2051 692 qua:

454 704 752 776 per-aliqua
785 703 1086 759 munimina
1114 706 1180 766 ad
1221 706 1473 761 eumdem
1501 707 1648 779 pium
1680 706 1856 763 locum
1882 708 2051 778 perti-

455 810 590 851 nere
614 796 885 862 videntur,
908 796 1125 870 etquod
1154 795 1372 863 amodo,
1401 807 1457 853 et
1481 797 1533 857 in
1561 807 1741 864 antea,
1771 806 1829 853 tu
1863 800 2049 869 tuique

454 903 799 945 successores
852 888 1098 961 legahter
1118 905 1183 946 ac
1208 889 1461 960 quisituri
1515 889 1747 955 fueritis,
1774 906 1897 946 cum
1928 906 2048 947 ma-

451 996 556 1051 gna
588 983 881 1037 securitate
900 979 1125 1052 paciﬁce
1148 991 1205 1038 et
1225 982 1407 1053 quiete
1430 980 1632 1036 habere
1654 980 1737 1036 vel
1762 989 1964 1046 tenere,
1994 990 2048 1038 et

447 1071 731 1146 possidere
758 1069 1003 1127 debeatis
1053 1073 1108 1126 in
1150 1082 1493 1142 perpetuum,
1539 1071 1616 1126 ita
1647 1071 1906 1127 utnullus
1928 1087 2044 1140 rex,

446 1160 631 1217 nullus
653 1161 927 1233 princeps,
959 1161 1137 1216 nullus
1159 1176 1363 1227 comes,
1390 1161 1570 1217 nullus
1623 1162 1890 1229 marchio,
1928 1161 2047 1217 nul-

449 1253 538 1311 lus
586 1254 774 1325 judex,
838 1270 1015 1326 neque
1075 1255 1187 1311 ulla
1242 1272 1439 1328 magna
1489 1269 1767 1328 parvaque
1812 1271 2044 1327 persona

449 1344 689 1421 aliquam
735 1344 846 1400 vim
896 1354 990 1400 aut
1032 1345 1367 1402 invasionem
1428 1346 1482 1401 in
1529 1346 1721 1403 eodem
1771 1346 2045 1418 episcopio

447 1452 627 1509 neque
667 1437 722 1492 in
765 1437 879 1495 suis
910 1437 1254 1508 pertinentiis
1306 1453 1546 1510 unquam
1596 1437 1780 1495 facere
1835 1452 2042 1509 prtesu-

448 1537 587 1590 mat.
614 1526 671 1584 Si
696 1528 817 1606 quis
846 1539 1029 1589 autem
1067 1529 1359 1586 temerario
1406 1545 1565 1597 ausu,
1612 1529 1759 1602 quod
1786 1528 1904 1585 ﬁeri
1928 1546 2040 1586 non

449 1619 745 1687 credimus,
774 1627 965 1674 contra
992 1616 1150 1690 hujus
1180 1628 1384 1676 nostrae
1407 1620 1726 1692 apostolicae
1747 1620 2042 1678 conﬁrma-

2138 532 2317 584 ‘ccssa:
2349 531 2432 585 vel
2468 531 2521 586 in
2558 530 2799 587 futurum
2829 549 2859 587 a
2899 533 3140 605 quolibet
3169 535 3236 590 de
3276 535 3499 605 proprio
3538 534 3742 592 fuerint

2140 617 2266 688 jure
2294 620 2537 688 donatae,
2567 623 2667 677 sub
2701 622 2990 693 cujuslibet
3014 639 3190 680 causa:
3218 624 3596 681 occasionisve
3621 640 3741 696 spe-

2148 710 2232 766 cie
2277 710 2439 766 liceat
2478 713 2724 793 minuere
2766 713 2851 768 vel
2888 714 3132 781 auferre,
3178 729 3354 785 neque
3389 716 3508 772 suis
3550 717 3741 773 usibus

2147 800 2416 871 applicare
2446 820 2459 856 :
2487 803 2579 857 sed
2608 812 2798 858 cuncta
2826 819 2945 874 qua:
2972 805 3044 861 ibi
3070 802 3251 861 oblata
3280 815 3407 861 sunt
3431 807 3520 862 vel
3547 804 3735 861 oﬂerri

2148 889 2442 961 contigerit
2487 906 2517 945 a
2562 894 2818 962 praesenti
2856 909 2947 948 xrv
2983 894 3297 949 indictionis
3344 905 3589 964 tempore
3637 895 3740 950 illi-

2146 979 2269 1034 bata
2304 988 2357 1034 et
2380 980 2499 1036 sine
2532 981 2923 1051 inquietudine,
2956 984 3010 1039 in
3042 985 3441 1040 sustentatione
3462 985 3581 1056 jam
3609 986 3739 1042 dicti

2147 1070 2486 1135 monasterii,
2520 1079 2576 1127 et
2605 1073 2791 1127 usibus
2820 1073 3101 1138 abbatum,
3130 1083 3186 1130 et
3214 1076 3609 1130 monachorum
3640 1076 3743 1131 sub

2148 1159 2331 1231 regula
2366 1159 2547 1217 Patris
2588 1162 2863 1219 Benedicti
2910 1165 2980 1219 ibi
3018 1166 3130 1221 Deo
3166 1166 3516 1222 militantium
3544 1208 3563 1234 ,
3589 1168 3739 1227 vola.

2146 1265 2269 1305 mus
2303 1259 2469 1322 atque
2514 1254 2860 1324 prtecipimus
2893 1256 3199 1326 possideri;
3230 1273 3294 1314 ea
3324 1238 3583 1314 videlicet
3608 1275 3738 1315 con-

2146 1342 2352 1399 ditione
2383 1352 2442 1399 ut
2465 1344 2643 1401 nullus
2669 1361 3046 1402 successorum
3076 1359 3384 1404 nostrorum
3415 1350 3737 1420 pontiﬁcum

2145 1432 2199 1488 in
2229 1434 2332 1490 hac
2358 1446 2550 1491 sancta
2588 1437 2736 1502 sede,
2765 1438 2854 1493 cui
2887 1439 2996 1493 Deo
3026 1447 3252 1496 auctore
3298 1442 3605 1504 servimus,
3640 1457 3738 1497 un-

2144 1536 2305 1592 quam
2329 1523 2414 1579 vel
2438 1541 2663 1596 usquam
2686 1527 2943 1598 quiddam
2968 1528 3035 1583 de
3055 1529 3261 1585 eisdem
3286 1530 3452 1587 rebus
3476 1533 3735 1604 cuiquam

2144 1614 2493 1684 beneﬁciire,
2521 1629 2880 1685 commutare,
2911 1629 3004 1677 aut
3031 1621 3134 1676 sub
3155 1638 3319 1679 censu
3343 1623 3588 1695 quolibet
3609 1642 3738 1682 con-
3840 1652 3844 1653 ν

448 1708 618 1767 tionis
648 1710 846 1765 seriem
874 1710 1061 1768 venire
1093 1711 1405 1776 tentaverit,
1437 1710 1577 1767 sciat
1614 1721 1665 1768 te
1708 1711 1915 1768 domini
1945 1728 2043 1768 no—
2071 1712 2116 1774 B
2145 1704 2340 1761 CBdcre
2389 1720 2488 1776 per
2535 1706 2719 1763 futura
2770 1718 3012 1781 tempora
3055 1713 3321 1781 patiatur,
3367 1716 3461 1770 sed
3510 1729 3732 1772 censum

447 1802 551 1859 stri
603 1800 971 1871 apostolorum
1024 1801 1291 1873 principis
1322 1801 1470 1858 Petri
1507 1803 1872 1860 anathematis
1918 1803 2040 1859 vin-

448 1893 576 1949 culo
606 1893 948 1961 innodatum,
979 1903 1037 1950 et
1068 1907 1190 1949 cum
1218 1892 1435 1949 diabolo
1459 1902 1513 1950 et
1536 1891 1655 1963 ejus
1677 1893 2043 1950 atrocissimis

444 1984 687 2067 pompis,
715 1992 876 2055 atque
907 1999 1030 2040 cum
1073 1982 1210 2040 Juda
1240 1985 1501 2042 traditore
1526 1986 1742 2042 Domini
1765 1995 1821 2043 el
1850 1984 2045 2041 Salva-

447 2076 589 2142 toris
611 2077 783 2132 nostri
811 2074 941 2132 Jesu
967 2075 1171 2133 Christi
1205 2077 1260 2134 in
1289 2084 1555 2133 teternum
1608 2078 1788 2149 ignem
1816 2092 2043 2134 concre-

446 2166 735 2231 mandum,
766 2166 1037 2237 simulque
1066 2176 1123 2223 et
1156 2168 1213 2222 in
1266 2168 1526 2240 voragine
1556 2176 1797 2224 tartarea
1828 2167 2041 2223 demer-

444 2272 568 2312 sum
599 2272 723 2313 cum
760 2248 1212 2327 impiis'dellciat.
1249 2257 1351 2341 Qui
1381 2273 1512 2325 vero
1535 2267 1722 2317 custos
1765 2267 1822 2314 et
1852 2258 2044 2314 obser-

444 2359 604 2405 vator
626 2350 785 2422 hujus
816 2349 985 2405 nostri
1015 2349 1282 2421 privilegii
1307 2351 1604 2417 exstiterit,
1637 2348 2039 2406 benedictionis

446 2441 681 2521 gratiam
709 2449 767 2497 et
796 2441 967 2496 vitam
990 2450 1253 2496 aeternam
1279 2456 1311 2496 a
1350 2441 1583 2496 Domino
1610 2450 2000 2521 consequatur.

519 2533 795 2605 Scriptum
829 2548 928 2605 per
965 2548 1160 2590 manus
1201 2533 1351 2590 Petri
1409 2535 1610 2589 notarii
1645 2543 1704 2589 et
1761 2532 2037 2589 scriniarii

445 2635 652 2684 sancta:
679 2626 941 2682 Romanae
965 2624 1247 2703 Ecclesiae,
1271 2626 1326 2682 in
1350 2640 1538 2689 mense
1559 2624 1720 2695 Maio,
1742 2622 2038 2689 indictione

464 2727 660 2805 quarta
693 2717 925 2787 decima.
1190 2804 1264 2864 ix

444 2919 686 2990 Epistula
723 2918 959 2975 Sit’vestri
995 2917 1060 2975 II
1085 2937 1244 2990 papa
1281 2920 1351 2974 ad
1385 2918 1668 2990 Rghertum
1713 2916 2034 2974 Vizeliacen-

514 3007 623 3044 sem
671 2989 930 3059 abbatem.
969 3019 1041 3032 -—
1074 2986 1361 3062 Privilegt'a
1426 2986 1798 3045 Viseliacensia
1836 2990 2032 3058 conﬁr-

513 3071 645 3114 mat.

1038 3150 1220 3223 (Anno
1258 3148 1443 3221 1001.)

392 3258 437 3354 ξ.
697 3263 914 3339 [Mansi,
936 3261 1163 3331 Concil.,
1198 3273 1329 3320 tom.
1360 3262 1505 3331 th,
1534 3262 1638 3320 col.
1667 3261 1821 3343 243.]

517 3355 820 3415 StLvesrsu
855 3357 1169 3429 episcopus,
1203 3370 1394 3411 servus
1436 3370 1718 3411 servorum
1746 3354 1870 3418 Dei,
1900 3353 2036 3411 dile-

445 3458 534 3506 cto
555 3450 665 3505 lilio
688 3448 967 3514 Rossnro,
990 3447 1241 3519 religioso
1259 3443 1440 3504 abbati
1461 3445 1632 3501 sancti
1655 3443 2035 3503 Vileliaceesis

443 3540 712 3611 eoenobii,
744 3539 1001 3609 omnique
1034 3537 1440 3611 congregationi
1474 3536 1716 3611 ejusdem
1759 3545 2035 3594 monaste-

443 3633 534 3701 rii,
565 3633 619 3705 in
650 3643 993 3703 perpetuum.

521 3724 744 3801 Quoties
780 3724 867 3780 illa
907 3739 938 3779 a
970 3723 1127 3779 nobis
1161 3723 1323 3779 tribui
1357 3732 1644 3794 sperantur
1676 3739 1796 3794 qua:
1835 3724 2033 3780 rationi

443 3825 828 3873 Incunctanter
873 3814 1233 3881 conveniunt,
1279 3813 1462 3875 animo
1508 3829 1607 3870 nos
1652 3814 1805 3870 decet
1845 3814 2032 3872 libenti

442 3910 769 3973 concedere.
820 3919 876 3965 et
915 3908 1210 3980 petentium
1256 3908 1540 3963 desideriis
1589 3923 1887 3981 congruum
1933 3909 2033 3963 im-

438 4001 647 4071 pertire
666 3999 1000 4070 suil'raginm.
1022 3999 1201 4069 Atque
1227 3998 1349 4054 ideo
1370 3998 1494 4069 quia
1515 3998 1798 4069 postulasti
1820 4014 1849 4052 a
1872 3998 2032 4054 nobis

441 4073 711 4161 quatenus
754 4089 1096 4162 privilegium
1148 4090 1293 4145 sedis
1342 4088 1653 4158 apostolica:
1697 4087 2031 4144 monasterio

440 4180 738 4246 Vizeliaco,
758 4179 844 4236 cni
866 4194 1097 4249 praeesse
1118 4178 1469 4250 dignosceris,
1493 4180 1636 4250 quod
1661 4187 1877 4234 constat
1899 4177 2027 4234 olim

444 4287 478 4343 a
506 4272 750 4330 Gerardo
791 4269 1129 4326 nobilissimo
1157 4278 1212 4326 et
1240 4270 1706 4335 Christianissimo
1733 4271 1882 4333 viro,
1928 4283 2031 4324 nec

439 4381 555 4421 non
596 4375 656 4433 et
703 4364 903 4420 Dertha
949 4379 1119 4418 uxore
1165 4361 1314 4432 ejus,
1361 4363 1416 4431 in
1467 4363 1673 4421 honore
1710 4360 1922 4416 Domini
1968 4369 2024 4414 et

440 4456 742 4513 Salvatoris
778 4456 950 4511 nostri
987 4453 1114 4510 Jesu
1150 4453 1385 4520 Christi,
1428 4461 1484 4523 et
1517 4453 1865 4513 veneratione
1898 4450 2024 4506 bea-

440 4549 668 4625 tissima:
708 4547 890 4611 Mariae
935 4545 1216 4623 genitricis
1261 4545 1499 4623 ejusdem
1554 4544 1760 4599 Domini
1810 4543 1979 4598 nostri
2007 4585 2022 4609 ,

438 4647 814 4696 constructum
852 4637 907 4692 in
952 4651 1119 4708 regno
1162 4635 1488 4705 Burgundite
1529 4633 1581 4688 in
1622 4632 1879 4703 parochia
1916 4633 2026 4687 Au-

441 4730 857 4805 gustodunensi,
885 4729 938 4783 in
965 4743 1107 4799 pago
1133 4727 1421 4805 Avalensi;
1449 4726 1699 4798 quodque
1726 4741 1757 4781 a
1787 4725 2024 4796 praefatis

436 4822 820 4879 iundatoribus
857 4820 920 4874 B.
955 4819 1118 4875 Petro
1152 4818 1514 4891 apostolorum
1542 4818 1772 4889 principi
1812 4817 2023 4874 liberali

330 4928 335 4931 '
437 4914 724 4973 devotione
751 4920 807 4968 et
833 4912 1138 4987 testamenti
1181 4911 1372 4982 pagina
1401 4909 1652 4966 collatum
1687 4918 1802 4977 est,
1841 4910 2017 4966 facere

438 5005 790 5077 deberemus.
841 5002 1011 5057 veluti
1059 5015 1091 5056 a
1135 5003 1625 5083 praedecessoribus
1669 5003 1871 5058 nostris
1915 5003 2019 5073 pia:

2144 1797 2519 1854 tantummodo
2557 1798 2613 1854 in
2647 1808 2977 1857 testamento
3015 1803 3324 1862 traditionis
3361 1820 3394 1860 a
3431 1807 3733 1862 fundatori-

2140 1887 2244 1943 bus
2262 1928 2278 1955 ,
2311 1888 2404 1958 qui
2430 1904 2498 1946 ex
2523 1891 2714 1947 eodem
2743 1895 3074 1951 monasterio
3106 1894 3247 1950 hanc
3276 1905 3520 1953 sanctam
3547 1898 3732 1953 sedem

2142 1978 2442 2035 Romanam
2496 1982 2768 2039 haeredem
2820 1984 3103 2051 fecerunt,
3161 1988 3327 2043 etiam
3381 1989 3730 2061 delegatum,

2141 2085 2304 2125 unam
2334 2070 2585 2127 videlicet
2608 2071 2799 2128 libram
2828 2076 3041 2146 argenti
3065 2076 3224 2132 annis
3250 2077 3480 2149 singulis
3505 2094 3727 2136 succes-

2140 2172 2294 2215 sores
2323 2160 2495 2215 nostri
2524 2161 2877 2232 accipientes,
2903 2162 3008 2233 pia
3035 2166 3380 2234 paternitatis
3406 2166 3727 2239 suﬂ‘ragiutn

2139 2248 2317 2303 eidem
2347 2251 2681 2306 monasterio
2702 2292 2718 2317 ,
2755 2260 2810 2307 et
2846 2252 2944 2309 tibi
2983 2256 3503 2328 successoribusque
3532 2259 3642 2314 tuis
3666 2273 3730 2314 ac

2139 2340 2423 2396 monachis
2446 2341 2547 2396 sub
2576 2340 2690 2411 jam
2718 2343 2846 2400 dicti
2862 2342 3055 2413 .Patris
3084 2346 3266 2418 regula
3297 2346 3499 2403 ibidem
3526 2348 3726 2420 degen-

2137 2429 2304 2495 tibus,
2332 2429 2699 2487 sollicitudine
2720 2434 2976 2502 pastorali
3008 2435 3294 2508 vigilanter
3320 2448 3511 2494 contra
3538 2454 3729 2498 omnes

2138 2522 2461 2579 infestantes
2502 2525 2814 2595 impendere
2855 2528 3124 2583 studeant.
3170 2529 3303 2585 Item
3343 2531 3729 2588 constituimus

2139 2625 2218 2685 ut,
2258 2618 2496 2673 obeunte
2536 2620 2735 2676 abbate
2756 2620 2883 2676 dicti
2924 2623 3284 2690 monasterii,
3327 2639 3433 2679 non
3472 2625 3619 2680 alius
3656 2626 3730 2681 ibi

2138 2729 2465 2785 quacunque
2501 2716 2839 2786 obreptionis
2870 2718 3068 2772 astutia
3097 2718 3399 2785 ordinetur,
3431 2719 3539 2775 nisi
3564 2735 3729 2790 quem

2137 2823 2435 2865 consensus
2472 2811 2865 2867 monachorum
2904 2811 3201 2867 secundum
3244 2812 3493 2868 timorem
3537 2813 3637 2868 Dei
3675 2823 3731 2869 et

2135 2899 2535 2955 institutionem
2566 2900 2764 2971 regulae
2790 2899 2851 2955 Β.
2881 2901 3157 2957 Benedicti
3188 2901 3445 2974 elegerit,
3479 2913 3538 2959 et
3563 2903 3728 2973 hujus

2136 2991 2447 3062 apostolica:
2492 2992 2640 3047 sedis
2685 2991 2929 3062 pontifex
2980 2994 3279 3063 providerit
3334 2994 3705 3049 ordinandum

2062 3080 2106 3142 C
2139 3080 2294 3138 Unde
2321 3083 2734 3149 constituimus,
2771 3091 2828 3139 et
2854 3083 3148 3154 apostolica
3178 3085 3503 3141 auctoritate
3538 3101 3728 3142 cense:

2136 3188 2278 3238 mus,
2302 3184 2467 3243 atque
2488 3188 2586 3244 per
2606 3174 2710 3228 hoc
2732 3182 2976 3229 nostrum
3000 3174 3351 3245 apostolicmn
3375 3176 3726 3248 privdegium

2135 3265 2552 3330 conlirmamus,
2583 3274 2645 3318 ut
2677 3263 2856 3320 nullus
2886 3279 2981 3320 rex
3008 3273 3100 3319 aut
3129 3264 3391 3334 pontifex,
3425 3265 3513 3321 vel
3549 3266 3725 3324 abbas

2135 3366 2230 3410 aut
2259 3370 2468 3421 comes,
2501 3354 2588 3410 vel
2622 3355 3015 3428 qualiscunque
3052 3372 3248 3429 magna
3283 3372 3567 3428 parvaque
3598 3373 3726 3427 per-

2133 3459 2292 3510 sona,
2335 3445 2580 3501 avaritia:
2615 3445 2914 3515 cupiditate
2954 3457 3277 3516 corruptus,
3320 3455 3415 3500 aut
3450 3445 3722 3502 diabolica

2133 3535 2481 3609 suggestione
2516 3535 2799 3610 deceptus,
2849 3536 3045 3596 audeat
3074 3535 3158 3591 vel
3190 3545 3483 3609 praesumat
3527 3548 3722 3594 contra

2134 3641 2285 3700 tuum
2315 3631 2601 3697 honorem,
2631 3647 2665 3687 ο
2694 3631 3020 3687 venerabilis
3050 3630 3288 3687 Roberte
3309 3631 3478 3686 abbas
3499 3672 3515 3698 ,
3546 3631 3720 3700 quali-

2132 3694 2347 3792 cun‘que
2374 3722 2533 3777 modo
2567 3722 2883 3793 insurgere,
2916 3720 3000 3776 vel
3037 3721 3091 3777 in
3125 3730 3217 3775 tuo
3250 3721 3370 3778 loco
3404 3729 3500 3775 aut
3526 3721 3597 3776 de
3618 3731 3719 3791 tuo

2133 3814 2342 3870 honore
2370 3814 2651 3871 molestias
2676 3815 2772 3870 tibi
2797 3815 3002 3871 inferre
3019 3858 3035 3881 ,
3063 3815 3148 3871 vel
3179 3816 3246 3871 de
3270 3816 3526 3871 omnibus
3553 3816 3717 3872 rebus

2132 3906 2446 3969 monasterii
2496 3921 2618 3973 qua:
2666 3907 2762 3963 tibi
2811 3908 3025 3978 tuisque
3067 3908 3443 3963 deoessoribus
3489 3923 3521 3962 a
3559 3909 3717 3963 nobis

2132 3998 2441 4068 nostrisque
2492 3997 2935 4054 antecessoribus
2989 4013 3088 4068 per
3144 3997 3396 4069 paginam
3445 3997 3715 4068 privilegii

2130 4102 2392 4146 concessa
2443 4095 2607 4158 atque
2658 4087 2872 4142 ﬁrmata
2922 4097 3087 4154 sunt,
3142 4087 3353 4157 aliquas
3402 4086 3715 4142 invasiones

2128 4179 2213 4233 vel
2237 4179 2456 4250 rapinas
2476 4180 2590 4235 sive
2612 4178 2893 4235 violentias
2917 4179 3148 4245 inferre;
3176 4178 3342 4251 sijnon
3366 4177 3504 4245 vult,
3533 4187 3717 4245 auctos

2130 4267 2291 4323 ritate
2320 4267 2444 4333 Dei,
2478 4275 2534 4324 et
2568 4267 2625 4322 S.
2658 4266 2835 4334 Petri,
2867 4276 2924 4324 et
2954 4277 3138 4324 nostra
3167 4267 3463 4339 apostolica
3494 4283 3715 4324 excom-

2130 4360 2493 4415 municatione
2531 4375 2564 4415 a
2606 4374 2833 4431 corpore
2875 4367 2931 4416 et
2970 4360 3235 4433 sanguine
3280 4360 3494 4416 Domini
3537 4361 3712 4417 nostri

2054 4417 2102 4477 υ
2128 4449 2258 4506 Jesu
2280 4442 2503 4518 Christi,
2535 4461 2594 4507 et
2619 4452 2689 4508 ab
2715 4453 2961 4524 ingressu
2991 4452 3235 4508 ecclesize
3261 4453 3476 4506 noverit
3503 4467 3564 4507 se
3592 4466 3712 4508 esse

2128 4542 2479 4612 disiunctum.
2507 4542 2622 4599 Hoc
2641 4559 2857 4614 quoque
2881 4543 3117 4612 capitulo
3144 4544 3396 4613 prtesenti
3430 4542 3711 4613 subjungi.

2127 4649 2279 4700 mus,
2310 4645 2371 4691 ut
2399 4634 2577 4690 locum
2617 4635 2859 4691 avaritiae
2895 4635 3267 4700 secludantus,
3306 4635 3437 4690 nulli
3468 4651 3709 4706 unquam

2124 4722 2287 4779 liceat
2305 4725 2372 4780 de
2398 4726 2638 4795 regibus,
2664 4725 2794 4779 nulli
2817 4725 2886 4780 de
2910 4726 3178 4796 episcopis
3202 4725 3288 4781 vel
3309 4727 3705 4794 sacerdotibus,

2123 4817 2210 4870 vel
2238 4817 2305 4871 de
2330 4817 2744 4886 quibuseunque
2771 4815 3018 4871 ﬁdelibus
3038 4855 3055 4883 ,
3095 4832 3193 4887 per
3218 4831 3277 4873 se
3305 4819 3708 4888 suppositamve

2127 4910 2447 4978 personam,
2476 4907 2544 4963 de
2566 4907 2912 4963 ordinatione
2937 4907 3179 4976 ejusdem
3207 4908 3421 4964 abbatis
3440 4947 3456 4971 ,
3487 4916 3585 4963 aut
3605 4908 3707 4963 cle-

2123 4998 2383 5063 ricorum,
2414 4996 2502 5053 vel
2524 4997 2995 5068 presbyterorum,
3024 5004 3119 5051 aut
3148 4997 3216 5052 de
3239 4996 3532 5067 largitione
3555 4997 3702 5054 chri-
