3948 5350
173 196 270 256 I81

864 195 1104 253 SECTlO
1136 196 1197 250 ll.
1240 226 1308 235 --
1345 188 1709 249 EPISTOLA‘:
1754 188 2277 262 ETLDIPLOMATA
2316 190 2723 248 PONTIFICIA.

3334 186 3439 249 282

172 316 358 371 eodem
381 309 635 367 coenobio
660 309 893 375 indicat,
921 325 988 364 ne
1014 325 1294 365 servorum
1324 308 1414 363 Dei
1442 309 1596 377 quies
1619 321 1749 375 quo-
1776 310 1826 369 Α
1854 320 1976 360 cum
2002 320 2160 375 quem
2187 306 2373 361 dicunt
2398 305 2634 369 Calidas,
2664 321 2786 359 cum
2807 304 3059 360 omnibus
3089 320 3209 375 quae
3238 306 3441 363 habere

174 418 383 474 cunque
420 403 587 456 modo
614 401 861 471 populari
896 410 1165 455 conventu
1194 400 1371 453 Valeat
1414 397 1717 467 perturbari
1741 437 1756 459 ,

174 510 345 563 neque
373 490 1335 561 mansionaticos‘exindefprmsumat
1362 489 1598 558 exigere.
1626 486 1757 541 Sus-

173 586 475 654 eeptionem
522 592 705 637 autem
764 581 1001 635 ﬁdelium
1064 590 1157 633 aut
1202 579 1576 649 religiosorum
1622 577 1759 629 viro-

173 694 333 739 rmn,
386 686 553 747 atque
600 674 1016 731 beneﬁcentiam
1067 688 1228 742 quam
1271 672 1424 742 jubet
1472 668 1760 739 Apostolus

173 768 384 822 cunctis
417 766 781 821 exhibendam
800 805 814 829 ,
840 768 950 833 'pro
978 762 1335 833 possibilitate
1366 761 1469 815 loci
1497 771 1563 831 .et
1593 759 1760 814 facul-

175 868 300 922 tate,
324 873 432 913 non
457 859 615 912 modo
637 857 839 911 ibidem
863 856 979 909 ﬁeri
1004 855 1355 924 denegamus,
1380 868 1567 907 verum
1592 852 1757 905 etiam

172 949 481 1002 suademus.
513 946 569 1002 Si
595 948 719 1017 quis
749 962 877 1001 vero
912 961 1119 1016 regum,
1145 944 1519 1014 episc0porum
1539 984 1553 1007 ,
1584 958 1761 997 sai-er-

172 1039 380 1103 dotum,
406 1037 686 1100 abbatum,
712 1036 977 1106 judicutn,
1007 1035 1265 1089 comitum
1298 1042 1392 1087 aut
1420 1032 1757 1087 smeularium

171 1142 526 1198 personarum
548 1167 561 1190 ,
597 1136 791 1181 contra
824 1126 964 1179 hanc
1001 1134 1199 1178 nostra:
1227 1123 1585 1177 institutionis
1617 1122 1759 1191 pagi-

172 1235 290 1272 nam
333 1218 663 1282 tentaverit,
708 1231 999 1286 percussus
1034 1214 1334 1283 apostolico
1376 1214 1755 1277 anathemate,

170 1313 456 1379 potestatis
487 1310 785 1363 honorisve
826 1309 907 1362 sui
938 1310 1206 1379 dignitate
1243 1316 1461 1371 careat,
1500 1320 1759 1374 reumque

172 1417 225 1455 se
250 1416 439 1455 coram
468 1400 655 1453 divino
680 1399 889 1469 judicio
918 1409 1236 1469 cognoscat;
1268 1408 1322 1452 et
1354 1398 1453 1452 nisi
1480 1412 1542 1451 ea
1574 1412 1693 1466 qua:
1727 1412 1757 1450 a

172 1508 223 1546 se
252 1492 394 1545 male
422 1502 545 1545 acta
574 1500 705 1545 sunt
736 1492 1036 1555 deﬁeverit,
1068 1507 1096 1544 a
1129 1491 1501 1545 sacratissimo
1531 1503 1759 1558 corpore

173 1584 382 1638 Domini
414 1584 585 1637 nostri
612 1581 742 1637 Jcsu
770 1582 969 1637 Christi
1000 1583 1207 1637 alienus
1233 1583 1345 1645 ﬁat,
1373 1592 1535 1651 atque
1557 1566 1760 1636 aeterno

1858 398 2089 450 videtur.
2124 397 2191 451 Et
2219 413 2410 451 omnes
2440 398 2695 453 ecclesias
2732 397 3092 466 parochiales,
3124 396 3211 453 vel
3240 413 3440 469 appen-

1858 486 2039 549 ditias,
2071 500 2192 555 qua:
2221 487 2274 539 in
2304 487 2562 556 praedicto
2591 487 2851 542 comitatu
2888 487 3265 542 Bisuldunensi
3291 498 3438 552 sunt,

1858 578 1948 646 qui
1977 585 2101 634 sunt
2130 578 2195 632 de
2224 579 2477 647 pnedicta
2514 578 2663 645 sede,
2693 578 2776 633 vel
2803 596 2922 634 esse
2952 580 3173 645 debent,
3200 595 3322 634 cum
3350 581 3441 633 de-

1859 668 2036 731 cimis,
2066 676 2121 721 et
2151 668 2429 738 primitiis,
2458 677 2513 722 et
2541 668 2924 736 oblationibus,
2957 678 3013 724 et
3059 670 3278 725 alaudes
3321 686 3443 741 quae

1861 762 1928 814 ad
1958 760 2102 829 ipsas
2130 760 2390 814 ecclesias
2419 760 2713 830 pertinent,
2746 777 2867 815 cum
2901 762 3056 817 tertia
3087 770 3243 830 parte
3267 764 3333 817 de
3365 772 3443 817 te-

1858 850 2035 916 loneo,
2066 860 2120 905 et
2162 861 2433 906 mercatos
2461 867 2612 918 suos,
2642 861 2697 906 et
2729 853 2875 923 ipsos
2905 854 3236 924 paseuarios.
3268 854 3337 908 Et
3387 855 3442 909 in

1857 944 2078 999 civitate
2102 944 2386 1014 Empurias
2413 946 2595 999 omnia
2618 956 2876 1015 quantum
2922 946 2995 1001 ibi
3039 946 3153 1015 ipsa
3190 947 3443 1017 praedicta

1859 1034 2017 1089 sedes
2040 1034 2204 1090 habet
2240 1050 2361 1089 cum
2400 1036 2515 1106 ipso
2553 1051 2719 1091 censu
2748 1037 2815 1091 de
2843 1039 2956 1106 ipso
2984 1038 3142 1091 mari.
3173 1037 3240 1092 Et
3268 1038 3321 1092 in
3354 1053 3445 1093 co-

1861 1128 2053 1183 tnitatu
2102 1128 2362 1197 praedicto
2394 1128 2749 1198 Empuriense
2791 1129 2965 1199 ipsum
3009 1129 3251 1184 alaudem
3280 1144 3444 1199 quem

1861 1220 2046 1273 dicunt
2088 1218 2280 1274 Uliano
2328 1234 2449 1273 cum
2488 1220 2739 1275 terminis
2785 1230 2839 1275 et
2878 1221 3201 1291 adjacentiis
3246 1223 3359 1275 suis
3392 1230 3447 1276 et

1861 1324 1983 1363 cum
2007 1310 2227 1363 servitio
2250 1310 2450 1374 ﬁscale,
2472 1320 2526 1365 et
2545 1310 2802 1365 ecclesias
2822 1325 2941 1380 quae
2969 1310 3040 1364 ibi
3067 1320 3193 1365 sunt
3211 1310 3447 1365 fundata:

1862 1415 1983 1454 cum
2024 1400 2248 1454 decimis
2271 1409 2319 1455 et
2352 1400 2606 1470 primitiis
2626 1411 2680 1455 et
2709 1400 3073 1455 oblationibus
3103 1416 3223 1470 qua:
3262 1401 3327 1454 ad
3351 1414 3448 1455 eas

1860 1493 2120 1547 ecclesias
2148 1493 2441 1563 pertinent.
2471 1494 2539 1547 Et
2565 1493 2849 1548 ecclesiam
2874 1492 3059 1547 Sancti
3086 1492 3310 1547 Joannis
3329 1508 3448 1563 qua!

1860 1593 1944 1637 est
1966 1582 2017 1636 in
2040 1583 2277 1654 Bederga
2294 1598 2416 1637 cum
2445 1584 2691 1647 decimis,
2710 1584 2964 1653 primitiis
2986 1592 3040 1638 et
3064 1582 3446 1638 oblationibus.

171 1675 403 1728 examini
441 1675 709 1729 districta:
750 1674 968 1729 ultionis
1000 1674 1297 1743 subjaceat.
1328 1675 1550 1729 Cunctis
1577 1684 1757 1728 autem
1789 1665 1833 1724 Β
1863 1675 1930 1730 Ει
1949 1691 2139 1731 omnes
2166 1676 2427 1731 ecclesias
2455 1676 2793 1746 parocliiales
2821 1692 2943 1731 cum
2976 1690 3164 1730 earum
3189 1675 3452 1747 appendi-

170 1767 340 1820 eidem
372 1766 489 1821 loca
519 1767 669 1836 justa
702 1766 1045 1821 servantibus
1090 1767 1162 1820 sit
1209 1781 1314 1835 pax
1343 1765 1555 1820 Domini
1588 1766 1759 1819 nostri

171 1860 289 1915 Jesu
321 1858 557 1923 Christi,
588 1868 859 1928 quatenus
885 1866 938 1913 et
969 1859 1059 1914 hic
1092 1858 1327 1913 fructum
1352 1857 1503 1912 bona:
1532 1856 1761 1911 actionis

173 1950 466 2019 recipiant,
494 1959 551 2004 et
576 1950 721 2020 apud
748 1961 1010 2006 :eternum
1029 1950 1267 2021 judicem
1298 1949 1515 2019 prtemia
1545 1959 1761 2004 internae

172 2042 317 2111 pacis
348 2041 659 2096 inveniant.

174 2222 407 2281 Silvestri
450 2224 517 2280 ΙΙ
572 2229 792 2299 epistola
828 2230 897 2353 ag
940 2229 1175 2283 Orionem
1216 2228 1511 2298 episcopum
1559 2222 1763 2279 Gerun-

891 2316 1081 2353 ensem.

891 2316 1081 2354 ensem.

772 2391 948 2463 (Anno
980 2390 1163 2456 1009..)

379 2482 627 2557 [Florez,
654 2482 872 2553 Espai'ta
893 2484 1158 2552 Sagrada,
1192 2481 1369 2547 XLIII,
1398 2478 1548 2552 419.]

239 2576 553 2631 Stcvcsmn
575 2577 857 2645 episcopus
873 2615 887 2640 ,
912 2591 1102 2630 servus
1125 2589 1406 2629 servorum
1426 2572 1538 2632 Dei,
1568 2568 1763 2624 dilecto

176 2667 277 2721 lilio
302 2667 508 2731 000M,
555 2668 808 2736 episc0po
847 2674 1048 2720 sancta:
1097 2663 1464 2718 Gerundensis
1509 2659 1763 2715 Ecclesia:

179 2760 387 2828 tuisque
414 2757 828 2812 successoribus
852 2756 903 2810 in
929 2763 1264 2825 perpetuum.

242 2850 587 2904 Desiderium
633 2847 799 2917 quod,
844 2855 950 2901 etc.
982 2846 1048 2899 Et
1083 2845 1203 2899 ideo
1243 2843 1371 2913 quia
1418 2841 1701 2913 postulasti
1732 2854 1763 2892 a

176 2946 325 2999 nobis
358 2952 419 2998 ut
441 2942 732 3012 prazl‘atum
753 2942 1115 3010 episcopatum
1137 2948 1338 2994 sancta:
1358 2938 1537 2991 Maria:
1558 2934 1765 2989 Gerun-

1867 1767 1978 1832 tiis,
2008 1782 2127 1836 quae
2154 1767 2207 1821 in
2241 1766 2499 1837 praedicto
2522 1767 2785 1822 comitatu
2812 1767 3262 1839 Emporitanense
3300 1778 3446 1833 sunt,

1863 1874 1971 1913 una
2009 1874 2133 1913 cum
2164 1858 2410 1925 decimis,
2437 1866 2493 1912 et
2542 1858 2821 1929 primitiis,
2870 1867 2925 1913 et
2971 1858 3356 1923 oblationibus,
3392 1866 3450 1913 et

1862 1948 2146 2003 alaudibus
2174 1948 2305 2013 suis,
2337 1964 2458 2018 qua:
2483 1960 2609 2005 sunt
2636 1950 2705 2004 de
2734 1950 2864 2021 ipsis
2892 1950 3157 2007 ecclesiis.
3179 1952 3247 2007 Et
3275 1952 3327 2006 in
3357 1968 3451 2024 pe.

1865 2036 2059 2094 tralata
2089 2038 2375 2095 ecclesiam
2421 2039 2608 2094 Sancti
2656 2039 2891 2105 Mart-ini,
2926 2057 3047 2097 cum
3097 2043 3341 2106 decimis,
3395 2052 3451 2097 et

1863 2132 2138 2201 primitiis,
2166 2141 2221 2186 et
2244 2131 2609 2189 oblationibus
2636 2135 2769 2189 suis.
2801 2134 2869 2188 Et
2897 2135 2950 2189 in
2974 2135 3231 2190 comitatu
3261 2135 3451 2190 Petra-

1864 2225 2057 2281 latensi
2098 2224 2383 2280 ecclesiam
2434 2224 2649 2281 Sancta:
2703 2226 2887 2281 Mariae
2932 2242 3057 2282 cum
3100 2226 3350 2292 decimis,
3396 2236 3451 2283 et

1863 2315 2210 2387 primitiis,et
2233 2316 2689 2384 oblationibus,et
2711 2317 2995 2372 alaudibus
3020 2319 3151 2372 suis.
3176 2318 3244 2371 Et
3262 2333 3452 2372 omnes

1864 2406 2122 2461 ecclesias
2175 2406 2519 2475 parocliiales
2564 2422 2686 2461 cum
2728 2422 2917 2461 earum
2964 2408 3291 2478 appenditiis
3332 2424 3453 2477 quae

1865 2507 1993 2553 sunt
2036 2498 2090 2551 in
2120 2498 2377 2552 comitatu
2412 2498 2672 2568 praedicto
2702 2499 3060 2554 Petralatensi
3098 2516 3221 2555 cum
3262 2514 3451 2555 earum

1866 2591 2114 2656 decimis,
2149 2602 2205 2645 et
2239 2591 2517 2660 primitiis,
2545 2600 2599 2646 et
2636 2593 3022 2657 oblationibus,
3057 2601 3113 2647 et
3141 2592 3446 2646 alaudibus.

1865 2682 1930 2735 Et
1961 2681 2176 2734 tertiam
2206 2690 2415 2751 partem
2443 2683 2508 2734 de
2536 2680 2744 2735 teloneo
2791 2683 2859 2735 de
2904 2682 3034 2750 ipsis
3064 2682 3341 2747 mercatis,
3396 2691 3453 2735 et

1866 2773 2078 2827 tertiam
2103 2768 2315 2842 partem
2338 2773 2404 2826 de
2433 2774 2566 2842 ipsis
2587 2773 2906 2841 pascuariis.
2937 2773 3002 2826 Et
3021 2782 3079 2826 ut
3102 2772 3306 2843 absque
3320 2774 3452 2843 jugo

1865 2882 1958 2922 seu
1976 2858 2181 2922 ditione
2203 2864 2574 2937 cujuscunque
2600 2882 2844 2937 personae
2864 2882 2987 2922 eum
3012 2868 3255 2922 stabilire
3280 2867 3453 2921 nostri

1868 2958 2134 3029 privilegii
2157 2959 2352 3028 pagina
2368 2958 2869 3013 corroboraremus.
2894 2958 3189 3028 Propterea
3206 2957 3313 3011 tuis
3329 2956 3453 3011 ﬂexi

177 3036 357 3090 ἀειιείε
408 3034 671 3089 Εεειεείίε
704 3031 1008 3101 θυοδιοηοίε
1046 3030 1387 3123 δυβίοτίξθίίδ
1429 3026 1763 3123 ιποιεςιῖοηε
1792 3038 1837 3100 C
1868 3026 2119 3123 precibus
2158 3026 2256 3119 per
2296 3050 2456 3117 hujus
2486 3058 2684 3104 nostrae
2727 3026 3071 3104 auctoritatis
3113 3047 3455 3117 privilegium

177 3127 539 3188 inuuiremus,
583 3133 639 3180 et
671 3124 853 3177 omnia
902 3123 949 3177 ei
998 3120 1322 3191 pertinentia
1374 3117 1593 3188 perenni
1643 3115 1767 3185 jure

180 3218 375 3272 ibidem
407 3215 794 3271 inviolabiliter
819 3213 1178 3282 permanenda
1197 3211 1665 3271 conﬁrmaremus,
1686 3207 1770 3261 vi-

179 3309 373 3363 delicet
399 3316 667 3377 quantum
699 3306 901 3361 habere
926 3305 1135 3358 videtur
1159 3303 1297 3357 inira
1328 3316 1512 3355 muros
1534 3298 1768 3354 civitatis

179 3396 452 3452 Gerunda:
496 3396 579 3451 vel
633 3396 686 3449 in
735 3394 850 3462 ejus
896 3395 1175 3460 comitatu,
1221 3408 1325 3447 una
1370 3408 1493 3446 eum
1535 3389 1768 3445 ecclesia

182 3490 371 3544 Sancti
398 3487 603 3546 Felicis
648 3485 905 3555 martyris
932 3496 987 3540 et
1016 3484 1201 3540 Sancti
1244 3482 1507 3548 Narcissi,
1540 3496 1659 3551 quae
1684 3488 1770 3535 est

178 3583 328 3654 juxta
346 3589 567 3650 portam
589 3578 826 3634 civitatis
846 3576 1133 3643 Gerundze,
1158 3591 1281 3630 cum
1306 3574 1558 3629 omnibus
1579 3587 1767 3626 eorum

180 3671 555 3742 pertinentiis,
572 3678 625 3723 et
650 3668 935 3724 ecclesiam
957 3668 1169 3722 Sanctae
1189 3666 1370 3721 Mariae
1398 3680 1558 3736 quam
1587 3664 1771 3719 dicunt

185 3762 366 3831 (vulgo
424 3759 694 3828 Labisiial)
731 3757 1114 3827 episcopalem,
1166 3757 1431 3826 simulque
1480 3769 1599 3807 cum
1653 3754 1770 3822 ipso

184 3854 396 3918 alaude,
426 3853 513 3919 vel
554 3853 715 3906 ﬁscus
740 3866 899 3919 quem
926 3851 1114 3904 dicunt
1149 3849 1479 3905 Fontanctus
1515 3858 1571 3901 et
1600 3846 1770 3900 Fonte

184 3944 376 4008 Edeta,
408 3953 464 3999 et
486 3943 767 4013 Apiliares,
792 3951 845 3998 et
878 3942 1190 4004 \‘entinaeo,
1215 3949 1269 3994 et
1297 3956 1449 3995 muro
1471 3948 1524 3993 et
1547 3936 1769 3993 nuwello

184 4036 251 4091 de
286 4035 576 4099 Palatiolo,
601 4050 654 4088 et
678 4035 846 4105 ipsam
869 4034 1119 4090 Fontem.
1158 4033 1281 4088 Haec
1320 4033 1500 4088 omnia
1532 4046 1652 4085 cum
1681 4032 1766 4084 de-

184 4131 363 4194 cimis,
398 4139 454 4184 et
499 4128 755 4198 primitiis
802 4136 856 4183 et
882 4126 1266 4191 oblationibus,
1297 4136 1351 4180 et
1402 4114 1682 4181 servitium
1712 4122 1773 4175 ﬁ-

185 4222 355 4287 scale,
378 4230 435 4274 et
460 4221 639 4289 ipsum
661 4219 903 4274 alaudem
926 4232 1087 4289 quem
1116 4218 1300 4273 dicunt
1328 4217 1567 4270 Parietes
1594 4215 1771 4268 Ruﬁni

183 4328 308 4367 cum
340 4311 595 4367 terminis
622 4319 675 4367 et
704 4310 1020 4379 adjacentiis
1050 4309 1182 4372 suis,
1209 4317 1263 4363 et
1306 4323 1497 4363 omnes
1517 4307 1773 4361 ecclesias

1869 3150 2173 3197 statuentes
2220 3142 2561 3197 decernimus
2618 3151 2678 3196 ut
2730 3152 2926 3197 cuncta
2980 3142 3126 3207 loca,
3184 3150 3321 3205 etc.,
3381 3141 3455 3195 ita

1871 3243 1929 3288 ut
1965 3234 2142 3288 nullus
2183 3233 2373 3304 judex,
2401 3234 2578 3290 nullus
2606 3235 2873 3303 marchio,
2914 3244 3022 3290 etc.
3072 3233 3175 3302 Qui
3201 3244 3345 3290 vero‘
3364 3249 3457 3289 cu-

1871 3333 2005 3389 stos,
2035 3334 2139 3379 etc.

1940 3416 2216 3486 Scriptum
2261 3431 2361 3487 per
2394 3431 2614 3470 manum
2659 3416 2804 3472 Petri
2836 3417 3034 3471 notarii
3086 3425 3140 3473 et
3183 3414 3456 3471 scriniarii

1869 3516 2071 3562 sanctae
2109 3506 2361 3561 Romana:
2392 3507 2646 3563 Ecclesiae
2692 3508 2748 3563 in
2777 3523 2962 3563 mense
2993 3506 3292 3573 Decembri,
3320 3506 3457 3561 indi-

1869 3598 2049 3654 ctione
2078 3599 2274 3669 prima.
2306 3599 2451 3654 Bene
2476 3599 2669 3655 valete.

2618 3710 2706 3765 XI.

1870 3818 2025 3872 Bulla
2053 3820 2318 3893 _Silvestri
2351 3838 2501 3893 papa:
2526 3822 2587 3875 II
2615 3840 2719 3893 qua
2753 3832 3031 3888 utrumque
3077 3823 3458 3876 monasterium

1943 3891 2253 3944 Stabulense
2274 3904 2320 3945 et
2348 3891 2831 3946 Mulmimduriense
2851 3897 2944 3947 sub
2976 3912 3071 3947 sua
3097 3894 3313 3957 suscipit
3337 3910 3457 3960 pro-

1943 3970 2184 4023 tectione,
2220 3966 2533 4032 mandatque
2566 3975 2617 4015 ut
2642 3965 2696 4015 iu
2734 3965 2936 4017 abbatis
2977 3965 3223 4016 electione
3244 3978 3309 4015 ea:
3335 3964 3459 4016 Sta-

1943 4031 2164 4097 buleusi,
2190 4036 2233 4084 si
2258 4031 2452 4102 dignus
2472 4034 2780 4101 reperiatur,
2811 4045 3132 4087 assumatur.

2401 4124 2578 4194 (Anno
2608 4125 2925 4198 999-1005.)

2193 4214 2470 4287 [Marten.,
2504 4217 2665 4286 ampl.
2699 4216 2914 4271 Collect.
2951 4216 3142 4289 ll,54.]

1944 4306 2264 4370 SILVESTER,
2295 4322 2540 4362 summus
2576 4316 2631 4362 et
2680 4309 3001 4364 universalis
3049 4325 3186 4380 papa
3234 4319 3290 4365 et
3317 4310 3462 4365 beati

182 4404 558 4475 parochiales,
590 4402 670 4456 vel
703 4401 1039 4471 appenditios
1066 4401 1156 4468 qui
1185 4410 1309 4454 sunt
1331 4400 1384 4452 in
1424 4398 1571 4452 omni
1607 4399 1773 4452 comi-
1803 4387 1850 4444 ο
1876 4397 2022 4452 Petri
2052 4399 2306 4462 vicarius,
2338 4414 2531 4453 servus
2562 4414 2838 4454 servorum
2869 4402 2985 4467 Dei,
3014 4402 3310 4457 venerabili
3345 4402 3463 4455 Sta-

186 4505 301 4550 tatu
324 4495 621 4559 Gerundae,
645 4502 847 4548 etcum
875 4493 1119 4556 decimis,
1147 4502 1201 4547 et
1228 4490 1503 4561 primitiis,
1530 4501 1584 4543 et
1623 4489 1773 4549 obla-

188 4587 434 4643 tionibus
467 4584 724 4650 ﬁdelium,
751 4592 810 4638 et
832 4584 1047 4638 alaudes
1085 4599 1202 4652 quae
1236 4583 1303 4637 ad
1334 4583 1479 4652 ipsas
1519 4581 1776 4637 ecclesias

185 4679 490 4747 pertinent,
521 4677 600 4730 vel
622 4677 828 4731 habere
850 4677 1118 4742 videntur,
1149 4687 1203 4730 et
1231 4676 1445 4749 tertiam
1471 4686 1679 4744 partem
1709 4674 1775 4727 de

188 4771 307 4839 ipsa
348 4777 563 4823 moneta
590 4768 653 4823 de
679 4767 903 4823 civitate
936 4765 1207 4834 Gerunda,
1250 4765 1412 4822 simul
1454 4782 1575 4820 cum
1611 4780 1776 4823 censu

191 4861 257 4914 de
294 4859 438 4931 ipsis
475 4856 688 4923 ludatis,
722 4867 889 4926 atque
936 4857 1147 4912 tertiam
1197 4866 1407 4925 partem
1438 4856 1505 4909 de
1545 4856 1661 4926 ipso
1694 4865 1775 4910 te-

190 4950 379 5014 loneo,
412 4949 475 5003 de
508 4950 634 5019 ipsis
659 4947 924 5007 mercatis
954 4949 1019 5003 de
1044 4949 1300 5021 praedicta
1328 4947 1569 5013 civitate,
1601 4948 1683 5003 vel
1711 4948 1779 5001 de

191 5042 312 5111 ejus
340 5040 621 5107 comitatu,
647 5050 706 5096 et.
742 5040 955 5095 tertiam
986 5054 1194 5110 partem
1223 5040 1289 5093 de
1314 5038 1446 5107 ipsis
1478 5039 1780 5106 pascuariis

194 5134 259 5187 de
306 5133 566 5203 praedicto
593 5134 880 5189 comitatu.
904 5132 970 5191 Et
996 5133 1051 5187 in
1098 5134 1359 5188 comitatu
1402 5130 1780 5189 Bisuldunensi

197 5226 380 5294 ipsum
414 5224 649 5281 alaudem
677 5240 843 5298 quem
866 5224 1050 5280 dicunt
1073 5226 1329 5288 Bascara,
1361 5232 1416 5277 et
1436 5224 1607 5294 ipsum
1631 5228 1782 5281 alau-

200 5316 321 5350 Αοηι
347 5315 422 5350 ΑΩ
440 5316 711 5350 Γνιῖεηέηηη
736 5332 861 5350 num
883 5332 1066 5350 nni-nm
1092 5316 1414 5350 lammin:n«nl
1440 5315 1755 5350 ηιδῖοηηηιῖἷρ

1873 4490 2179 4546 bulensium
2208 4501 2264 4546 et
2307 4490 2880 4547 Malmnndariensium
2911 4494 3093 4547 abbati
3137 4494 3466 4549 liavauceao

1877 4591 1934 4636 et
1975 4582 2226 4636 omnibus
2262 4583 2315 4634 in
2347 4579 2563 4635 Christo
2613 4584 2698 4651 pie
2738 4583 2922 4637 vivere
2950 4583 3251 4638 volentibus
3283 4599 3464 4637 \eram

1878 4677 1931 4735 in
1988 4674 2215 4729 Domino
2264 4672 2391 4729 Jesu
2435 4674 2778 4730 dilectionem
2807 4692 2872 4732 ac
2916 4686 3160 4731 mutuam
3210 4679 3468 4731 fraternae

1879 4765 1978 4825 cha
1988 4764 2027 4817 ri
2038 4764 2162 4822 tatis
2178 4764 2609 4827 unanimitatem.
2864 4816 2865 4819 η

1949 4856 2084 4911 Cum
2111 4864 2323 4910 constat
2360 4864 2481 4926 post
2506 4856 2803 4923 primorum
2835 4867 3148 4913 nostrorum
3180 4864 3468 4926 parentum

1880 4947 2382 5019 praevaricationem
2420 4947 2474 5003 in
2519 4946 2673 5002 liberi
2700 4950 2913 5005 arbitrii
2952 4948 3273 5002 abusionem
3306 4957 3472 5011 genus

1882 5040 2176 5093 humanum
2206 5038 2256 5093 ei
2295 5037 2576 5092 sententia:
2601 5039 2899 5104 addictum,
2935 5045 2993 5091 ut
3038 5046 3096 5091 et
3124 5038 3286 5092 homo
3331 5032 3476 5100 capi-

1884 5132 2030 5191 tibus
2058 5130 2287 5185 aliornru
2316 5128 2610 5185 secundum
2632 5127 3049 5201 PsalmOgraphi
3074 5142 3261 5183 vocem
3287 5135 3480 5190 super-

1883 5228 2136 5294 ponatur,
2156 5221 2222 5274 ad
2246 5220 2671 5291 compescendos
2690 5222 2895 5275 scilicet
2917 5218 3169 5271 humana:
3188 5207 3483 5281 voluptatis

1887 5313 2103 5350 illinilne
2132 5311 2402 5350 annalilnc
2462 5318 2510 5350 ρΙ
2563 5310 2770 5350 lpnihnc
2798 5325 2903 5350 nnn
2941 5306 3107 5350 mmln
3149 5301 3482 5350 forensibus.
