3948 5350
506 346 632 406 .283

1127 348 1489 406 SILVESTRI
1528 349 1570 407 ll
1606 346 1815 407 PAPE
1853 351 2005 411 OPP.
2045 352 2227 411 PARS
2264 354 2353 410 lll.
2384 385 2456 396 —-
2495 354 2714 413 EPiS'l'.
2762 354 2852 413 ET
2896 357 3185 416 DlPLOM.

3696 334 3799 424 est

522 467 761 525 ﬁdelium
806 465 1052 530 fundata,
1082 465 1248 521 culmi
1299 466 1484 522 divino
1514 467 1839 538 mancipata,
1864 467 2017 540 plura
2070 484 2101 524 a
2131 470 2184 531 Α
2206 483 2318 540 quo
2340 483 2435 525 eos
2459 470 2751 537 ordinavit,
2779 471 3052 528 noluerint
3091 474 3406 544 persistere,
3437 474 3506 530 ab
3548 475 3644 533 illo
3677 494 3793 536 sus-

522 560 756 616 diversis
782 559 1172 630 stipendiorum
1195 558 1393 613 eximia
1413 566 1541 614 sunt
1563 560 1775 629 adepta,
1807 574 1912 614 non
1933 560 2107 616 solum

446 644 457 655 ”
512 653 751 724 .rrgaiia,
786 655 882 710 sed
932 653 1232 724 imperalia,
1262 654 1329 710 ad
1382 654 1780 708 immunitatem
1816 655 1899 709 sui
1944 669 2109 723 expo-

512 746 725 803 stulent
756 756 1054 816 prmcepta;
1088 761 1275 799 verum
1307 747 1471 799 etiam
1514 745 1859 799 auctoritatis
1908 751 2109 799 nostrae

512 841 590 894 ad
616 838 964 894 stabilitatem
996 838 1077 893 sui
1102 838 1412 893 desiderent
1435 837 1736 908 privilegia.
1771 837 2112 907 Quapropter

512 940 714 1003 rogatu
744 930 1070 986 venerabilis
1094 930 1316 999 Notgeri
1346 930 1660 985 Leodiensis
1682 928 1919 999 episcopi
1946 927 2113 983 abba-

516 1024 653 1079 tiam
684 1022 1058 1078 Stabulensem
1086 1021 1172 1076 vel
1192 1021 1739 1077 Malmundariensem
1763 1018 2111 1088 antiquorum

523 1129 712 1186 regum
758 1113 1235 1184 etimperatorum
1282 1112 1650 1169 munificentia
1697 1109 1951 1166 nobiliter
1982 1124 2114 1164 con-

518 1216 809 1272 structam,
845 1215 899 1262 ει
928 1221 1142 1277 semper
1176 1215 1284 1261 tam
1310 1214 1619 1261 nostrorum
1651 1206 2110 1276 praedecessorum

516 1299 848 1355 auctoritate
887 1313 1048 1369 quam
1096 1299 1244 1370 regia
1295 1297 1639 1353 immunitate
1682 1295 1983 1361 defensam,
2011 1294 2112 1349 sub

520 1391 713 1446 eadem
744 1390 1104 1445 immunitatis
1138 1400 1338 1446 nostrae
1361 1391 1590 1446 tuitione
1614 1388 1965 1458 suscipimus.
1997 1386 2113 1443 Ab-
2202 1408 2205 1413 ·

523 1482 703 1537 batem
757 1496 974 1551 semper
1023 1482 1279 1548 habeant,
1327 1497 1392 1537 ea
1443 1492 1620 1537 tamen
1667 1481 2115 1553 pmponderante

524 1573 759 1638 ratione,
815 1573 1389 1631 Malmundariensinm
1431 1589 1599 1645 pace,
1653 1584 1716 1629 ut
1757 1573 1882 1645 quia
1925 1573 2116 1629 beatus

513 1662 817 1718 Remaclus
842 1662 1132 1732 utriusque
1155 1664 1470 1718 monasterii
1513 1670 1858 1718 constructor
1885 1668 1942 1717 et
1968 1661 2115 1716 Tun-

524 1753 802 1824 grensium
832 1762 989 1808 antea
1016 1754 1305 1825 episcopus
1328 1761 1385 1808 et
1411 1762 1597 1824 pastor
1637 1752 1826 1808 maluit
1859 1754 1912 1808 in
1942 1752 2112 1807 altero

514 1858 738 1910 eorum,
769 1843 821 1898 id
861 1852 944 1899 est
986 1843 1414 1912 Stabulensium,
1454 1846 1628 1900 locum
1679 1845 1968 1915 sepultura:
2008 1844 2109 1899 sibi
2141 1842 2189 1903 B

524 1931 776 2003 diligere,
807 1934 908 2005 ipsi
936 1935 1168 2004 primam
1202 1935 1485 1991 electionis
1526 1935 1810 1991 obtineant
1840 1935 2036 2002 vicem,
2067 1933 2114 1990 si

526 2025 668 2093 apud
698 2040 793 2080 eos
827 2027 1017 2082 melior
1047 2027 1257 2082 meritis
1287 2036 1341 2083 et
1377 2027 1696 2082 instructior
1739 2026 1935 2080 litteris
1969 2025 2119 2080 inve-

516 2116 733 2171 niatur.
770 2117 826 2172 Si
859 2120 1038 2172 autem
1076 2135 1183 2175 non
1222 2119 1350 2184 illic,
1393 2120 1486 2174 sed
1516 2118 1896 2172 Malmundarii
1928 2117 2120 2193 melior

531 2207 856 2276 reperiatur,
890 2209 1106 2279 utrique
1148 2208 1270 2263 loco
1317 2208 1695 2278 praeﬁciendus
1746 2208 1926 2278 potius
1956 2220 2118 2276 quam

526 2300 772 2354 externis
805 2308 1114 2371 assumptus
1136 2301 1549 2356 intromittatur.

1274 2390 1388 2446 XII.

605 2479 841 2536 Silvestri
873 2479 936 2534 11
964 2497 1114 2552 papae
1136 2481 1359 2552 epistola
1395 2479 1465 2534 ad
1499 2477 1777 2533 0dilonem
1813 2477 2050 2532 abbatem

1118 2550 1537 2606 Cluniacensem.

1064 2642 1241 2713 (Anno
1269 2641 1593 2711 999-1095.)

787 2732 1040 2805 [illabill.,
1071 2733 1265 2809 Annal.
1299 2742 1430 2788 tom.
1460 2733 1547 2797 lV,
1579 2749 1703 2805 pag.
1735 2731 1882 2804 156]

610 2824 722 2897 (40)
753 2823 1049 2882 διινεετειι
1090 2825 1398 2895 episcopus,
1428 2840 1619 2880 servus
1665 2839 1946 2881 servorum
1992 2823 2121 2889 Dei,

537 2918 764 2976 Omnem
792 2918 989 2974 dilecto
1022 2917 1132 2973 filio
1177 2927 1233 2973 et
1276 2918 1459 2973 abbati
1486 2916 1786 2989 'przeclaro,
1815 2925 1977 2986 atque
2006 2914 2125 2970 uni-

536 3025 708 3066 versae
735 3009 1143 3079 congregationi
1168 3009 1272 3065 sibi
1298 3008 1624 3077 commissa,
1646 3008 1868 3064 cbaram
1892 3006 2123 3064 salutem

537 3110 594 3158 et
617 3101 967 3172 apostolicam
992 3100 1445 3157 benedictionem.
1476 3088 1479 3091 ’

612 3192 820 3250 Vestris
847 3208 947 3249 nos
974 3194 1335 3249 sanctissimis
1360 3194 1507 3249 omni
1554 3201 1798 3263 tempore
1830 3192 2124 3249 committi-
2149 3196 2196 3260 ο

538 3298 661 3339 mus
684 3283 1041 3350 orationibus,
1072 3292 1129 3339 et
1166 3291 1229 3338 ut
1255 3283 1502 3354 aecipere
1526 3264 2125 3354 digneminiifidelibus

539 3390 832 3432 exoramus
875 3374 1251 3446 petitionibus,
1301 3375 1431 3446 quia
1475 3375 1530 3430 in
1573 3390 1896 3447 quocunque
1943 3384 2128 3434 noster

440 3464 443 3467 ’
539 3464 777 3520 valuerit
815 3473 1011 3532 status,
1058 3465 1207 3520 nullo
1231 3465 1391 3521 modo
1422 3475 1601 3521 vester
1629 3464 1901 3523 defectum
1931 3468 2130 3524 sentiet

538 3553 836 3624 profectus.
871 3555 953 3615 Ad
978 3556 1091 3610 hate
1120 3555 1304 3625 igitur,
1330 3571 1450 3625 quae
1476 3567 1675 3614 nostra:
1697 3559 2004 3615 auctoritati
2030 3572 2131 3629 per

542 3644 870 3701 Gerbaldum
898 3654 1137 3701 vestrum
1168 3648 1490 3713 monachum
1519 3647 1858 3705 discutienda
1893 3663 2122 3718 praesen-

542 3738 697 3802 tatis,
728 3752 1051 3792 ΑροετοιιοΑ
1091 3752 1490 3806 ΛΗΟΤΟΜΤΑΤΒ,
1531 3753 1600 3795 ΕΤ
1633 3754 1989 3815 CONFBA’I‘BUM
2017 3753 2132 3797 EPI-

544 3842 818 3885 scoeonuu
862 3838 1126 3895 CONSbLIO,
1159 3829 1251 3884 tali
1283 3829 1437 3885 vobis
1482 3830 1868 3898 respondemus
1903 3827 2129 3897 judicio.

542 3918 937 3990 Cognoscimus
960 3920 1105 3976 enim
1142 3916 1288 3974 illum
1318 3920 1631 3990 episcopum
1672 3920 1937 3976 catholice
1966 3919 2135 3977 fuisse

544 4010 893 4079 ordinatum,
947 4018 1002 4066 et
1051 4010 1448 4067 rationabiliter
1493 4000 1800 4083 episcopale
1856 4013 2134 4083 accepisse

545 4103 811 4171 cilicium;
847 4105 943 4160 sed
985 4097 1269 4177 postquam
1309 4104 1493 4161 divino
1515 4120 1701 4161 amore
1723 4106 1939 4169 ductus,
1965 4105 2134 4160 hono-

545 4203 696 4259 ribus
727 4207 780 4258 et
810 4196 1006 4259 ciliciis
1039 4197 1367 4252 renuntiavit
1394 4196 1763 4263 szecularibus,
1790 4211 1896 4252 non
1926 4196 2029 4252 sibi
2067 4195 2136 4250 li-

547 4293 661 4348 cuit
700 4293 890 4347 eadem
930 4307 1187 4347 exercere
1223 4288 1442 4363 negotia
1478 4302 1599 4357 qua:
1638 4288 1789 4357 prius
1829 4286 2035 4342 fecerat
2078 4287 2135 4341 in

548 4384 823 4439 communi
862 4384 994 4439 vita.
1025 4383 1200 4447 Unde,
1230 4385 1355 4452 quia
1397 4380 1540 4452 quod
1584 4378 1735 4449 fecit,
1778 4394 1885 4433 non
1932 4387 2136 4435 temere

549 4489 652 4531 nec
675 4482 864 4529 contra
889 4474 1213 4530 catholicam
1240 4474 1622 4530 auctoritatem
1650 4473 2015 4544 praesumpsit,
2038 4474 2136 4525 sed

2208 560 2512 633 pendamur
2542 563 2731 633 gradu,
2771 579 2930 634 quem
2958 573 3081 635 post
3107 580 3259 621 suam
3284 564 3405 639 [al.,
3430 582 3528 638 pro
3552 567 3678 643 sua]
3704 570 3799 627 de.

2208 649 2531 720 positionem
2554 653 2997 723 acceperint,scd
3020 653 3109 709 illo
3131 653 3380 711 fruantur
3401 657 3800 730 licenterquem

2209 738 2502 806 habebant,
2547 752 2601 796 et
2647 744 2763 811 ipse
2801 743 2915 814 jam
2945 745 3120 801 dictus
3164 747 3449 819 episcopus
3474 750 3708 821 posthac
3732 747 3805 806 si-

2211 830 2359 886 milia
2396 846 2502 887 non
2538 843 2851 903 praesumat.
2885 832 3094 891 Valete.

2940 926 3077 982 Xlll.

2392 1013 2629 1070 Silvestri
2656 1015 2721 1071 11
2743 1034 2894 1089 papte
2914 1020 3137 1091 epistola
3159 1022 3344 1079 ad.....
3371 1026 3636 1081 abbatem.

2745 1110 2922 1184 (Anno
2950 1112 3272 1187 9994003.)

2214 1194 2390 1268 [Apud
2422 1198 2679 1265 Theiner,
2719 1200 2993 1283 Qisquisit.
3023 1207 3195 1261 critic.
3232 1209 3287 1265 in
3320 1212 3618 1283 prarcipuas
3650 1231 3809 1269 cano-

2285 1284 2409 1353 :t'unt
2429 1279 2480 1323 et
2504 1270 2846 1353 (lectitabant
2879 1271 3243 1353 Gai/actiones,
3273 1294 3398 1353 pag.
3427 1282 3554 1350 318,
3581 1301 3653 1340 ex
3681 1287 3803 1343 cod.

2285 1336 2457 1394 Vatie.
2488 1356 2544 1394 η.
2572 1341 2735 1406 1565,
2763 1343 2858 1398 nn.
2885 1344 3036 1418 207.]

2285 1426 2588 1484 SILVESTER
2627 1432 2952 1503 episcopus,
2997 1450 3188 1494 servus
3214 1455 3503 1498 servorum
3544 1445 3673 1514 Dei,
3713 1445 3808 1503 ab-

2212 1515 2438 1574 bati.....
2467 1520 2694 1577 salutem
2721 1531 2778 1579 et
2801 1525 3155 1594 apostolicam
3180 1528 3643 1591 benedictionem.

2284 1610 2364 1666 De
2387 1611 2495 1668 hoc
2530 1613 2675 1667 unde
2700 1629 2799 1670 nos
2837 1617 3161 1675 consuluisti
3194 1620 3320 1678 ideo
3343 1625 3679 1695 respondere
3714 1626 3815 1681 tibi

2214 1706 2544 1770 distulimus,
2578 1709 2837 1779 quoniam
2874 1712 3256 1770 auctoritatem
3290 1716 3343 1770 in
3374 1713 3639 1775 Romanis
3661 1719 3814 1774 volu-

2215 1795 2453 1852 minibus
2477 1812 2586 1852 non
2615 1798 2894 1855 habemus.
2926 1798 3050 1857 illos
3091 1811 3275 1858 autem
3300 1803 3488 1871 libros,
3528 1805 3585 1860 in
3615 1807 3822 1876 quibus

2216 1888 2506 1958 specialem
2529 1888 2871 1946 'sententiam
2909 1891 3159 1964 legimus,
3188 1896 3242 1951 in
3270 1895 3441 1952 Gallia
3476 1898 3698 1955 relictos
3729 1915 3812 1955 re-

2216 1980 2468 2037 colimus.
2513 1981 2733 2052 Aliquid
2781 1992 2964 2041 tamen
3011 1988 3275 2043 memoria
3325 1990 3628 2047 retinemus
3665 1991 3809 2061 quod

2218 2078 2323 2127 tum
2355 2071 2601 2142 petitioni
2636 2072 2884 2130 sullicere
2914 2091 3074 2146 posse
3108 2079 3405 2136 credimus.
3443 2080 3502 2137 In
3528 2082 3722 2138 iisdem
3751 2081 3818 2136 li-

2218 2162 2334 2218 bris
2380 2163 2445 2218 da
2491 2165 2745 2235 episcOpis
2790 2182 2882 2236 per
2918 2169 3193 2238 pecuniam
3230 2172 3483 2240 promotis
3527 2171 3731 2245 legitur
3755 2182 3815 2228 ut

2217 2252 2464 2323 quisquis
2508 2253 2631 2309 talis
2676 2256 2927 2313 inventus
2965 2257 3153 2325 fuerit,
3198 2276 3296 2330 per
3318 2262 3598 2318 biennium
3633 2267 3814 2335 ponti-

2219 2340 2360 2397 ficali
2403 2341 2577 2406 ollicio
2609 2360 2824 2414 carens,
2872 2347 3009 2403 duos
3051 2349 3167 2405 dies
3207 2364 3302 2420 per
3345 2351 3741 2411 bebdomadem
3780 2371 3813 2409 ι

2218 2432 2347 2488 vino
2367 2441 2423 2488 et
2444 2443 2599 2489 coelo
2624 2450 2683 2490 se
2704 2435 2997 2501 abstineat,
3018 2448 3075 2492 et
3100 2447 3223 2509 post
3253 2439 3462 2497 tinnitum
3492 2442 3813 2512 psalterium

2221 2527 2489 2583 comedat.
2524 2527 2638 2584 Hoc
2677 2529 2874 2601 quippe
2906 2531 3286 2589 traditionibus
3317 2534 3557 2605 priorum
3589 2534 3809 2592 Patrum

2221 2618 2553 2675 concordare
2575 2620 2841 2688 videmus,
2866 2621 2958 2692 qui
2982 2620 3248 2690 ejusmodi
3288 2625 3574 2698 episcopos
3613 2625 3816 2698 deponi

2221 2720 2540 2765 sanxerunt.
2582 2710 2758 2768 Oliicii
2799 2715 3087 2785 suspensio
3112 2715 3185 2771 sit
3222 2716 3484 2787 cujusque
3519 2718 3810 2789 depositio.

2222 2800 2326 2869 Qui
2366 2803 2511 2857 enirn
2552 2803 2860 2875 deponitur,
2903 2821 2933 2861 a
2973 2809 3357 2865 communione
3395 2826 3503 2866 non
3540 2811 3811 2882 privatur.

2223 2892 2383 2949 Valet
2413 2895 2598 2965 utique
2630 2898 2963 2953 tantumdem
2995 2898 3200 2954 biennii
3233 2902 3516 2971 suspensio
3547 2917 3677 2958 cum
3707 2915 3817 2974 pm.

2223 2984 2482 3050 nitentia,
2531 2995 2796 3057 quantum
2848 2988 2964 3045 sola
3019 2990 3306 3061 depositio.
3357 2992 3460 3060 Qui
3511 3007 3651 3049 vero
3703 3002 3821 3065 post

2223 3076 2473 3133 biennem
2523 3079 2932 3159 suspensionem
2979 3090 3037 3137 et
3080 3084 3451 3153 ptenitentiam
3495 3086 3683 3142 oﬂicio
3726 3102 3822 3142 suo

2225 3168 2488 3234 redditur,
2524 3170 2677 3238 quasi
2707 3179 2828 3240 post
2853 3171 3243 3242 depositionem
3275 3175 3710 3233 misericorditer
3735 3192 3819 3232 rc-

2227 3262 2566 3318 conciliatur.
2616 3264 2792 3334 Incipe
2832 3280 2964 3338 ergo
3007 3277 3129 3338 post
3174 3276 3424 3325 octavam
3469 3269 3827 3329 Pentecostes

2229 3354 2543 3426 prmdictum
2587 3355 2883 3423 biennium,
2912 3368 2968 3413 et
2999 3372 3065 3414 eo
3098 3372 3255 3432 pacto
3293 3369 3386 3419 tuo
3419 3361 3602 3420 cilicio
3635 3366 3716 3421 sis
3745 3381 3828 3421 re-

2229 3446 2469 3502 stitutus.
2524 3446 2580 3503 Si
2639 3448 2863 3504 fratrum
2916 3453 3216 3508 custodiam
3266 3462 3322 3508 et
3368 3455 3534 3511 totius
3588 3457 3825 3513 cmnobii

2231 3536 2500 3591 sarcinam
2539 3537 2700 3593 alicui
2747 3538 2979 3595 fratrum
3021 3545 3360 3600 committere
3398 3545 3607 3615 possis,
3654 3548 3827 3602 donec

2216 3626 2516 3697 .pteniteas,
2561 3628 2860 3684 committe.
2911 3629 3006 3686 Sin
3036 3641 3240 3700 autem,
3291 3642 3530 3704 oportet,
3575 3637 3828 3706 quamvis

2232 3719 2494 3789 graveris,
2525 3728 2583 3773 ut
2614 3720 2728 3789 ipse
2759 3722 3029 3790 patienter
3059 3733 3227 3780 totum
3268 3724 3514 3782 sulferas.
3545 3727 3825 3799 Multiplex

2231 3812 2398 3884 igitur
2423 3812 2572 3868 calor
2599 3813 2785 3884 purius
2813 3811 3039 3869 effundit
3072 3829 3104 3870 a
3134 3813 3352 3873 fornace
3380 3815 3683 3874 metallum.

2958 3904 3096 3961 XIV.
3460 3902 3463 3907 ’

2795 3993 3245 4066 (Fragmentum)

2235 4081 2481 4137 Silvester
2509 4082 2572 4154 If
2604 4083 2835 4139 ecclesia:
2869 4084 2974 4140 SS.
3008 4085 3242 4140 Cervasii
3275 4096 3322 4141 et
3352 4085 3611 4154 Protasii,
3644 4091 3700 4144 in
3737 4106 3825 4143 co-

2305 4155 2495 4207 mitatu
2520 4153 2835 4208 Cabalitano
2861 4172 2892 4207 a
2917 4154 3182 4223 Stephano
3214 4158 3534 4211 nire—comite
3559 4170 3609 4212 et
3636 4160 3824 4223 Angel-

2307 4223 2461 4276 moda
2498 4232 2716 4303 conjuge
2758 4218 3098 4306 constructw.
3146 4226 3393 4296 beateque
3433 4224 3597 4283 Petro
3638 4218 3827 4285 obbam

2306 4304 2674 4364 protectionem
2703 4304 2938 4360 εηδεψη.

2766 4384 2942 4454 (Anno
2970 4383 3266 4440 999-1003.

2238 4471 2501 4545 [Histoire
2528 4472 2593 4527 de
2620 4471 2953 4544 Languedoc,
2986 4482 3117 4530 tom.
3145 4475 3208 4541 Il,
3245 4474 3491 4546 Preuves,
3519 4494 3644 4552 pag.
3682 4481 3827 4558 25-5.]

537 4564 868 4620 obedienter
893 4573 949 4620 et
987 4564 1304 4634 simpliciter
1346 4565 1787 4636 coepiscoporum
1832 4561 2047 4619 licentia
2078 4569 2133 4617 et
2161 4572 2212 4632 ι)
2306 4566 2608 4623 διιγεετειι
2655 4567 2965 4638 episcopus,
3031 4569 3282 4624 omnibus
3332 4571 3455 4627 fidei
3504 4571 3828 4631 Christiana!

551 4655 637 4708 sui
663 4654 876 4710 abbatis
919 4656 1196 4722 exercuit;
1232 4664 1289 4711 et
1327 4655 1455 4726 quia
1487 4656 1627 4712 bona
1660 4656 1887 4712 intentio
1912 4672 2018 4712 non
2050 4660 2134 4713 est

552 4746 825 4802 contraria
856 4746 986 4812 Deo,
1010 4746 1255 4802 volumus
1280 4755 1337 4803 et
1362 4747 1671 4818 iudicamus
1703 4757 1762 4801 ut
1784 4762 2135 4819 quoscunque

553 4836 647 4895 ille
671 4839 739 4894 ad
765 4838 1000 4908 aliquem
1031 4840 1256 4910 gradum
1288 4838 1714 4895 ecclesiasticum
1743 4841 2136 4909 promovendos

555 4929 712 4987 duxit
746 4939 803 4985 et
844 4929 1140 4996 benedixit,
1185 4929 1456 4986 benedicti
1499 4930 1629 4995 sint,
1673 4941 1725 4985 et
1761 4929 1979 5000 proprio
2017 4929 2136 4984 fun-

542 5029 754 5093 gantur
794 5022 963 5093 gradu
1006 5029 1192 5076 nostra
1238 5019 1455 5077 licentia
1501 5028 1557 5075 et
1604 5020 1999 5076 benedictione.
2033 5019 2137 5086 Qui

559 5126 692 5181 vero
712 5113 943 5183 superbe
985 5122 1043 5168 et
1085 5120 1512 5184 praesumptuose
1555 5111 1610 5167 in
1637 5112 1825 5168 eodem
1864 5112 2034 5183 gradu
2082 5111 2138 5166 in

1775 5306 1850 5347 tm
1900 5292 2139 5348 episcopi

2234 4659 2361 4719 fidei
2385 4660 2705 4717 cultoribus.

2306 4752 2506 4813 Notum
2542 4768 2664 4810 esse
2714 4753 2962 4809 volumus
2993 4752 3323 4824 Stephanum
3361 4756 3741 4814 vicecomitcm
3776 4769 3825 4815 et

2235 4845 2624 4917 Angehnodam
2674 4842 2957 4915 coniuges,
3005 4843 3295 4899 ecclesiam
3337 4855 3653 4902 sanctorum
3696 4847 3827 4904 Ger-

2236 4937 2372 4991 vasii
2404 4945 2458 4993 et
2485 4934 2716 4992 Protasii
2746 4934 2812 4990 de
2841 4933 2952 4989 suis
2982 4933 3214 5003 propriis
3240 4943 3612 4991 constructam
3652 4937 3707 4992 in
3740 4952 3828 4993 co-

2239 5030 2429 5085 mitatu
2458 5029 2777 5086 Gabalitano
2811 5025 3068 5098 positam,
3096 5032 3294 5080 nostrae
3327 5024 3385 5081 S.
3419 5025 3488 5082 R.
3519 5027 3585 5082 Ε.
3613 5044 3714 5099 per
3738 5027 3830 5082 do-

2240 5120 2478 5176 nationis
2518 5116 2772 5190 paginam
2803 5119 3054 5181 donasse,
3087 5125 3196 5172 etc.
3224 5113 3379 5174 Unde
3419 5117 3627 5189 placuit
3674 5119 3830 5175 nobis
