3948 5350
121 285 200 341 Ξ85
461 321 472 336 .
737 284 977 342 SECTIO
1007 286 1070 340 ll.
1110 317 1180 327 —
1221 286 1584 344 EPISTOLIE
1649 289 1736 344 ET
1779 290 2178 349 DIPI.OMATA
2221 293 2624 354 PONTIFICIA.

3219 301 3324 362 286

122 399 317 456 eamdem
363 398 668 467 praedictam
699 400 1094 460 ecclesiam.....
1145 407 1259 488 sub
1275 416 1460 462 nostra
1512 425 1638 478 pro-
1670 413 1716 470 Α
1743 411 2030 466 concilium
2070 411 2121 466 in
2142 416 2330 468 eodem
2372 417 2700 472 monasterio
2726 398 2946 488 absque
2971 433 3242 475 consensu
3273 438 3330 477 et

124 491 329 552 lectione,
357 497 480 551 ete.,
501 490 757 555 jubemus
783 500 841 545 ut
870 492 1049 546 nullus
1075 509 1192 560 rex,
1224 485 1486 564 marchio,
1515 500 1642 567 dux,

121 595 282 642 comes,
321 579 618 635 vicecomes
679 591 770 635 aut
841 583 978 637 alius
1027 585 1324 655 majorum,
1373 603 1646 660 parvaque

123 688 322 742 persona,
353 672 489 727 illam
517 675 809 730 ecclesiam
837 675 1020 748 aliquo
1051 680 1208 734 modo
1237 680 1538 750 inquietare
1563 683 1647 738 vel

123 764 356 819 molestare
383 764 599 831 audeat,
632 776 736 822 etc.

799 855 912 912 XV.

125 946 322 1002 Silmter
349 944 408 998 11
435 949 809 1002 monasterium
860 949 916 1005 S.
966 950 1238 1007 Trinitatis
1279 963 1327 1008 et
1383 953 1440 1011 S.
1501 954 1648 1011 Petri

175 1016 494 1085 Burguliense,
519 1019 586 1069 ab
617 1018 805 1073 Emma
828 1023 1094 1076 comitiua
1131 1025 1446 1080 Pictaviensi
1467 1029 1648 1082 condi-

172 1097 276 1151 tum,
303 1087 580 1157 privilegiis
610 1100 786 1142 ornat.

667 1181 843 1249 (Anno
864 1182 1048 1250 1005.)

368 1265 528 1340 [σαιι.
554 1269 778 1337 εΙινίδι.,
814 1282 944 1328 tom.
977 1273 1065 1340 IV,
1093 1276 1224 1331 edit.
1257 1275 1333 1348 Ι.)

174 1360 449 1429 ειινεςτειι,
479 1378 644 1433 papa,
672 1364 841 1422 Eunus
866 1367 1159 1423 comitissaa
1201 1369 1646 1428 Pictaviensium.

173 1454 413 1508 lnnotuisti
452 1456 680 1510 auribus
724 1458 927 1514 nostris
966 1460 1132 1527 quod,
1171 1460 1284 1516 Deo
1319 1463 1556 1518 donante
1595 1473 1651 1519 et

124 1545 359 1600 venerabili
381 1545 660 1603 Gauberto
687 1549 882 1606 abbate
915 1561 1144 1620 cogente
1185 1563 1241 1608 et
1285 1553 1558 1620 hortante,
1595 1555 1648 1610 in

126 1635 212 1690 loco
239 1637 314 1706 qui
341 1647 564 1692 vocatur
591 1639 881 1711 Burgulius
913 1643 964 1696 in
995 1644 1201 1698 honore
1239 1655 1443 1700 sancta:
1471 1656 1526 1700 et
1567 1647 1650 1700 in-

125 1726 304 1780 dividua
335 1726 612 1784 Trinitatis
642 1741 695 1785 et
727 1730 785 1786 S.
817 1731 964 1786 Petri
991 1733 1358 1802 apostolorum
1391 1736 1650 1804 principis

124 1816 450 1872 monasterium
477 1817 814 1886 fundaveris,
842 1823 1000 1876 terris
1025 1822 1458 1892 locupletaveris,
1488 1826 1650 1882 rebus

125 1906 344 1970 ditaveris,
371 1909 473 1964 tuis
504 1911 762 1977 precibus
804 1913 1045 1970 inclinati
1095 1915 1331 1971 libenter
1367 1933 1647 1974 assensum

127 1996 446 2066 Impendimus.
503 1999 811 2058 Statuimus
847 2019 996 2074 ergo,
1045 2016 1317 2061 annuente
1369 2007 1649 2080 Raynaldo

125 2089 438 2161 Andegavensi
467 2095 747 2169 episcopo,
779 2106 837 2154 ut
879 2098 1081 2155 nullius
1124 2100 1364 2156 civitatis
1404 2100 1645 2172 pontifex

1745 500 2021 554 voluntate
2055 501 2264 557 abbatis
2295 513 2349 558 et
2383 506 2768 560 monachorum
2797 508 3036 576 ejusdem
3067 511 3165 564 loci
3191 511 3332 566 cele-

1747 591 1906 645 brare
1935 603 2246 661 przesumat.
2276 595 2603 650 Electionem
2631 614 2757 652 vero
2786 600 3014 662 abbatis,
3044 604 3330 658 monachis

1747 683 1916 752 ipsius
1942 681 2040 737 inci
2064 685 2189 739 licet
2211 702 2393 757 agere,
2419 703 2522 741 non
2544 703 2608 742 ex
2634 689 2850 755 alienis,
2868 691 2961 744 sed
2983 707 3048 746 ex
3073 695 3328 764 propriis,

1751 773 1899 842 cujus
1921 776 2025 829 vita
2049 787 2101 830 et
2125 793 2306 832 mores
2333 779 2626 833 secundum
2652 781 2817 836 Deum
2844 783 2970 838 sint.
3000 784 3116 851 Quo
3137 786 3330 851 electo,

1747 867 1868 920 duci
1904 867 2300 935 Aquitanorum
2337 869 2572 939 filiisque
2602 871 2716 939 ejus
2749 888 2870 927 eum
2918 887 3329 944 repraesentem,

1747 967 1802 1012 et
1849 959 1961 1029 ipse
1994 959 2042 1015 ei
2077 959 2274 1014 donum
2319 962 2555 1029 prmlieat
2596 965 2715 1018 sine
2757 965 2863 1018 ulla
2900 968 3334 1024 contradictione

1748 1058 1839 1103 aut
1871 1049 2049 1120 aliqua
2079 1053 2488 1107 contrarietate.
2524 1052 2579 1108 Si
2611 1055 2732 1123 quis
2764 1071 2894 1111 vero
2925 1059 3092 1113 abbas
3124 1061 3333 1129 cupidi-

1750 1149 1860 1196 tate
1907 1141 2085 1211 aliqua
2135 1158 2428 1210 accensus,
2464 1155 2559 1200 aut
2588 1148 2827 1214 potentia
2855 1151 3035 1204 saeculi
3069 1153 3331 1218 munitus,

1747 1248 1872 1288 cum
1928 1235 1978 1288 vi
2010 1235 2218 1290 intrare
2261 1236 2311 1290 in
2350 1237 2488 1294 hanc
2521 1239 3060 1307 abbatiamvoluerit
3088 1255 3143 1298 et
3191 1245 3332 1300 hanc

1750 1325 2119 1392 supradictam
2163 1328 2516 1398 scriptionem
2554 1333 2834 1399 prmterire
2861 1348 3024 1388 ausus
3056 1333 3233 1397 fuerit,
3279 1337 3334 1392 in

1752 1417 2024 1472 horrendo
2053 1417 2260 1487 judicio
2297 1419 2387 1473 Dei
2428 1421 2650 1475 incidat.
2683 1423 2938 1477 Ecclesiae
2959 1432 3137 1478 autem
3169 1426 3337 1494 ipsius

1751 1508 2062 1562 monasterii
2093 1508 2145 1562 in
2171 1509 2580 1582 quibuscwque
2605 1514 2895 1568 territoriis
2921 1515 3035 1569 sita:
3058 1526 3336 1582 maneant,

1751 1600 1958 1670 absque
1989 1600 2217 1671 alicujus
2257 1602 2522 1673 episc0pi,
2558 1621 2653 1659 seu
2682 1606 3076 1671 archidiaconi,
3106 1623 3202 1662 nec
3229 1622 3337 1662 non

1751 1702 1806 1748 et
1833 1695 2058 1750 alterius
2083 1710 2329 1764 persona:
2369 1696 2768 1766 inquietudine,
2801 1710 3028 1769 excepto
3065 1699 3337 1772 synodali,

1682 1773 1728 1831 Β
1757 1786 1839 1840 vel
1882 1801 2001 1854 quae
2028 1786 2189 1856 vulgo
2216 1787 2454 1854 circada,
2479 1789 2559 1842 vel
2592 1790 2818 1857 parada,
2843 1791 3114 1855 dicuntur,
3145 1800 3254 1846 etc.

1824 1875 2101 1947 Scriptum
2158 1893 2254 1948 per
2294 1895 2488 1933 nimius
2532 1879 2678 1934 Petri
2731 1880 2928 1934 notarii
2969 1890 3023 1934 et
3066 1881 3339 1936 seriniarii

1751 1976 1956 2021 sancta:
2005 1967 2261 2022 Romanae
2308 1967 2588 2034 Ecclesiae,
2636 1970 2826 2027 indict.
2871 1987 2911 2028 ι.
2943 1970 3088 2027 Bene
3121 1971 3336 2044 _valete,

1755 2063 2054 2136 Sylvcstcr,
2081 2063 2171 2134 qui
2200 2073 2254 2119 et
2282 2062 2579 2120 Gerberlus
2609 2081 2771 2137 papa.

1565 2343 1835 2406 DUBIA.

796 2485 932 2544 XVI.

128 2595 284 2652 Littera
303 2596 521 2655 Silvestri
537 2601 564 2655 1
586 2601 612 2656 1
623 2619 770 2671 papa,
790 2602 856 2654 ad
880 2600 1121 2671 Otlgnem
1140 2599 1232 2654 111
1259 2601 1647 2669 imperatorem,

177 2671 327 2736 quibus
347 2669 940 2739 siartiﬁcat'seeniscopo
968 2669 1232 2724 Ticinensi
1257 2671 1649 2724 commendasse

178 2743 500 2795 monasterium
533 2743 848 2796 moniafium
898 2741 1274 2801 Ticinensium,
1303 2741 1441 2810 quod
1474 2740 1650 2794 Sena-

182 2810 284 2883 tnris
309 2813 557 2878 apellatur
581 2854 595 2876 ,
615 2814 894 2883 ipsumque
929 2821 1076 2882 rogat
1114 2822 1169 2865 ut
1193 2811 1498 2882 Imjusmodi
1524 2827 1651 2864 con-

181 2881 452 2936 stitutionem
482 2882 780 2952 conﬁrmet.

645 3008 835 3079 (Anno
874 3015 1056 3084 1001.)

383 3109 691 3200 [Μὶιῐ-ξιῗὸτί,
724 3128 900 3200 Antiq.
924 3129 1054 3184 Ital.
1083 3129 1150 3193 V,
1181 3127 1334 3201 99L]

1757 2480 2200 2544 dominationem,
2247 2494 2350 2534 nec
2401 2493 2502 2548 per
2543 2479 2779 2550 aliquam
2812 2481 3201 2549 conditionem,
3241 2485 3340 2540 sed

1756 2574 1822 2628 ad
1857 2572 2025 2627 solam
2057 2572 2527 2626 consecrationem
2555 2580 2610 2626 et
2639 2570 3041 2637 defensionem,
3069 2584 3128 2628 ut
3152 2585 3343 2644 pastor

1753 2665 2040 2734 cpiscopus
2088 2663 2231 2718 illius
2270 2663 2372 2717 loci
2410 2673 2731 2732 praesentem
2775 2667 3104 2720 abbatissam
3133 2679 3188 2722 et
3217 2685 3342 2723 san-

1752 2765 1870 2809 ctas
1904 2754 2165 2809 moniales
2199 2757 2266 2808 ab
2297 2756 2443 2809 omni
2474 2755 2850 2824 inquietudine
2895 2757 3210 2825 defendant,
3265 2761 3337 2816 ita

1753 2855 1812 2901 ut
1837 2846 2092 2915 prmfatus
2128 2846 2450 2916 episcopus,
2480 2847 2567 2901 vel
2597 2848 2791 2918 aliquis
2818 2849 2884 2903 de
2930 2853 3338 2909 successoribus

1758 2940 1924 2995 alicui
1962 2955 2208 2995 meorum
2245 2955 2626 2995 successorum
2660 2951 2752 2994 aut
2784 2943 3173 3013 imperatorum
3195 2987 3209 3010 ,
3242 2963 3342 3018 per

1753 3034 2014 3104 scriptum
2046 3033 2131 3088 vel
2166 3048 2266 3103 per
2299 3033 2517 3103 aliquod
2563 3033 2958 3103 ingenium.....
3003 3040 3342 3097 constituere

1754 3122 1981 3187 fecerit,
2025 3124 2210 3177 statim
2246 3125 2633 3178 monasterium
2667 3134 2864 3180 nostrae
2907 3129 3344 3185 consecrationis

181 3216 228 3270 in
254 3220 442 3275 “nmine
481 3231 689 3275 summa
725 3231 777 3274 ei
815 3221 1102 3275 individua;
1127 3218 1432 3286 Trinitatis,
1461 3219 1641 3274 smn.
1678 3222 1724 3283 (ζ
1755 3224 1809 3268 et
1846 3221 2039 3266 vestra:
2078 3211 2409 3268 defensionis
2447 3225 2774 3269 revertatur.
2809 3216 2945 3283 Quia
2979 3233 3077 3274 nec
3104 3235 3202 3274 nos
3242 3233 3344 3275 nec

133 3320 434 3367 srsn,servus
462 3325 748 3364 servorum
779 3309 894 3375 Dei,
926 3309 1234 3379 apostolicae
1269 3309 1416 3365 sedis
1469 3308 1646 3364 humi-

134 3394 182 3447 lis
204 3399 466 3469 episcopus,
491 3399 706 3455 O'rroat
739 3399 1072 3471 imperatori.
1465 3400 1468 3401 ⁷

183 3487 406 3545 Pastorali
436 3507 570 3546 cura
591 3507 800 3560 semper
831 3491 1056 3562 vigilare
1090 3507 1152 3546 ac
1190 3491 1440 3546 laborare
1470 3489 1650 3546 debita

133 3592 206 3647 pro
241 3584 395 3652 gregis
440 3584 617 3639 salute
665 3585 850 3650 decet,
883 3595 944 3640 ut
981 3593 1164 3640 vestro
1211 3585 1345 3639 fulta
1394 3585 1651 3655 praesidio

135 3678 302 3726 nostras
327 3673 594 3729 Ecc’lesias
628 3684 943 3746 protegere,
978 3676 1116 3730 tueri
1170 3685 1332 3746 atque
1362 3674 1653 3731 defendere

135 3769 278 3816 uestra
311 3767 517 3820 studeat
558 3767 893 3836 providentia
914 3809 929 3833 ,
958 3783 1027 3822 ne
1059 3768 1366 3838 iniquorum
1391 3767 1650 3824 effrenata

134 3852 337 3916 servicia,
367 3857 620 3925 omnique
668 3859 859 3913 timore
915 3859 1115 3922 libera,
1167 3859 1276 3914 Deo
1327 3860 1652 3915 famulantes

134 3953 205 3993 sua
228 3958 458 4015 peragere
484 3948 659 4002 oilicia
693 3949 970 4019 impediat.
1026 3950 1235 4005 Vestris
1260 3952 1459 4021 quippe
1500 3962 1655 4004 ante-

135 4036 417 4104 cessoribus,
464 4049 770 4111 vestraque
829 4043 1094 4112 imperiali
1149 4043 1419 4112 majestati
1466 4054 1653 4098 notum

135 4135 225 4177 esse
243 4128 452 4195 scimus,
481 4133 874 4187 monasterium
905 4137 1046 4204 quod
1078 4134 1311 4189 Senator
1337 4151 1436 4204 pro
1471 4151 1652 4190 reme-

135 4212 199 4264 dio
230 4218 401 4299 anima:
442 4237 558 4277 suze
581 4230 633 4278 et
661 4233 978 4279 cunctorum
1007 4227 1275 4290 fidelium,
1308 4228 1359 4280 in
1389 4227 1650 4281 honorem

134 4317 293 4363 sanetze
333 4311 425 4367 Dei
479 4316 764 4382 genitricis
818 4332 1133 4385 semperque
1195 4317 1423 4388 virginis
1472 4317 1654 4371 Maria:

135 4392 270 4466 Papia!
299 4407 612 4469 construxit,
635 4416 836 4462 nostrae
865 4408 1052 4464 ditioni
1086 4410 1324 4464 deditum
1354 4425 1418 4465 eo
1469 4418 1656 4463 tenore

136 4494 177 4538 ιιι
198 4504 276 4555 pro
298 4500 526 4564 tempore
556 4497 910 4564 abbatissam,
936 4515 1002 4554 ex
1025 4501 1211 4555 eadem
1238 4500 1652 4571 congregatione

1755 3304 1958 3374 aliquis
1987 3304 2147 3358 aliter
2175 3320 2340 3374 quam
2368 3308 2523 3360 bona:
2554 3308 2832 3362 memoriae
2860 3308 3096 3364 Senator
3124 3325 3245 3364 cum
3278 3311 3344 3364 de

1753 3411 1820 3452 eo
1872 3393 2238 3463 constituerit,
2281 3399 2658 3454 audemus...”
2711 3408 2950 3454 vestram
3005 3401 3340 3470 imperialem

1753 3493 2107 3561 deprecamur
2139 3491 2511 3559 clementiam,
2539 3502 2599 3548 ut
2626 3504 2869 3549 nostram
2895 3495 3338 3550 constitutionem

1752 3590 1936 3637 vestro
1963 3582 2332 3637 corroboretis
2367 3594 2660 3654 praecepto,
2686 3592 2740 3639 et
2770 3584 2911 3640 hanc
2941 3585 3170 3640 firtnetis
3193 3601 3341 3656 rogo.

1756 3675 1811 3731 Si
1837 3677 1958 3746 quis
1995 3691 2124 3731 vero
2163 3676 2452 3746 episcopus
2481 3686 2574 3730 aut
2618 3678 2798 3746 aliqua
2834 3694 3028 3749 magna
3059 3679 3143 3733 vel
3172 3694 3342 3749 parva

1755 3780 1985 3835 persona
2007 3763 2148 3819 bona
2165 3767 2332 3833 ipsius
2347 3766 2589 3820 ecclesiae
2601 3767 2904 3822 diminuere
2920 3777 3011 3822 aut
3033 3768 3340 3838 devastare,

1757 3856 1839 3910 vel
1882 3857 2098 3926 aliquod
2128 3858 2389 3912 tributum
2419 3857 2639 3926 exigere
2669 3860 3095 3929 praesumpserit,
3121 3861 3345 3914 anathe-

1757 3948 1918 4002 matis
1946 3946 2165 4000 vinculo
2197 3960 2263 3999 ex
2289 3955 2442 4015 parte
2470 3945 2526 3998 S.
2562 3945 2826 4000 Marias-et
2860 3955 3176 4001 sanctorum
3207 3963 3340 4017 apo-

1755 4037 2016 4092 stolorum
2047 4035 2193 4090 Petri
2239 4043 2294 4088 et
2321 4034 2490 4096 Pauli,
2540 4044 2596 4089 et
2639 4035 2884 4088 omnium
2914 4035 3212 4089 electorum
3246 4036 3342 4090 Dei

1756 4137 1808 4181 et
1833 4136 2040 4188 nostra,
2067 4126 2169 4179 nisi
2202 4126 2518 4194 resipuerit,
2551 4125 2832 4195 alligatum
2865 4141 2925 4181 se
2955 4125 3112 4190 sciat,
3140 4137 3341 4181 etcum

1756 4217 1893 4273 Juda
1923 4216 2198 4287 proditore
2231 4215 2440 4269 Domini
2473 4216 2524 4269 in
2558 4227 2822 4272 aeternum
2856 4218 3190 4271 damnatum.
3230 4217 3344 4272 lloe

1757 4322 1972 4378 quoque
2000 4315 2059 4360 ut
2087 4305 2295 4361 firmius
2322 4307 2608 4371 habeatur,
2633 4323 2795 4361 manu
2824 4315 3011 4362 nostra
3038 4307 3227 4364 subter
3247 4307 3343 4362 (ir-

1756 4401 2057 4466 mavimus,
2094 4409 2148 4454 et
2178 4407 2366 4454 nostro
2390 4399 2564 4468 sigillo
2589 4400 2940 4470 signavimus.

1830 4494 2193 4549 Silvester.....
2245 4493 2513 4562 episcopus
2558 4501 2607 4545 et
2655 4501 2850 4546 sanctm
2891 4489 3082 4545 Maria:
3131 4491 3345 4564 virginis

135 4575 316 4637 electam
352 4585 453 4649 ibi,
482 4604 600 4658 qua:
628 4599 845 4645 sanctas
886 4593 1148 4646 moniales
1193 4601 1428 4662 regeret,
1459 4607 1647 4646 ροηδε-
1683 4577 1729 4635 D
1759 4583 1854 4638 Dei
1881 4585 2144 4653 genitricis
2171 4598 2332 4635 manu
2357 4584 2571 4644 propria
2603 4581 3074 4637 corroboravimux.

138 4682 390 4740 eraremus,
430 4687 480 4732 et
529 4681 598 4735 ab
648 4681 793 4735 omni
839 4681 1100 4736 malorum
1150 4683 1430 4737 hominum
1477 4683 1652 4737 locum

139 4759 251 4818 ilium
296 4768 657 4828 molestatione
712 4774 1140 4828 defenderemus.
1205 4773 1361 4827 Nunc
1406 4789 1654 4828 vero.....

139 4853 411 4914 abbatissam
439 4873 491 4918 et
511 4875 727 4920 sanctas
756 4864 1017 4919 moniales
1040 4864 1150 4921 Deo
1179 4865 1499 4928 servientes,
1529 4880 1656 4935 pes-

141 4940 350 5001 simorum
377 4953 704 5020 opprimente
730 4954 1019 5017 calumnia,
1046 4954 1170 5010 dum
1205 4955 1363 5025 longe
1386 4956 1569 5025 positi,
1595 4968 1654 5012 ut

143 5029 339 5118 decebat,
372 5040 652 5100 defendere
677 5061 781 5100 nou
811 5044 1084 5114 potuimus
1117 5062 1130 5100 :
1159 5061 1256 5118 per
1286 5046 1650 5102 interventum

148 5116 341 5180 Widonis
361 5133 522 5185 nostri
551 5134 771 5199 Vicarii,
797 5135 1037 5204 ejusdem
1066 5116 1447 5207 lociepiscopi,
1475 5148 1652 5193 vestra

145 5221 311 5281 tl'lmiue
334 5217 576 5310 imperiali
603 5234 930 5296 suggerente
972 5224 1267 5293 majestate,
1301 5224 1432 5280 illud
1459 5241 1654 5283 mona-

147 5302 319 5340 UMillna
359 5302 575 5340 anhela»;
622 5314 811 5340 0--.“:
850 5312 974 5340 α..-ι
1019 5317 1384 5340 ηλ-.----ε---..,.

1831 4675 2176 4745 Imperatoris
2205 4672 2413 4728 Ottonis
2443 4675 2675 4742 signum.

1829 4767 2101 4836 Scriptum
2135 4783 2233 4835 per
2268 4779 2460 4819 manus
2487 4763 2632 4819 Petri
2666 4762 2951 4833 scriptoris
2986 4770 3192 4818 sanctae
3221 4760 3336 4816 ιὶοιι

1762 4874 1937 4913 mauae
1979 4855 2256 4911 Ecclesiae.

1831 4947 2219 5004 Confirmatum
2245 4961 2342 5015 per
2372 4960 2566 5001 manus
2585 4943 2832 5022 Gregorii
2860 4944 3121 5003 ehartarii
3148 4946 3357 4999 saneta

1762 5038 2068 5110 apostolicte
2096 5036 2260 5092 sedis.

1833 5133 2028 5185 Actum
2065 5131 2167 5184 hoc
2197 5125 2408 5194 Boium,
2439 5145 2586 5185 anno
2614 5125 2911 5186 Domiuieaa
2959 5115 3369 5180 incarnationis

1765 5223 2053 5280 millesimo
2078 5225 2250 5272 nri'M‘
2303 5225 2315 5236 '
2380 5222 2412 5236 "
2457 5222 2490 5235 "
2745 5220 2753 5224 ’
2816 5220 2825 5224 ’
2900 5217 2909 5224 ’
