3948 5350
136 294 243 353 289

1006 297 1259 355 SPllRlA
1298 296 1438 351 AUT
1474 295 1744 351 ALIENA.
1780 327 1844 336 —
1887 296 2042 351 ACT.
2076 296 2272 353 CONC.
2317 296 2554 354 BASOL.

3312 294 3418 360 29.0

135 412 256 473 bus,
292 424 415 463 cum
447 424 519 464 ae
549 410 786 481 propriis
808 450 823 476 ,
871 412 1256 464 communibus
1301 419 1356 465 et
1404 408 1723 462 ditl‘erentiis
1756 415 1799 470 Α
1832 410 1975 461 mani
2006 410 2241 480 episcopi
2275 422 2563 481 potestate,
2593 421 2650 466 ut
2681 412 2862 469 animo
2887 414 3133 485 concepi,
3157 415 3417 486 prolixius

133 502 535 575 episcoporum.
564 504 1121 573 archiepiscoporum,
1158 502 1241 557 vel
1282 501 1723 571 meti-epolitano—

134 590 839 661 run“',patriarcharum,
867 610 961 649 seu
978 594 1294 664 primatum,
1322 592 1403 646 vel
1430 592 1592 645 etiatn
1620 590 1723 645 [l0-

1835 499 2140 569 disputabo.

808 734 1185 798 EXPLICIT
1244 735 1662 797 PROLOGUS
1700 735 1766 797 ³¹.
1834 734 2240 797 INCIPIUN'I‘
2292 735 2715 801 CAPITULA.

128 835 177 888 1.
220 833 685 905 Qui,etquo,et
739 853 806 891 ex
859 837 1056 907 quibus
1119 838 1434 907 provinciis,
1484 835 1720 906 epist-Opi

197 929 575 982 convenerint.

127 1018 179 1071 2.
217 1017 546 1071 Przelocutio
579 1016 789 1072 Amulli
828 1016 1067 1088 episcopi
1098 1016 1164 1071 de
1208 1014 1570 1071 examinanda
1619 1014 1719 1068 Ar-

195 1113 319 1165 nnlli
345 1127 543 1165 causa.

127 1208 178 1261 5.
217 1207 525 1273 Responsio
572 1206 782 1278 Signini
836 1203 1229 1275 archiepiscopi
1280 1202 1348 1259 de
1408 1200 1717 1271 cognitione

184 1300 391 1369 judicii.

125 1390 179 1443 l.
215 1389 459 1459 Objectio
516 1390 756 1445 Daiberti
810 1387 1206 1459 archiepiscopi
1253 1396 1307 1442 et
1362 1384 1559 1439 llervei
1605 1382 1719 1454 epi-

192 1481 360 1548 scopi.

126 1574 175 1623 5.
213 1572 548 1641 (Zonqnestio
576 1572 853 1627 Brunonis
879 1571 1139 1642 episcopi.

126 1664 172 1716 Β.
209 1664 533 1718 Prosecutio
569 1664 926 1720 Gotesmanni
958 1676 1012 1719 et
1036 1662 1302 1717 Brunonis
1338 1661 1716 1731 episcoporum

191 1755 256 1808 de
288 1756 627 1809 discussione
657 1756 723 1786 “'
757 1754 988 1809 Amulli.

124 1846 173 1899 7.
210 1845 498 1900 Ratbodus
520 1847 813 1916 episcopus
842 1844 1233 1899 Lotharienses
1261 1842 1544 1913 episcopos
1572 1840 1715 1895 ciro-

185 1940 454 2008 graphum
487 1938 697 1992 Amulli
729 1938 1123 2009 reprehendere
1157 1936 1307 1991 dicit.

122 2026 170 2080 8.
209 2026 450 2081 Libellus
491 2027 728 2081 Amulli.

124 2116 169 2170 9.
210 2116 475 2172 Amulqu
505 2118 797 2187 episc0pus
826 2116 1055 2171 eundem
1090 2114 1326 2170 libellum
1355 2112 1408 2166 in
1444 2122 1597 2183 parte
1634 2111 1714 2165 vi—

188 2216 403 2277 tuperat
424 2217 481 2261 et
520 2208 573 2261 in
608 2216 765 2276 parte
793 2206 995 2259 laudat.

125 2301 205 2354 l0.
248 2301 548 2371 Exemplar
577 2301 743 2356 libelli
771 2301 1051 2370 cujusdam
1080 2299 1306 2353 heretici
1339 2300 1609 2353 conversi.

127 2392 206 2444 ll.
246 2390 540 2447 Confessio
573 2393 833 2463 Adalgeri
866 2392 1171 2462 presbiteri.

128 2482 205 2533 19..
228 2480 342 2536 Odo
365 2483 412 2511 ³²
441 2483 736 2551 episcopus
764 2480 1232 2536 commonitorium
1266 2479 1471 2533 Amulli
1498 2488 1552 2533 et
1582 2494 1709 2531 ana-

190 2571 371 2625 thema
402 2572 634 2627 inducit.

130 2664 205 2716 l5.
241 2662 561 2719 Gnalterius
587 2664 873 2734 episcopus
894 2678 956 2717 ea
986 2663 1350 2733 reprehendit.

129 2756 205 2807 14.
241 2754 418 2810 Gnido
448 2757 742 2825 episcOpus
772 2756 917 2810 aliud
952 2756 1237 2810 anathema
1265 2754 1489 2808 inducit.

130 2843 205 2896 15.
246 2844 507 2915 Signinus
564 2846 1005 2916 archiepiscopus
1040 2854 1470 2914 argumentatur,
1517 2844 1713 2897 Amul-

190 2932 296 2987 fnm
335 2944 392 2989 et
415 2949 553 2989 suos
576 2934 871 3004 complices
894 2936 1212 3004 dampnatos
1237 2935 1425 2989 videri.

128 3025 205 3079 16.
245 3025 511 3097 Exempla
571 3042 845 3083 canonum
901 3028 968 3083 de
1030 3026 1338 3097 dampnatis
1412 3026 1503 3096 qui
1556 3025 1712 3080 mini-

184 3126 378 3172 strant.

1829 836 1919 890 27.
1954 836 2090 903 Quid
2125 838 2266 907 regis
2316 848 2370 893 et
2413 839 2679 895 Brunonis
2727 841 2964 913 episcopi
3022 834 3182 916 legati
3230 847 3415 905 Roma:

1901 930 2133 998 egerint.

1827 1018 1915 1073 28.
1959 1018 2253 1073 Luculenta
2281 1022 2458 1075 oratio
2480 1021 2685 1075 Amulli
2722 1023 2959 1094 episcopi
2991 1027 3097 1080 vim
3127 1030 3297 1086 tocius
3336 1033 3415 1088 si-

1900 1111 2024 1165 nodi
2058 1113 2362 1167 continens.

1820 1200 1908 1255 29.
1944 1200 2201 1272 Exempla
2231 1219 2500 1258 canonum
2531 1216 2717 1261 contra
2750 1205 3058 1265 Arnnlfum.

1820 1290 1909 1345 50.
1948 1292 2206 1347 Arnulfus
2266 1295 2317 1347 in
2375 1295 2622 1349 sinodum
2682 1298 2985 1363 deductus,
3034 1302 3410 1376 episcoporum

1893 1383 2182 1437 sententiis
2226 1386 2582 1450 contradicit;
2629 1386 3053 1458 sed|llaiuerii”
3080 1400 3405 1457 sententiam

1894 1488 1999 1526 non
2032 1471 2231 1539 ferens,
2272 1490 2545 1530 secessum
2573 1478 2725 1547 petit.
2898 1484 2903 1489 '

1827 1564 1916 1620 51.
1947 1566 2201 1632 Sinodus,
2231 1568 2446 1623 abienle
2484 1569 2730 1635 Arnulfo,
2766 1571 2817 1624 in
2861 1572 2978 1643 ejus
3007 1575 3233 1631 crimina
3256 1580 3375 1649 capi

1900 1656 2007 1709 tttla
2034 1667 2281 1711 annotat.

1827 1744 1915 1799 52.
1952 1746 2027 1801 De
2059 1748 2414 1804 conlinitimis
2444 1749 2680 1805 hostium
2720 1754 3098 1811 sacerdotibus
3123 1799 3135 1821 ,
3168 1760 3259 1828 qui
3293 1761 3411 1818 sine

1902 1839 2044 1906 regis
2072 1839 2285 1894 licentia
2315 1841 2609 1911 legationes
2635 1854 2821 1915 agunt.

1817 1930 1904 1984 55.
1943 1930 2015 1983 De
2038 1932 2121 1985 his
2141 1932 2233 2000 qui
2255 1934 2469 2001 regibus
2491 1934 2647 1988 fidem
2673 1937 2994 2004 promissam
3016 1954 3122 1993 non
3149 1955 3403 1999 servant.

1818 2023 1906 2076 54.
1952 2022 2025 2076 De
2053 2022 2267 2078 clericis
2294 2026 2387 2093 qui
2420 2026 2671 2095 capitalia
2714 2028 2944 2083 crimina
2983 2032 3351 2089 committunt.

1815 2115 1904 2167 55.
1948 2116 2021 2170 De
2054 2115 2490 2185 confugientibus
2518 2118 2817 2175 ad-hostes.

1816 2206 1902 2260 56.
1947 2207 2022 2262 De
2046 2207 2128 2259 his
2152 2208 2264 2276 qui,
2296 2223 2421 2278 rege
2444 2211 2757 2278 superstite,
2787 2224 2880 2269 aut
2912 2216 3014 2271 sibi
3057 2226 3151 2272 aut
3178 2218 3301 2275 aliis
3326 2220 3407 2275 af-

1889 2296 2130 2350 futurum
2167 2299 2455 2367 provident
2486 2316 2730 2369 regnum.

1816 2389 1904 2443 57.
1950 2390 2023 2443 De
2054 2391 2297 2444 custodia
2326 2391 2448 2445 vita:
2478 2394 2804 2463 principum.

1814 2478 1905 2533 58.
1945 2480 2016 2534 De
2050 2479 2252 2551 refugis
2279 2492 2441 2550 atque
2470 2483 2692 2551 perﬁdis
2734 2486 2947 2542 clericis
2978 2489 3090 2543 sive
3120 2489 3294 2545 laicis.

1814 2572 1902 2625 59.
1941 2572 2015 2625 De
2043 2573 2261 2627 clericis
2288 2574 2369 2627 vel
2398 2576 2680 2630 monachis
2708 2588 2899 2632 contra
2939 2595 3119 2650 regem
3146 2582 3399 2650 pr-rjnris.

1822 2663 1903 2717 ιι).
1941 2664 2327 2733 Episcoporum
2354 2664 2621 2731 collectio,
2656 2677 2711 2721 et
2756 2669 2966 2724 Amulli
3016 2672 3317 2738 confessio,
3349 2682 3403 2728 et

1884 2771 2047 2824 super
2076 2757 2190 2826 ejus
2226 2758 2557 2826 depositione
2600 2760 2831 2827 questio.

1812 2846 1900 2899 ιι.
1936 2846 2009 2900 De
2037 2846 2273 2899 maximo
2316 2847 2568 2916 episcopo
2592 2848 2857 2918 deposito.

1811 2935 1902 2989 4:2.
1940 2936 2013 2989 De
2045 2935 2287 2990 Euticete
2317 2936 2639 3006 presbitero.

1811 3022 1899 3077 45.
1945 3024 2021 3077 De
2057 3023 2317 3078 Ratherio
2338 3033 2392 3079 et
2412 3023 2573 3080 Petro
2597 3024 2811 3094 ejectis.

1811 3116 1900 3169 44.
1935 3116 2009 3171 De
2038 3116 2234 3187 injuste
2257 3116 2538 3187 depositis.

126 3210 203 3263 17.
237 3210 507 3282 Arnulphi
547 3210 791 3282 episcopi
812 3210 1109 3266 admonitio
1134 3224 1232 3280 pro
1268 3207 1584 3263 defensione
1604 3208 1708 3261 Ar-
1744 3272 1780 3282 Α
1811 3205 1902 3261 45.
1939 3206 2220 3271 Quomodo
2254 3206 2515 3263 Arnulfus
2542 3208 2734 3278 deponi
2760 3208 2977 3264 debeat.

187 3299 391 3370 nnlplti.

126 3388 203 3442 ts.
240 3388 449 3459 Signini
474 3388 870 3460 archiepiscopi
903 3390 1189 3443 anathema
1220 3404 1317 3457 pro
1344 3388 1530 3442 eadem
1559 3402 1636 3441 re.

125 3481 203 3533 l9.
234 3480 711 3550 QuiAruulpbum
735 3482 1021 3537 defendere
1044 3481 1221 3535 conati
1246 3490 1390 3543 sunt,
1422 3488 1477 3533 ct
1507 3480 1709 3551 quibus

191 3571 480 3640 exemplis.
1103 3621 1107 3624 .

125 3660 209 3713 20.
246 3661 488 3731 Epistola
549 3660 812 3731 Stephani
855 3660 1248 3730 archiepiscopi
1298 3660 1366 3714 ad
1414 3659 1707 3714 Damasum

191 3770 402 3823 papam.

126 3850 203 3905 21.
241 3849 597 3918 Rescriptnm
623 3847 832 3901 Damasi
860 3845 926 3900 ad
957 3844 1208 3900 eundem.

126 3943 206 3997 ἓξ..
242 3942 533 3995 Ratbodus
580 3940 862 4008 episCOpus
913 3938 1237 3991 decretalem
1271 3945 1474 3991 tomum
1514 3934 1708 3990 sinodo

186 4034 410 4104 porrigit
435 4047 541 4102 pro
569 4031 775 4084 Amulli
807 4030 1141 4085 defensioue.

126 4124 202 4178 25.
234 4125 431 4179 Brevis
450 4123 732 4177 annotatio
759 4120 1124 4178 accusationis
1151 4127 1205 4174 et
1227 4118 1561 4176 defensionis
1601 4119 1704 4173 Ar-

186 4216 340 4269 nulli.

126 4304 201 4359 2i.
233 4306 391 4374 Quod
419 4306 572 4377 jnste
596 4314 782 4375 captus
808 4305 879 4360 sit
907 4320 973 4360 ex
995 4302 1264 4360 All‘ricano
1286 4304 1355 4335 ³’⁶
1380 4301 1630 4358 concilio.

128 4397 203 4451 25.
238 4398 542 4469 Exemplar
564 4398 801 4467 epistolae
833 4400 974 4466 regis
1024 4398 1089 4452 ad
1135 4397 1435 4452 Romanum
1488 4396 1707 4466 pontifi-

183 4506 297 4544 cem
331 4492 562 4545 direeta:
592 4503 689 4557 pro
709 4505 863 4545 causa
888 4490 1116 4544 Amulli.

124 4578 201 4632 9.6.
238 4581 375 4635 Item
399 4580 781 4648 episcoporum
810 4582 875 4635 ad
916 4583 1168 4636 eundem.

1736 3272 1781 3334 (ἶ
1811 3297 1900 3351 46.
1941 3297 2255 3367 Exemplum
2279 3298 2344 3352 de
2370 3272 2625 3353 Potamio
2645 3301 3055 3371 archiepiscopo
3091 3301 3358 3373 deposito.

1811 3389 1903 3443 47.
1941 3389 2016 3444 De
2046 3390 2235 3458 Egidio
2263 3397 2317 3445 et
2343 3390 2525 3446 Ebone
2546 3392 2827 3462 depositis.

1811 3483 1897 3538 48.
1935 3482 2008 3537 De
2030 3483 2236 3553 judicio
2263 3500 2366 3537 non
2391 3484 2717 3540 innovando.

1810 3570 1898 3626 49.
1941 3571 2232 3641 Sequentis
2260 3574 2365 3627 diei
2395 3574 2640 3627 sinodus.

1809 3662 1899 3717 5t).
1933 3663 2213 3733 Ingressus
2244 3679 2429 3733 regum
2464 3665 2517 3718 in
2547 3664 2821 3720 sinodum.

1808 3754 1897 3809 5i.
1938 3754 2197 3809 Arnulfus
2225 3756 2506 3825 episcopus
2544 3756 2805 3825 prmteriti
2835 3757 2941 3812 diei
2992 3767 3113 3813 acta
3145 3758 3279 3829 ,bret
3294 3760 3397 3816 iter

1882 3846 2220 3917 recapitulat.

1809 3938 1898 3993 52.
1936 3937 2193 3991 Arnnllns
2235 3938 2519 4008 episcopus
2552 3937 2762 3992 Amulli
2819 3939 3213 3995 confessionem
3262 3942 3393 3996 sub-

1882 4029 2093 4089 hornat,
2124 4040 2312 4083 contra
2345 4028 2712 4083 Brochardum
2741 4029 2807 4059 ³³⁶
2832 4031 3105 4083 comitem.

1810 4119 1897 4173 55.
1951 4118 2213 4174 Arnulfus
2266 4136 2294 4171 a
2327 4121 2546 4188 regibus
2578 4120 2789 4175 veniam
2842 4121 2995 4190 petit,
3045 4129 3101 4177 et
3156 4123 3390 4193 accipit,

1881 4213 2206 4280 modumque
2234 4211 2593 4266 abdicationis
2618 4211 2882 4282 agnoscit.

1809 4305 1897 4359 51.
1930 4304 2167 4358 Libellus
2188 4304 2549 4359 abdicationis
2576 4305 2809 4359 Amulli.

1809 4394 1897 4449 55.
1940 4391 2191 4463 Adalgcri
2218 4393 2505 4462 presbiteri
2536 4394 2853 4450 reclamatio
2882 4403 2935 4450 et
2961 4396 3249 4464 depositio.

1809 4490 1897 4544 56.
1937 4486 2252 4542 Africanum
2302 4489 2595 4544 concilium
2653 4492 2705 4545 iu
2762 4507 2869 4563 quo
2918 4492 3111 4549 modus
3163 4494 3391 4549 Rutttani

1881 4577 2120 4648 episcopi
2156 4579 2525 4646 cognoscitur.

809 4709 1266 4799 INCIPIT
1344 4706 1901 4800 SYNODUS
1968 4690 2683 4799 REMENSIS

191 4886 239 4939 1.
271 4884 437 4939 Anno
486 4882 558 4936 ab
581 4881 650 4912 ³⁸·
676 4880 1044 4936 incarnatione
1067 4880 1304 4936 'domini
1354 4878 1527 4933 nostri
1575 4876 1701 4933 Jesu
1736 4880 1781 4939 D
1808 4854 2080 4946 poterant,
2110 4884 2334 4947 prepter
2377 4877 2643 4946 quasdam
2672 4877 2820 4948 regni
2858 4878 3311 4940 necessitudines,
3356 4878 3390 4930 ii

128 4977 312 5032 Christi
340 4976 469 5041 991,
498 4972 793 5028 indictione
813 4982 1026 5042 quarta,
1055 4989 1193 5027 anno
1215 4971 1363 5043 regni
1389 4970 1422 5023 5
1445 4969 1489 4999 ³⁸
1514 4969 1697 5024 domui

130 5069 358 5141 llugonis
373 5068 593 5139 augusti
610 5075 667 5121 et
689 5066 1118 5120 excellentissimi
1141 5066 1280 5137 regis
1302 5061 1553 5118 Rotberti
1582 5061 1694 5116 4³⁵·

656 5161 887 5184 θσνιιηλοιη
951 5158 1000 5184 :n
1068 5156 1317 5184 Dnn‘n.‘n=
1400 5155 1673 5184 Inntn:Inn:l\

188 5170 435 5184 ..ο-..Α-.-Ισι
509 5174 564 5184 Αρι-

1809 4966 2045 5022 maxime
2078 4966 2432 5022 convenirent
2467 4967 2555 5036 qui
2601 4965 3067 5037 conprovinciales
3099 4967 3144 4998 ³⁸
3183 4970 3393 5028 essent,

1809 5061 2003 5115 deinde
2052 5077 2116 5117 ex
2148 5060 2349 5115 vicinis
2396 5060 2695 5129 provinciis
2724 5060 2864 5113 fama
2911 5067 2963 5110 et
2995 5058 3262 5128 dignitate
3304 5057 3399 5107 ho-

1809 5156 2072 5184 ηΛηΙῖΛ-ιΛΑ
2155 5164 2201 5184 Δ.
2259 5157 2348 5184 non:
2410 5154 2681 5184 lnrvnI:A-\A
2724 5166 2942 5184 n-Innllm
2992 5150 3400 5184 nnnuinn‘nrllnl
