3948 5350
563 198 667 263 291

1847 196 2233 256 SILVESTER
2271 196 2313 252 ll
2350 195 2523 251 PAPA
2535 236 2549 250 .

3730 201 3832 261 293

565 313 775 376 conecti
816 323 942 373 sunt
989 312 1042 371 in
1093 311 1321 371 basilica
1368 311 1551 368 domui
1592 308 1770 367 Basoli
1814 308 2151 367 confessoris
2181 314 2226 371 A
2253 308 2524 379 quomodo
2546 314 2693 362 tanta
2726 303 2945 364 infamia
2974 319 3161 367 carere
3195 308 3485 381 possimus,
3522 323 3579 371 et
3605 314 3649 369 si
3675 315 3836 374 frater

567 410 859 466 Remorum
887 406 1105 478 quidem
1135 405 1440 461 diocesanei
1472 419 1487 458 :
1521 402 1699 460 Guido
1720 402 2060 459 Snessonica:
2078 400 2147 434 ³⁸·

566 500 717 557 urbis
764 499 1090 570 episcopus,
1149 496 1422 557 Adalbcro
1472 494 1873 561 Laudnnensis,
1906 492 2151 550 llerveus

565 592 926 658 Belvacensis,
963 590 1362 658 Gotesmannus
1398 590 1782 646 Ambianensis
1807 630 1823 654 ,
1867 590 2150 646 Ratbodus

565 682 960 747 Noviomensis,
989 679 1106 737 Odo
1145 678 1606 746 Silvancctensis;
1645 696 1710 738 ex
1745 680 2023 752 provincia
2053 681 2150 736 Bi-

567 773 942 836 turicensium,
989 786 1110 842 quae
1137 770 1537 842 Aquitanorum
1576 786 1697 827 esse
1727 779 1973 841 putatur,
2020 770 2148 825 Dai-

562 863 750 923 hertus
770 861 1245 933 archiepiscopus;
1292 876 1358 917 ex
1387 862 1669 933 provincia
1702 861 2148 933 Lugdunensium

562 956 778 1026 prima:
836 953 1144 1010 Gualterius
1176 952 1219 986 ³⁷
1271 954 1556 1023 episcopus
1613 953 2146 1025 Auguslidunensis,

560 1049 744 1105 Bruno
763 1046 1147 1118 Lingonensis,
1171 1044 1296 1101 Milo
1312 1043 1753 1112 Matisconcusis;
1783 1061 1847 1101 ex
1873 1045 2146 1116 provincia

561 1140 981 1205 Senonensium,
1001 1154 1123 1212 qua:
1142 1147 1226 1193 est
1252 1138 1427 1209 prima
1468 1139 1843 1211 Sequanorum
1875 1147 2154 1208 metropo-

560 1231 628 1288 lis
657 1230 1017 1300 Remensique
1039 1229 1337 1301 provinciae
1375 1230 1654 1299 contigua,
1682 1229 1937 1300 Signinus
1969 1228 2150 1284 archi-

560 1324 869 1395 episcopus,
900 1320 1164 1377 Arnulfus
1189 1319 1625 1387 Aurelianensis,
1654 1321 1961 1377 llerbertus-
1993 1320 2149 1377 Anti-

560 1414 910 1472 sioderensis.
945 1412 1215 1469 Praeterea
1265 1413 1605 1468 diversarum
1659 1412 1875 1469 urbium
1920 1411 2147 1467 abbates

560 1523 722 1579 quam
765 1505 981 1577 plurimi
1006 1504 1256 1569 aderant,
1282 1504 1374 1574 qui
1421 1512 1540 1575 post
1580 1503 1883 1559 solitariam
1943 1503 2149 1574 cpisco-

558 1611 750 1669 porum
782 1595 1201 1666 disputationem
1231 1595 1468 1650 residere
1495 1594 1632 1666 jnssi
1665 1603 1811 1649 sunt.
1838 1593 2148 1665 Habitaqne

559 1689 773 1744 ratione
801 1688 965 1742 totius
989 1703 1217 1742 summa:
1244 1687 1462 1758 synodi,
1491 1686 1726 1758 dignizas
1750 1687 2051 1756 prmlaturze
2081 1702 2147 1742 ac

557 1787 799 1851 potestas
820 1777 973 1847 quasi
995 1776 1284 1848 judiciaria
1313 1778 1462 1832 stetit
1484 1792 1650 1846 penes
1678 1777 2145 1846 archiepiscopum

560 1867 868 1939 Signinum,
896 1881 1056 1937 quem
1080 1876 1135 1921 et
1163 1876 1297 1921 anas
1317 1874 1373 1921 et
1395 1866 1518 1921 vita:
1540 1866 1792 1921 meritum
1821 1882 1884 1921 ac
1918 1865 2145 1939 scientia

557 1955 998 2013 commendabat.
1030 1954 1293 2010 Arnulfus
1322 1963 1532 2021 autem,
1570 1954 1896 2010 venerabilis
1931 1955 2144 2024 cpisco-

557 2062 682 2120 pus,
709 2047 920 2103 ordinis
967 2055 1153 2102 custos
1197 2061 1263 2101 ac
1297 2046 1539 2101 omnimn
1571 2045 1934 2115 gerendorum
1977 2038 2147 2100 inter-

556 2155 686 2212 pres
710 2140 1015 2195 declaratus
1040 2148 1145 2205 est,
1187 2154 1253 2195 eo
1275 2140 1419 2210 quod
1446 2139 1590 2194 inter
1619 2155 1811 2195 omnes
1845 2138 2142 2210 Galliarum

557 2234 843 2305 episcopos
873 2231 1137 2303 sapientia
1166 2240 1221 2286 et
1253 2230 1563 2302 eloquentia
1603 2230 1803 2286 clarior
1831 2228 2145 2285 haberetur.

557 2324 715 2382 Hunc
751 2335 874 2397 post
902 2325 1204 2397 expositam
1251 2323 1629 2396 allegationein
1669 2338 1858 2379 eorum
1893 2323 2147 2379 sacerdo-

556 2425 674 2477 tum
719 2417 814 2488 qui
864 2417 1089 2472 minime
1135 2415 1330 2471 adesse
1374 2423 1658 2486 poterant,
1711 2422 1939 2486 postque
1980 2414 2148 2470 totius

555 2510 689 2577 cieri
718 2510 1046 2584 ingressum,
1086 2508 1415 2580 quibusdam
1441 2507 1729 2563 sententiis
1753 2507 2108 2578 pertractatis
2128 2545 2146 2575 ,

556 2603 663 2660 hoc
688 2603 848 2660 modo
877 2600 1230 2673 praelocutuin
1258 2600 1570 2670 accepimus
1595 2617 1610 2654 :

562 2718 577 2732 -
625 2692 684 2748 2.
722 2712 742 2746 ι
772 2691 852 2748 Ita
883 2692 1102 2764 quidem
1122 2707 1210 2761 est
1247 2700 1310 2747 ut
1344 2691 1562 2756 dicitis,
1598 2688 2024 2746 reverentissimi
2058 2703 2149 2758 pa-

557 2794 710 2841 tres:
741 2782 919 2838 nullus
948 2781 1234 2848 tumultus,
1281 2781 1463 2851 nullus
1516 2790 1801 2835 accusator
1856 2779 2145 2851 inprobus,

553 2873 738 2930 nullus
754 2871 919 2943 judex
957 2871 1178 2942 Iniquus
1205 2872 1308 2927 hoc
1334 2877 1584 2927 sanctum
1607 2870 1898 2925 concilium
1936 2869 2146 2940 agitare

555 2964 739 3020 debet.
773 2961 1034 3019 Servetur
1061 2962 1352 3031 unicuique
1394 2976 1643 3032 persona:
1685 2976 1817 3015 suus
1844 2960 2026 3026 locus,
2051 2959 2145 3015 de-

2254 407 2308 455 et
2329 398 2678 470 coepiscopus
2705 408 2890 455 noster
2909 400 3167 457 Arnulfus
3191 401 3339 458 illata
3371 402 3607 459 crimina
3637 405 3836 463 diluere

2252 500 2459 561 quaerat
2483 488 2552 557 ⁸⁸,
2586 489 2669 545 vel
2696 491 2902 546 crimen
2956 493 3120 563 regia:
3169 492 3471 561 majestatis
3498 496 3835 566 propulsare.

2254 580 2419 637 Scitis
2443 581 2587 636 enim
2610 597 2800 638 omnes
2830 596 2930 637 nos
2962 580 3265 637 insimulari
3295 584 3494 653 probro
3521 585 3587 617 ³⁸⁸
3612 585 3836 641 inﬁdeli-

2253 673 2378 728 tatis
2410 683 2465 729 et
2491 676 2729 746 perfidia;
2753 714 2768 741 ,
2815 688 2980 730 causa
3033 673 3216 728 unius.
3251 673 3341 738 Si,
3373 675 3654 746 inquiunt,
3677 677 3836 747 just‘s

2250 764 2477 835 episcopi
2531 774 2754 820 utuntur
2801 763 3002 836 legibus
3060 763 3409 836 ﬁdissimique
3456 766 3567 821 suis
3636 767 3837 837 regibus

2249 864 2393 921 sunt,
2422 871 2518 909 cur
2545 855 2807 909 hominem
2865 854 3280 924 impurissimum
3332 853 3444 908 suis
3494 854 3694 925 legibus
3738 871 3839 911 non

2249 947 2514 1017 puniunt?
2560 946 2830 1001 Nimirum
2869 945 3099 1000 aliorum
3133 945 3337 1017 ﬂagitia
3383 945 3502 1000 ideo
3550 947 3840 1002 moliuntur

2250 1036 2442 1105 celare,
2480 1046 2537 1090 ut
2587 1036 2632 1069 ⁸⁸
2667 1036 2877 1106 impune
2924 1034 3078 1089 liceat
3102 1035 3176 1089 eis
3206 1049 3441 1104 peccare.
3486 1035 3649 1090 Absit
3676 1036 3778 1089 hoc
3809 1051 3837 1089 a

2248 1136 2432 1184 vestro
2466 1126 2808 1183 sanctissimo
2836 1126 3013 1180 ccetul
3039 1122 3197 1179 Absit
3224 1132 3283 1179 nt
3319 1134 3509 1180 contra
3547 1125 3762 1180 divinas
3788 1134 3839 1179 et

2249 1217 2516 1273 humanas
2538 1217 2685 1288 leges
2708 1229 3039 1287 quemquam
3078 1214 3366 1269 moliamur
3422 1214 3722 1270 defendere
3758 1216 3839 1270 vel

2250 1311 2571 1382 dampnare!
2602 1309 2799 1365 Dicant
2827 1318 3034 1364 tantum
3073 1308 3163 1379 qui
3206 1317 3477 1363 noverunt
3506 1310 3710 1366 seriem
3754 1326 3839 1381 ge-

2249 1403 2641 1473 storum,iique
2661 1401 2729 1433 ”'
2752 1416 2880 1457 suos
2916 1408 3189 1471 exponant
3216 1415 3398 1466 casus,
3425 1400 3517 1471 qui
3539 1416 3757 1472 graves,
3782 1409 3838 1457 ut

2248 1495 2348 1564 ipsi
2385 1503 2659 1560 asserunt,
2684 1480 2911 1565 injurias
2937 1491 3299 1563 pertulerunt.
3332 1491 3467 1546 Tum
3491 1494 3537 1549 si
3562 1509 3671 1563 qua
3708 1509 3838 1550 con-

2249 1584 2502 1639 tradictio
2533 1582 2697 1638 fuerit
2724 1583 2911 1639 oborta
2930 1623 2946 1649 ,
2973 1582 3235 1638 discussis
3257 1582 3506 1653 partibus
3536 1597 3604 1638 ex
3654 1592 3840 1640 aucto-

2176 1676 2223 1737 B
2251 1677 2412 1732 ritate
2442 1691 2710 1731 canonum
2733 1673 2995 1744 judicium
3025 1672 3477 1744 promulgetur”.
3527 1692 3546 1725 ι

2322 1767 2377 1820 5.
2411 1762 2548 1821 Tum
2580 1764 2838 1837 Signinns
2865 1784 2878 1819 :
2908 1784 2927 1817 ι
2961 1764 3076 1818 Non
3132 1763 3333 1834 patiar,
3389 1763 3590 1834 inquit,
3631 1763 3841 1820 discus-

2248 1858 2455 1914 sionem
2489 1858 2603 1913 fieri
2630 1856 2747 1927 ejus
2779 1857 3114 1929 qui,dicitur
3157 1870 3279 1912 esse
3315 1857 3620 1927 nmjestatis
3666 1858 3838 1913 obnod

2249 1950 2477 2016 xius‘”,
2496 1949 2600 2005 nisi
2633 1947 2774 2004 forte
2799 1948 3048 2004 convicto
3073 1947 3320 2018 supplicii
3350 1947 3686 2019 indulgentia
3718 1964 3839 2019 pro-

2248 2041 2518 2096 mittatur.
2552 2059 2573 2092 ι
2606 2038 2886 2110 Simulque
2907 2038 2971 2093 5i
3014 2047 3177 2110 caput
3198 2036 3443 2096 Toletani
3472 2038 3690 2094 concilii
3716 2054 3837 2108 pro-

2249 2127 2422 2184 latum
2454 2121 2624 2183 estex
2653 2128 2843 2184 eadem
2864 2127 2909 2160 “
2939 2143 2999 2183 re
3030 2145 3044 2183 :

2322 2220 2479 2289 Saepe
2508 2219 2781 2291 principes
2818 2230 3007 2275 contra
3062 2218 3333 2289 quoslibet
3384 2220 3693 2291 majestatis
3744 2222 3830 2277 ob-

2248 2292 2442 2347 noxios
2470 2292 2842 2345 sacerdotibus
2869 2291 3095 2362 negotia
3110 2306 3207 2345 sua
3234 2294 3605 2357 committunt,
3634 2304 3691 2347 et
3712 2296 3834 2362 quia

2249 2363 2561 2416 sacerdotes
2607 2376 2638 2415 a
2673 2361 2889 2416 Christo
2923 2361 2989 2414 ad
3027 2361 3391 2416 ministerium
3431 2362 3626 2417 salutis
3678 2361 3839 2418 electi

2249 2442 2396 2505 sunt,
2424 2432 2495 2505 ibi
2526 2431 2871 2505 consentiant
2894 2431 3110 2505 regibus
3147 2433 3261 2486 fieri
3289 2430 3534 2505 judices,
3568 2434 3661 2488 ubi
3684 2435 3835 2505 jure:

2244 2502 2478 2573 jnraudo
2503 2502 2746 2572 supplicii
2769 2501 3097 2573 indulgentia
3123 2503 3463 2573 promittitur
3486 2503 3581 2569 δι’,
3615 2501 3725 2558 non
3750 2504 3837 2559 ιιιί

2252 2572 2583 2628 discriminis
2616 2572 2884 2627 sententia
2912 2582 3266 2642 praeparetur.
3300 2573 3358 2628 Si
3386 2575 3509 2641 quis
3540 2577 3712 2630 etiam
3749 2592 3836 2630 sa-

2249 2643 2529 2698 cerdotum
2567 2655 2756 2698 contra
2779 2643 2884 2698 hoc
2907 2658 3194 2698 commune
3220 2646 3528 2699 consultum
3558 2647 3839 2701 d.scussor

2250 2714 2305 2769 in
2335 2714 2529 2787 alienis
2554 2713 2812 2783 periculis
2833 2714 3103 2787 extiterit,
3126 2714 3198 2787 sit
3227 2729 3354 2770 reus
3377 2716 3531 2769 effusi
3556 2718 3837 2787 sanguinis

2249 2785 2388 2908 apud
2412 2785 2709 2852 Christum,
2732 2793 2786 2839 et
2809 2784 2953 2854 apud
2992 2783 3279 2839 ecclesiam
3330 2787 3523 2856 perdat
3550 2783 3835 2857 proprium

2249 2869 2363 2908 urat
2384 2871 2493 2908 um.

2247 2869 2493 2927 granum.

2318 2945 2374 3002 4.
2417 2964 2437 3000 ι
2467 2945 2862 3002 Gravissimum
2893 2959 3022 3001 vero
3046 2952 3153 3014 est,
3181 2946 3259 3002 ait
3281 2946 3613 3018 _Daibertus,
3642 2948 3765 3003 ideo
3792 2957 3839 3003 te

553 3055 671 3112 bita
699 3054 1038 3119 reverentia;
1072 3053 1359 3123 nullusque
1383 3062 1478 3107 aut
1513 3068 1573 3108 se
1603 3059 1697 3107 aut
1730 3050 1895 3105 alium
1944 3048 2141 3120 prwju-

2252 3036 2478 3107 iudicem
2530 3036 2774 3108 praebere
2830 3038 2885 3092 in
2924 3036 3116 3094 alienis
3146 3038 3401 3109 negotiis,
3432 3048 3493 3093 ut
3531 3055 3660 3094 cum
3695 3055 3838 3094 reum

555 3147 701 3210 dicio
737 3146 961 3219 gravari
990 3154 1163 3217 putet,
1193 3160 1317 3199 cum
1341 3145 1413 3201 sit
1439 3144 1612 3200 libera
1650 3143 1901 3209 facultas,
1930 3151 1986 3199 et
2018 3159 2144 3214 pro-

553 3239 807 3311 ponendi,
835 3248 891 3293 et
915 3236 1249 3302 sciscitandi,
1272 3243 1328 3291 et
1365 3236 1747 3306 respondendi.
1775 3234 2145 3292 Consultatio-

553 3345 652 3386 nes
675 3337 855 3384 autem
884 3327 999 3383 sive
1021 3326 1441 3382 deliberationes
1470 3327 1550 3387 sic
1568 3326 1622 3380 in
1653 3326 1831 3382 medio
1871 3326 2143 3391 loeentnr,

552 3430 615 3477 ut
641 3435 801 3476 nemo
829 3428 1084 3474 causetur
1107 3417 1310 3488 imponi
1341 3417 1443 3474 sibi
1466 3418 1610 3487 quod
1640 3416 1819 3483 nolit,
1861 3426 1955 3472 aut
2001 3417 2141 3488 eripi

554 3512 700 3583 quod
739 3511 892 3567 velit.
935 3509 1080 3565 Sane
1117 3510 1376 3580 quoniam
1428 3523 1514 3564 me
1538 3508 1793 3578 priorem
1821 3508 2004 3564 dicere
2043 3524 2139 3565 vo-

553 3603 754 3670 luistis,
793 3603 970 3659 dicam
1001 3603 1146 3673 quod
1178 3602 1376 3666 sentio,
1429 3599 1482 3656 in
1531 3601 1820 3672 praesentia
1860 3611 2042 3657 vestra
2085 3610 2140 3658 et

552 3694 687 3752 cleri
713 3708 885 3765 nuper
912 3694 1140 3749 admissi
1164 3692 1254 3759 "',
1296 3693 1458 3763 idque
1488 3692 1646 3762 paulo
1670 3693 1831 3748 altius
1864 3702 2136 3763 repetam,

551 3793 727 3842 utres
746 3785 885 3840 bene
922 3783 1162 3854 digestas
1205 3782 1402 3839 melius
1449 3783 1775 3838 innotescat.
1803 3783 1916 3855 Ego
1941 3783 2142 3854 quippe

552 3891 676 3933 cum
707 3875 850 3931 inter
881 3875 1067 3931 varios
1114 3873 1378 3929 tumultus
1415 3872 1679 3929 bellorqu
1725 3890 1824 3944 pro
1856 3890 1988 3943 pace
2035 3890 2141 3929 tec-

552 3965 753 4033 clesiae,
781 3965 869 4022 cui
896 3974 1125 4025 auctore
1155 3963 1265 4020 Deo
1285 3964 1555 4030 deservio,
1581 3965 1708 4021 totis
1723 3966 1929 4021 viribus
1956 3965 2142 4021 elabe-

551 4070 758 4120 rarem,
782 4054 905 4110 novi
935 4053 1117 4108 nuncii
1140 4052 1310 4120 fama,
1333 4053 1563 4109 inauditi
1607 4054 1834 4109 sceleris
1877 4068 2097 4109 rumore
2121 4095 2137 4121 ,

553 4146 632 4200 sic
658 4145 835 4199 subito
862 4145 1112 4199 turbatus
1145 4159 1263 4198 sum
1290 4183 1306 4208 ,
1341 4153 1399 4197 ut
1427 4144 1593 4198 etiam
1640 4144 1694 4198 in
1741 4143 1941 4200 vilibus
1979 4145 2140 4200 rebus

551 4235 736 4307 lingua
779 4235 1093 4301 balbutiret,
1131 4235 1441 4291 intellectus
1468 4236 1805 4292 bebesccret.
1839 4236 2140 4293 Ferebatur

553 4327 751 4397 quippe
779 4326 869 4382 illa
898 4325 1095 4382 nobilis
1154 4328 1283 4382 urbs
1328 4325 1628 4382 Remorum
1670 4328 1792 4382 dolo
1820 4329 2140 4399 proditionis

2247 3127 2546 3194 convincis,
2583 3137 2638 3182 tu
2669 3127 2953 3194 concidas;
2999 3144 3122 3184 cum
3153 3128 3446 3198 dijudicas,
3489 3139 3547 3183 tu
3577 3131 3841 3203 dainpna«

2248 3229 2334 3276 tus
2363 3222 2528 3277 abeas
2548 3219 2614 3274 “.
2641 3251 2712 3260 —-
2734 3218 2791 3276 Si
2825 3219 2956 3285 hoc,
2985 3219 3163 3291 inquit
3213 3219 3456 3275 llerveus
3499 3221 3799 3293 episcopus
3824 3263 3839 3285 ,

2245 3312 2611 3384 periculosum
2635 3321 2741 3378 est,
2766 3313 2944 3369 videte
2976 3327 3046 3368 ne
3099 3312 3173 3368 sit
3227 3312 3593 3382 periculosius
3637 3313 3840 3384 judicia

2245 3405 2619 3463 ecclesiastica
2650 3404 2906 3475 deinceps
2946 3419 2977 3459 a
3019 3403 3356 3460 secularibus
3389 3420 3497 3459 non
3536 3408 3840 3476 expectari.

2243 3500 2602 3569 Consequens
2629 3496 2777 3553 enim
2799 3506 2886 3553 est
2932 3496 3000 3552 ad
3029 3495 3267 3552 forensia
3293 3495 3420 3567 jura
3444 3499 3840 3568 nosprotrabi,

2242 3592 2287 3647 si
2311 3589 2511 3647 divinis
2539 3587 2748 3659 legibus
2798 3587 2853 3642 in
2875 3586 3061 3659 aliquo
3088 3587 3338 3642 videmur
3373 3586 3576 3643 obniti.
3602 3590 3681 3645 At
3712 3606 3831 3661 quo

2242 3684 2404 3740 modo
2458 3684 2576 3740 sine
2617 3680 2828 3755 judicio
2859 3679 3219 3750 relinquetur,
3266 3679 3410 3749 quod
3482 3681 3839 3737 commissum

2240 3791 2363 3832 esse
2398 3775 2740 3831 constiterit?
2776 3771 2860 3830 vel
2890 3787 2990 3827 cur
3023 3780 3213 3828 contra
3252 3772 3563 3844 principem
3590 3784 3839 3830 nostrum

2241 3868 2614 3935 causabimur,
2643 3869 2691 3924 si
2716 3866 2860 3938 quod
2889 3864 3161 3940 attingere
3187 3879 3294 3921 non
3326 3860 3679 3933 audebimus,
3706 3865 3823 3937 judi

2246 3959 2416 4015 ciaria
2447 3967 2718 4029 potestate
2745 3960 3087 4017 coercebitur
3108 3959 3210 4015 u‘?
3241 3981 3261 4015 ι
3472 4036 3475 4038 η
3826 4030 3834 4038 ε

2312 4047 2365 4103 5.
2407 4048 2587 4105 Bruno
2638 4048 2926 4122 episcopus
2971 4051 3154 4107 dixit:
3207 4071 3227 4105 ι
3261 4036 3507 4109 Nullum-
3542 4059 3703 4111 certe
3754 4036 3833 4106 re?

2242 4149 2413 4195 strum
2484 4156 2638 4212 mque
2713 4142 2898 4198 turbat
2979 4143 3115 4199 tanti
3184 4145 3522 4202 discriminis
3586 4162 3815 4203 examen

2243 4233 2356 4305 Ego
2392 4234 2589 4305 quippe
2622 4233 2770 4289 solus
2820 4235 2890 4290 ob
2944 4235 3093 4291 hunc
3119 4235 3558 4295 infelicissimum
3605 4255 3705 4311 per
3740 4255 3831 4295 ora

2243 4325 2485 4379 omnium
2528 4323 2711 4381 volito.
2762 4324 2876 4396 Ego
2930 4341 3054 4383 eum
3113 4329 3166 4385 in
3222 4330 3322 4386 has
3357 4330 3614 4387 miserias
3652 4332 3811 4403 ρι’ωεί

552 4418 802 4473 hostibus
823 4418 1081 4488 patuisse,
1105 4419 1299 4487 praedae
1320 4434 1385 4473 ac
1407 4418 1694 4490 direptioni
1725 4420 1985 4486 cessisse;
2020 4438 2144 4477 san.
2175 4423 2219 4481 D
2246 4414 2447 4485 pilasse
2481 4412 2698 4480 Videol‘.
2738 4416 2831 4486 qui
2869 4425 3061 4472 contra
3114 4419 3358 4475 omnium
3413 4420 3688 4478 bonorum
3746 4436 3830 4477 vo-

553 4516 645 4563 cta
686 4516 998 4562 sanctorum
1048 4517 1257 4562 armata
1289 4507 1519 4562 militum
1556 4508 1673 4563 acie
1720 4508 1921 4579 polluta
1951 4510 2138 4567 fuisse.

555 4598 761 4655 Horum
792 4599 1035 4654 omnium
1090 4597 1353 4653 malorum
1402 4598 1676 4665 incentor,
1730 4609 1945 4667 auctor,
1996 4603 2140 4672 quod

554 4690 674 4747 sine
701 4704 896 4760 magno
924 4688 1106 4745 dolore
1134 4688 1302 4743 animi
1336 4689 1541 4745 referre
1574 4704 1817 4761 nequeo,
1850 4690 1896 4746 is
1926 4693 2018 4761 qui
2051 4704 2137 4748 tu-

555 4781 660 4837 tari
688 4782 967 4847 debuerat,
999 4779 1259 4836 Aruulfus
1287 4780 1577 4852 episcopus
1627 4784 2004 4839 nuntiabatur.
2038 4785 2140 4840 Sa-

554 4874 844 4933 cerdotalis
880 4874 1115 4948 dignitas
1146 4872 1303 4943 hujus
1324 4890 1485 4930 causa
1532 4875 1913 4946 impetebatur,
1938 4877 2134 4947 vixque

555 4977 675 5023 erat
692 4967 784 5039 qni
810 4978 1000 5023 nostro
1022 4965 1198 5021 ordini
1226 4981 1334 5021 non
1364 4966 1673 5022 insultaret.
1696 4966 1853 5023 Nunc
1874 4969 2134 5038 quoniam

555 5057 831 5130 religionis
879 5073 1067 5114 amore
1092 5065 1148 5113 et
1181 5059 1360 5114 studio
1408 5059 1740 5115 serenissimi
1782 5059 1927 5132 regis
1965 5058 2138 5116 nostri

557 5148 738 5207 domui
767 5148 1008 5222 llugonis
1055 5149 1369 5222 congregati
1412 5165 1620 5219 sumus,
1656 5153 2007 5223 quaerendum
2034 5159 2137 5218 est,

2249 4513 2342 4570 ta,
2391 4504 2771 4574 memetipsum
2825 4505 2880 4559 in
2954 4507 3150 4578 pignus
3235 4509 3442 4566 obsidis
3518 4511 3682 4578 dedi,
3741 4526 3831 4583 pro

2244 4611 2340 4666 spe
2381 4597 2767 4652 conservanda:
2826 4596 2949 4652 fidei
2975 4614 2991 4663 ;
3035 4600 3167 4654 tanti
3197 4598 3425 4672 u(erant
3451 4604 3601 4673 apud
3633 4618 3723 4659 me
3746 4618 3830 4658 re-

2243 4689 2327 4759 gis
2377 4687 2617 4743 Lotharii
2643 4688 2855 4754 merita,
2889 4698 3209 4761 tantumque
3237 4707 3325 4747 me
3372 4694 3559 4749 carnis
3604 4693 3831 4748 afﬁnitas

2242 4778 2617 4850 permovebat.
2667 4779 2734 4833 Et
2783 4795 2907 4835 cum
2962 4782 3159 4837 scirem
3231 4783 3376 4839 hunc
3453 4785 3831 4841 Lauduncusis

2242 4871 2395 4926 urbis
2444 4885 2792 4941 pervasorem
2821 4911 2837 4938 ,
2893 4872 3167 4943 totiusque
3226 4875 3526 4945 tyrannicae
3582 4875 3831 4931 factionis

2241 4962 2412 5019 fuisse
2439 4961 2890 5034 principem,'sub
2915 4963 3139 5020 obtentu
3163 4963 3234 4995 ’δν
3261 4974 3443 5021 tamen
3469 4965 3634 5036 hujus
3661 4968 3831 5022 hono-

2245 5058 2344 5124 ris,
2386 5058 2455 5113 ad
2507 5055 2784 5112 meliorem
2843 5066 3043 5113 statum
3089 5056 3217 5112 vitae
3259 5058 3543 5114 attrahere
3593 5058 3747 5114 nisus
3789 5057 3830 5090 ⁸³

2248 5165 2391 5216 sum,
2418 5157 2478 5204 ut
2512 5150 2604 5222 qui
2643 5149 3043 5207 discordiarum
3068 5160 3126 5208 et
3151 5151 3421 5208 bellorum
3452 5153 3707 5211 incensa:-
3730 5166 3831 5208 ex-

1866 5289 2099 5347 VARIA‘]
2136 5289 2541 5350 LECTIONES.
