3948 5350
159 176 258 231 295
736 235 744 241 _
1027 174 1278 230 SPURIA
1315 172 1456 229 AUT
1497 170 1767 226 ALIENA.
1809 197 1876 246 έ-
1913 167 2064 223 ACT.
2103 168 2302 224 CONC.
2344 166 2583 222 BASOL.

3339 169 3457 226 294

163 293 360 354 titerat,
401 289 558 359 pacis
593 299 648 346 et
676 281 930 344 karitatis
979 287 1094 358 ipse
1133 285 1340 355 iaceret
1383 285 1754 340 fundamenta.
1787 283 1830 342 Α
1864 285 2028 352 petita
2059 281 2308 336 obtinere
2339 295 2444 334 non
2482 278 2708 334 difflctte
2752 286 2842 332 ait.
2899 278 3033 333 Cum
3065 279 3168 335 hoc
3219 281 3457 336 maxime

163 380 435 435 Attendite
461 379 614 450 pacis
637 379 926 449 principia,
956 379 1225 433 attendite
1272 375 1556 432 hominem
1615 372 1755 427 mala

163 473 254 543 pro
283 474 446 525 bouis
484 470 823 533 reddentem,
847 471 1093 524 homines
1124 469 1254 523 mihi
1281 482 1544 539 percaros
1595 475 1651 520 et
1689 464 1757 518 ad

163 578 308 618 usuin
333 561 464 615 vitm
492 562 725 616 multum
755 561 1111 620 necessarios.
1166 560 1218 614 id
1249 567 1334 613 est
1382 558 1601 612 unicum
1650 553 1758 609 fra-

166 662 290 708 trem
323 668 512 706 meum
551 653 809 707 comitem
854 651 1249 714 Gislebertum,
1288 663 1576 718 meumque
1631 662 1760 701 con-

161 743 436 798 sobrinum
475 745 732 798 comitem
764 743 1089 806 Guidonem,
1113 758 1234 795 cum
1259 741 1472 796 caeteris
1526 755 1758 810 quorum

161 835 388 890 amicitia
425 834 748 906 gloriabar,
805 850 898 889 sua
954 829 1210 889 simulata
1259 833 1574 904 captivitate
1620 846 1761 886 vera:

161 926 465 995 captivitati
509 924 843 980 contradidit
871 925 963 976 ⁸⁸⁸.
1020 923 1104 978 Me
1144 924 1291 992 pacis
1339 938 1654 993 sponsorem
1706 922 1759 975 iu

160 1018 342 1072 mortis
370 1017 703 1072 discrimine
739 1015 1052 1084 dereliquit;
1077 1025 1128 1068 ct
1153 1031 1186 1067 ι)
1215 1014 1498 1083 impudens
1537 1011 1760 1065 audacia

164 1108 412 1171 hominis,
467 1108 556 1176 qui
585 1108 716 1171 mei,
745 1107 910 1160 immo
938 1107 1045 1169 sui,
1077 1114 1133 1159 et
1165 1106 1327 1158 totius
1379 1103 1637 1158 :ecclesiae
1667 1103 1762 1156 bo-

162 1199 369 1261 micida,
411 1199 600 1253 adhuc
632 1198 878 1268 improba
937 1196 1121 1251 fronte
1169 1205 1328 1266 negat
1381 1195 1522 1264 quod
1577 1191 1761 1262 negari

164 1302 258 1342 non
287 1295 496 1356 potest.
535 1287 700 1341 Certe
729 1303 795 1340 ex
832 1287 915 1340 his
940 1302 1058 1355 quae
1108 1286 1421 1349 confitetur,
1477 1284 1760 1340 elicicinus

159 1391 219 1431 ea
241 1393 355 1448 qua!
381 1379 676 1449 propalare
702 1378 999 1433 erubescit.
1043 1377 1204 1437 Certe
1244 1377 1296 1430 iu
1343 1377 1634 1446 praasentia
1680 1392 1764 1430 re-

166 1485 298 1539 gum,
346 1469 402 1522 iu
448 1469 745 1539 praesentia
787 1469 1188 1538 episcoporum,
1230 1477 1357 1521 aute
1394 1483 1493 1521 ora
1535 1468 1668 1522 cleri
1709 1475 1765 1523 et

164 1559 354 1629 populi,
377 1571 734 1614 sacramento
756 1559 940 1614 volens
962 1560 1230 1628 obligatus
1254 1569 1358 1624 est,
1403 1574 1461 1613 se
1505 1559 1757 1629 principi-

1863 374 1930 427 sit
1963 373 2479 443 pertimescendum,
2514 388 2581 426 ne
2608 372 2734 426 dum
2767 370 2909 426 forte
2936 372 3025 426 uni
3058 387 3304 442 personae
3328 389 3460 443 par-

1860 481 1985 521 cere
2023 465 2307 530 volmnus,
2356 465 2500 520 sicut
2545 463 2715 518 frater
2755 475 2810 519 et
2868 465 3221 536 coepiscopns
3270 474 3460 522 noster

1862 555 2104 610 llerveus
2133 556 2292 626 paulo
2309 566 2431 609 ante
2463 554 2668 619 retulit,
2699 563 2754 607 et
2783 569 2902 608 eam
2936 565 2990 609 et
3019 571 3237 611 onmem
3261 557 3455 612 aeccle-

1859 649 2140 704 siasticum
2158 649 2402 704 ordinem
2428 649 2531 702 sub
2562 647 2802 718 periculo
2845 649 3128 719 sanguinis
3175 648 3456 719 relinqua-

1862 757 2004 794 mus.
2029 739 2216 808 Itaque
2243 739 2288 793 is
2321 738 2589 808 presbiter
2618 737 2712 807 qui
2761 739 2913 794 urbis
2965 747 3152 809 portas
3191 743 3407 810 aperuit
3439 781 3456 806 ,

1863 833 2260 887 intromittatur
2311 832 2357 886 si
2404 831 2619 901 placet,
2677 840 2843 902 atque
2887 842 3166 903 gestorum
3209 835 3460 890 ordinem

1862 926 2082 994 pandat.
2121 943 2139 976 ι
2173 923 2256 978 ΑΙ)
2289 923 2557 979 universis
2578 922 2783 979 dictum
2819 934 2903 980 est
2937 944 2949 979 :
2985 946 3002 978 ι
3024 925 3228 982 Placet.
3258 945 3278 980 ι

1935 1015 1987 1070 7.
2031 1036 2048 1067 ι
2095 1017 2386 1083 Quoniam,
2427 1035 2445 1067 ι
2506 1017 2680 1087 inquit
2726 1018 3028 1083 Balbo-ius,
3081 1019 3458 1076 Noviomensis

1863 1107 2120 1162 :ecclesize
2147 1107 2452 1177 cpiscopus,
2507 1122 2576 1161 ca
2626 1107 2810 1164 multis
2862 1120 3173 1166 nostrorum
3224 1111 3456 1167 fratrum

1864 1200 2176 1265 audiodiei,
2212 1200 2449 1255 libellum
2483 1201 2762 1256 fidelitatis
2809 1203 2912 1257 sub
2957 1204 3138 1272 specie
3191 1220 3458 1276 cyrogra-

1864 1292 1953 1360 phi
1986 1292 2190 1344 editum
2221 1301 2290 1345 an
2316 1291 2562 1357 Aruulfo,
2595 1293 2664 1347 ad
2692 1294 3131 1364 dampnationem
3155 1296 3272 1365 ejus
3298 1314 3460 1368 posse

1864 1382 2136 1447 sufficere,
2162 1383 2533 1454 quoniamque
2554 1383 2993 1440 Lothariensium
3027 1388 3293 1456 quosdam
3323 1402 3459 1444 con"-

1867 1479 1948 1526 tra
1978 1473 2118 1526 hanc
2144 1472 2474 1543 scripturam
2499 1472 2640 1528 fama
2671 1484 2754 1529 est
2776 1476 3078 1546 diSputare,
3144 1479 3363 1534 interim
3391 1481 3459 1535 de

1866 1560 1969 1614 hac
1996 1576 2053 1614 re
2075 1561 2337 1630 judicium
2375 1571 2649 1618 tantorum
2697 1564 2917 1620 Patrum
2971 1568 3207 1636 experiri
3269 1569 3456 1636 velim,

167 1651 254 1705 bus
275 1652 388 1706 suis
409 1651 730 1721 adjumeuto
753 1651 1019 1716 futurum,
1062 1652 1286 1707 consilio
1326 1661 1380 1706 et
1419 1653 1642 1715 auxilio,
1684 1670 1765 1709 se-
1795 1641 1840 1700 Β
1867 1653 2106 1722 quidque
2136 1654 2200 1706 de
2224 1668 2289 1707 eo
2324 1655 2666 1709 sentiendum
2699 1656 2770 1710 sit
2797 1672 3115 1727 agnoscere.
3145 1677 3164 1710 θ
3221 1657 3459 1716 Siuodus

167 1744 395 1797 cundum
423 1761 581 1798 suum
608 1744 755 1798 scire
779 1754 831 1799 et
852 1759 1030 1814 posse,
1074 1754 1262 1798 contra
1292 1743 1568 1807 Karolum,
1614 1745 1765 1798 item-

167 1850 260 1902 que
285 1835 522 1889 inimicis
547 1835 908 1889 dominorum
933 1850 1153 1890 suorum
1195 1851 1296 1889 nec
1339 1835 1624 1889 consilium
1666 1851 1765 1890 uec

166 1925 418 1978 auxilium
440 1941 498 1980 se
520 1925 766 1980 laturum
791 1928 1026 1982 scienter
1066 1927 1130 1980 ad
1152 1942 1340 1981 eorum
1366 1927 1760 1992 infidelitatem,

165 2032 328 2086 neque
353 2033 453 2086 pro
479 2020 770 2088 praeterito
794 2032 884 2073 aut
907 2019 1091 2074 futuro
1132 2028 1476 2074 sacramento
1523 2035 1580 2074 se
1621 2035 1762 2090 prae-

166 2121 282 2163 sens
317 2110 673 2164 relicturum.
717 2111 912 2164 Annon
949 2121 1067 2165 erat
1117 2110 1369 2165 inimicus
1404 2110 1633 2164 Karolus
1670 2109 1764 2180 qui

167 2214 376 2269 regnum
416 2202 723 2272 pervadere
756 2201 1064 2257 nitebatur?
1106 2202 1297 2256 Annon
1329 2202 1531 2256 inimici
1564 2201 1762 2273 Rotge-

169 2305 249 2343 rus
274 2301 326 2345 et
347 2291 670 2358 Manuases,
704 2294 793 2362 qui
824 2294 1028 2350 clerum
1054 2302 1109 2350 et
1131 2293 1384 2365 populum
1409 2293 1527 2362 ejus
1570 2296 1622 2349 in
1654 2311 1762 2350 tec-

169 2380 314 2436 clesia
342 2383 525 2453 ipsius
555 2394 770 2438 armata
816 2385 1047 2439 militum
1100 2401 1262 2439 manu
1309 2385 1602 2454 ceperant?
1656 2385 1764 2439 llos

170 2474 273 2544 ipse
298 2475 345 2506 “
373 2476 787 2531 consecretales
830 2486 886 2532 et
937 2477 1142 2548 primos
1179 2479 1479 2532 amicorum
1521 2492 1644 2532 esse
1685 2475 1766 2531 fe-

167 2576 330 2633 cerat;
359 2568 468 2622 hos
490 2584 684 2623 eorum
708 2568 863 2624 bonis
893 2569 1164 2624 ditaverat
1209 2571 1300 2640 qui
1351 2585 1410 2624 se
1460 2569 1760 2642 elegerant,

167 2659 249 2729 qui
275 2661 376 2715 sibi
407 2661 784 2732 principatum
814 2661 1180 2727 contulerant,
1205 2664 1404 2733 quibus
1433 2663 1552 2719 sine
1587 2663 1766 2732 perju-

169 2754 244 2808 rio
279 2753 507 2809 auferre
562 2754 697 2808 nihil
754 2763 989 2825 poterat,
1037 2771 1171 2824 quos
1221 2757 1532 2810 necessario
1570 2754 1762 2823 juvare

171 2845 390 2900 debebat
425 2844 536 2899 nisi
566 2845 619 2897 in
649 2859 707 2899 se
733 2853 1041 2913 peccat-ent.
1071 2847 1138 2898 At
1176 2845 1305 2914 quid
1347 2853 1710 2914 peccaverunt
1739 2843 1763 2898 ἲ

172 2935 428 2991 Fidemne
467 2935 792 3006 promissam
841 2950 1060 2989 servare
1089 2936 1231 3005 quod
1281 2935 1382 2989 sibi
1431 2935 1760 3004 persuadere

1868 1743 2046 1797 dixit:
2083 1763 2099 1794 ‹
2127 1743 2443 1799 Proferatur
2468 1746 2520 1800 in
2556 1746 2816 1801 medium.
2856 1769 2874 1800 ι
2913 1748 3166 1805 Prolatus
3216 1760 3301 1807 est
3354 1751 3459 1806 ita-

1865 1849 1970 1904 que
2003 1835 2212 1891 libellus
2238 1837 2562 1907 cyrograplii
2595 1838 2664 1892 ad
2693 1839 2838 1894 hunc
2865 1841 3082 1896 modum
3111 1857 3126 1896 :

1935 1927 1988 1980 8.
2026 1944 2042 1976 ι
2074 1927 2188 1996 Ego
2209 1926 2492 1993 Aruulfus,
2531 1928 2707 1998 gratia
2738 1929 2830 1984 Dei
2864 1931 3230 2000 przeveniente
3261 1931 3457 1988 Remo-

1867 2033 1986 2073 rum
2011 2020 2473 2088 archiepiscopus,
2509 2022 2768 2090 promitto
2822 2024 3041 2094 regibus
3096 2024 3454 2091 Francorum,

1858 2109 2073 2180 .ll‘ugoni
2099 2119 2154 2164 et
2180 2109 2463 2177 llotberto,
2497 2126 2583 2166 me
2615 2111 2776 2166 fidem
2809 2113 3159 2182 purissimam
3204 2125 3454 2170 servatu-

1865 2217 2006 2266 rum,
2033 2202 2320 2256 consilium
2354 2211 2408 2255 ct
2436 2202 2718 2269 auxilium,
2748 2204 3063 2258 secundum
3093 2220 3274 2260 meum
3313 2207 3458 2261 seire

1864 2302 1918 2350 et
1942 2309 2099 2363 posse
2131 2295 2183 2348 in
2213 2295 2465 2349 omnibus
2490 2295 2722 2366 negotiis
2759 2295 3139 2365 prazbiturum,
3196 2297 3458 2352 inimicos

1864 2401 2051 2442 eorum
2083 2401 2184 2442 nec
2209 2387 2441 2443 consilio
2470 2402 2572 2442 nec
2609 2388 2812 2443 auxilio
2838 2387 2907 2441 ad
2947 2403 3134 2443 eorum
3166 2389 3460 2444 infidelita-

1867 2493 1972 2538 tem
2002 2483 2238 2538 scienter
2278 2483 2610 2554 adjuturum.
2657 2482 2783 2538 Haec
2815 2482 2870 2537 in
2916 2494 3210 2552 conspectu
3258 2482 3457 2538 divina:

1864 2577 2189 2648 majestatis,
2223 2585 2277 2632 et
2307 2578 2590 2631 beatorum
2622 2576 2934 2645 spirituum,
2985 2585 3042 2630 et
3074 2576 3236 2631 totius
3262 2575 3458 2632 azccle-

1864 2667 1959 2723 siae
1982 2667 2244 2722 assistens
2296 2667 2576 2736 promitto,
2628 2680 2728 2734 pro
2779 2665 2916 2719 bene
2965 2665 3197 2719 servatis
3244 2665 3456 2721 laturus

1863 2760 2083 2832 prtemia
2113 2767 2332 2813 aeterna:
2363 2755 2781 2812 benedictionis.
2835 2755 2891 2810 Si
2925 2771 3076 2821 vero,
3129 2756 3272 2825 quod
3327 2757 3457 2812 nolo

1863 2859 1918 2906 et
1948 2852 2093 2920 quod
2123 2849 2287 2914 absit,
2323 2849 2393 2903 ab
2438 2849 2522 2903 bis
2550 2849 2864 2914 deviavero,
2921 2849 3102 2903 omnis
3146 2847 3459 2906 benedictio

1867 2958 1982 2997 mea
2028 2950 2380 2996 convertatur
2433 2941 2484 2995 in
2538 2941 3000 3005 maledictionem,
3052 2951 3108 2996 et
3161 2942 3295 2997 ﬁant
3335 2943 3459 2998 dies

173 3029 267 3082 nisi
305 3027 474 3082 sunt?
543 3028 833 3098 Ignoscite,
885 3028 1104 3094 fratres,
1155 3027 1198 3081 si
1253 3027 1409 3081 dolor
1455 3027 1656 3081 nimius
1695 3027 1762 3081 de
1789 3001 1834 3064 (ἶ
1868 3033 1970 3087 mei
2000 3031 2176 3100 pauci,
2207 3040 2261 3086 et
2292 3030 2664 3100 episcopatum
2696 3045 2877 3085 meum
2906 3030 3136 3100 accipiat
3165 3031 3321 3085 alter.
3356 3031 3460 3085 Re-

171 3121 430 3188 gravitate
459 3118 780 3174 sacerdotali
803 3119 1003 3190 aliquid
1048 3121 1348 3190 derogavit,
1390 3127 1446 3174 et
1473 3118 1519 3173 si
1558 3119 1763 3174 oratio-

174 3226 283 3264 nem
315 3211 480 3265 finire
509 3226 615 3266 non
651 3211 812 3275 sinit,
864 3227 1026 3281 quam
1067 3223 1249 3266 vestra
1305 3210 1658 3282 intelligentia
1695 3225 1763 3265 ex

174 3305 597 3373 [incedentibus
617 3304 682 3358 ad
715 3304 923 3373 plenum
953 3304 1383 3373 comprehendit.
1417 3323 1434 3352 ι

237 3394 286 3447 6.
313 3396 423 3450 Hic
452 3394 852 3450 Gotesmauuus
868 3395 1352 3459 “‘,Ambianensis
1372 3395 1633 3450 {ecclesiae
1653 3395 1766 3466 epi-

176 3500 380 3556 scopus,
419 3485 706 3540 subiutulit
739 3503 753 3539 :
788 3503 807 3538 α
843 3483 1006 3540 Multa
1039 3486 1364 3541 venerabilis
1390 3494 1547 3556 pater
1584 3485 1765 3540 Brimo

180 3586 500 3645 prosecutus
525 3576 571 3608 “
611 3585 715 3641 est,
766 3593 884 3646 qua:
918 3587 1122 3647 quanto
1171 3577 1344 3647 magis
1386 3577 1545 3631 fidem
1588 3576 1764 3632 dubiis

179 3669 396 3735 faciunt,
433 3678 586 3724 tanto
635 3671 809 3739 magis
853 3686 1001 3724 reum
1058 3667 1359 3737 majestatis
1402 3677 1654 3738 arguunt,
1701 3684 1765 3724 ac

179 3761 478 3816 sacerdotio
507 3761 781 3830 indignum
826 3761 1129 3815 revincunt.
1159 3758 1263 3815 Sed
1294 3760 1420 3828 quia
1451 3759 1609 3828 paulo
1639 3768 1765 3813 ante

180 3852 239 3906 de
265 3853 572 3922 periculosa
605 3851 940 3906 discussione
971 3866 1152 3911 sermo
1179 3850 1399 3905 habitus
1451 3858 1554 3913 est,
1603 3850 1762 3904 velim

182 3959 350 4011 nosse,
380 3945 513 4014 quid
543 3954 699 4014 pater
725 3943 904 3999 Brimo
934 3945 1058 3999 inde
1093 3943 1312 3998 sentiat.
1365 3942 1480 3997 Non
1509 3953 1590 3998 est
1619 3945 1762 3998 enim

182 4049 385 4103 aequum
422 4052 524 4090 nos
557 4035 672 4089 fieri
701 4043 952 4090 auctores
981 4033 1288 4089 offendendi
1320 4034 1624 4105 sanguinis,
1671 4035 1764 4103 qui

183 4127 434 4182 debemus
480 4142 601 4181 esse
643 4138 896 4181 auctores
945 4127 1152 4181 salutis.
1187 4146 1205 4178 ι
1233 4127 1299 4180 Ει
1323 4125 1450 4180 ille:
1489 4146 1504 4176 ι
1537 4125 1722 4181 Sentio
1748 4167 1762 4190 ,

186 4219 370 4291 inquit,
416 4221 697 4276 reverendi
730 4221 941 4285 Patres,
969 4228 1020 4274 et
1049 4221 1150 4275 hoc
1177 4235 1276 4274 vos
1303 4218 1600 4287 intelligere
1622 4219 1763 4287 quod

187 4311 378 4378 dicitis,
407 4323 463 4367 et
501 4313 727 4367 alterum
776 4311 966 4382 pudori
998 4327 1117 4366 esse
1160 4312 1303 4381 quod
1362 4311 1572 4365 tacetis.
1626 4309 1759 4363 Nam

189 4416 398 4458 moveut
421 4420 522 4457 vos
542 4403 604 4434 "“
629 4404 825 4459 divina:
851 4403 1015 4473 leges,
1044 4412 1220 4457 movet
1249 4402 1413 4456 etiam
1465 4401 1624 4454 homo
1652 4400 1763 4454 afli-

190 4495 350 4548 nitate
385 4495 565 4549 carnis
591 4497 634 4533 δτ
667 4494 799 4549 mihi
823 4493 1300 4561 coujuuctissimus
1325 4532 1340 4557 ,
1371 4500 1557 4561 utpote
1590 4507 1763 4546 avun-

191 4584 288 4639 culi
320 4587 424 4641 mei
453 4587 589 4657 regis
620 4586 865 4642 Lotharii
895 4585 1031 4639 filius
1056 4601 1069 4638 :
1097 4587 1267 4640 habeo
1295 4595 1350 4638 ct
1384 4585 1616 4653 rependo
1668 4584 1763 4638 ka-

194 4678 332 4733 ritati
366 4691 554 4736 vestra:
586 4681 915 4751 multiplices
943 4690 1137 4750 grates.
1181 4679 1285 4735 Sed
1317 4678 1455 4733 absit
1477 4679 1576 4732 hoc
1600 4695 1626 4732 a
1655 4694 1760 4742 me,

196 4780 250 4824 ut
273 4773 440 4826 amori
465 4773 521 4803 "‘
545 4773 742 4828 Christi
771 4787 1013 4826 amorem
1044 4771 1320 4842 sanguinis
1349 4770 1762 4841 pra:feram,aut

198 4871 251 4914 ut
283 4879 401 4917 meo
430 4866 698 4936 sanguine,
731 4873 1002 4933 quantum
1032 4862 1082 4915 iu
1113 4879 1196 4915 me
1222 4870 1325 4925 est,
1376 4861 1607 4915 ecclesia
1662 4861 1757 4916 Dei

202 4953 473 5021 polluatur.
499 4957 656 5029 Ergo,
690 4955 869 5026 agite,
897 4953 1281 5009 diseussioncm
1313 4952 1476 5006 simul
1523 4960 1579 5005 et
1618 4951 1762 5018 judi-

203 5043 338 5096 cium
363 5049 717 5116 aggrediamur
740 5045 812 5109 ⁵⁸,
839 5057 938 5097 nec
967 5044 1240 5113 sanguinis
1268 5041 1588 5098 effusionem
1635 5058 1760 5112 pcr-

205 5133 495 5206 borrescile,
521 5157 634 5196 cum
668 5136 826 5211 apud
860 5133 1260 5190 benivolentian.
1286 5133 1596 5216 principum
1618 5132 1764 5202 juste

1865 3123 2062 3177 cedant
2085 3137 2114 3174 a
2155 3135 2240 3175 me
2272 3121 2431 3175 amici
2466 3120 2597 3186 mei,
2655 3119 2875 3190 sintque
2909 3131 3170 3191 perpetuo
3224 3120 3455 3176 inimici.

1867 3213 2003 3268 Huic
2037 3229 2167 3284 ergo
2205 3213 2546 3285 cyrograplio
2571 3229 2598 3266 a
2634 3228 2719 3267 me
2775 3213 2924 3268 edito
2975 3213 3027 3268 in
3085 3213 3456 3268 testiinonium

1867 3306 2262 3362 benedictionis
2291 3305 2372 3359 vel
2420 3304 2817 3359 maledictionis
2844 3319 2976 3359 mea:
3008 3303 3312 3368 subscribe,
3348 3303 3460 3357 fra-

1870 3404 2088 3467 tresque
2114 3405 2166 3450 et
2196 3395 2334 3450 filios
2363 3411 2514 3450 meos
2544 3403 2604 3448 ut
2636 3393 2982 3449 subscribam
3007 3409 3160 3463 rogo.
3203 3393 3316 3465 Ego
3361 3394 3460 3448 Ar-

1869 3485 2048 3540 uulfus
2070 3484 2508 3555 archiepiscOpus
2526 3482 2825 3552 subscripsi
2851 3481 2939 3534 ⁸⁸⁸.
2972 3500 2991 3533 ι

1939 3577 1990 3632 9.
2017 3576 2135 3643 Quo
2173 3575 2498 3646 perlecto",
2539 3573 2801 3628 Arnulfus
2840 3573 3248 3628 Aurelianensis
3281 3572 3458 3630 eccle-

1867 3669 1963 3722 siae
2003 3665 2326 3722 venerabilis
2365 3665 2652 3734 episcopus
2692 3661 2971 3730 subjunxit
3018 3680 3031 3715 :
3066 3682 3102 3715 ,ι
3133 3661 3329 3727 Habet,
3375 3663 3457 3717 iu-

1867 3773 2050 3828 quam,
2078 3759 2191 3810 hrec
2214 3756 2480 3824 scriptura
2510 3755 2802 3809 maximam
2836 3754 2946 3807 vim
2974 3755 3413 3824 reprehensionis
3436 3771 3462 3822 ;.

1868 3851 2029 3905 habet
2054 3849 2218 3902 etiam
2236 3845 2458 3902 subtiles
2479 3844 2811 3899 defensionis
2835 3844 3000 3909 vires,
3025 3845 3208 3899 habita
3242 3845 3456 3900 ratione

1867 3953 2246 4010 personarum.
2271 3935 2406 3989 Nam
2433 3935 2550 4005 ejus
2590 3943 2780 3988 auctor
2812 3932 3072 3988 Arnulf'us
3118 3935 3463 3990 detestabilis

1868 4041 1972 4095 est,
1995 4046 2060 4084 eo
2082 4028 2225 4098 quod
2250 4029 2319 4080 ob
2342 4027 2647 4080 inmensum
2671 4022 2932 4078 ambitum
2968 4024 3205 4078 affectati
3230 4024 3462 4080 honoris

1868 4123 2170 4179 inauditum
2194 4118 2392 4174 saeculo
2416 4117 2567 4188 prius
2591 4117 2983 4171 monimentum
3006 4117 3092 4172 sui
3133 4117 3458 4173 detestabile

1869 4214 2107 4283 reliquit.
2133 4212 2233 4279 Qui
2267 4226 2395 4265 vero
2429 4209 2780 4265 commentati
2819 4217 2966 4274 sunt,
3010 4224 3122 4262 rem
3169 4210 3356 4264 utilem
3390 4226 3456 4267 ac

1872 4305 2236 4361 necessariam
2263 4302 2454 4356 fecisse
2479 4302 2578 4356 visi
2607 4310 2753 4366 sunt,
2796 4307 2854 4353 ut
2885 4300 2930 4354 si
2964 4299 3257 4369 aliquando
3293 4300 3452 4356 fidem

1874 4397 2197 4469 promissam
2247 4408 2544 4463 pernegare
2587 4392 2746 4445 vellet
2777 4431 2792 4455 ,
2833 4391 3107 4462 scriptura
3158 4404 3348 4445 contra
3394 4403 3454 4444 se

1871 4492 2020 4548 testis
2038 4489 2320 4550 existeret,
2345 4495 2400 4540 et
2418 4486 2461 4540 si
2488 4485 2728 4539 deviaret
2751 4485 2862 4553 ipse
2877 4494 3066 4538 contra
3083 4498 3232 4538 suam
3250 4481 3456 4554 profes-

1867 4584 2075 4639 sionem
2099 4589 2153 4634 et
2175 4577 2629 4646 subscriptionem
2654 4576 2901 4640 veniens,
2925 4576 3131 4631 honore
3172 4590 3233 4629 se
3271 4573 3456 4642 priva-

1867 4681 1981 4737 r‘et;
2029 4682 2186 4729 etne
2229 4671 2368 4725 forte
2403 4684 2637 4740 peccans
2695 4667 2918 4723 nomine
2972 4667 3168 4724 summi
3216 4662 3457 4736 pontifici

1867 4767 2070 4822 diutius
2089 4760 2496 4824 defenderetur,
2524 4760 2639 4828 ipse
2677 4773 2922 4814 summus
2957 4756 3196 4829 pontifex
3239 4760 3458 4809 senten-

1869 4861 2000 4915 tiam
2025 4871 2136 4913 Sua:
2168 4852 2568 4923 dampnatiouis
2602 4853 2653 4905 in
2691 4867 2750 4906 se
2779 4849 2988 4906 dixisse
3018 4851 3166 4903 visus
3203 4854 3307 4900 est.
3351 4840 3458 4894 Sed

1868 4951 1995 5022 quia
2027 4946 2295 5018 presbiter
2325 4944 2502 5006 adest,
2535 4940 2698 4996 finem
2733 4940 2955 4993 dicendi
3008 4939 3232 4998 faciam,
3261 4939 3322 4985 ut
3355 4929 3457 5022 ipsi

1869 5021 2022 5098 locus
2049 5047 2248 5110 pateat.
2280 5056 2299 5088 ι
2331 5035 2552 5090 luterim
2581 5044 2760 5088 tamen
2789 5031 2916 5084 dum
2956 5031 3255 5102 presbitero
3280 5021 3460 5080 standi

1873 5134 2023 5189 locus
2044 5131 2283 5201 eligitur,
2305 5126 2653 5198 significabat
2691 5122 2793 5178 sibi
2845 5120 3235 5184 assidentibus,
3291 5126 3464 5184 quen-

1500 5289 1737 5346 VARl/E
1778 5283 2184 5346 LECTlONES.
