3948 5350
490 345 601 405 295

1771 341 2155 403 SILVESTER
2192 342 2236 398 ll
2274 342 2475 399 PAPA.

3677 351 3784 411 29b

493 464 620 522 dam
640 465 977 537 episcopum,
1000 479 1068 521 ex
1103 463 1282 521 heresi
1314 463 1382 519 ad
1408 463 1570 520 ﬁdem
1595 464 1921 520 catholicam
1954 478 2084 519 con-
2114 463 2162 522 Δ
2191 461 2517 517 avunculum
2548 475 2707 518 suum
2736 456 3083 531 Rotbertum,
3108 463 3293 523 Κατοιί
3317 480 3559 538 servum,
3619 474 3785 527 comi-

491 572 713 615 versum
727 599 742 625 ,
763 557 924 613 beato
943 556 1208 628 Gregorio
1230 556 1461 612 similem
1484 555 1723 611 libellum
1750 555 2082 625 porrexisse;

489 650 590 704 sed
619 650 722 704 hoc
746 648 1034 712 interesse,
1066 647 1209 716 quod
1242 647 1332 701 hic
1365 645 1627 701 Arnull‘us
1669 646 1935 701 malarum
1959 661 2089 701 cau-

490 755 679 798 sarum
702 738 1005 794 rationibus
1033 746 1313 808 permotus
1334 737 1427 803 sit,
1470 737 1523 793 id
1547 745 1632 793 est
1677 737 1743 770 δ’*
1779 736 2004 808 perﬁdia
2032 744 2089 792 et

488 830 806 902 cupiditate.
839 828 927 884 ille
953 838 1137 884 autem
1162 829 1489 899 optimarum
1513 824 1582 891 ⁸⁸.
1626 827 1676 883 id
1718 837 1803 885 est
1847 827 1951 883 ﬁde
1996 842 2090 883 ca-

490 927 690 983 tholica
724 932 781 978 et
810 939 997 979 amore
1027 923 1265 979 habendi
1314 922 1508 979 Deum.
1553 922 1688 978 Erat
1732 936 1864 977 vero
1898 920 1973 977 ibi
2012 921 2086 976 ita

486 1018 749 1087 scriptum
772 1015 917 1074 inter
945 1022 1131 1070 cetera
1165 1030 1181 1069 :

555 1110 645 1166 10.
691 1127 711 1161 ι
734 1110 802 1164 Et
841 1106 969 1164 ideo
1005 1113 1331 1176 postquam,
1372 1111 1654 1172 comperto
1690 1101 1978 1158 divisionis
2010 1100 2089 1156 la-

483 1215 625 1269 queo
653 1214 763 1270 quo
790 1197 1037 1258 tenebar,
1071 1194 1284 1250 diutina
1310 1210 1521 1249 mecum
1547 1193 1935 1248 deliberatione
1964 1208 2088 1264 per-

484 1293 745 1357 tractans,
785 1305 956 1360 prona
988 1296 1048 1343 et
1072 1294 1371 1355 spontanea
1400 1285 1686 1340 voluntate
1713 1285 1782 1340 ad
1817 1285 2086 1340 unitatem

482 1380 628 1437 sedis
661 1379 972 1450 apostolicae
1002 1376 1189 1435 divina
1240 1376 1416 1447 gratia
1445 1376 1583 1430 duce
1619 1388 1870 1429 reversus
1921 1388 2083 1439 sum;

486 1484 561 1525 ne
589 1469 659 1501 ’θ’
687 1484 791 1524 non
824 1484 958 1540 pura
989 1473 1176 1525 mente
1207 1467 1303 1521 sed
1329 1466 1582 1521 simulate
1613 1480 1863 1521 reversus
1893 1464 2087 1519 existi-

485 1574 625 1624 mer,
658 1560 900 1629 spondeo
923 1560 1025 1615 sub
1048 1561 1264 1616 ordims
1299 1558 1405 1611 mei
1433 1573 1561 1613 casu
1618 1565 1674 1611 et
1720 1556 2087 1612 anathematis

476 1650 824 1722 obligatione,
855 1660 1017 1722 atque
1047 1652 1309 1722 promitto
1356 1650 1471 1713 tibi,
1517 1660 1573 1705 et
1623 1666 1722 1720 per
1779 1658 1832 1706 te
1892 1659 2088 1706 sancto

478 1740 639 1797 Petro
662 1742 1028 1813 apostolorum
1066 1743 1316 1814 principi,
1372 1749 1538 1810 atque
1563 1741 1681 1812 ejus
1706 1742 1912 1798 vicario
1948 1743 2079 1798 bea-

2190 562 2298 608 tem
2322 553 2647 609 ﬁdissimum
2669 553 2788 610 fore
2821 556 3147 626 designavit,
3199 571 3321 614 cum
3372 556 3494 615 aliis
3550 563 3783 632 quibus-

2188 643 2333 699 dam.
2362 643 2429 698 Et
2454 653 2514 698 ut
2539 645 2643 701 hoc
2668 635 2872 702 factum
2908 639 3009 702 sub
3034 648 3219 718 specie
3238 648 3455 705 honesti
3486 658 3783 723 tegeretur,

2187 751 2383 793 manus
2436 743 2494 791 et
2541 747 2883 794 sacramenta
2938 738 3099 795 simul
3143 739 3342 797 Karolo
3395 742 3653 813 praebui,
3695 744 3786 800 sed

2186 823 2337 895 jussu
2368 825 2570 897 ipsius;
2596 827 2778 884 claves
2799 829 2949 885 urbis
2984 831 3190 901 accepi,
3220 832 3313 888 sed
3342 847 3371 888 a
3402 849 3564 889 manu
3591 834 3779 907 ipsius:

2188 925 2379 987 portas
2412 919 2620 990 aperui,
2650 921 2744 975 sed
2775 919 2920 976 illius
2944 932 3236 992 przccepto.
3274 923 3401 980 Haec
3421 924 3467 980 si
3490 926 3781 998 quisquam

2191 1020 2432 1066 vestrum
2461 1012 2620 1068 aliter
2639 1028 2759 1068 esse
2782 1023 2958 1084 putat,
2983 1030 3179 1086 meque
3200 1015 3476 1089 indignum
3523 1014 3614 1073 cui
3669 1027 3784 1075 creo

2188 1100 2370 1167 datur,
2396 1103 2586 1158 credat
2612 1102 2748 1175 igni,
2780 1103 3008 1160 ferventi
3054 1122 3230 1176 aqum,
3280 1108 3533 1164 candenti
3586 1100 3777 1175 ferro;

2187 1189 2391 1248 faciant
2423 1193 2580 1248 ﬁdem
2615 1202 2909 1262 tormenta,
2934 1182 3134 1267 quibus
3181 1215 3288 1255 non
3341 1197 3622 1255 suilieinnt
3663 1217 3780 1256 mea

2188 1283 2385 1350 verba;
2418 1284 2517 1354 ipsi
2551 1285 2732 1340 hostes
2760 1286 2887 1352 mei,
2943 1286 3142 1359 quibus
3187 1304 3361 1360 nuper
3406 1290 3619 1345 invisus
3662 1306 3782 1347 esse

2189 1374 2351 1444 coepi,
2378 1373 2689 1431 testimonio
2710 1386 2890 1443 erunt,
2921 1393 3044 1434 cum
3073 1395 3171 1435 suo
3198 1395 3282 1434 me
3306 1381 3569 1438 beneﬁcio
3597 1383 3780 1439 vivere

2189 1466 2892 1538 comprobabunt;quando
2918 1476 3158 1525 vestrum
3213 1471 3500 1526 anathema
3552 1474 3780 1543 perhor-

2149 1566 2154 1571 ‘
2189 1570 2429 1621 rcsceus,
2457 1572 2646 1612 eorum
2676 1567 2804 1613 tunc
2846 1560 3196 1617 miseratione
3246 1561 3453 1633 gladios
3494 1562 3774 1630 Richardi,

2120 1644 2123 1645 ⁷
2190 1643 2379 1702 fratris
2404 1648 2664 1718 episcopi,
2691 1649 2776 1704 vix
2825 1650 2998 1718 evasi,
3053 1652 3196 1707 hanc
3239 1668 3416 1708 meam
3474 1655 3777 1712 contessioa

2189 1751 2314 1792 nem
2352 1741 2780 1809 expavescentis.
2813 1758 2835 1795 ι

478 1832 687 1888 tissimo
711 1832 996 1903 Gregorio,
1020 1834 1105 1889 vel
1132 1831 1541 1890 successoribus
1564 1832 1756 1901 ipsius,
1800 1847 1886 1887 me
1911 1849 2070 1887 num-
2104 1814 2151 1873 Β
2192 1830 2221 1895 ξς
2262 1827 2350 1882 12.
2383 1828 2465 1883 Ad
2494 1829 2609 1884 haec
2630 1828 2746 1884 Odo
2765 1829 3051 1901 episcopus
3078 1829 3506 1887 Silvancctensis
3538 1851 3551 1887 :
3583 1853 3601 1885 ι
3629 1832 3775 1891 Bene

473 1936 637 1992 quam
666 1922 1033 1992 quorumlibet
1061 1924 1426 1989 suasionibus,
1456 1922 1539 1980 vel
1578 1937 1925 1994 quocumque
1971 1922 2078 1978 alio

476 2013 662 2078 modo,
691 2014 759 2069 ad
783 2014 1022 2070 schisma
1048 2014 1114 2069 de
1135 2029 1244 2085 quo
1265 2013 1645 2086 Redemptoris
1666 2022 1841 2072 nostri
1864 2013 2079 2069 miseri-

471 2104 657 2160 cordia
686 2103 952 2161 liberante
979 2116 1199 2177 ereptus
1220 2122 1363 2173 sum,
1392 2123 1767 2175 reversurum,
1791 2105 1889 2165 sed
1935 2119 2079 2160 sem-

471 2211 571 2266 per
598 2211 686 2252 me
712 2197 767 2252 in
789 2197 997 2253 unitate
1018 2208 1221 2255 sanctae
1247 2199 1509 2256 aecclesize
1530 2201 1815 2258 catholica:
1834 2210 1891 2258 et
1915 2213 2075 2258 com-

471 2288 731 2343 munione
755 2287 985 2345 Romani
1045 2291 1321 2361 pontiﬁcis
1360 2306 1459 2362 per
1488 2293 1670 2347 omnia
1719 2308 2070 2364 permanere.

470 2378 625 2436 Unde
652 2380 870 2450 juratus
897 2383 1020 2437 dico
1046 2398 1143 2453 per
1172 2383 1341 2438 Deum
1366 2384 1824 2455 omnipotentem,
1845 2394 1902 2442 et
1947 2385 2064 2441 haec

469 2480 655 2526 sancta
686 2480 918 2542 quatuor
945 2472 991 2506 ⁸⁸
1017 2474 1302 2547 evangelia
1357 2490 1479 2546 qua:
1525 2476 1579 2531 in
1638 2476 1775 2532 meis
1817 2476 2071 2533 manibus

467 2568 648 2628 teneo,
669 2572 726 2618 et
752 2562 984 2619 salutem
1022 2565 1350 2636 geniumque
1395 2565 1640 2623 Mauricii
1693 2577 1859 2638 atque
1894 2566 2070 2623 Theo-

465 2654 605 2711 dosii
635 2655 978 2712 dominorum
1004 2666 1316 2712 nostrorum
1335 2658 1425 2721 ,rei
1455 2658 1684 2729 publica:
1728 2659 2066 2730 gubernato-

465 2761 577 2813 res,
604 2762 692 2802 me
713 2747 766 2802 in
791 2748 999 2804 unitate
1026 2750 1170 2805 sicut
1190 2750 1300 2805 dixi
1327 2750 1608 2819 aecclesiaa,
1651 2752 1718 2806 ad
1749 2768 1914 2822 quam
1955 2748 2068 2808 Deo

463 2836 699 2907 propitio
720 2851 842 2893 sum
870 2855 1148 2904 reversus,
1175 2849 1232 2895 et
1256 2842 1639 2899 communione
1667 2842 1899 2900 Romani
1928 2857 2068 2913 pon-

365 2918 369 2922 ’
463 2930 626 2987 tiﬁcis
655 2946 875 3002 semper
911 2941 966 2986 et
1014 2932 1135 2988 sine
1183 2933 1348 2989 dubio
1395 2948 1742 3003 permanere.
1790 2938 1947 3006 Quod
1986 2941 2060 3008 si,

461 3021 607 3091 quod
633 3021 794 3087 absit,
830 3021 1012 3091 aliqua
1035 3022 1385 3092 excusatione
1405 3023 1489 3078 vel
1518 3035 1844 3096 argumento
1864 3030 1934 3085 ab
1956 3031 2063 3088 hac

461 3126 552 3167 me
570 3111 781 3167 unitate
797 3112 1058 3178 divisero,
1081 3111 1309 3183 perjurii
1323 3124 1528 3171 reatum
1545 3116 1827 3175 incurrens
1842 3132 2062 3178 aeterna:

2183 1936 2349 1986 nunc,
2380 1921 2576 1992 inquit,
2623 1923 2910 1976 anathema
2964 1921 3017 1975 in
3056 1923 3377 1977 memoriam
3406 1927 3566 1979 redit.
3607 1923 3776 1982 Pater

2180 2012 2328 2067 enim
2382 2012 2643 2067 Arnull‘us
2690 2012 2833 2068 hunc
2887 2020 3132 2068 nostrum
3181 2013 3466 2069 Arnulfum
3504 2016 3557 2071 in
3614 2033 3774 2090 cyro-

2180 2105 2388 2177 grapho
2427 2119 2488 2160 se
2519 2104 2846 2174 dampnasse
2895 2104 3063 2170 dixit;
3119 2119 3219 2159 nos
3270 2113 3450 2161 autem
3495 2108 3770 2176 quoddam

2179 2195 2442 2265 scriptum
2474 2196 2541 2250 ab
2565 2210 2631 2249 eo
2657 2195 2709 2248 in
2743 2205 2987 2265 tempore
3035 2194 3155 2264 ipso
3205 2195 3511 2266 accepimus
3533 2212 3635 2268 per
3656 2214 3770 2252 ma-

2176 2301 2285 2344 nus
2314 2284 2578 2340 Guidonis
2608 2283 2935 2340 venerabilis
2964 2284 3233 2355 episcopi;
3291 2286 3343 2339 in
3389 2300 3495 2356 quo
3535 2296 3592 2341 et
3636 2301 3770 2343 con-

2174 2375 2340 2439 fessio
2389 2375 2473 2428 sui
2522 2363 2650 2429 l‘acti
2679 2383 2736 2429 ct
2778 2365 3092 2443 dampnatio
3121 2374 3287 2443 ipsius
3316 2375 3588 2431 contineri
3618 2376 3771 2432 vide-

2170 2470 2362 2536 batur;
2411 2466 2552 2541 qnod
2594 2466 2646 2519 in
2697 2465 2952 2534 praesenti
2987 2463 3178 2535 jubeat
3218 2465 3449 2520 recitare
3499 2469 3767 2522 sanctitas

2173 2570 2374 2615 vestra.
2412 2577 2431 2611 ι
2485 2554 2738 2627 Synodus
2765 2554 2942 2609 dixit:
2979 2572 2998 2606 ‹
3050 2553 3349 2609 Rccitetur.
3386 2573 3406 2606 ι
3453 2554 3763 2612 Recitatum

2170 2658 2254 2705 est
2291 2649 2475 2719 itaque
2504 2650 2557 2704 in
2604 2645 2749 2704 hunc
2793 2647 3011 2700 modum
3048 2661 3062 2698 :
3101 2663 3121 2698 ι
3153 2646 3416 2702 Arnulfus
3440 2648 3617 2718 gratia
3669 2650 3764 2704 Dei

2170 2741 2633 2811 archiepiscopus,
2664 2736 3142 2797 commonitorium
3171 2737 3239 2769 "‘
3281 2741 3631 2810 praedonibus
3658 2739 3764 2796 Rea-

2168 2848 2400 2889 morum.
2431 2832 2570 2902 Quid
2602 2835 2697 2889 tibi
2721 2835 2805 2890 vis
2847 2829 3166 2906 praedonum
3211 2829 3562 2887 Remensium
3594 2831 3763 2888 scele-

2167 2932 2287 2979 rata
2331 2925 2559 2980 manus?
2612 2923 2862 2981 Nichilne
2913 2934 2967 2982 te
3012 2929 3235 2981 movent
3283 2921 3469 2992 pupilli
3496 2933 3553 2978 et
3583 2923 3761 2979 vidua:

2164 3019 2436 3076 lacrimas?
2461 3018 2573 3076 Nec
2603 3018 2895 3075 advocatus
2913 3035 3123 3086 eorum,
3148 3019 3283 3077 velis
3306 3014 3463 3081 nolis,
3496 3017 3759 3076 Dominus

2168 3119 2310 3177 tuus,
2351 3111 2468 3182 ipse
2525 3111 2698 3177 testis,
2727 3119 2785 3167 et
2815 3111 3006 3183 judex,
3051 3120 3109 3168 et
3164 3111 3345 3183 gravis
3383 3114 3548 3179 ultor,
3599 3107 3756 3181 cujus

460 3216 636 3273 pmnae
655 3202 929 3275 obligatus
958 3203 1230 3271 inveniar,
1269 3212 1326 3261 et
1351 3220 1474 3261 cum
1516 3215 1742 3264 auctore
1784 3210 2059 3269 scisma“,
2085 3190 2131 3256 C
2155 3201 2420 3274 judicium
2447 3199 2847 3273 nonet'fugies?
2876 3202 3010 3258 Vide
3043 3200 3173 3273 quid
3203 3202 3331 3256 ante
3368 3201 3557 3258 oculos
3586 3203 3755 3274 ipsius

459 3292 688 3347 habeam
725 3291 779 3347 in
803 3291 987 3349 futuro
1009 3293 1208 3351 saeculo
1227 3295 1552 3365 portionem.
1581 3314 1602 3349 ι

536 3382 627 3437 ll.
654 3381 956 3455 Adalgerus
993 3401 1008 3439 :
1046 3402 1065 3436 ι
1088 3384 1216 3442 Scio
1266 3402 1375 3453 mc,
1428 3387 1625 3458 inquit,
1666 3405 1772 3447 non
1804 3406 2056 3463 magnam

458 3472 775 3530 habiturum
818 3476 1255 3546 expectationem
1305 3479 1360 3535 in
1411 3480 1661 3548 dicendo,
1723 3486 2054 3542 reverentis-

459 3569 585 3624 simi
632 3568 848 3637 Patres,
894 3586 1018 3627 cum
1046 3572 1377 3643 omniaquae
1428 3589 1527 3644 pro
1570 3574 1885 3632 defensione
1932 3593 2053 3634 mea

457 3661 705 3718 dicturus
728 3678 871 3728 sum,
929 3674 1119 3719 contra
1173 3680 1261 3721 me
1309 3665 1541 3722 fortasse
1582 3668 1889 3724 vidcantur.
1939 3669 2054 3726 Hoc

453 3751 601 3807 enim
624 3760 680 3808 et
703 3752 755 3808 in
788 3753 939 3810 initio
962 3754 1225 3821 intellexi,
1253 3771 1376 3813 cum
1422 3757 1598 3824 Dudo,
1643 3758 1827 3815 Karoli
1870 3761 2050 3829 miles,

453 3852 516 3899 ut
555 3842 713 3913 hujus
736 3846 1058 3917 proditionis
1088 3858 1281 3904 auctor
1331 3850 1648 3917 existet-em,
1708 3853 2052 3911 machinatus

452 3945 569 4001 est;
602 3937 690 3992 cui
713 3951 835 3992 cum
868 3939 1251 4009 reaponderem
1294 3956 1394 3996 cur
1431 3957 1498 3998 ex
1535 3953 1682 3999 tanta
1717 3960 1896 4001 massa
1953 3947 2053 4003 ho-

452 4028 665 4083 minutn
702 4042 802 4100 ego
825 4028 1059 4087 clericus
1088 4040 1145 4088 et
1176 4033 1432 4089 sacerdos
1478 4035 1825 4104 potissimum
1880 4038 2050 4111 elige-

451 4135 568 4187 rer,
602 4128 664 4176 ut
697 4122 970 4178 seniorem
1021 4131 1078 4179 et
1101 4124 1417 4195 episcopum
1450 4141 1630 4182 meum
1660 4128 1932 4186 traderem
1977 4132 2049 4188 ob

450 4227 668 4269 causam
692 4214 875 4270 Karoli
902 4217 970 4271 ad
1000 4230 1159 4286 quem
1183 4218 1317 4272 nihil
1336 4218 1660 4284 attinebam,
1693 4222 1927 4291 primum
1954 4238 2046 4280 so-

450 4304 693 4359 cordiam
721 4314 777 4360 et
806 4305 1112 4362 fatuitatem
1138 4308 1419 4363 hominum
1466 4325 1553 4366 me
1600 4310 1745 4366 scire
1788 4311 2045 4381 dicebat;

450 4410 631 4450 meum
652 4405 835 4450 autem
863 4397 1163 4468 ingenium,
1184 4396 1556 4468 prudentiam,
1579 4399 1747 4454 animi
1779 4401 2049 4471 magnitu-

447 4485 627 4541 dinem
655 4525 672 4552 ,
717 4487 873 4542 miris
913 4486 1163 4542 laudibus
1215 4487 1544 4554 extollebat;
1588 4490 1822 4560 denique
1870 4491 2045 4561 ipsum

2156 3295 2337 3367 egeris
2362 3312 2376 3349 :
2398 3302 2648 3351 sanctam
2666 3293 2984 3366 pudicitiam
3008 3294 3278 3363 virginum
3308 3302 3417 3348 nan
3448 3295 3748 3361 erubuisti:

2156 3392 2438 3441 matronas
2464 3384 2630 3440 etiam
2660 3383 2909 3440 barbaris
2943 3384 3206 3439 verendas
3235 3382 3409 3438 nudas
3446 3383 3748 3455 reliquisti;

2155 3473 2462 3543 orphanum
2489 3481 2546 3528 et
2575 3471 2838 3543 pupillum
2891 3487 2999 3529 non
3052 3471 3362 3543 respexisti.
3412 3470 3616 3528 Parum
3655 3473 3749 3529 tibi

2154 3563 2287 3630 hoc;
2318 3562 2600 3620 accessisti
2630 3563 2707 3637 ad
2725 3560 2982 3633 templum
3008 3561 3201 3616 matris
3223 3560 3338 3624 Dei,
3365 3561 3582 3618 cunctis
3605 3568 3752 3618 mor-

2157 3652 2359 3709 talibus
2412 3651 2797 3708 reverendum.
2850 3649 2981 3720 Ejus
3027 3650 3226 3706 atrium
3265 3649 3602 3724 perfregisti,
3636 3653 3751 3723 pol-

2153 3743 2323 3811 luisti,
2338 3734 2586 3800 violasti.
2607 3741 2760 3811 Quo‘d
2777 3744 2919 3800 oculi
2943 3743 3017 3800 ibi
3033 3744 3305 3811 viderunt,
3323 3747 3653 3816 concupiisti
3674 3748 3745 3802 ".

2152 3837 2306 3905 Quod
2334 3852 2529 3894 manus
2552 3837 2924 3893 attrectare”
2952 3845 3267 3908 potuerunt,
3288 3838 3539 3908 rapuisti.
3559 3839 3630 3895 Et
3652 3856 3746 3897 nos

2150 3931 2369 4003 quidem
2398 3940 2587 3987 contra
2617 3931 2857 3986 divinum
2887 3948 2952 3987 ac
2979 3932 3275 3987 humanum
3310 3932 3401 4002 jus
3431 3933 3746 3991 misericor-

2151 4023 2238 4080 dia
2268 4022 2574 4089 abutentes,
2600 4023 2745 4094 quod
2770 4023 2878 4080 cibi
2907 4034 2962 4079 et
2992 4032 3151 4093 potus
3199 4023 3496 4091 abstulisti,
3525 4040 3636 4080 non
3666 4027 3744 4080 ina

2150 4115 2458 4187 dulgemus,
2476 4116 2572 4171 sed
2600 4124 2825 4186 propter
2850 4114 3013 4186 impia
3039 4124 3283 4184 tempora
3314 4129 3420 4169 non
3445 4113 3739 4186 exigimus.

2149 4210 2431 4282 Exigimus
2451 4216 2633 4264 autem
2659 4207 2868 4278 reliqua
2896 4206 3077 4263 omnia
3100 4221 3222 4276 quae
3240 4204 3461 4278 pollutis
3489 4208 3743 4263 manibus

2146 4303 2462 4373 pervasisti,
2511 4316 2577 4357 ac
2604 4300 2829 4357 retines.
2882 4299 3068 4357 Redde
3097 4315 3249 4371 ergo,
3284 4310 3378 4355 aut
3405 4302 3739 4357 sententiam

2146 4392 2552 4465 dampnationis
2580 4392 2634 4447 in
2659 4405 2981 4463 pervaseres
3029 4406 3210 4446 rerum
3236 4388 3738 4448 ecclesiasticarum

2149 4502 2180 4541 a
2210 4487 2382 4543 sacris
2407 4485 2712 4541 canonibus
2752 4483 3169 4556 promulgatam,
3199 4498 3429 4553 eamque
3475 4483 3527 4515 “
3579 4485 3633 4539 in
3687 4495 3738 4538 te

464 4540 467 4541 ν
556 4540 561 4541 ,
658 4540 671 4552 ,
1593 4540 1821 4560 ww,"
1871 4540 2045 4561 τη---

449 4592 628 4633 meum
655 4577 928 4633 seniorem
953 4579 1057 4635 hoc
1082 4579 1155 4633 ita
1178 4578 1340 4646 velle,
1367 4581 1579 4651 sibique
1604 4582 1676 4637 ita
1700 4585 2040 4654 pracepisse.

2169 4540 2315 4631 alam
2332 4540 3059 4646 multotiensque-l‘crendam
3075 4540 3294 4646 excipe:
3311 4540 3735 4631 ᾸΝΑΤΗΕΜΑ

445 4665 544 4722 Cui
572 4682 696 4722 cum
731 4668 889 4723 ﬁdem
919 4670 1073 4739 quasi
1106 4671 1536 4740 spopondissem,
1568 4688 1673 4728 non
1706 4682 1882 4729 tamen
1907 4676 2042 4732 satis

446 4767 622 4814 tutum
648 4757 764 4815 fore
790 4760 897 4816 hoc
944 4775 1156 4817 mecum
1201 4764 1543 4832 reputabam,
1603 4765 1708 4820 nisi
1753 4781 1821 4821 ex
1873 4768 2042 4838 ipsius

443 4851 678 4908 senioris
703 4864 799 4908 ore
824 4868 930 4909 non
952 4852 1091 4909 bene
1120 4855 1328 4910 credita
1346 4869 1467 4924 per
1486 4865 1687 4911 memet
1722 4857 1895 4926 ipsum
1921 4859 2037 4916 sine

2147 4669 2234 4727 IN
2273 4665 2675 4726 PREDONES
2704 4662 2793 4721 ⁸³⁸.
2843 4666 3168 4721 Auctoritate
3220 4666 3594 4735 omnipotentis
3642 4664 3738 4719 Dei

2145 4759 2348 4826 Patris,
2395 4767 2443 4812 et
2475 4755 2625 4821 Filii,
2676 4765 2725 4811 et
2766 4753 3000 4825 Spiritus
3043 4754 3232 4822 sancti,
3282 4756 3656 4810 interveniente
3687 4765 3735 4810 et
3834 4761 3841 4766 '

2142 4852 2429 4923 adjuvante
2476 4849 2628 4904 beata
2673 4847 2851 4902 Maria
2897 4838 3099 4918 semper
3148 4847 3369 4917 virgine,
3417 4851 3735 4903 auctoritate

444 4945 738 5016 interprete
759 4960 1233 5017 recognoscerem;
1254 4945 1373 5015 ejus
1394 4962 1567 5008 amor,
1595 4949 1711 5019 ejus
1749 4949 2035 5020 imperium
2139 4960 2343 5017 quoque
2365 4958 2428 4997 ac
2454 4950 2710 5013 potestate
2733 4939 2986 5010 apostolis
3015 4940 3210 4994 tradita
3251 4941 3502 5012 nobisque
3527 4940 3729 5005 relicta,

442 5051 530 5091 me
558 5035 612 5090 in
644 5036 741 5092 bas
766 5037 1124 5108 praecipitavit
1154 5037 1426 5093 miserias.
1478 5038 1800 5105 Quaerebam
1852 5050 2035 5099 tamen

439 5142 500 5166 ρε
528 5140 594 5166 nn
645 5124 927 5166 nstinannm
957 5124 1129 5166 frnlne
1160 5126 1360 5166 mutilin
1392 5127 1654 5166 imus-rato
1693 5132 2007 5166 nni-“nonan:

2139 5128 2508 5166 tlnmnnnmux-

2139 5034 2681 5096 eacommunicamus,
2751 5030 3282 5096 anathematizamus,
3341 5031 3731 5092 maledicimus.

2561 5132 2610 5166 ιρι
2651 5140 2684 5166 n
2725 5121 2993 5166 liminibus
3018 5130 3215 5166 sanctae
3262 5123 3450 5166 matri:
3479 5122 3732 5166 art-Iasiae
