3948 5350
148 282 249 339 29⁸1

1009 277 1255 334 δΡυιιιΑ
1290 276 1431 333 AUT
1471 272 1741 330 ALIENA.
1780 302 1850 313 —
1887 275 2043 331 ACT.
2068 276 2263 333 CONC.
2306 278 2549 335 BASOL.

3289 272 3400 328 εῡε

148 397 381 449 aruerint
410 390 553 445 oculi
581 393 737 445 vestri
761 391 850 460 qui
891 392 1315 459 concupiverunt,
1358 395 1599 441 arescant
1622 401 1732 438 ηια-
1758 391 1804 447 Α
1834 394 2017 440 noster
2038 403 2160 443 cum
2187 388 2335 444 clero
2356 398 2410 444 et
2434 386 2631 459 populo
2677 384 2850 439 teneri
2901 384 2971 440 ab
2997 384 3243 440 hostibus
3270 399 3415 453 prata

151 502 246 537 ηδε
266 499 383 552 (μίαν
415 492 726 547 rapuerunt,
751 480 1109 551 {debilitentur
1139 479 1312 532 omnia
1338 476 1567 530 membra
1614 488 1731 544 qua

152 576 463 643 adjuveruut
509 571 602 642 ³⁵].
638 570 850 639 Semper
876 571 1141 630 laboretis.
1189 584 1280 620 nec
1330 567 1552 636 requiem
1594 566 1734 615 inre-

154 668 336 727 uiatis,
363 666 701 733 fructumque
729 664 921 716 laboris
949 663 1099 715 vestri
1119 660 1388 729 priremiui
1405 674 1422 721 ;
1443 654 1735 725 formidetis

156 770 199 808 et
230 756 465 823 pereatis
493 772 524 805 α
553 755 690 821 [acie
728 753 1098 821 persequentis,
1149 759 1197 802 et
1247 765 1347 801 non
1388 744 1738 815 persequentis

156 849 341 907 hostis,
376 858 430 898 ut
459 845 769 897 tubescendo
796 844 1070 911 dr/iciatis.
1103 842 1184 896 Sit
1209 841 1378 909 portio
1412 850 1575 890 restra
1622 850 1740 887 cum

157 936 299 989 ludo
324 937 583 987 traditore
612 933 821 985 Domini
846 934 896 986 in
936 945 1074 985 terra
1106 932 1284 982 mortis
1312 940 1358 981 et
1390 928 1741 989 tenebrarum,

158 1030 326 1080 donec
355 1026 517 1077 corda
546 1036 715 1088 uestra
760 1026 827 1075 ad
856 1024 1059 1089 plenum
1089 1022 1497 1089 satisfactionem
1529 1032 1741 1070 convcr-

159 1130 359 1171 tantur.
400 1115 501 1168 llic
526 1126 700 1167 autem
731 1118 796 1167 sit
837 1116 1020 1167 modus
1051 1112 1217 1180 plena:
1262 1109 1659 1177 satisfucziouis,
1694 1116 1747 1161 ut

160 1207 337 1258 ontnia
368 1205 563 1273 injuste
587 1205 788 1266 abluta,
818 1216 1005 1270 prwter
1023 1202 1194 1253 cibum
1222 1211 1267 1253 et
1290 1210 1492 1267 potum,
1526 1197 1749 1265 propriis

164 1296 397 1348 dominis
452 1310 516 1346 ea:
568 1295 770 1361 integro
818 1292 1124 1350 restituatis,
1178 1303 1454 1355 coramque
1513 1282 1754 1336 Remensi

165 1385 387 1437 ecclesia
418 1384 714 1453 pernitendo
755 1380 1122 1441 Iturntliemiui,
1150 1396 1236 1448 qui
1270 1388 1505 1429 sanctam
1537 1374 1750 1427 Remen-

168 1491 274 1525 sem
297 1475 571 1525 ecclesmu
599 1472 802 1523 rei-criti
830 1486 930 1521 non
958 1471 1116 1531 estis;
1147 1483 1235 1519 uec
1258 1467 1325 1506 ⁸³·
1343 1474 1535 1517 cessent
1564 1481 1595 1516 (ι
1622 1463 1757 1514 robis

167 1563 251 1613 Iit:
298 1562 697 1613 muledictioues
745 1560 995 1611 scelerum
1042 1568 1327 1611 vestrorum
1368 1555 1757 1623 persecutrices,

170 1654 423 1719 quamdiu
450 1651 822 1719 permunebitis
850 1652 903 1703 iu
948 1662 1159 1718 peccato
1200 1646 1539 1717 perrusiouis.
1578 1645 1759 1697 Amen.

170 1738 319 1793 Fiat.
352 1738 499 1791 Fiat.
539 1759 558 1789 ι

253 1831 333 1883 l3.
396 1832 516 1895 Quo
574 1830 844 1897 perlecto,
900 1828 1209 1883 Gualterius
1270 1824 1761 1898 Anguslidnncnsis

174 1921 441 1974 ecclesiae
467 1922 763 1989 episcopus
789 1937 802 1973 :
834 1938 851 1970 r
882 1921 1147 1986 Quidnam
1179 1919 1245 1984 ",
1280 1919 1474 1986 inquit,
1510 1917 1609 1969 hoc
1640 1930 1763 1984 por-

177 2021 387 2063 lt'tttttm
412 2011 533 2063 est?
563 2010 783 2064 Satisne
823 2026 966 2063 sanie
995 2009 1193 2063 mentis
1223 2020 1306 2061 est
1336 2008 1420 2061 hic
1459 2007 1761 2075 episcopus,

174 2102 265 2169 qui
282 2102 543 2169 projactn
554 2118 610 2153 ra
631 2100 1337 2170 \‘ilissitutcsupellectilis'3‘
1358 2114 1475 2153 reos
1488 2101 1762 2167 dampnat,

178 2212 343 2265 super
368 2199 451 2250 sui
480 2208 665 2250 autem
693 2206 747 2250 et
776 2197 903 2250 cleri
932 2205 986 2250 et
1031 2195 1209 2265 populi
1241 2196 1553 2262 captivitate
1582 2192 1766 2246 tacet?

180 2284 283 2337 Pro
313 2302 618 2355 pauperum
653 2288 875 2355 tuguriis
908 2288 1046 2341 forte
1094 2288 1266 2355 magis
1288 2288 1432 2339 carie
1460 2286 1503 2315 ⁵⁷
1527 2299 1689 2353 quam
1718 2284 1767 2337 vi

180 2379 471 2429 ruentibus
525 2376 967 2441 anatlu-matizat,
1021 2385 1076 2431 et
1124 2393 1220 2446 pro
1279 2377 1474 2446 templo
1527 2376 1618 2429 Dei
1677 2390 1773 2445 per

180 2466 371 2518 urbem
428 2477 703 2521 terrarum
764 2467 1126 2523 famosissima
1173 2468 1306 2523 nihil
1358 2469 1517 2522 dicit?
1572 2468 1774 2537 Nempe

182 2559 364 2609 omnis
390 2567 616 2611 terrena
671 2570 919 2612 creatura
951 2560 1167 2613 homine
1208 2560 1366 2613 vilior
1395 2569 1501 2622 est,
1533 2569 1588 2613 et
1616 2574 1777 2612 omne

187 2647 568 2701 maimfactum
596 2650 877 2702 aedilicium
906 2651 1103 2718 templo
1128 2650 1219 2702 Dei
1246 2650 1419 2702 vilius.
1455 2648 1558 2702 Sed
1583 2650 1708 2718 quia
1730 2648 1775 2685 ⁸⁸

186 2736 327 2789 forte
388 2738 691 2802 Apostolus
734 2727 870 2794 dicit
904 2758 915 2793 :
948 2739 1006 2794 Si
1060 2741 1296 2794 esurierit
1346 2740 1589 2793 inimicus
1635 2751 1775 2805 tuus,

187 2830 301 2880 ciba
353 2830 553 2893 illum;
597 2832 641 2881 si
694 2832 822 2895 sitit,
872 2842 1046 2900 potum
1088 2834 1155 2884 da
1194 2832 1272 2883 illi
1314 2831 1487 2901 (llam.
1535 2846 1633 2893 xu,
1665 2831 1778 2899 ‘20),

195 2930 479 2987 tamquam
526 2921 728 2987 pietate
763 2938 887 2975 usus
919 2922 1259 2990 praedonibus
1304 2921 1484 2974 cibum
1513 2928 1567 2973 et
1597 2929 1781 2987 potum

194 3010 462 3079 indulget,
493 3022 733 3065 attamen
764 3013 830 3066 ab
859 3029 989 3066 auro
1011 3023 1066 3067 et
1092 3023 1314 3082 argento
1343 3012 1598 3065 deterret.
1640 3010 1776 3077 Quid
1802 3079 1848 3102 ﬂ

1835 476 2136 531 dicabatur.
2180 478 2383 531 Rumor
2432 488 2611 531 tamen
2664 475 2732 528 ab
2780 489 2846 529 eo
2887 474 3043 529 facta:
3084 473 3407 543 proditionis

1837 564 2093 636 frequens
2136 576 2271 621 erat.
2316 568 2500 636 Itaque
2553 576 2856 619 nostrorum
2888 566 3406 635 conprovincialium

1837 658 2107 708 communi
2158 657 2403 709 consultu
2455 658 2748 709 statuimus
2807 657 3092 709 anathema
3156 657 3209 710 in
3266 672 3406 722 reos,

1841 746 1985 815 quod
2020 748 2196 801 mrllus
2222 748 2400 816 aliquo
2429 749 2586 801 modo
2616 764 2673 800 se
2725 747 3003 801 occultans
3034 747 3412 817 subterfugere

1844 850 2044 906 posset.
2098 839 2224 906 Ejus
2274 838 2548 906 exemplar
2593 838 2660 900 “,
2702 838 2744 891 si
2796 837 2992 906 placet,
3027 837 3354 906 proferatur.
3392 856 3410 888 ο

1844 927 2231 996 Prolatumqne
2256 938 2337 981 est
2362 930 2412 981 in
2446 932 2586 981 hunc
2615 930 2829 980 modum
2862 944 2878 981 :

1853 1054 1871 1088 ι
1916 1051 2114 1092 ORATIO
2152 1052 2434 1090 INVECTIVA
2463 1050 2819 1090 ιριδοοινοιιωι
2855 1052 3105 1090 REMENSIS
3140 1052 3422 1093 DIOCESEOS

2124 1122 2245 1160 νιεε
2285 1122 2512 1161 υεαιετι
2553 1123 2747 1159 ΙΙᾹΒΙΤΑ
2786 1122 3144 1161 διινλκεετιδ.

1927 1216 1945 1248 r
1980 1196 2272 1267 Quousque
2302 1212 2359 1251 se
2406 1198 2663 1252 extendet
2687 1196 2946 1249 effrenata
2978 1198 3187 1250 licentia
3220 1210 3422 1261 vestra,

1854 1289 2073 1342 alterius
2103 1290 2394 1358 proditoris
2434 1287 2584 1343 ludat
2631 1288 2920 1342 satellites?
2967 1289 3046 1341 Ad
3075 1305 3235 1358 quem
3264 1292 3423 1343 linem

1856 1378 2120 1432 scelerum
2150 1380 2525 1447 progredtetur
2553 1380 2785 1447 inempta
2814 1378 3027 1431 audatia
3051 1380 3212 1432 vestri
3242 1380 3430 1434 ducis?

1859 1470 2013 1523 ducis
2040 1470 2272 1524 dicinms
2300 1471 2553 1540 Adalgeri
2584 1470 2889 1539 presbiteri,
2916 1470 3006 1538 qui
3036 1484 3228 1523 nomen
3254 1485 3433 1524 sacer-

1861 1561 2059 1614 dotalis
2090 1562 2369 1631 dignitatis
2395 1576 2493 1615 snc
2523 1560 2741 1615 nomine
2771 1559 2977 1628 polluit.
3032 1558 3107 1613 Te
3163 1560 3323 1629 igitur
3354 1562 3436 1616 in-

1866 1652 2235 1721 lerpellamus,
2266 1651 2479 1705 funeste
2526 1651 2821 1719 presbiter;
2870 1649 2996 1717 quid
3029 1650 3121 1703 tibi
3154 1652 3327 1704 visum
3348 1661 3439 1706 est

1792 1744 1837 1802 Β
1868 1754 1988 1810 post
2013 1743 2101 1795 illa
2121 1752 2342 1796 cruenta
2372 1756 2543 1803 arma,
2562 1740 2755 1809 quibus
2779 1749 2829 1793 te
2852 1738 3097 1792 Lauduni
3124 1740 3437 1803 exercuisti,

1864 1843 1921 1885 ut
1950 1833 2145 1886 iterum
2174 1832 2295 1885 vilis
2324 1842 2573 1900 apostata
2602 1830 2795 1888 factus.
2828 1828 3114 1883 Armillqu
3147 1827 3439 1883 Remorum

1863 1924 2334 1992 archiepiscopum
2367 1924 2630 1985 traderes,
2662 1938 2783 1976 cum
2811 1930 2935 1975 ante
2963 1938 3085 1976 eum
3116 1924 3259 1976 velut
3288 1922 3440 1976 fidis;

1864 2017 2032 2068 simus
2062 2023 2245 2069 custos
2276 2015 2522 2077 cubares,
2568 2014 2790 2068 conviva
2834 2014 3083 2069 assiduus
3118 2029 3287 2078 esses,
3314 2030 3445 2067 con-

1865 2104 1983 2158 silia
2023 2105 2360 2173 disponeres,
2420 2113 2766 2159 sacrosancta
2826 2104 3266 2158 administrares?
3305 2102 3441 2159 Num

1868 2194 2101 2264 rigorem
2127 2193 2526 2247 azcclesiasticze
2551 2193 2885 2255 severitatis,
2917 2192 2999 2246 vel
3042 2193 3302 2263 judicium
3325 2210 3443 2248 orn-

1869 2284 2163 2352 nipoteutis
2212 2284 2305 2337 Dei
2360 2283 2598 2353 ell‘ugere
2648 2294 2697 2337 te
2752 2284 2986 2353 putasti?
3048 2284 3207 2339 Urbis
3257 2294 3451 2355 portas

1870 2376 2154 2444 aperuisti,
2188 2376 2371 2430 hostes
2399 2375 2768 2439 introduxisti,
2818 2376 3133 2429 venerabile
3180 2376 3445 2445 templum

1874 2468 2066 2521 matris
2106 2468 2201 2521 Dei
2227 2477 2390 2537 atque
2430 2468 2560 2536 ipsis
2594 2465 2844 2521 barbaris
2890 2467 3277 2529 reverendum,
3307 2466 3450 2521 velut

1874 2562 2109 2617 hostium
2135 2571 2312 2615 castra
2339 2560 2681 2630 oppugnasti.
2701 2558 3015 2613 Numetiam
3033 2574 3128 2613 vos
3140 2559 3449 2628 praedonum

1878 2655 2110 2708 maxima
2147 2654 2344 2722 portio,
2388 2653 2478 2721 qui
2528 2651 2782 2705 azcclesiaz
2835 2650 3143 2719 ingentibus
3174 2650 3452 2703 beneficiis

1877 2745 2043 2798 eratis
2072 2744 2314 2813 obligati,
2348 2744 2438 2811 qui
2471 2742 2650 2794 dicitis
2682 2757 2695 2792 :
2730 2740 3052 2792 [hereditate
3092 2739 3460 2804 possideamur

1879 2836 2241 2887 sanctuarium
2284 2832 2400 2896 Dei,
2431 2832 2520 2900 qui
2563 2831 2715 2899 signa
2743 2828 3020 2893 militaria,
3049 2827 3334 2882 loricatiet
3360 2845 3452 2898 ga-

1882 2926 2031 2990 leati,
2060 2942 2182 2979 cum
2226 2925 2395 2979 scutis
2440 2934 2495 2977 et
2542 2923 2746 2976 lanceis
2776 2931 2901 2975 ante
2946 2936 3096 2974 aram
3143 2922 3317 2976 beata:
3360 2923 3454 2976 Dei

1882 3018 2175 3074 Genitricis
2200 3017 2491 3080 intulistis;
2527 3016 2616 3085 qui
2650 3014 2865 3084 pollutis
2904 3014 3160 3091 manibus
3182 3025 3455 3083 pastorem

194 3100 391 3153 hocad
428 3116 697 3169 pauperes
725 3102 961 3155 Christi?
1006 3103 1163 3157 Certe
1197 3104 1230 3156 ii
1278 3118 1468 3156 aurum
1500 3110 1555 3157 et
1584 3116 1777 3170 argeu-
1803 3100 1849 3141 'U
1884 3123 2005 3163 cum
2030 3108 2177 3161 clero
2198 3116 2251 3161 et
2279 3107 2474 3177 populo
2502 3107 2641 3159 intra
2666 3114 2853 3159 sancta
2878 3112 3190 3159 sanctorum
3212 3119 3459 3174 compre-

198 3200 305 3243 tum
358 3207 470 3244 non
524 3192 893 3259 perdiderunt.
952 3194 1077 3261 quia
1135 3195 1628 3257 nonhabuerunt;
1684 3192 1779 3247 sed

198 3282 374 3333 cibum
410 3291 470 3334 et
499 3291 884 3351 potum,quem
909 3286 975 3337 ad
1001 3300 1151 3338 usmn
1175 3284 1298 3337 vita:
1319 3300 1423 3337 non
1450 3285 1568 3338 sine
1586 3298 1779 3353 magno

197 3373 382 3429 labore
409 3376 881 3443 conquisiverunt.
910 3376 1048 3430 Ecce
1077 3376 1323 3440 audistis,
1370 3375 1588 3441 fratres,
1621 3392 1781 3445 argu-

202 3476 449 3519 mentum
485 3465 682 3534 perditi
719 3467 971 3527 hominis,
1002 3482 1295 3535 pauperum
1326 3467 1615 3529 necatoris,
1647 3481 1782 3536 prte-

198 3556 400 3609 donum
460 3559 768 3611 nutritoris.
824 3558 1160 3613 lntellexistis
1186 3560 1310 3628 quia
1343 3560 1410 3612 ad
1462 3560 1562 3613 hoc
1615 3559 1785 3613 voluit

203 3646 340 3710 capi,
399 3654 463 3697 ut
512 3661 610 3698 sua
665 3646 912 3700 simulata
961 3648 1248 3715 captivitas
1287 3664 1468 3701 veram
1522 3649 1781 3702 nobilium

203 3735 442 3788 efﬁceret
462 3736 859 3803 captivitatem.
885 3736 1004 3790 Ideo
1026 3738 1319 3806 sacrilegos
1344 3752 1374 3789 a
1403 3738 1783 3791 communione

204 3841 306 3878 non
324 3836 505 3887 arcet,
524 3825 649 3893 quia
674 3841 733 3879 se
762 3836 1030 3881 auctorem
1053 3829 1320 3897 sacrilegii
1344 3845 1465 3883 esse
1488 3831 1783 3899 cognoscit.

205 3915 313 3970 Nec
339 3917 421 3971 sic
442 3917 489 3950 ”
525 3925 702 3970 tamen
726 3919 920 3981 evadit,
952 3920 1079 3972 dum
1130 3929 1400 3983 auctores,
1454 3920 1785 3984 inventores,

210 4008 467 4071 factores,
495 4018 898 4077 cooperatores,
924 4011 1269 4079 fautoresque
1293 4011 1451 4064 simul
1472 4012 1783 4080 permiscet.

210 4098 325 4167 lpse
356 4102 505 4153 enim
539 4111 752 4161 auctor,
782 4101 933 4169 Cujus
954 4102 1179 4155 consilio
1202 4112 1257 4155 et
1298 4103 1524 4171 imperio
1554 4104 1788 4173 proditio

210 4188 353 4243 facta
384 4200 503 4254 est;
534 4191 648 4258 ipse
676 4188 917 4243 factoret
943 4201 1285 4259 cooperator,
1304 4202 1360 4244 ut
1383 4208 1478 4261 per
1498 4193 1787 4260 quemdam

211 4284 514 4349 sapientem
546 4283 780 4335 dicitur:
809 4280 1028 4335 Comites
1057 4283 1133 4335 illi
1154 4282 1249 4347 tui,
1276 4299 1460 4335 manus
1486 4294 1632 4336 erant
1653 4294 1788 4349 luce;

212 4372 329 4439 ipse
378 4372 578 4435 fautor,
610 4373 697 4440 qui
731 4388 899 4441 usque
931 4375 979 4426 in
1027 4389 1267 4442 przcscns
1308 4376 1533 4427 tacendo
1563 4390 1790 4428 consen-

216 4465 306 4526 sit,
339 4476 419 4526 et,
449 4474 508 4516 ut
534 4461 675 4515 fama
698 4473 801 4526 est,
832 4464 1036 4533 magnis
1060 4465 1277 4533 insuper
1302 4464 1577 4518 beneficiis
1604 4481 1789 4519 cumu-

218 4556 366 4609 lavit.
396 4554 588 4609 Tendit
618 4556 841 4610 materia
872 4557 983 4611 luec
1034 4558 1085 4610 in
1141 4558 1474 4621 inmensum;
1520 4558 1613 4612 sed
1662 4573 1791 4613 con-

221 4646 379 4698 traho
411 4661 718 4699 sermonem
771 4663 873 4715 qua
928 4662 1141 4715 possum
1184 4646 1468 4712 brevitate,
1510 4663 1576 4703 ne
1613 4650 1794 4704 videar

220 4734 374 4800 quasi
404 4733 716 4787 criminales
744 4734 971 4788 dictare.
1010 4756 1029 4787 ι

297 4824 384 4876 Η.
426 4823 598 4878 Gnido
629 4826 915 4894 episcopus
941 4843 953 4877 :
985 4844 1001 4876 ι
1022 4825 1077 4880 Si
1107 4827 1156 4880 in
1186 4826 1421 4895 propriis
1440 4828 1795 4897 conscriptio-

225 4914 408 4977 nibus,
441 4914 525 4968 ubi
549 4930 743 4969 cavere
770 4916 872 4969 sibi
903 4918 1071 4985 potuit
1100 4917 1379 4979 Arnnlfns,
1418 4917 1487 4969 ita
1523 4917 1665 4971 Iesus
1691 4929 1795 4983 est,

228 5003 496 5071 quomodo
565 5006 617 5058 in
673 5004 920 5073 proxima
979 5006 1167 5059 sinodo
1232 5005 1553 5060 SilvaneCtis
1615 5007 1795 5061 habita

229 5092 548 5161 dampnatus
576 5110 685 5147 non
712 5092 834 5147 est?
862 5094 1296 5149 (lonvenerarnus
1315 5094 1516 5163 quippe
1551 5096 1601 5147 in
1628 5113 1791 5150 unum

233 5195 330 5232 nos
374 5197 557 5238 onines
594 5186 685 5254 qui
741 5183 832 5236 hic
866 5182 1115 5236 adsumus
1139 5184 1431 5236 Remorum
1461 5182 1795 5249 diocesanei,

236 5283 575 5327 Νηιαιιρςιιηη
600 5284 851 5326 sanatam
880 5272 1190 5325 Rittttprrsem
1236 5272 1559 5324 mrnlrrci-nn_
1592 5286 1798 5323 unum-

1882 3198 2167 3259 hendistis.
2225 3197 2482 3251 custodim
2541 3196 2920 3256 distribuist‘s,
2982 3195 3189 3247 carceri
3256 3196 3459 3249 manci-

1880 3292 2069 3360 pastis,
2094 3299 2145 3342 et
2177 3289 2352 3342 adlmc
2393 3288 2670 3352 retinetis;
2720 3305 2847 3341 num
2890 3290 3106 3358 inquam
3152 3302 3247 3342 vos
3275 3287 3460 3340 divina

1874 3385 1997 3455 jura
2024 3382 2327 3452 ellugietis?
2357 3382 2461 3435 Vos
2491 3396 2727 3450 quoque,
2755 3397 2983 3450 quorum
3015 3380 3137 3435 dolo
3169 3389 3222 3434 et
3250 3378 3458 3441 fraude,

1881 3474 2111 3531 consilio
2135 3483 2191 3527 et
2230 3472 2453 3535 auxilio,
2499 3480 2708 3525 tantum
2757 3471 2935 3526 scelus
2971 3469 3171 3524 factum
3204 3479 3305 3533 est,
3333 3483 3461 3523 cum

1883 3567 1969 3622 his
1997 3568 2039 3599 “
2069 3566 2159 3634 qui
2203 3564 2477 3633 principes
2526 3563 2661 3617 tanti
2714 3562 2972 3616 facinoris
3017 3561 3232 3615 fuerunt
3273 3573 3465 3613 conso-

1885 3655 2064 3710 ciandi
2109 3654 2264 3719 estis,
2318 3662 2376 3706 ut
2424 3668 2636 3721 pinnam
2687 3652 2897 3721 peccati
2938 3649 3096 3704 simul
3128 3650 3335 3712 feratis,
3370 3648 3461 3717 qui

1886 3747 1938 3800 in
1964 3746 2008 3784 δι
2023 3760 2183 3798 causa
2204 3743 2409 3812 peccati
2429 3742 2587 3796 simul
2603 3742 2978 3811 con8pirastis,
2998 3741 3243 3812 bonaque
3262 3740 3461 3793 civium

1886 3836 2236 3892 Remensium
2287 3833 2566 3903 praedones
2616 3831 2919 3901 impiissimi
2971 3831 3115 3884 velut
3166 3831 3265 3883 sub
3297 3831 3453 3884 hasta

1887 3923 2239 3980 distraxistis.
2292 3921 2403 3975 Nec
2445 3920 2607 3973 etiam
2642 3934 2737 3972 vos
2790 3920 2979 3971 abesse
3023 3917 3251 3981 debetis,
3282 3918 3373 3984 qui
3408 3919 3461 3970 in

1887 4012 2285 4067 Adalberonem
2341 4008 2756 4062 Laudunensem
2784 4006 3093 4074 episcopum
3149 4023 3254 4060 non
3286 4007 3465 4060 minus

1890 4103 2025 4157 levia
2049 4099 2378 4169 pcrfecistis;
2402 4106 2457 4150 et
2479 4109 2536 4151 ut
2558 4096 2907 4166 pullulantern
2933 4096 2977 4125 ⁸³
2996 4096 3228 4150 heresim
3260 4097 3468 4151 rescin-

1892 4194 2104 4255 damus,
2131 4204 2249 4260 qua:
2280 4189 2490 4243 dictitat
2543 4186 2723 4240 omnia
2772 4185 2936 4240 licere
2981 4184 3180 4240 Karolo
3220 4188 3382 4241 etiam
3408 4188 3461 4241 in

1894 4282 2064 4337 sacris
2113 4280 2269 4345 locis,
2328 4278 2650 4332 Remensem
2711 4274 2870 4329 simul
2925 4290 2989 4329 ac
3048 4275 3462 4331 Lauduaensem

1892 4378 2212 4440 :ccclesiam,
2271 4384 2555 4441 utramque
2596 4370 2879 4438 sacrilegio
2924 4372 3169 4437 quamvis
3217 4369 3469 4422 dissimili

1896 4469 2173 4540 pollutam,
2224 4480 2255 4518 a
2295 4464 2466 4518 sacris
2512 4474 2850 4515 removentes
2881 4459 3089 4525 ofﬁciis,
3134 4461 3304 4513 donec
3334 4458 3469 4529 legi-

1900 4562 2027 4614 time
2057 4552 2438 4609 reconcilietur
2463 4559 2708 4617 utraque.
2754 4548 2819 4601 Et
2848 4564 2916 4603 ne
2964 4550 3087 4617 quis
3139 4564 3235 4601 nos
3274 4548 3468 4601 talibus

1900 4648 2159 4706 monstris
2183 4645 2458 4699 hominum
2481 4640 2684 4704 favere,
2712 4640 2909 4694 talibus
2933 4642 3163 4711 negotiis
3188 4655 3470 4695 assensum

1902 4739 2224 4813 praebituros
2252 4740 2423 4801 putet,
2448 4732 2539 4783 sed
2567 4745 2663 4797 pro
2692 4729 2795 4782 fide
2833 4745 2939 4799 qua
2973 4733 3202 4785 vivimus
3227 4730 3477 4783 omnibus

1898 4827 2173 4899 expositos
2204 4820 2479 4891 periculis,
2508 4819 2832 4872 sententiam
2880 4828 3120 4872 nostram
3158 4818 3229 4869 ita
3279 4817 3479 4871 contir-

1900 4930 2145 4977 mamus,
2199 4910 2525 4968 stabilimus,
2568 4905 2986 4961 corroboramus
3029 4925 3044 4961 :
3098 4901 3480 4959 ANATHEMA

1899 5008 1966 5065 1N
1999 5001 2200 5059 REOS.
2250 4997 2592 5053 Auctoritate
2636 4995 3025 5061 omnipotentis
3067 4995 3161 5048 Dei
3212 4991 3389 5045 Patris
3426 4997 3483 5040 et

1901 5098 2021 5154 Filii
2048 5102 2100 5146 et
2130 5089 2367 5159 Spiritus
2403 5084 2601 5145 sancti,
2659 5082 3049 5136 interveniente
3102 5092 3157 5137 et
3197 5081 3489 5148 adjuvanle

1901 5190 2060 5243 beata
2090 5181 2257 5234 Maria
2284 5188 2499 5243 semper
2528 5173 2738 5242 virgine
2774 5185 2895 5223 cum
2951 5174 3203 5226 ornnibns
3256 5167 3490 5225 sanctis,
3514 5168 3529 5195 '

1908 5280 2234 5320 aI-MN‘H'IN‘.
2280 5279 2495 5322 ououue
2543 5277 2609 5315 ac
2664 5266 2928 5316 potestate
2976 5260 3236 5331 apostolis
3292 5256 3503 5336 tradita-
