3948 5350
520 297 627 355 Ξίὂ

521 426 660 475 tuus,
713 413 1091 485 dampnamus,
1143 421 1199 469 et
1249 427 1280 468 a
1327 411 1609 469 liminibus
1658 422 1864 469 sanctte
1912 412 2104 469 matris

505 505 779 560 «ecclesia:
832 519 1167 574 separemus,
1216 504 1544 575 Adelaerum
1575 506 1960 574 presbitcrum.
1988 505 2106 558 dia-

524 592 632 647 boli
662 593 991 657 membrum,
1018 593 1258 663 episcopi
1302 592 1432 647 cleri
1480 603 1534 648 et
1578 595 1742 648 totius
1780 594 1956 664 populi
1997 592 2107 647 Re-

523 685 730 739 mensis
755 686 1071 739 traditorem
1093 699 1108 749 ;
1133 700 1229 740 eos
1256 700 1471 755 quoque
1496 685 1584 754 qui
1617 687 1777 748 ltu,us
1805 684 2108 739 traditionis

508 777 817 831 extiterunt
856 776 1184 839 inventores,
1234 786 1506 838 auctores.
1559 778 1814 841 factores,
1848 793 2107 847 cooperti-

512 877 688 926 tores.
717 865 987 931 fautores,
1038 868 1348 936 civiumque
1393 868 1808 938 depopulatores
1842 877 1897 923 et
1923 883 1952 922 a
1982 882 2106 937 pro-

513 955 648 1025 priis
670 956 901 1010 dominis
948 960 1129 1011 rerum
1173 972 1397 1012 suarum
1432 959 1531 1013 sub
1569 959 1786 1012 nomine
1813 958 2105 1028 emptionis

520 1045 942 1102 abalienatores.
969 1046 1063 1101 llis
1080 1047 1424 1118 adjungimus
1444 1047 1818 1103 Lauduncnsis
1840 1049 2100 1119 episcopii

513 1149 856 1205 perrasores,
881 1151 945 1189 ac
975 1136 1143 1204 ipsius
1179 1138 1421 1207 episcopi
1464 1138 1819 1208 gravissimos
1844 1147 2099 1193 tortores.

511 1225 634 1279 Fiat
657 1225 763 1281 illis
787 1225 929 1281 sicut
946 1226 1226 1296 Scriptura
1248 1226 1379 1283 dicit
1407 1227 1545 1294 τρυε
1568 1230 1811 1283 dixerunt
1836 1243 1854 1280 :
1872 1229 2096 1283 Heredi-

512 1326 619 1370 tate
643 1317 1003 1385 possideamus
1029 1319 1391 1371 sattctuarium
1438 1317 1552 1381 Dei,
1598 1318 1740 1372 Deus
1781 1334 1945 1382 meus,
1967 1335 2101 1389 pauc

513 1409 631 1463 illos
665 1420 719 1463 ut
766 1421 956 1473 rotam,
985 1420 1033 1463 et
1073 1410 1207 1463 sicut
1257 1410 1508 1479 stipulam
1558 1421 1679 1465 ante
1729 1411 1916 1481 facient
1942 1412 2096 1465 renti.

512 1501 659 1558 Sicut
697 1503 833 1573 ignis
855 1503 946 1574 qui
970 1504 1220 1556 comburit
1246 1502 1452 1565 silvam,
1476 1512 1525 1556 et
1552 1503 1682 1555 sicut
1711 1504 1926 1572 ﬂamma
1952 1519 2097 1557 rom-

510 1593 700 1648 burcns
726 1605 948 1661 montes,
985 1593 1412 1665 ita‘perscqueris
1443 1611 1529 1649 eos
1576 1595 1627 1648 in
1660 1604 1959 1664 tempestate
1978 1604 2094 1660 tua,

508 1695 559 1740 et
597 1689 651 1739 in
680 1687 762 1740 ira
806 1696 898 1739 tua
946 1680 1180 1761 turbabis
1212 1703 1318 1739 eos.
1353 1684 1521 1756 Imple
1550 1686 1712 1755 [acies
1742 1702 1920 1739 eorum
1948 1687 2095 1753 igno-

1789 300 2172 359 suvesren
2211 299 2255 356 tt
2293 286 2507 358 mea.

3689 308 3785 365 30¢

2210 414 2579 477 commisth
2618 412 2883 469 claustris.
2923 410 2982 470 Si
3015 414 3131 486 quis
3169 424 3343 470 autem
3386 415 3486 471 Itoc
3526 415 3785 472 decretum

2186 501 2405 557 'violare
2431 504 2775 573 temptaverit,
2801 515 2849 558 et
2881 505 3247 561 ecclesiastica:
3267 508 3787 562 excommunicationi

2195 593 2478 663 .subjaceat
2505 633 2521 659 ,
2574 604 2621 647 ct
2677 595 2963 649 severitatis
3015 596 3172 665 regia:
3233 595 3458 664 ferietur
3517 600 3785 650 sententia.

2207 682 2349 737 Ecce
2389 684 2477 738 ltic
2516 685 2676 753 plane
2715 686 2930 749 dicitur,
2963 686 3106 754 quod
3150 686 3217 738 ab
3260 687 3531 757 episcopis
3574 701 3783 741 excom-

2208 776 2517 829 municaudi
2564 777 2672 830 sittt
2718 777 2771 831 bi
2820 777 3092 848 sacrilegi,
3140 788 3195 832 et
3242 794 3271 831 a
3306 794 3434 848 rege
3486 780 3649 849 digna
3699 794 3793 848 pro

2206 866 2416 919 meritis
2462 879 2618 935 paena
2669 866 3163 921 aniumdvertemli.
3212 867 3320 922 Sed
3348 870 3472 936 quis
3507 871 3791 937 episc0pus

2205 957 2487 1011 absolvere
2517 966 2715 1026 potest,
2750 957 2851 1011 nisi
2886 956 3239 1026 ptenitetuem
3270 958 3316 990 ’°
3344 968 3396 1012 et
3432 959 3596 1029 digna
3633 959 3788 1013 satiso

2204 1046 2440 1102 factione
2462 1049 2671 1101 veniam
2702 1048 3099 1117 postulantem?
3139 1049 3207 1102 At
3241 1049 3294 1103 lti
3327 1050 3545 1118 quando
3574 1049 3792 1105 satisfe-

2202 1147 2394 1191 cerunt
2440 1146 2498 1192 ut
2537 1137 2740 1191 absolvi
2790 1146 3042 1208 possent,
3113 1154 3237 1193 cum
3285 1140 3558 1195 neminem
3606 1155 3791 1195 revera

2201 1238 2416 1298 Captum
2452 1229 2601 1282 abire
2634 1227 2860 1282 liberum
2898 1229 3171 1283 siverint?
3211 1228 3316 1285 Sed
3346 1239 3500 1294 esto,
3531 1231 3793 1285 Arunlfos

2201 1333 2294 1373 eos
2322 1317 2648 1384 absolverit;
2695 1334 2799 1373 cur
2825 1334 2954 1390 ergo
2982 1318 3214 1375 clericus
3244 1319 3360 1388 ejus
3391 1320 3616 1375 Raineri
3646 1322 3692 1353 "
3716 1323 3788 1374 vi-

2198 1410 2469 1464 cedomini
2501 1410 2639 1463 filius
2669 1419 2911 1465 retentus
2940 1411 3061 1465 est?
3094 1411 3157 1464 Si
3183 1425 3278 1481 per
3307 1411 3413 1465 vim
3447 1410 3654 1466 factum
3686 1424 3786 1475 est,

2199 1509 2250 1555 et
2276 1499 2501 1555 Arnulfo
2527 1501 2717 1567 invito,
2746 1501 2798 1555 itt
2827 1502 3056 1557 crimine
3081 1502 3351 1573 sacrilegii
3378 1516 3783 1573 permanentes,

2198 1591 2361 1644 etiam
2412 1591 2479 1645 ab
2528 1591 2722 1646 idoneo
2769 1592 3025 1661 cpiscOpo
3071 1591 3275 1646 absolvi
3327 1608 3433 1647 non
3469 1604 3783 1663 potuerunt.

2200 1678 2256 1732 Si
2288 1690 2466 1734 autem
2503 1696 2567 1733 eo
2596 1682 3002 1745 consentiente,
3035 1682 3418 1753 obligatioucm
3447 1698 3547 1752 pro
3574 1685 3787 1739 absolu-

508 1777 696 1841 minia,
732 1786 779 1830 et
811 1754 1263 1847 qua’rcntinomcn
1287 1786 1454 1841 tuum,
1500 1774 1741 1829 Domine.
1766 1774 2087 1828 Ernbescant
2124 1745 2166 1803 Β
2198 1772 2340 1824 tione
2375 1771 2443 1824 ab
2479 1770 2714 1840 obligato
2764 1781 3108 1841 acceperunt.
3160 1773 3290 1826 Item
3328 1781 3477 1839 esto;
3526 1773 3787 1829 Arnulfus

507 1877 556 1921 et
585 1866 1036 1919 conturbenturin
1072 1865 1324 1919 saxulum
1352 1866 1554 1927 swculi,
1608 1875 1655 1919 et
1698 1865 2092 1934 confundantur

509 1966 553 2011 et
591 1966 824 2024 pereant.
864 1955 930 2009 Et
954 1966 1270 2027 cognoscant
1300 1957 1425 2026 quia
1458 1972 1644 2009 nomen
1672 1956 1762 2008 tibi
1810 1954 2088 2020 Dominus,

486 2057 563 2099 ‘tu
581 2045 725 2099 solus
750 2045 1043 2099 altissimus
1068 2047 1121 2098 in
1149 2048 1290 2099 omni
1314 2044 1641 2117 terratPsal.
1664 2061 1869 2112 Lxxxu,
1888 2046 2087 2115 15-19).

502 2135 574 2190 Et
603 2138 728 2206 quia
753 2136 1014 2206 pupillum
1037 2147 1094 2191 et
1120 2138 1335 2192 viduam
1355 2153 1457 2191 non
1485 2139 1723 2191 miserati
1747 2148 1894 2202 sunt,
1916 2152 2091 2207 neque

508 2227 704 2295 templa
745 2226 838 2280 Dei
865 2226 1106 2291 reveriti,
1137 2228 1544 2298 dominiumque
1586 2229 1953 2283 aecclesiarum
1985 2228 2089 2282 sibi

506 2327 925 2387 usurpaverant,
977 2317 1111 2372 fiant
1160 2318 1254 2372 lilii
1301 2336 1489 2374 eorum
1546 2321 1772 2390 orpltani
1813 2334 1865 2376 et
1895 2336 2089 2375 uxores

506 2408 997 2475 viduanscrutetur
1021 2409 1315 2465 lmuerator
1329 2426 1544 2465 omnem
1570 2414 1926 2466 substantiam
1950 2412 2089 2481 ipso-

486 2514 652 2562 ~rum,
676 2508 731 2553 et
764 2500 1021 2569 diripiant
1074 2500 1232 2555 al;etti
1288 2499 1503 2556 labores
1534 2502 1769 2556 illorum.
1822 2501 2088 2557 Nutantes

485 2586 909 2641 “"KS‘CI'aIIIUI'
932 2587 1025 2641 lilii
1053 2603 1260 2655 eorum,
1286 2600 1342 2644 et
1371 2590 1997 2659 mendicent,ejiciautur
2022 2592 2088 2645 de

505 2680 934 2735 habitationibus
959 2678 1005 2710 ⁸⁸⁵
1029 2681 1160 2735 suis.
1205 2680 1365 2735 Fiant
1417 2681 1534 2737 dies
1579 2698 1767 2737 eorum
1817 2683 1994 2752 pauci,
2033 2690 2088 2737 et

503 2770 863 2840 principatum
904 2785 1092 2826 eorum
1127 2771 1360 2842 accipiat
1403 2772 1559 2828 alius.
1610 2773 1678 2828 Et
1729 2775 1926 2843 duplici
1954 2790 2086 2830 con-

503 2862 734 2917 tricione
763 2848 985 2917 contere
1007 2878 1121 2930 eos,
1160 2863 1386 2919 Domine
1409 2864 1548 2919 Deus
1577 2876 1784 2930 noster,
1818 2867 1920 2920 nisi
1950 2867 2086 2920 resi-

504 2952 717 3022 piscaut
740 2961 797 3006 et
821 2952 1079 3007 aacclesia:
1126 2953 1409 3008 catholica:
1458 2954 1734 3010 fructuosa
1763 2957 2085 3026 pmoitentia

503 3044 862 3099 satisfaciant.
890 3046 1084 3100 Amen.
1108 3045 1248 3100 Fiat.
1282 3047 1420 3100 Fiat.
1458 3066 1477 3100 ι

573 3136 661 3189 15.
705 3135 959 3206 Siguiuus
978 3135 1431 3206 ‘arcbiepiscOpus
1457 3154 1470 3189 :
1503 3155 1520 3187 ι
1544 3136 1798 3192 Pervenit
1819 3138 1921 3193 boc
1949 3139 2079 3193 scri-

503 3237 652 3298 ptum
691 3228 759 3281 ad
804 3228 1050 3282 notitiam
1086 3227 1339 3282 Amulli?
1367 3247 1383 3278 ι
1423 3258 1491 3269 -—
1521 3227 1730 3283 Dictum
1774 3238 1856 3284 est
1896 3243 2082 3299 perve-

503 3319 668 3374 nisse.
690 3349 756 3360 -—
784 3316 1071 3386 Subjunxit
1097 3335 1110 3371 :
1142 3337 1161 3370 ι
1190 3317 1484 3389 Suspendit
1511 3334 1569 3373 se
1595 3330 1713 3388 post
1741 3321 1807 3374 ab
1828 3321 1874 3352 ”
1893 3335 2081 3376 eorum

503 3398 882 3464 (onununione
910 3424 1045 3478 quos
1063 3409 1364 3480 justissima
1403 3410 1685 3465 damnatos
1720 3411 1970 3480 accepit?
2011 3441 2083 3452 —

503 3499 691 3564 Immo,
748 3500 1032 3569 inquiunt,
1082 3515 1175 3554 cos
1210 3500 1357 3554 omni
1415 3500 1651 3555 lidelium
1702 3502 2082 3558 communione

502 3591 694 3660 dignos
737 3592 942 3647 habuit.
985 3621 1057 3632 —
1097 3592 1240 3662 Ego,
1290 3592 1494 3661 inquit,
1548 3608 1652 3647 non
1714 3594 1847 3648 satis
1913 3595 2082 3648 admi-

497 3683 609 3735 rari
645 3696 787 3751 queo
825 3697 989 3750 super
1015 3681 1132 3750 ejus
1155 3681 1202 3713 ⁸⁸
1223 3683 1461 3736 audatia.
1514 3682 1752 3737 Prinuun
1799 3683 1913 3755 ipse
1946 3699 2082 3754 prm-

502 3776 670 3831 dones
713 3791 841 3831 suos
886 3791 916 3829 a
952 3777 1333 3853 communione
1381 3779 1609 3831 removit
1646 3778 1832 3847 eisque
1863 3780 2078 3833 modum

501 3866 900 3937 dampnationis
940 3868 1291 3937 praescripsit,
1337 3875 1395 3921 ut
1435 3870 1612 3922 omnia
1660 3870 1856 3939 injuste
1898 3868 2079 3924 ablata

488 3956 851 4010 restituerent
874 3957 937 4021 ⁸⁷,
966 3972 1259 4025 coramque
1284 3957 1534 4013 Remensi
1563 3959 1805 4015 mcclesia
1832 3961 2082 4015 lmmtlia-

482 4056 704 4110 rentur,
733 4047 825 4116 qui
869 4056 1110 4102 sanctam
1142 4048 1463 4103 Rcmeusem
1503 4050 1807 4105 :ecclesiam
1858 4051 2079 4106 reveriti

501 4152 605 4191 non
635 4147 848 4203 essent;
888 4147 943 4191 et
966 4138 1108 4192 sicut
1134 4138 1294 4207 paulo
1322 4150 1448 4193 ante
1484 4154 1513 4193 a
1544 4141 1862 4209 quibusdam
1896 4140 2081 4195 fratri-

501 4238 602 4282 nus
638 4228 767 4281 mihi
805 4228 1030 4282 relatum
1073 4237 1177 4292 est,
1223 4231 1493 4285 restitutio
1536 4231 1855 4285 amissarum
1900 4247 2078 4287 rerum

502 4324 592 4368 aut
623 4317 709 4369 vix
741 4317 847 4370 ulla
893 4316 1034 4372 facta
1068 4327 1154 4371 est
1193 4306 1296 4371 aut
1322 4320 1495 4385 nulla;
1543 4322 1855 4390 poenitentia
1900 4334 2078 4376 autem

502 4422 530 4462 a
563 4408 710 4462 nullo
740 4408 952 4477 publice
982 4418 1255 4479 suscepta,
1290 4410 1359 4465 ob
1389 4408 1600 4467 facinus
1631 4413 1842 4483 publice
1881 4414 2078 4469 admis-
2107 4434 2155 4494 ι)

501 4514 643 4553 sunt.
677 4497 898 4553 Occulte
939 4508 1116 4553 autem
1155 4501 1243 4567 qui
1284 4501 1476 4569 potuit,
1516 4518 1638 4556 cum
1677 4505 1936 4573 scriptum
1974 4505 2075 4558 sit:

492 4586 605 4653 Qui
644 4588 847 4655 publice
887 4598 1065 4657 peccat
1105 4589 1309 4658 publice
1351 4591 1627 4660 paeniteat;
1678 4593 1760 4645 vel
1806 4595 2077 4662 quommlo

501 4691 597 4746 pro
637 4677 725 4730 vili
769 4677 1101 4747 supellectile
1127 4678 1172 4710 ⁸⁸
1205 4695 1324 4735 reos
1354 4682 1695 4751 dampnavit,
1734 4683 1873 4737 sicut
1912 4683 2079 4737 frater

501 4778 552 4824 et
581 4770 931 4840 coepiscopus
971 4781 1157 4826 noster
1180 4770 1492 4827 Gualtcrius
1526 4774 1687 4842 paulo
1717 4784 1842 4826 ante
1871 4772 2075 4838 retulit,

495 4877 596 4933 pro
625 4860 821 4916 violata
852 4862 1078 4917 ecclesia
1111 4879 1140 4918 a
1170 4864 1553 4918 communione
1584 4864 1785 4919 nullum
1818 4860 2080 4918 removit?

503 4952 583 5006 An
622 4952 730 5006 vile
777 4953 986 5023 putavit
1043 4968 1163 5008 esse
1205 4953 1441 5018 crimen,
1502 4954 1643 5022 quod
1691 4954 1885 5007 divina:
1935 4953 2078 5023 leges

959 5044 969 5056 ε
1010 5044 1020 5056 -
1093 5046 1103 5056 -
1221 5059 1304 5076 μι.
1347 5060 1451 5076 ,υπ-
1493 5053 1678 5084 m-‘nnl
1753 5044 1853 5094 nisi
1885 5045 1950 5095 ad
1981 5044 2076 5096 hll'

2192 1876 2287 1916 eos
2315 1861 2625 1914 absolverit.
2660 1860 2938 1927 Quomodo
2969 1861 3019 1916 id
3047 1863 3165 1916 sine
3200 1878 3422 1917 suorum
3459 1864 3783 1919 clericorum

2191 1950 2478 2020 prtesentia
2528 1949 2739 2019 potuit?
2785 1950 2857 2003 At
2905 1965 2999 2004 eos
3051 1966 3158 2005 non
3212 1949 3525 2008 interfuisse
3572 1964 3811 2016 consta-

2192 2042 2318 2095 dum
2349 2041 2779 2096 absolverentur.
2830 2040 3196 2096 Ittlerfuerunt
3239 2051 3419 2096 autem
3468 2044 3602 2097 dum
3647 2044 3755 2099 obli

2192 2143 2470 2203 gareutur.
2502 2131 2656 2186 Irrita
2699 2133 2861 2203 igitur
2887 2134 3132 2188 habenda
3170 2142 3274 2199 est,
3311 2150 3431 2203 qua“:
3460 2134 3781 2205 sollempnis

2193 2225 2378 2279 debuit
2410 2240 2550 2288 esse,
2583 2227 2628 2280 si
2660 2226 2713 2279 in
2748 2226 2948 2280 abditis
2989 2226 3257 2281 absolutio
3299 2227 3441 2282 facta
3484 2238 3593 2282 est.
3639 2227 3783 2283 Scri-

2191 2326 2339 2385 ptun
2365 2317 2563 2387 quippe
2592 2327 2677 2372 est
2709 2318 2760 2371 in
2788 2317 3020 2372 concilio
3042 2316 3389 2389 Carthaginis
3427 2320 3669 2388 capitulo
3690 2321 3780 2380 23.

2192 2415 2252 2460 ttt
2276 2406 2561 2477 episc0pus
2596 2407 2795 2462 nullius
2836 2423 3058 2462 causam
3093 2408 3279 2463 audiat
3316 2410 3522 2477 absque
3553 2426 3782 2479 praesen-

2181 2498 2267 2551 tia
2297 2497 2620 2552 clericorum
2650 2514 2895 2563 suorum,
2923 2499 3159 2568 alioquin
3192 2499 3345 2553 irrita
3377 2500 3483 2555 erit
3513 2502 3782 2555 sententia

2192 2588 2450 2656 episcopi,
2485 2588 2586 2642 uisi
2631 2588 2953 2644 clericorum
2988 2590 3272 2659 praesentia
3303 2591 3685 2647 confirmetur.
3717 2593 3781 2647 Et

2152 2677 2155 2682 ’
2192 2680 2317 2750 quia
2351 2680 2611 2749 scriptum
2648 2689 2770 2735 est:
2809 2679 3012 2748 Impius
3044 2682 3254 2743 cumjn
3291 2681 3623 2750 profundum
3662 2700 3780 2751 pec-

2192 2780 2428 2823 catorum
2470 2770 2686 2834 venerit,
2727 2770 3039 2838 contempnit
3072 2769 3255 2840 (Prov.
3299 2785 3452 2833 xvttt,
3482 2771 3564 2839 5),
3619 2782 3766 2826 tanto

2194 2874 2311 2913 rum
2352 2856 2617 2913 scelerum
2662 2860 2776 2929 ipse
2817 2860 2917 2914 sibi
2959 2860 3234 2925 conscius,
3272 2874 3631 2917 sacrosancta
3671 2874 3752 2918 tra

2193 2957 2342 3004 ctare
2392 2965 2495 3003 non
2553 2952 2766 3006 erubuit
2796 2992 2811 3016 ,
2867 2953 2919 3005 iu
2972 2952 3216 3006 meclesia
3269 2968 3432 3023 quam
3482 2955 3691 3011 fratres
3732 2968 3783 3010 et

2193 3039 2496 3108 coepiscopi
2549 3039 2721 3093 nostri
2755 3038 3047 3095 Remorum
3100 3043 3384 3098 dioceseos
3432 3054 3627 3099 nostro
3654 3060 3781 3098 con-

2187 3129 2328 3183 sultu
2354 3146 2382 3182 a
2405 3130 2780 3184 communione
2807 3134 3197 3202 suspenderunt
3215 3135 3538 3205 justissituis
3562 3138 3632 3191 de
3660 3151 3782 3192 cau-

2186 3219 2280 3274 sis.
2320 3219 2683 3289 Quapropter,
2723 3221 2767 3275 si
2808 3222 3002 3290 placet,
3030 3224 3266 3294 capitula
3298 3237 3579 3281 eanouum
3618 3241 3783 3295 super

2186 3312 2271 3367 bis
2298 3313 2704 3382 perquirantur,
2749 3322 2808 3367 ut
2853 3329 3013 3369 nemo
3055 3328 3334 3383 causetnr,
3368 3317 3516 3371 bunc
3566 3332 3781 3382 nosne,

2184 3403 2277 3456 sed
2326 3412 2640 3457 sanctorum
2682 3402 2904 3457 Patrum
2947 3405 3298 3475 dampnatum
3340 3422 3462 3461 esse
3497 3404 3733 3475 judicio.
3758 3428 3776 3457 ι

2184 3492 2435 3562 Synodus
2484 3492 2622 3545 dixit
2664 3509 2678 3547 :
2729 3511 2746 3543 ι
2776 3492 2981 3558 Placet,
3024 3496 3434 3563 perquirantur.
3471 3514 3491 3548 ι
3545 3494 3781 3551 Perlatte

2182 3591 2305 3635 sunt
2336 3581 2517 3651 itaque
2548 3582 2602 3634 in
2631 3564 2866 3637 medium
2901 3583 2982 3637 ba:
3005 3585 3318 3639 sententiae:

2256 3713 2341 3786 16.
2394 3713 2469 3767 De
2506 3714 2802 3784 dampnatis
2845 3725 2893 3786 et
2934 3716 3236 3770 ministrare
3282 3718 3664 3786 temptantibus
3712 3736 3780 3773 σε

2182 3785 2401 3857 concilio
2445 3786 2725 3837 .lntioceno
2759 3785 2993 3857 capituto
3021 3787 3065 3817 ⁷⁸
3089 3794 3144 3839 4.
3199 3787 3255 3840 Si
3305 3785 3427 3856 quis
3475 3789 3777 3857 episcopus

2183 3854 2506 3922 dampnatus
2540 3870 2568 3906 a
2602 3855 2806 3923 synodo
2856 3857 3124 3923 presbiter
3159 3867 3251 3908 attt
3288 3854 3555 3911 diaconus
3600 3875 3629 3911 a
3671 3854 3774 3913 suo

2182 3924 2466 3994 episcopo,
2505 3922 2859 3977 ausifuerint
2899 3925 3101 3994 aliquid
3146 3925 3214 3980 de
3259 3928 3568 3982 ministerio
3616 3943 3777 3983 Sacro

2182 3993 2528 4063 contingere,
2566 3994 2680 4047 sive
2714 3993 3002 4063 episcopus
3027 3994 3181 4060 juxta
3213 4000 3612 4063 prati-edentem
3642 4014 3775 4053 cnu-

2183 4062 2544 4131 suetudinem,
2574 4063 2687 4117 sive
2715 4064 2984 4131 presbiter
3010 4074 3102 4118 aut
3124 4062 3407 4127 diaconus.
3438 4067 3590 4121 nullo
3615 4070 3773 4121 modo

2183 4130 2344 4204 liceat
2379 4131 2426 4204 ei
2470 4147 2568 4185 nec
2606 4132 2657 4184 in
2697 4133 2801 4204 alia
2834 4134 3045 4203 synodo
3088 4136 3447 4189 restitutionis
3488 4151 3646 4204 spem
3679 4148 3774 4190 aut

2184 4200 2357 4254 locum
2399 4202 2595 4254 habere
2642 4200 3051 4267 satisfacitonis,
3084 4207 3178 4258 sed
3209 4214 3262 4257 ιιι
3292 4200 3773 4260 eotntuunicantes

2183 4275 2230 4324 ei
2261 4286 2449 4343 omnes
2485 4272 2643 4343 abjici
2677 4273 2743 4326 de
2775 4275 2967 4327 acceles
2992 4291 3018 4326 a
3040 4313 3056 4335 ,
3084 4284 3141 4328 et
3172 4276 3407 4328 maxime
3436 4276 3514 4330 si.
3558 4288 3772 4343 postea-

2185 4356 2346 4413 quam
2409 4340 2696 4413 didicerint
2757 4355 3041 4397 adversum
3108 4356 3438 4398 memoratos
3498 4340 3768 4413 prolatam

2187 4411 2735 4484 l't_tissc_sententiam,
2765 4412 2966 4465 eisdem
3011 4414 3415 4484 communicare
3459 4411 3767 4484 tetnptave-

2184 4481 2309 4532 rint.
2351 4478 2604 4532 Itcm:Si
2651 4483 2772 4545 quis
2818 4483 3320 4536 exvommunicatus
3370 4493 3498 4537 ante
3546 4478 3770 4539 auden-

2185 4549 2323 4620 tiaut
2352 4550 2751 4602 couuuuuicare
2792 4556 3218 4620 prsesutupsertt.
3263 4553 3376 4620 ipse
3418 4553 3471 4605 in
3518 4569 3582 4607 se
3616 4555 3768 4607 datu-

2180 4619 2488 4740 pnationem
2527 4620 2765 4687 protulit.
2805 4620 2887 4673 Ea:
2910 4619 3131 4673 conclia
3163 4621 3203 4673 C
3224 4619 3487 4690 .rtugiuis,
3520 4639 3637 4692 cap.
3673 4623 3761 4677 29.

2206 4698 2311 4740 teut
2354 4687 2546 4740 ulaouit
2586 4689 2833 4740 universo
2868 4690 3116 4740 comitio.
3152 4701 3203 4740 ut
3245 4708 3334 4740 ιιιιι
3381 4695 3761 4740 exmunmnni-

2206 4698 2311 4741 tem
2353 4687 2546 4758 placuit
2586 4689 2833 4743 universo
2868 4690 3117 4754 comitio,
3152 4701 3203 4742 ut
3245 4687 3342 4758 qui
3381 4687 3763 4745 exeuntinuui-

2182 4769 2335 4828 catus
2372 4755 2533 4828 luerit
2570 4772 2667 4825 pro
2705 4772 2804 4812 suo
2840 4760 3108 4828 neglectu,
3157 4755 3274 4813 sive
3316 4761 3609 4828 episcopus
3654 4777 3764 4816 sve

2181 4826 2409 4895 quilibet
2451 4826 2721 4889 derit-us,
2774 4837 2828 4881 ct
2876 4826 3119 4897 tetnpore
3178 4826 3765 4886 excommunicatiouis

2180 4910 2291 4969 suae
2325 4907 2449 4969 ante
2479 4897 2805 4969 audientiam
2850 4902 3282 4969 comutttttiouetn
3327 4902 3761 4969 przesutupserit,

2182 4966 2294 5033 ipse
2326 4965 2396 5037 llL
2412 4977 2471 5017 se
2499 4966 2897 5037 dam_pna_t.iouis
2921 4965 3194 5037 judicetur
3223 4965 3517 5036 protulisse
3548 4965 3764 5023 scuti-u-

2180 5032 2329 5108 tiam.
2352 5032 2435 5087 Ea:
2460 5034 2680 5087 concilio
2702 5032 3019 5103 Cartagints,
3048 5053 3163 5108 cap.
3186 5032 3236 5069 ⁷⁵
3262 5039 3348 5092 15.
3376 5037 3446 5094 Ut
3472 5039 3763 5108 cpiscopus

2257 5104 2268 5114 ο
2940 5109 2947 5115 .
3112 5104 3117 5105 ⁷
3154 5107 3165 5118 ι
3388 5112 3393 5117 .
3428 5110 3438 5119 ο
3507 5104 3521 5107 “
3667 5104 3680 5108 ⁷

2184 5119 2269 5128 -έιι
2312 5113 2494 5128 ΛΑ.ιΙ“-“
2535 5119 2684 5128 an...“
2725 5109 3107 5128 n-..l‘.........-,---.
3154 5122 3201 5128 --.
3249 5122 3302 5128 ο...
3358 5112 3469 5128 -.ιλ-
3517 5113 3528 5128 ι
3591 5110 3603 5128 I
3654 5122 3753 5128 .,*-

2257 5119 2269 5128 ι
2312 5117 2406 5128 ἰλιι
