3948 5350
154 227 244 283 30!
1004 233 1251 293 SPURIA
1290 237 1430 294 AIJT
1469 239 1717 298 ALIENA
1759 273 1827 284 -
1857 239 2010 298 ACT.
2051 243 2248 299 CONC.
2293 240 2530 298 BASOL.

3303 241 3407 300 30%

223 339 307 392 t1.
349 339 611 395 Arnnlfus
651 355 940 414 eplchpllS
977 346 1148 400 dixit:
1181 367 1197 398 ι
1227 347 1482 412 Quamvis
1513 352 1624 404 haec
1660 352 1731 405 ita
1764 357 1807 415 Α
1840 351 2010 405 rantia
2039 351 2431 419 praeteritorum
2456 360 2724 420 gestorum
2752 351 2944 420 pressi,
2975 359 3029 407 et
3068 351 3412 410 anathemate

160 445 214 481 se
244 429 506 492 habeant,
547 433 976 487 reverentissimi
1009 436 1055 465 ⁷⁸
1080 437 1283 496 Patres,
1322 448 1637 509 certumque
1665 443 1735 495 sit

162 522 296 574 hunc
320 521 616 574 Arnulfum
660 525 904 577 omnium
934 525 1156 580 Patrum
1193 530 1553 584 concordibus
1580 531 1734 583 dam-

160 608 655 678 pnari.sententiis,
698 623 876 667 tamen
905 632 970 668 ne
1010 617 1060 669 in
1093 617 1344 671 invidiam
1383 621 1732 686 adducantur,

160 698 551 753 admoveantur
573 701 620 731 τ’
643 702 686 754 si
717 704 808 770 qui
836 715 960 756 sunt
987 706 1210 759 studiosi
1243 706 1358 775 ejus
1382 709 1734 776 defensionis,

160 790 499 858 habeantque
551 792 726 846 locum
772 798 1198 860 contradicendi,
1251 815 1514 868 suumque
1542 802 1738 855 Arnul-

158 881 264 934 fum
309 886 720 950 quomodolibet
765 887 1099 942 defensandi.
1148 890 1334 960 Sitque
1364 893 1463 948 hoc
1495 905 1734 950 uestium

155 973 389 1026 edictum
439 976 542 1028 sub
579 977 860 1046 disciplina
900 983 1302 1043 mcc'esiastica.
1351 985 1421 1038 ita
1467 994 1524 1038 ιιι
1562 988 1737 1042 nullus

155 1063 414 1133 deinceps
443 1069 744 1121 excusandi
778 1081 957 1139 pateat
987 1072 1154 1127 locus.
1191 1075 1419 1130 Excuset
1450 1093 1613 1142 nunc,
1645 1081 1736 1148 qui

154 1169 272 1206 eum
303 1154 488 1221 justas
524 1170 677 1226 putat
718 1162 916 1216 habere
958 1179 1172 1220 causas.
1214 1166 1312 1222 llic
1351 1169 1531 1222 clerus
1570 1171 1738 1238 ipsius

154 1245 334 1307 adest;
371 1246 459 1300 hic
489 1247 721 1304 abbales
754 1253 976 1307 scientia
1007 1265 1062 1308 et
1087 1255 1398 1320 eloquentia
1446 1277 1550 1313 non
1587 1261 1738 1330 igno-

154 1331 306 1384 biles.
352 1333 580 1403 Erigant
617 1335 920 1404 jacentem,
970 1344 1220 1397 attollant
1263 1347 1638 1414 hutniliatum;
1685 1360 1740 1404 et

153 1421 196 1471 si
239 1421 441 1487 injuste
489 1424 763 1492 dejectum
805 1430 1134 1496 existimant,
1178 1449 1282 1503 qua
1317 1435 1525 1504 justitia
1571 1437 1739 1492 refor-

154 1511 290 1562 mari
319 1513 516 1567 debeat
542 1516 832 1571 edoceant.
875 1518 986 1574 Non
1017 1523 1161 1576 enim
1201 1525 1251 1577 in
1286 1527 1437 1578 ruina
1470 1526 1656 1582 fratris
1685 1538 1740 1584 et
1783 1539 1788 1544 ’

151 1607 558 1660 consacerdmis
591 1610 768 1663 nostri
808 1611 974 1664 tartari
1008 1615 1164 1668 nobis
1201 1615 1283 1670 fas
1312 1627 1426 1680 est,
1457 1635 1555 1671 nec
1585 1623 1736 1688 quis-

149 1709 313 1760 quam
366 1695 623 1762 injuriam
655 1699 704 1729 "
734 1701 812 1753 sui
855 1701 1031 1766 ducet,
1075 1705 1119 1757 si
1166 1721 1227 1758 ea
1267 1722 1386 1775 qua:
1417 1718 1604 1762 contra
1638 1711 1738 1764 Ar-

153 1784 362 1838 nulfum
407 1787 552 1840 dicta
603 1790 686 1843 vel
731 1789 870 1845 facta
918 1805 1043 1848 sunt
1084 1796 1370 1852 veraeibus
1422 1801 1738 1868 cognoverit

153 1873 320 1930 refelli
353 1880 768 1934 assertionibus.
800 1901 818 1933 ι

226 1967 308 2020 18.
352 1967 615 2038 Signinus
655 1973 1096 2044 archiepiscopus
1136 1977 1310 2030 dixit:
1340 1999 1358 2030 ι
1390 1980 1541 2036 Sicut
1569 1982 1739 2038 frater

150 2063 205 2105 et
241 2059 596 2128 coepiscopus
639 2072 826 2116 noster
862 2067 1188 2120 venerabilis
1218 2069 1474 2124 Arnulfus
1514 2087 1736 2140 perora-

152 2149 247 2207 vit,
291 2153 622 2207 auctoritate
653 2153 744 2208 Dei
787 2155 962 2211 Patris
1003 2161 1388 2230 omnipotentis
1433 2175 1486 2218 et
1531 2166 1651 2220 Filii
1684 2179 1738 2222 et

153 2236 388 2306 Spiritus
428 2244 630 2305 sancti,
669 2247 957 2314 adjuvante
992 2249 1146 2303 beata
1178 2251 1345 2306 Maria
1388 2270 1602 2324 semper
1632 2258 1739 2311 vir-

152 2331 275 2397 gine
301 2346 421 2383 eum
453 2334 712 2388 omnibus
737 2339 961 2400 sanctis,
991 2342 1315 2398 auctoritate
1340 2360 1554 2415 quoque
1582 2346 1740 2414 hujus

154 2421 296 2472 sacri
337 2433 664 2488 conventus,
707 2429 1054 2497 prtecipimus
1103 2443 1161 2484 ut
1209 2450 1368 2488 nemo
1405 2436 1456 2488 in
1505 2437 1604 2490 hac
1647 2454 1738 2508 sy-

155 2513 292 2565 nodo
339 2515 560 2568 silentio
621 2527 760 2586 tegat
797 2535 914 2588 qua:
945 2537 1042 2591 pro
1069 2525 1379 2582 defensione
1404 2530 1608 2583 Arnulti
1641 2547 1740 2600 pu-

157 2605 349 2657 laverit
379 2620 507 2658 esse
546 2607 762 2673 idonea,
792 2610 874 2663 vel
913 2613 954 2665 si
987 2627 1048 2666 ea
1079 2629 1196 2682 quae
1223 2616 1363 2670 circa
1395 2619 1568 2686 ipsum
1599 2620 1738 2674 facta

153 2705 278 2746 sunt
332 2698 764 2765 reprehensione
789 2703 947 2773 digna
998 2707 1296 2762 existimat.
1349 2708 1457 2764 Nec
1483 2711 1739 2781 deinceps

154 2783 313 2836 alicui
354 2785 580 2841 licentia
616 2790 659 2819 ⁷⁷
695 2801 874 2858 pateat
915 2793 1202 2849 refricandi
1243 2805 1336 2849 aut
1374 2801 1736 2865 remordendi,

153 2875 290 2939 quod
317 2875 426 2929 hoc
455 2891 866 2934 snerosanctmn
896 2883 942 2912 ⁷³
970 2886 1260 2940 concilium
1294 2887 1614 2953 decreverit,
1647 2892 1737 2958 qui

151 2976 208 3013 se
259 2979 407 3016 nunc
450 2965 754 3021 defensioni
803 2973 1137 3037 subduxerit,
1189 2991 1310 3028 cum
1363 2979 1547 3049 utique
1586 2990 1637 3033 et
1672 2997 1735 3033 ex

155 3061 301 3103 tanto
361 3062 616 3122 tempore
668 3075 957 3115 excurrere
1001 3064 1046 3093 7’
1087 3068 1345 3133 potuerit,
1401 3078 1453 3121 et
1501 3085 1641 3123 nunc
1687 3073 1733 3124 ei
1767 3047 1810 3107 C

151 3141 327 3194 onitiis
368 3146 530 3212 capia
572 3147 782 3201 dicendi
824 3151 984 3204 adsit.
1026 3152 1132 3206 Sed
1164 3170 1260 3209 nec
1287 3158 1570 3210 occasione
1608 3159 1737 3213 insi-

151 3234 362 3287 diarum
421 3238 529 3291 sibi
574 3241 859 3309 quisquam
913 3244 1262 3312 blandiatur,
1327 3264 1447 3303 cum
1505 3253 1737 3306 sciamus

150 3324 430 3392 principes
468 3337 686 3383 nostros
711 3331 963 3387 omnibus
1001 3335 1271 3390 licentiam
1305 3339 1512 3409 absque
1541 3342 1736 3412 injuria

152 3418 402 3471 veniendi
441 3431 498 3472 et
531 3435 723 3476 causas
768 3426 1009 3493 proprias
1049 3430 1351 3498 exponendi
1388 3449 1507 3502 quae
1541 3437 1738 3491 vellent

150 3510 518 3565 concessisse.
560 3512 663 3577 Sit,
693 3521 1101 3575 accusatoribus
1135 3523 1248 3578 sive
1283 3527 1738 3586 obtrectatoribus

151 3609 255 3652 tam
284 3605 655 3670 prie-sentibus
679 3623 842 3676 quam
875 3610 1087 3676 futuris,
1113 3615 1194 3668 vel
1221 3629 1405 3671 contra
1429 3621 1734 3687 Arnulfum,

150 3692 227 3744 vel
271 3705 477 3748 contra
525 3711 640 3759 nos,
685 3701 836 3753 testis
875 3707 1206 3760 conscientia
1256 3724 1510 3776 prmsens,
1546 3730 1648 3782 qua
1685 3717 1737 3768 in

146 3791 397 3836 extremo
429 3787 684 3840 examine
713 3791 944 3862 quisque
980 3795 1357 3863 dijudicandus
1387 3813 1497 3866 est;
1538 3803 1608 3858 sit
1644 3822 1738 3859 no-

149 3873 230 3926 bis
269 3872 659 3939 jndieantibus
707 3896 946 3950 praesens
995 3885 1165 3940 forma
1197 3889 1396 3945 Christi
1445 3893 1497 3947 in
1550 3896 1738 3950 ultimo

143 3961 347 4030 judicio
383 3966 432 3997 ⁸ο
459 3967 788 4034 judicantis;
827 3973 1054 4029 habeant
1096 3978 1416 4037 defensores
1458 3987 1740 4056 exemplar

147 4055 572 4121 misericordiae,
605 4074 704 4128 qua
734 4058 1174 4124 misericordibus
1204 4072 1563 4128 miseremlum
1596 4089 1730 4131 est.»

214 4145 303 4198 19.
351 4145 455 4200 llic
495 4164 618 4201 cum
650 4151 716 4204 ab
747 4155 1014 4211 universis
1052 4158 1305 4217 Patribus
1331 4169 1736 4234 pronuntiatum

147 4245 326 4288 esset:
351 4257 369 4286 ι
397 4237 614 4302 Placet,
643 4241 832 4308 placet,
861 4246 964 4300 hoc
986 4251 1218 4305 edictum
1247 4253 1422 4311 Patris
1446 4257 1653 4328 Signini
1677 4265 1688 4315 !
1716 4283 1732 4314 ι

149 4334 340 4393 stupor
372 4343 434 4380 se
467 4343 636 4396 quam
666 4333 910 4401 plurimis
950 4339 1162 4405 infudit,
1196 4347 1282 4413 qui
1311 4351 1577 4415 pertinaci
1620 4356 1735 4423 epi-

149 4429 437 4483 scopornm
474 4422 740 4476 sententia
763 4425 1048 4482 Arnulfum
1075 4433 1471 4502 dampnattdum
1500 4441 1614 4497 fore
1642 4422 1741 4514 pu-

150 4503 357 4556 tabant.
391 4505 673 4569 Quosdam
697 4523 872 4569 autem
904 4530 1026 4585 spes
1057 4523 1369 4582 defendendi
1402 4529 1453 4583 in
1486 4503 1736 4603 magn-am

148 4595 310 4648 animi
344 4597 697 4654 alacritatem
726 4607 1000 4673 perduxit.
1054 4611 1120 4666 Et
1149 4628 1259 4670 sua:
1294 4619 1512 4687 quidem
1543 4595 1735 4678 tet-cle-

147 4683 237 4736 si:e
267 4682 370 4738 ﬁlii
409 4701 678 4742 accusare
713 4695 989 4763 nolebant,
1028 4702 1228 4767 pudore
1258 4710 1520 4775 permoti;
1551 4712 1736 4765 defen-

148 4775 273 4829 dere
316 4786 518 4830 antem
567 4779 774 4838 minime
814 4791 1242 4859 praesumebant,
1281 4797 1612 4852 conscientia
1663 4801 1735 4854 si-

149 4865 255 4916 mul
290 4876 352 4920 et
392 4869 742 4926 anathemate
778 4877 1041 4930 devincti.
1093 4882 1197 4935 Sed
1229 4885 1455 4938 aderant
1483 4891 1730 4944 acerrimi

149 4953 514 5014 defensores,
565 4959 778 5016 scientia
811 4974 865 5018 et
896 4964 1194 5033 eloquentia
1242 4973 1504 5040 insignes,
1533 4976 1734 5033 Johan-

150 5054 239 5094 nes
270 5043 619 5099 scolasticus
640 5047 1105 5117 Autisioderensis,
1133 5055 1413 5114 Romulqu
1442 5065 1608 5120 abbas
1638 5067 1735 5122 Sc-

154 5133 445 5196 nonensis,
475 5132 630 5189 Abbo
668 5150 839 5195 rector
885 5143 1114 5197 coenobii
1147 5145 1531 5220 Floriacensis,
1580 5155 1731 5226 igno-

1836 443 1904 496 atl
1930 441 2212 494 dicendum
2242 441 2540 508 provocati.

1908 528 2072 582 Facto
2105 529 2284 595 itaque
2324 527 2570 590 silentio,
2616 527 2950 580 diversarum
2997 530 3229 596 partium
3273 531 3413 584 mul-

1840 618 2037 686 tiplicia
2115 617 2374 670 librorum
2422 616 2691 668 volumina
2775 616 2953 669 subito
3022 631 3412 687 apparuerunt.

1838 705 2001 760 Multa
2035 705 2266 773 denique
2305 705 2356 757 in
2388 704 2620 757 medium
2654 705 2880 772 prolata,
2913 706 3076 758 multa
3120 708 3261 762 inter
3287 725 3413 763 con—

1838 797 2076 850 sidentes
2103 795 2147 828 ’ί
2173 795 2387 854 collata,
2421 795 2610 863 ingens
2639 797 3003 863 spectaculum
3038 799 3414 866 praebuerunt;

1840 885 1891 938 in
1921 885 2217 951 primisque
2243 885 2503 952 Stephani
2553 886 2940 953 archiepiscopi
2989 897 3043 938 et
3085 887 3244 940 trium
3286 903 3416 941 con-

1841 973 2089 1027 ciliornm
2123 973 2349 1040 epistola
2384 973 2450 1025 ad
2485 971 2770 1025 Damasum
2815 974 3050 1041 perlecta
3098 986 3212 1041 est;
3254 977 3416 1030 item-

1837 1080 1942 1134 que
1972 1066 2185 1118 Damasi
2226 1066 2502 1133 responsio
2542 1065 2854 1119 continuata
2898 1066 2952 1120 in
2981 1068 3124 1122 hunc
3160 1069 3408 1124 modum:

1906 1195 1976 1248 20
2014 1195 2080 1248 ⁸².
2109 1195 2332 1270 Quod”
2352 1197 2708 1263 episcoporum
2738 1207 2783 1249 et
2821 1213 3142 1270 summorum
3185 1212 3416 1270 negotio-

1839 1281 1953 1316 rum
1982 1265 2226 1317 ecclesias
2253 1267 2451 1317 icorum
2478 1283 2662 1338 crinale
2691 1283 2892 1338 semper
2911 1268 2980 1338 ad
3003 1270 3174 1321 sedem
3210 1265 3420 1338 abesto.

1839 1333 1994 1385 liciim
2021 1336 2124 1386 sint
2174 1335 2479 1406 referenda'.
2517 1335 2740 1388 Domino
2762 1336 3096 1406 beatissimo
3125 1349 3179 1392 et
3202 1333 3418 1406 aposto-

1841 1403 1944 1456 lico
1967 1404 2198 1455 culmine
2227 1405 2518 1457 sublimato
2544 1418 2730 1456 sancto
2760 1404 2903 1458 Patri
2932 1418 3140 1474 patrum
3169 1403 3417 1475 Dainaso,

1840 1488 1989 1541 papa:
2025 1482 2073 1526 et
2115 1489 2325 1526 summo
2365 1476 2604 1526 omnium
2644 1475 2929 1541 pra-stilum
2973 1479 3240 1543 ponttlici,
3295 1480 3420 1534 Ste-

1840 1547 2050 1610 phanus
2085 1544 2520 1612 archiepiscopus
2563 1545 2777 1596 concilii
2828 1543 3166 1599 Mauritaniae
3205 1558 3259 1602 et
3297 1550 3416 1602 uni-

1841 1613 1982 1664 versi
2024 1613 2258 1680 episcopi
2301 1614 2366 1665 de
2413 1615 2586 1687 tribus
2628 1614 2878 1687 conciliis
2915 1613 3180 1687 Africaine
3206 1618 3423 1687 provin-

1770 1690 1811 1747 n
1841 1683 1959 1734 ciae.
2001 1681 2199 1756 Plotium
2234 1692 2431 1756 vestra;
2467 1682 2693 1756 farinn:s
2741 1683 3079 1756 beitituuini,
3111 1681 3252 1752 quod
3297 1688 3418 1756 qni-

1841 1753 1961 1804 dam
1995 1750 2189 1804 fratres
2217 1753 2269 1802 in
2299 1751 2530 1822 euntittio
2555 1751 2706 1805 nobis
2729 1754 2907 1820 positi,
2935 1750 3193 1822 quosdam
3222 1750 3418 1812 fratres

1841 1830 2076 1883 nostras,
2124 1821 2467 1893 venerabiles
2501 1822 2748 1893 videlicet
2792 1821 3100 1893 episcopos,
3141 1827 3292 1881 vobis
3329 1828 3416 1880 itt-

1840 1891 2098 1944 consultis
2124 1889 2169 1920 ⁸⁸
2197 1891 2414 1958 proprio
2441 1891 2673 1962 dejicere
2721 1889 3013 1945 moliuntur
3053 1899 3256 1962 gradu;
3296 1912 3418 1951 cum

1838 1970 2033 2014 vestra:
2078 1960 2188 2012 sedi
2239 1965 2612 2028 episctqiorum
2657 1960 2859 2029 judicia
2896 1963 2940 1993 ⁸⁸
2981 1960 3415 2021 ρι’διιιιιιιιυιηιιιι

1841 2031 1998 2081 linem
2043 2030 2531 2083 ecclesiasticorutn
2567 2034 2931 2099 negotiorum,
2972 2034 3022 2086 in
3055 2035 3257 2090 honore
3290 2040 3415 2090 bea-

1841 2099 2033 2152 tissimi
2060 2099 2224 2161 Petti,
2259 2099 2481 2152 Patrum
2510 2101 2730 2154 decreta
2774 2103 3014 2155 omnium
3058 2117 3306 2158 cunctam
3335 2121 3418 2158 re-

1839 2184 2059 2222 servare
2106 2170 2150 2200 ⁸⁸
2194 2171 2548 2233 διίιιυιιιίίιιιι,
2607 2170 2908 2238 inquirendi
2961 2177 3299 2238 reverentia,
3349 2177 3416 2228 de

1841 2239 1936 2292 Dei
1967 2240 2144 2300 rebus,
2174 2255 2309 2305 quas
2332 2241 2477 2292 onmi
2508 2256 2636 2293 cura
2665 2249 2719 2294 et
2745 2242 3103 2296 sollicitudine
3129 2246 3420 2299 observare

1841 2310 2118 2360 debemus.
2169 2309 2401 2362 Maxime
2448 2324 2574 2362 vero
2611 2311 2937 2382 Atlehent‘ab
2988 2313 3102 2380 ipso
3133 2314 3420 2382 prazsulum

1840 2378 2137 2430 examinari
2178 2380 2378 2431 Vct‘lit'e
2417 2379 2732 2447 apostolico,
2764 2379 2917 2446 cujus
2963 2378 3165 2435 vetusta
3210 2385 3416 2437 sollici-

1844 2449 1970 2500 tudo
2011 2457 2095 2500 est
2143 2458 2247 2499 tam
2279 2448 2431 2519 mala
2469 2449 2786 2517 dampnare,
2828 2457 2988 2519 quam
3029 2453 3268 2507 relevare
3306 2455 3420 2506 lau-

1839 2517 2036 2568 danda.
2071 2518 2320 2585 Antiquis
2349 2519 2491 2590 enim
2529 2519 2726 2590 regulis
2757 2517 3022 2572 censitnm
3055 2531 3158 2583 est,
3191 2539 3246 2575 llt
3271 2526 3416 2590 quic-

1841 2587 1969 2652 quid
2008 2587 2196 2638 ltorntn
2241 2588 2487 2654 quamvis
2520 2587 2851 2659 init'etnotis
2901 2590 2978 2642 vel
3029 2592 3080 2642 itt
3130 2587 3415 2659 longinquo

1843 2656 2040 2727 positis
2078 2666 2328 2727 ageretur
2381 2658 2691 2723 provinciis,
2743 2674 2847 2710 non
2896 2659 3042 2727 ptius
3081 2656 3416 2712 tractatrattn

1841 2725 1924 2778 vel
1966 2725 2304 2792 acipiendntn
2344 2737 2433 2787 sit,
2476 2727 2575 2778 nisi
2605 2728 2671 2779 ad
2702 2725 2944 2780 no.itiain
2975 2729 3129 2782 almae
3160 2739 3301 2782 sedis
3333 2746 3414 2786 \e-

1843 2805 1968 2848 strae
2014 2795 2200 2847 fuisset
2251 2797 2570 2866 deductum,
2627 2806 2683 2847 nt
2729 2797 2844 2864 ejus
2895 2800 3217 2851 auctoritate
3263 2800 3417 2866 jnxza

1842 2866 1984 2933 quod
2035 2864 2222 2917 fuisset
2269 2865 2668 2930 pronuntiattnn
2723 2868 3051 2929 lirmaretur,
3111 2877 3166 2923 et
3214 2864 3417 2934 reliqua

1845 2935 2180 2997 multociens,
2222 2936 2438 3006 taliaAct
2476 2937 2557 3006 his
2596 2935 2791 3006 similia
2831 2953 2950 3003 qiue
2988 2952 3150 3006 super
3178 2938 3260 2991 his
3289 2955 3419 2991 con~

1844 3003 2031 3055 stitttta
2065 3014 2209 3056 sunt.
2250 3003 2452 3068 Quibus
2493 3004 2535 3057 si
2578 3005 2781 3058 inlicite
2821 3006 3016 3059 factum
3049 3003 3152 3072 est,
3191 3018 3248 3061 ut
3276 3025 3418 3062 sem-

1843 3087 1938 3139 per
1968 3083 2158 3126 vestras-
2194 3075 2305 3126 sedi
2348 3077 2681 3127 consuetudo
2713 3076 2834 3137 fuit,
2870 3077 3188 3130 festinanter
3219 3093 3418 3132 oecur-

1845 3143 1966 3202 rite,
1995 3152 2060 3214 et,
2084 3158 2180 3208 pro
2209 3143 2292 3214 liis
2322 3144 2636 3214 viriliternt
2670 3157 2825 3214 pater
2860 3161 2956 3214 pro
2985 3148 3107 3200 filiis
3148 3158 3421 3202 certantes

1841 3223 2001 3265 state.
2032 3211 2183 3266 Sicut
2221 3211 2354 3266 bene
2386 3217 2451 3266 ad
2476 3211 3115 3272 JeSum'lilttttn'Sitiracit
3139 3217 3182 3249 ⁸⁷
3211 3220 3417 3274 dictant

1839 3293 1960 3336 est:
1992 3281 2164 3356 Usque
2201 3283 2269 3333 ad
2305 3294 2519 3335 mortem
2561 3296 2700 3356 certa
2731 3303 2824 3354 pro
2856 3299 3102 3351 veritate,
3138 3297 3185 3341 et
3215 3305 3418 3356 semper

1841 3351 2098 3427 Dominus
2121 3351 2262 3427 Deus
2299 3363 2419 3405 ιιιιιδ
2452 3355 2698 3427 pugnabit
2732 3351 2832 3424 'pro
2871 3367 2918 3408 te
2958 3356 3152 3427 (Eccli.
3192 3374 3265 3424 tv,
3299 3351 3414 3427 '55).

1839 3422 2100 3489 Accipere
2138 3423 2281 3474 cnitn
2319 3438 2601 3489 personam
2646 3422 2816 3492 impii,
2858 3422 2976 3480 non'
3001 3437 3083 3481 est
3111 3422 3334 3492 bonum,
3364 3422 3422 3482 ut

1840 3491 2077 3545 declines
2115 3509 2144 3543 a
2173 3493 2400 3544 veritate
2430 3492 2642 3558 judicii.
2676 3491 2733 3547 Si
2758 3495 2803 3525 ⁸⁸
2832 3497 3013 3551 minus
3052 3498 3256 3550 inlicita
3290 3491 3421 3552 sunt.

1841 3561 1974 3631 haec,
2006 3571 2187 3628 pateat
2215 3563 2368 3613 nobis
2401 3564 2522 3615 tatis
2549 3565 2797 3618 unmibns
2833 3565 3073 3631 licentia,
3109 3569 3420 3622 beatissime

1840 3629 2020 3691 Pater,
2051 3643 2142 3683 aut
2173 3632 2216 3682 si
2247 3631 2426 3694 liccat,
2462 3635 2559 3686 hos
2585 3633 2667 3686 vel
2697 3635 2907 3702 aliquos
2948 3629 3111 3691 etiam
3147 3639 3417 3692 minarum

1841 3701 2102 3768 graduum
2147 3702 2403 3777 clericos,
2443 3703 2544 3777 nisi
2577 3701 2840 3777 canonice
2893 3714 3133 3775 tempore
3181 3708 3419 3777 legitimo

1842 3781 2074 3831 vocatos,
2107 3781 2199 3824 aut
2227 3771 2341 3822 sine
2369 3771 2621 3845 legitimis
2651 3771 3057 3845 accusatoribus
3089 3787 3185 3832 aut
3213 3771 3419 3845 absque

1840 3842 1986 3892 veris
2029 3849 2083 3893 et
2132 3841 2505 3894 innocentibus
2553 3842 2798 3905 testibus,
2849 3844 2929 3897 vel
2984 3847 3082 3899 nisi
3130 3841 3419 3901 mandi-ste

1845 3910 2419 3981 Canoniceronvictos
2457 3921 2548 3962 aut
2584 3923 2773 3978 sponte
2810 3913 3107 3981 confessos,
3135 3917 3216 3969 vel
3247 3933 3275 3968 a
3305 3918 3420 3972 suis

1840 3979 2055 4032 sedibus
2090 3977 2309 4046 ejectos,
2339 3989 2432 4032 aut
2469 3983 2579 4033 suis
2607 3977 2768 4053 rebus
2807 3977 3103 4053 capoliatos
3135 4002 3325 4041 vocare
3351 3989 3420 4041 ad

1841 4050 2099 4124 synodum
2133 4056 2212 4124 vel
2239 4053 2561 4124 dampnare;
2593 4052 2716 4118 quia
2746 4050 2973 4121 legimus
3003 4071 3096 4110 eos
3123 4073 3228 4109 non
3257 4071 3420 4124 posse

1841 4119 2098 4171 canonice
2125 4121 2190 4171 ad
2217 4124 2476 4186 synodum
2505 4121 2547 4150 “9
2575 4130 2699 4174 ante
2731 4119 2886 4176 suam
2914 4125 3002 4177 diu
3039 4119 3323 4180 tenendam
3359 4138 3417 4180 et

1839 4189 2241 4256 gubernandum
2269 4189 2486 4263 juribns‘
2510 4191 2712 4263 Scilicet
2746 4193 2976 4260 pleniter
3007 4197 3293 4263 resumptis
3332 4212 3415 4250 re-

1841 4251 2173 4312 stitutionem
2205 4251 2453 4334 vocari”
2481 4259 2724 4334 [suisque
2746 4251 3010 4334 omnibus
3038 4266 3136 4319 sibi
3169 4251 3416 4334 leg-aliter

1845 4330 2104 4381 restitutis
2149 4329 2488 4396 intcgcrrimc
2520 4329 2587 4399 θλ]
2633 4341 2726 4383 attt
2766 4332 2810 4361 9’
2845 4344 2900 4386 ιιι
2931 4335 3146 4388 veniant
3175 4329 3246 4389 ad
3273 4340 3418 4392 sinti-

1771 4396 1815 4453 D
1843 4398 1941 4450 dus
1972 4399 2072 4473 nisi
2102 4396 2586 4473 Spontevoluerint
2613 4401 2910 4473 imperare;
2949 4415 3002 4457 et
3031 4408 3254 4473 reliqua.

1912 4466 2001 4542 ‘21.
2040 4465 2170 4518 Item
2196 4467 2414 4542 epistola
2464 4465 2808 4542 Damasi-ad
2839 4465 3056 4526 eundem
3097 4465 3419 4542 Siephanum

1843 4546 1891 4588 et
1933 4535 2000 4611 {id
2040 4536 2258 4588 concrlm
2298 4537 2694 4611 Aj'iicw,‘_quod
2731 4541 3087 4609 episcoporum
3120 4535 3328 4611 judicia
3370 4554 3419 4598 et

1844 4604 2070 4672 majores
2122 4621 2291 4658 causa:
2331 4624 2430 4657 non
2473 4604 2629 4659 aliter
2662 4604 2814 4677 quam
2857 4604 3168 4666 ιιὰειονὶιιιῖε
3210 4616 3253 4644 9³
3282 4615 3418 4666 sedis

1842 4674 2140 4738 apostolica:
2169 4677 2271 4726 sint
2307 4674 2681 4730 lermiuaudw.
2713 4679 2970 4733 Damasus
3007 4698 3194 4738 servus
3233 4697 3419 4736 servo-

1844 4757 1960 4829 ruqt
2005 4742 2096 4829 Dei
2143 4754 2302 4829 atqqe
2334 4759 2428 4811 per
2465 4757 2696 4829 gratiam
2740 4749 3181 4829 ejtts‘epi_.~t0pns
3223 4761 3421 4829 sancta:

1842 4811 2117 4864 catholicae
2145 4812 2402 4897 act-lesi-a:
2434 4811 2812 4895 urnisl’ionw},
2847 4811 3122 4897 Stephano
3154 4819 3420 4897 archiepi-

1840 4895 2002 4956 scppo
2048 4884 2284 4956 concilii
2319 4883 2689 4956 Mauritaiic,
2742 4896 2795 4938 et
2845 4883 3112 4944 Universis
3160 4883 3426 4956 episcopis

1840 4948 2106 5003 Africana:
2137 4953 2436 5020 provintiae.
2483 4948 3055 5013 Lictis'fraternitatis
3089 4948 3280 5011 rest-rae
3328 4948 3422 5007 lit-

1845 5020 1992 5080 teris,
2037 5021 2211 5087 ptimo
2259 5024 2461 5089 graiias
2511 5039 2634 5090 ago,
2680 5027 2818 5090 quod
2869 5034 3142 5082 tantorum
3193 5028 3426 5079 fratrum

1843 5090 2013 5167 merui
2048 5093 2418 5147 Lenedictione
2463 5092 2601 5167 frui;
2637 5097 2826 5147 deinde
2851 5105 3012 5167 Διιιιυιι
3054 5102 3198 5150 circa
3219 5097 3263 5167 ιι
3279 5103 3434 5167 att-es

1841 5157 2098 5213 sollicitos
2148 5176 2242 5217 vos
2285 5162 2518 5232 repperi,
2571 5174 2627 5218 et
2659 5179 2778 5218 cum
2817 5157 2897 5216 eis
2944 5180 3164 5223 ctucent
3215 5161 3433 5218 Donnni

1467 5285 1696 5343 VARUE
1738 5286 2144 5346 LECTIONES.
