3948 5350
547 346 670 415 303

1833 351 2213 408 SlLVESTER
2253 351 2291 405 ll
2330 350 2411 405 PA
2420 348 2531 406 PA.

3701 349 3800 409 301

563 474 775 532 deferre
799 471 889 544 qui
922 471 992 526 ait
1025 489 1038 526 :
1067 469 1171 544 Qui
1210 468 1313 525 vult
1341 469 1511 524 uenire
1542 480 1652 538 rost
1683 486 1784 536 me,
1811 472 2023 539 abneget
2047 487 2130 524 ιε-
2164 488 2206 539 Α
2237 470 2370 544 nihil
2417 470 2570 544 vobis
2592 469 2796 544 _verius
2846 470 3150 544 signiﬁcare
3193 484 3333 544 queo
3357 510 3372 533 ,
3420 483 3583 539 quam
3639 472 3804 544 sancti

562 554 667 600 met
712 541 901 612 ipsum,
946 551 992 612 et
1040 541 1184 594 totlat
1224 555 1426 612 crucem
1469 556 1643 612 suum,
1682 550 1729 593 et
1768 550 2013 610 sequatur
2056 557 2135 612 me

562 609 780 684 (Mutila.
801 627 934 684 ‘xvi,
963 611 1055 679 2t)
1075 650 1089 670 ,
1121 617 1177 684 et
1208 609 1411 684 reliqua
1448 610 1516 663 ad
1556 609 1697 684 hunc
1728 609 1942 664 modum
1972 609 2138 677 perti-

562 678 764 737 nentia.
800 680 962 750 Igitur
985 678 1239 750 quoniam
1281 678 1350 750 ill_
1385 680 1632 750 praesenti
1670 692 1933 750 oportune
1961 689 2138 750 gesto-

564 769 683 805 rum
712 748 1104 805 conSultatione
1128 748 1447 817 apostolicis
1461 757 1638 802 vestra
1673 748 1946 817 beatitudo
1972 749 2066 801 vis.
2084 762 2138 801 e-

561 822 712 875 ribus
740 829 1033 877 commota.
1066 815 1175 870 nos
1203 827 1377 871 oriata
1413 815 1459 849 ”
1483 826 1567 871 est
1596 818 1872 872 tuitionem
1905 816 2135 870 fratrum

561 889 856 957 apostolica
905 887 1211 956 impendere
1250 886 1571 940 auctoritate
1605 895 1660 940 et
1699 903 1901 957 eorum
1927 885 2136 957 injuriis

561 955 872 1023 subvenire,
917 955 1041 1025 dum
1090 966 1299 1009 constet
1342 971 1437 1025 vos
1466 958 1651 1009 eadem
1705 972 1829 1010 cum
1878 955 2136 1025 Apostolo

560 1026 1009 1095 compassibiliter
1023 1024 1068 1057 ’⁸
1089 1026 1267 1095 dicere
1296 1042 1310 1078 :
1343 1024 1475 1090 Quis
1502 1025 1818 1094 inﬁrmatur,
1842 1036 1888 1078 ει
1918 1024 2009 1095 ego
2033 1041 2135 1095 non

556 1093 834 1164 inﬁriiior?
864 1093 993 1159 Quis
1018 1094 1416 1159 scundi'lizalur,
1438 1104 1484 1147 et
1513 1093 1606 1163 ego
1634 1111 1737 1148 non
1767 1110 1891 1147 uror
1911 1093 1983 1164 (ll
2010 1093 2132 1147 Cor.

556 1181 635 1227 XI,
662 1165 785 1233 l9)?
812 1173 1139 1233 satagetites,
1175 1180 1241 1217 ne
1267 1164 1463 1232 aliquis
1498 1166 1565 1218 de
1593 1164 1675 1217 liis
1716 1168 1807 1232 qui
1840 1163 1996 1217 nobis
2018 1177 2135 1217 cre-

557 1236 655 1289 diti
686 1244 829 1289 sunt.
857 1250 886 1287 a
914 1234 1071 1287 saevis
1099 1233 1282 1287 bestiis
1312 1233 1578 1286 laceretur
1611 1242 1700 1285 aut
1731 1235 2010 1302 capiatur;
2036 1247 2134 1298 pro

558 1318 662 1372 qua
698 1319 755 1358 re
792 1312 1003 1372 oportet
1034 1304 1189 1372 juxta
1216 1311 1451 1356 vestram
1496 1304 1811 1372 prudentem
1843 1302 2137 1372 commoni-

558 1371 756 1427 tionem
784 1414 799 1435 ,
832 1371 1247 1442 iiiiagis’autem
1294 1372 1589 1425 secundum
1639 1371 1847 1425 Domitii
1896 1371 2135 1424 divinam

554 1441 967 1513 prieeeptioneni
991 1481 1007 1507 ,
1032 1457 1140 1513 nos
1169 1441 1259 1511 qui
1302 1442 1709 1513 supradomum
1735 1443 1851 1510 ejus
1877 1481 1895 1513 ,_
1924 1443 2025 1493 lioc
2055 1448 2140 1494 est

555 1510 915 1567 hiiiversalem
939 1510 1256 1581 catholicam
1280 1511 1601 1581 atcclesiam,
1628 1510 1933 1581 episcopale
1956 1526 2138 1564 susce-

554 1584 735 1653 pimus
762 1582 1141 1653 iuiiiisteriuiii,
1171 1580 1402 1653 sollicite
1428 1579 1669 1653 vigilare,
1706 1590 1770 1653 ut
1810 1579 1876 1653 ne
1905 1581 2033 1650 quid
2072 1582 2138 1634 de

558 1650 730 1706 sacris
762 1655 877 1717 ejus
902 1651 1235 1713 muneribus,
1261 1651 1310 1704 id
1335 1658 1419 1703 est
1442 1651 1716 1718 apostolici
1734 1650 1893 1716 juris,
1925 1658 2138 1718 aposto-

557 1720 842 1791 lorumque
870 1720 1296 1791 successoribus
1324 1730 1488 1789 atque
1519 1720 1799 1791 ministris,
1849 1721 2134 1791 quisquam

556 1791 714 1845 nobis
756 1788 1174 1845 doriiiitaiitibus
1219 1788 1390 1845 valeat
1421 1790 1680 1858 supprimi
1731 1788 1893 1859 atque
1941 1790 2137 1859 injuste

556 1862 818 1931 nobisque
867 1859 1184 1915 inconsultis
1234 1859 1554 1931 dampnari;
1592 1888 1650 1898 -
1694 1858 1887 1924 scitis,
1934 1858 2131 1931 fratres

554 1928 856 1991 liarissimi,
887 1932 1280 1983 ﬁrmamentum
1309 1945 1339 1982 a
1390 1930 1498 1982 Deo
1525 1930 1687 1982 lixum
1733 1940 1788 1982 et
1837 1928 2130 1992 immobile,

555 2010 718 2068 atque
752 2001 959 2054 titulum
988 1998 1375 2052 lucidissiinuni
1406 2014 1624 2052 suorum
1654 2001 1992 2053 sacerdotum
2019 2039 2033 2063 ,
2082 1998 2134 2050 id

554 2081 637 2123 est
683 2073 921 2124 omnium
956 2072 1326 2138 episcoporum
1356 2108 1371 2132 ,
1410 2068 1977 2138 apostolicaiiigsedem
2014 2082 2135 2121 esse

555 2144 928 2203 constitutam,
957 2136 1011 2192 et
1040 2139 1297 2192 verticem
1335 2138 1725 2193 mcclesiarum.
1753 2136 1833 2192 Tu
1872 2141 1932 2193 es
1965 2138 2131 2201 enim,

555 2209 695 2279 sicut
726 2210 966 2262 divinum
1001 2208 1313 2279 pronuntiat
1342 2208 1607 2279 veraciter
1630 2210 1879 2279 verbum,
1924 2207 2133 2272 Petrus,

553 2276 607 2332 et
636 2295 799 2349 super
826 2276 1223 2349 liraiaiiientum
1253 2286 1401 2349 tuum
1432 2278 1690 2331 accelesite
1716 2278 1999 2349 columine,
2041 2279 2133 2345 qui

552 2347 788 2418 episcopi
811 2348 1194 2418 intelliguntur.
1223 2347 1556 2418 conﬁrmata:
1580 2356 1730 2412 sunt;
1757 2347 1848 2400 tibi
1877 2356 1931 2400 et
1956 2348 2135 2400 claves

557 2416 1014 2485 regiii.'co:loriiiii
1061 2418 1306 2471 commisi
1335 2416 1399 2480 ⁸⁸,
1444 2428 1605 2485 atque
1635 2418 1799 2485 ligare
1843 2428 1898 2471 et
1927 2418 2135 2471 solvere

554 2498 878 2555 potestatem
908 2501 1028 2555 qua:
1075 2488 1126 2540 iii
1173 2487 1329 2540 caelis
1358 2496 1482 2539 sunt
1511 2496 1567 2539 et
1595 2501 1714 2554 qua:
1743 2488 1794 2538 in
1827 2489 1986 2541 terris
2011 2501 2135 2553 pro-

554 2558 809 2628 iiiulgavi.
837 2556 914 2609 Tit
947 2557 1349 2625 profanatoruiti
1387 2556 1661 2628 hominum
1687 2565 1743 2628 et
1771 2557 2132 2628 membrorum

557 2625 800 2681 ineorum
845 2628 1185 2696 maximeque
1230 2639 1471 2678 meorum
1511 2625 1905 2696 discipulorum
1945 2626 2134 2696 existis

552 2705 613 2750 ut
665 2700 916 2766 princeps
980 2706 1033 2749 ct
1086 2693 1277 2749 doctor
1329 2693 1756 2766 orthodoxaeet
1800 2695 2134 2766 inmaculata:

557 2764 711 2834 tiilei;
764 2764 920 2833 cuius
969 2766 1086 2820 vice
1137 2766 1295 2820 liodie
1353 2768 1524 2835 gratia
1583 2764 1674 2817 Dei
1719 2765 1984 2835 legatione
2037 2779 2134 2831 pro

551 2836 769 2907 Cliristo
799 2836 1091 2907 fungimur,
1118 2845 1174 2889 et
1199 2849 1387 2889 omnes
1416 2833 1575 2901 hujus
1601 2833 1800 2889 sanctae
1829 2836 1973 2889 sedis
1996 2849 2137 2907 prac-

552 2906 698 2960 sules
724 2906 841 2976 ejus
867 2905 1035 2959 viceni
1071 2913 1371 2975 gesserunt,
1414 2913 1623 2972 gerunt,
1669 2914 1723 2958 et
1757 2913 1962 2973 gerent.
2009 2905 2133 2976 Ideo

552 2978 731 3029 omnia
756 2974 890 3045 ‘qiize
921 2974 1247 3037 innotuistis,
1292 2991 1396 3028 non
1443 2976 1606 3028 licere
1648 2978 1984 3045 mandarem,
2027 2974 2132 3027 nisi

552 3059 650 3098 vos
672 3044 1032 3113 iam’pleiiiter
1063 3047 1354 3098 instructos
1376 3057 1499 3113 esse
1527 3045 1745 3107 scirem,
1767 3044 1909 3110 quod
1937 3055 2131 3097 cuncta

553 3130 716 3184 super
760 3112 956 3183 quibus
993 3113 1271 3168 cuiisulitis
1315 3112 1516 3167 inlicita
1552 3128 1673 3167 esse
1718 3129 1821 3166 non
1853 3113 2127 3184 dubitetis.

2234 539 2425 596 Patres
2445 540 2787 604 deliiiierunt,
2810 549 2865 594 ct
2888 541 3057 594 nostri
3079 539 3498 610 praede-cessares
3517 542 3805 610 apostolica

2235 610 2560 666 auctoritate
2606 611 3016 665 roboraveruut.
3059 608 3134 663 Ita
3166 610 3308 663 enim
3339 610 3451 664 haec
3492 608 3563 663 se
3592 608 3805 665 habent.

2236 679 2530 747 Episcopus
2578 680 2819 748 ejectus,
2872 690 3036 748 atque
3085 679 3198 733 suis
3253 681 3414 733 rebus
3461 679 3807 746 expoliatos,

2234 749 2505 801 accelesias
2533 751 2774 816 proprias
2812 751 2985 817 primo
3023 750 3280 816 recipere,
3309 759 3363 801 et
3394 764 3489 802 sua
3524 750 3710 801 «ηιιιιὶει
3737 750 3811 802 eis

2235 817 2478 886 legaliter
2532 818 2722 880 reddi,
2776 821 2947 872 sancti
3021 832 3259 872 canones
3322 821 3717 880 deeieveriiiit;
3761 828 3808 871 et

2236 898 2418 1009 postea
2468 887 2512 941 si
2553 903 2676 957 qu:s
2708 902 2803 941 eos
2849 903 3107 942 accusare
3154 888 3329 947 vellet.
3366 903 3524 955 aequo
3573 888 3814 955 periculo

2258 971 2414 1009 acere
2467 958 2838 1009 Sanciverunt:
2896 959 3098 1009 iudices
3155 971 3276 1009 esse
3337 957 3404 987 ⁸⁰⁰
3460 960 3814 1009 decernentes

2258 958 2414 1010 acere
2467 958 2838 1019 sanciverunt;
2889 959 3098 1023 juilices
3155 971 3276 1011 esse
3337 957 3404 987 ⁸⁰⁰
3460 960 3815 1009 decernentes

2234 1029 2535 1094 episcopos.
2569 1038 2712 1079 recte
2742 1026 3029 1095 sapientes.
3061 1037 3113 1081 et
3139 1027 3283 1096 juste
3310 1027 3554 1080 volentes
3579 1028 3648 1079 ad
3678 1037 3814 1078 tem-

2233 1110 2360 1164 pus;
2395 1098 2594 1163 uiuque
2639 1096 2745 1149 illis
2783 1097 3070 1164 resumptis
3098 1096 3311 1165 juribus
3342 1096 3409 1129 ⁸⁸⁸
3437 1105 3493 1149 et
3520 1097 3638 1165 suis
3668 1107 3814 1164 pote-

2235 1168 2433 1218 stative
2481 1165 2782 1217 lruentiuus
2839 1168 3023 1230 rebus,
3072 1164 3365 1234 amicisque
3407 1176 3463 1220 et
3512 1164 3608 1219 Dei
3646 1168 3818 1220 servis

2236 1234 2567 1301 sapientibus
2601 1234 3006 1288 consulentibus
3050 1237 3181 1288 viris
3232 1236 3284 1287 iii
3335 1236 3563 1289 ecclesia
3616 1251 3812 1288 conie-

2237 1303 2468 1373 nientes,
2514 1303 2601 1356 tibi
2646 1313 2811 1356 testes
2842 1314 3023 1357 essent
3053 1305 3412 1370 singulorum,
3450 1306 3539 1372 qui
3573 1304 3814 1373 oppressi

2239 1371 2582 1433 Videbantur;
2614 1382 2666 1426 et
2693 1374 2894 1442 reliqua
2922 1377 2987 1425 ait
3022 1376 3162 1426 hunc
3189 1374 3429 1426 ordinem
3464 1371 3812 1442 pertinentia,

2235 1456 2356 1509 qua:
2384 1442 2743 1511 prolixitatem
2774 1445 3002 1496 vitantes
3034 1443 3121 1497 liic
3166 1458 3271 1495 non
3308 1443 3659 1506 inseruimus,
3694 1446 3812 1510 quia

2240 1512 2324 1565 liis
2365 1512 2608 1580 sullicere
2660 1513 2950 1567 credimus.
2994 1511 3049 1565 Si
3093 1514 3215 1580 quis
3253 1522 3432 1565 autem
3467 1513 3550 1565 liis
3594 1527 3703 1565 tiun
3738 1526 3815 1565 eat

2237 1590 2554 1644 contentus,
2578 1579 2718 1651 legat
2740 1598 2803 1634 ea
2834 1590 2889 1636 ct
2933 1579 3245 1635 saciabitur.
3279 1581 3492 1635 Scimus
3522 1582 3672 1633 enim
3728 1583 3815 1634 lio-

2238 1651 2411 1704 mines
2447 1652 2679 1704 inermes
2705 1668 2807 1705 non
2836 1667 2991 1719 posse
3015 1668 3135 1705 cuni
3165 1652 3389 1704 armatis
3417 1651 3517 1703 rite
3552 1665 3803 1719 pugnare:

2245 1720 2336 1774 Sic
2371 1735 2470 1773 nec
2502 1720 2576 1773 illi
2606 1736 2694 1789 qui
2726 1720 2906 1789 θῙίοοιὶ,
2936 1721 3016 1774 vel
3041 1723 3154 1775 suis
3192 1721 3349 1775 bonis
3381 1733 3499 1774 sunt
3535 1720 3813 1789 expulisti,

2239 1804 2359 1843 eum
2408 1790 2514 1843 illis
2562 1788 2652 1859 qui
2686 1790 2737 1843 in
2784 1801 3059 1844 suoestaiit
3105 1800 3285 1851 statu,
3318 1800 3374 1843 et
3415 1789 3535 1859 suis
3562 1788 3814 1842 fruuntur

2240 1860 2431 1913 amicis
2458 1857 2620 1926 atque
2657 1861 2824 1919 bouis,
2861 1859 3054 1929 litigari
3097 1860 3198 1914 rite
3226 1868 3467 1928 possunt.
3493 1857 3605 1912 Nec
3632 1861 3814 1912 saeculi

2236 1940 2449 1998 quoque
2480 1930 2620 1998 leges
2652 1932 2764 1983 lucc
2807 1929 3154 1983 saecularibus
3192 1933 3305 1983 lieri
3348 1939 3695 1996 periiiittutii;
3723 1929 3814 1980 Sed

2236 2000 2387 2066 prius
2414 1998 2616 2065 ejectos
2644 2000 2723 2052 vel
2767 2014 3054 2067 oppressos
3093 2008 3181 2052 aut
3214 2002 3512 2068 espotiatos
3548 2012 3673 2051 eum
3704 2013 3816 2051 suis

2236 2072 2487 2121 omnibus
2539 2069 2744 2122 restitui
2792 2070 3005 2136 jubeiit,
3054 2079 3109 2123 et
3155 2080 3337 2137 postea
3386 2084 3485 2121 suo
3533 2076 3814 2135 teinpoie,

2235 2137 2376 2215 sicut
2415 2138 2496 2191 lex
2544 2153 2731 2218 eorum
2774 2149 3035 2218 continet,
3067 2140 3133 2191 ad
3160 2138 3584 2218 Iplacitat’euire
3631 2137 3817 2216 ιιι-συρίτ-

2218 2210 2417 2276 ‘piimt;
2454 2222 2553 2260 nec
2584 2207 2685 2259 ulla
2722 2209 2957 2261 carceris
2984 2207 3224 2262 custodia
3252 2207 3613 2275 appellantem
3640 2207 3813 2259 arceri

2237 2280 2574 2345 permittunt.
2618 2277 2819 2330 Docent
2863 2280 3006 2331 enim
3054 2292 3121 2331 ex
3175 2287 3329 2346 parte
3358 2317 3375 2341 ,
3414 2280 3554 2331 sicut
3604 2280 3815 2339 nustis,

2238 2355 2452 2400 terrena
2478 2386 2493 2407 .
2542 2360 2662 2414 quae
2691 2357 2815 2400 sunt
2859 2347 3121 2402 ctelcstia.
3173 2351 3539 2402 Accusatores
3585 2362 3720 2400 vero
3762 2357 3815 2399 et

2236 2417 2624 2485 accusationes,
2652 2433 2787 2485 quas
2816 2417 2996 2471 sweuli
3024 2419 3169 2485 leges
3200 2433 3305 2470 non
3334 2416 3671 2480 adsiiscunt,
3702 2416 3815 2468 iiul~

2237 2484 2449 2540 latentis
2498 2496 2622 2539 sunt
2674 2484 2727 2539 in
2783 2488 2970 2540 liuruiu
3039 2484 3385 2541 adiiiittendte
3433 2486 3644 2549 causis;
3690 2487 3813 2553 quia

2234 2571 2394 2610 omne
2423 2561 2565 2624 quod
2589 2555 3061 2626 irreprelietisibile
3085 2556 3152 2588 ¹⁶²
3172 2567 3277 2619 est,
3300 2556 3563 2609 eatliolica
3580 2555 3819 2608 defendit

2234 2627 2507 2689 wcclesia,
2538 2634 2593 2679 et
2623 2628 2725 2680 lioe
2755 2644 2784 2679 a
2829 2626 3123 2694 majoribus
3178 2628 3455 2679 deliiiituui
3501 2641 3647 2685 esse,
3691 2640 3814 2692 pro-

2235 2707 2354 2764 pter
2404 2710 2691 2764 pravorum
2746 2698 3021 2750 hominum
3071 2696 3313 2757 insidias,
3376 2711 3483 2749 non
3514 2696 3815 2748 dubitatur.

2238 2767 2399 2818 Decet
2444 2767 2587 2818 enim
2634 2764 2842 2819 Domini
2874 2766 3182 2820 sacerdotes
3226 2766 3451 2818 fratrum
3503 2780 3706 2818 causas
3736 2765 3818 2831 pie

2236 2843 2504 2902 tractare,
2538 2843 2592 2887 et
2619 2836 3002 2889 venerabiliter
3031 2836 3311 2889 intendere
3341 2834 3412 2865 ¹⁰³
3438 2843 3603 2902 atque
3633 2849 3815 2887 eorum

2227 2901 2430 2972 judicia
2477 2902 2640 2973 super
2674 2905 2938 2959 sacriticia
2974 2906 3263 2968 ordinare,
3313 2919 3380 2959 ne
3425 2901 3687 2974 proterve
3730 2913 3819 2955 aut

2235 2974 2515 3043 tyrannica
2555 2975 2921 3029 dominatione
2944 3013 2959 3037 ,
3001 2984 3060 3027 ut
3095 2982 3161 3027 de
3197 2975 3519 3042 quibusdaiit
3554 2974 3815 3035 refertur,

2232 3042 2326 3097 sed
2370 3043 2652 3097 caritative
2699 3058 2799 3111 pro
2848 3046 2956 3099 Deo
3005 3054 3058 3098 et
3110 3042 3349 3098 fraterno
3392 3059 3580 3096 amore
3625 3053 3817 3095 cuncta

2234 3129 2512 3185 peragere,
2557 3123 2611 3167 et
2656 3118 2799 3184 quod
2847 3116 2949 3169 sibi
2987 3114 3109 3184 quis
3138 3115 3251 3168 liei'i
3290 3116 3443 3182 juxta
3481 3113 3819 3167 Doiniiiicaiu

555 3180 1422 3252 Di'scutei'enamquecpiscoposee
1443 3181 2131 3253 summorumateclesiaSti-
2158 3180 2203 3241 C
2236 3180 2420 3237 i‘ocei'n
2471 3199 2575 3236 non
2607 3180 2738 3247 vult,
2771 3185 2860 3237 alii
2912 3180 3111 3238 inferre
3162 3200 3264 3237 non
3294 3180 3671 3253 praesumat;
3696 3195 3740 3234 ei
3766 3198 3818 3232 in

553 3269 739 3307 eorum
771 3268 963 3306 causas
992 3251 1328 3321 negotiorum
1361 3251 1823 3320 metropolitanus,
1871 3268 1975 3305 una
2004 3268 2127 3305 cum

553 3326 804 3376 omnibus
834 3325 948 3376 suis
972 3321 1522 3390 comprovimialibus,
1550 3324 1621 3375 ita
1662 3331 1720 3375 ut
1744 3337 1902 3377 nemo
1943 3337 2008 3376 ex
2049 3327 2130 3376 eis

554 3395 731 3458 desit,
760 3401 815 3446 et
842 3405 1031 3445 omnes
1063 3395 1114 3444 iii
1146 3392 1475 3461 singulorum
1519 3392 1849 3445 concordent
1880 3392 2128 3461 negotiis,

551 3461 706 3524 licet;
760 3462 856 3516 sed
901 3461 1124 3515 d‘elinire
1164 3476 1351 3514 eorum
1400 3468 1562 3530 atque
1604 3461 1952 3515 ecclesiarum
1992 3477 2133 3515 suin-

551 3549 672 3587 mas
707 3530 969 3602 quazrelas
1016 3546 1331 3602 causarum,
1370 3530 1455 3584 vel
1484 3532 1777 3602 dampnare
1827 3532 2130 3602 episcopos,

551 3600 756 3672 absque
787 3603 943 3672 bujiis
974 3615 1175 3656 sancite
1196 3600 1691 3672 sedisauctoritate
1713 3600 1932 3672 minime
1962 3601 2125 3666 licet;

552 3688 716 3741 quam
755 3671 944 3726 omnes
987 3672 1287 3741 appellare,
1321 3671 1365 3723 si
1416 3683 1645 3741 necesse
1677 3671 1840 3724 fuerit
1865 3709 1880 3734 ,
1910 3680 1966 3725 et
2012 3685 2129 3736 ejus

551 3740 728 3796 fulciri
760 3741 960 3796 auxilio
987 3740 1217 3809 opm-tet.
1248 3740 1403 3804 Nam,
1430 3750 1487 3793 ut
1514 3740 1705 3803 nostis,
1736 3740 1982 3794 sinoduui
2011 3753 2129 3794 suie

549 3811 668 3881 ejus
694 3814 1016 3866 auctoritate
1051 3812 1165 3865 lieri
1207 3827 1309 3865 non
1359 3818 1443 3864 est
1477 3810 1824 3873 catholicum,
1868 3825 1969 3863 nec
2011 3811 2130 3880 epi-

550 3896 746 3951 scopus
782 3882 828 3914 ’ν
856 3882 961 3935 nisi
1010 3882 1065 3935 in
1114 3882 1354 3950 legitima
1402 3881 1615 3951 synodo
1650 3890 1703 3935 et
1738 3888 2131 3951 ,suugtenipore

554 3949 846 4020 apostolica
878 3949 1539 4020 vocatioue’congregata,
1579 3950 1807 4020 rdeliuite
1846 3949 2129 4020 dampnari

549 4018 752 4091 potest;
785 4021 1099 4091 nequeulla
1132 4018 1389 4091 umquam
1406 4018 1644 4091 concilia
1687 4030 1803 4073 rata
1851 4018 2128 4086 leguntur,

550 4090 670 4159 quae
692 4108 797 4144 non
810 4100 935 4145 sunt
966 4090 1096 4146 fulta
1115 4090 1403 4160 apostolica
1420 4090 1762 4143 auctoritate.
1778 4095 2131 4145 Accusatores

554 4176 733 4215 autem
765 4161 1087 4215 clericorum
1118 4159 1175 4215 et
1203 4169 1387 4224 testes,
1421 4175 1582 4229 super
1610 4159 1805 4228 quibus
1833 4161 2128 4228 rogitastis,

553 4231 765 4298 absque
790 4232 896 4283 ulla
931 4232 1150 4283 infamia
1179 4239 1273 4283 aut
1301 4228 1607 4298 suspicione
1648 4228 1694 4261 "
1721 4230 1803 4281 vel
1848 4230 2128 4283 maiiit'esta

553 4300 764 4353 macula
790 4311 846 4352 et
871 4315 1010 4354 verre
1047 4300 1168 4352 fidei
1209 4300 1436 4368 pleniter
1459 4298 1706 4368 ipsiructi
1733 4312 1871 4368 esse
1901 4300 2129 4363 debent;

550 4377 607 4421 et
673 4372 844 4431 tales,
904 4369 1089 4437 quales
1140 4366 1221 4421 ad
1283 4366 1641 4422 sacerdutiuni
1696 4366 1894 4437 eligere
1946 4368 2128 4422 divina

549 4439 704 4507 jubet
746 4436 1060 4492 auctoritas.
1111 4436 1374 4503 Quoniam
1426 4436 1864 4499 sacerdotes,’ut
1908 4438 2127 4507 antiqua

554 4506 717 4593 tradit
743 4510 1057 4588 auctoritas,
1089 4506 1365 4593 criminari
1394 4522 1499 4560 non
1529 4516 1777 4593 possunt,
1817 4522 1919 4561 nec
1948 4506 1999 4558 in
2032 4522 2126 4561 eus
2160 4535 2206 4593 ο

554 4576 831 4631 testiﬁcari
857 4616 871 4638 ,
918 4577 1007 4645 qui
1053 4577 1118 4630 ad
1148 4578 1377 4629 eundem
1423 4592 1529 4630 non
1558 4577 1750 4629 debent
1782 4589 1880 4629 nec
1906 4585 2133 4644 possunt

552 4647 774 4715 provehi
803 4647 1083 4700 limiorciii.
1114 4646 1333 4700 Vocatio
1373 4645 1516 4700 enim
1558 4646 1624 4715 ad
1672 4647 1935 4715 synodum
1975 4645 2127 4715 juxta

551 4714 767 4769 decreta
800 4714 1020 4768 Patrum
1053 4716 1315 4769 canonica
1342 4715 1461 4785 ejus
1485 4715 1577 4784 qui
1608 4714 1885 4784 impetitur
1922 4714 1988 4779 ’9,
2021 4726 2129 4769 tam

551 4800 647 4840 sua
694 4785 977 4854 priesentia
1006 4799 1170 4854 quam
1213 4794 1270 4839 et
1314 4787 1528 4854 scriptis
1553 4795 1714 4853 atque
1740 4785 2125 4854 apocrisiariis,

550 4869 649 4925 per
677 4856 916 4923 spacium
949 4857 1062 4907 licri
1087 4856 1244 4909 debet
1270 4870 1563 4925 congruum
1587 4869 1749 4924 atque
1772 4855 2087 4910 canonicum
2111 4870 2125 4919 ;

550 4927 675 4992 quia
726 4926 826 4977 nisi
866 4925 1126 4978 canonice
1172 4933 1392 4979 voeatus
1436 4924 1597 4978 fuerit
1643 4941 1742 4979 suo
1789 4934 2031 4993 tempore
2073 4936 2130 4979 et

551 4996 812 5048 canonica
865 4995 1235 5059 ordinatione,
1284 4994 1410 5048 licet
1455 4996 1662 5048 venerit
1692 4994 1758 5046 ad
1801 5003 2124 5048 conventum

551 5079 892 5132 quacumque
935 5067 1288 5125 necessitate,
1324 5064 1422 5118 nisi
1456 5073 1645 5132 sponte
1673 5063 1919 5127 voluerit,
1948 5062 2125 5116 nulla-

2229 3269 2335 3323 quu
2365 3269 2608 3323 mensura
2637 3256 2800 3308 ιηωωὶ
2841 3256 3069 3322 fueritis,
3092 3252 3386 3306 remetiatur
3419 3253 3562 3306 vobis
3592 3252 3813 3319 (Matth.

2232 3339 2329 3384 vii,
2366 3322 2444 3391 2).
2477 3323 2554 3376 Ea
2600 3338 2727 3376 vero
2777 3340 2895 3392 quae
2939 3324 3303 3392 apostolorum
3336 3325 3727 3392 prxdicadonc
3767 3328 3822 3373 et

2230 3392 2453 3446 Patrum
2496 3393 2830 3447 institutione
2874 3395 3230 3464 percepimus,
3260 3408 3474 3464 semper
3514 3402 3707 3445 tenere
3732 3392 3819 3443 de-

2230 3464 2438 3524 bemus,
2483 3476 2551 3515 ne
2594 3464 2770 3532 aliqua
2803 3478 2937 3517 noVa
2966 3476 3193 3527 cudere,
3226 3473 3319 3516 aut
3360 3463 3425 3515 ad
3472 3476 3679 3532 iioxaui
3718 3464 3820 3512 tra-

2232 3543 2374 3586 truni
2423 3545 2638 3600 semper
2686 3530 2966 3588 intendere
2994 3534 3291 3587 videamur.
3335 3532 3441 3586 Sed
3484 3530 3819 3584 alterutrum

2229 3616 2395 3657 onera
2438 3616 2733 3670 portemus,
2780 3618 2838 3658 tit
2861 3604 3016 3673 juxta
3040 3602 3357 3672 Apostoluin
3388 3603 3562 3673 legem
3600 3600 3819 3654 Domini

2231 3672 2527 3740 adimplere
2570 3674 2843 3744 valeamus
2865 3670 2878 3673 ⁷
2906 3670 3105 3744 (Cultu;
3147 3687 3197 3725 vi
3223 3712 3238 3735 ,
3270 3673 3348 3741 2).
3397 3671 3640 3740 Tempus
3676 3672 3820 3722 enim

2229 3756 2525 3809 coiigruum
2550 3742 2827 3811 praevideri
2870 3742 3102 3812 oportet,
3148 3747 3365 3811 quando
3390 3754 3821 3807 uniuscujusque

2228 3821 2494 3865 accusata:
2533 3826 2776 3881 persona:
2819 3827 2982 3868 eausa
3015 3814 3311 3866 rectissime
3339 3814 3391 3865 in
3423 3826 3663 3865 medium
3692 3824 3821 3878 pro-

2228 3881 2478 3946 ducatur,
2515 3892 2771 3953 quatinus
2798 3894 3114 3953 gravnatem
3148 3881 3286 3949 ejus,
3317 3890 3373 3935 et
3400 3893 3817 3953 consonantiam

2229 3966 2349 4018 qua:
2377 3949 2568 4005 contra
2604 3949 2824 4005 Patruini
2867 3956 3105 4017 decreta,
3148 3953 3229 4005 vel
3273 3951 3539 4021 synodum
3588 3949 3661 3979 ‘“
3685 3966 3817 4021 cou-

2230 4021 2523 4092 l'essiunem
2554 4026 2704 4090 prodi
2725 4024 2956 4092 iiiiniitie
2989 4019 3367 4092 cognoscatur,
3401 4036 3565 4088 quam
3597 4019 3817 4092 ordina-

2229 4089 2411 4145 biliter
2444 4087 2633 4146 omnes
2673 4091 2741 4123 ¹⁶³
2783 4087 3092 4155 ἱιιιθιιύειιιιζ
3123 4101 3181 4145 ut
3221 4097 3287 4144 ad
3313 4087 3433 4144 eain
3465 4092 3519 4142 in
3563 4103 3693 4143 omn
3717 4087 3817 4140 bus

2231 4161 2626 4230 rationabiliter
2658 4166 3050 4230 respondeant,
3093 4171 3149 4215 et
3179 4162 3327 4229 juste
3368 4174 3427 4214 se
3456 4160 3593 4212 vclle
3639 4157 3813 4209 mani-

2230 4228 2366 4284 feste
2393 4235 2701 4285 ostendant.
2728 4228 2915 4286 Nullus
2947 4241 3126 4286 autem
3155 4228 3527 4284 lltll‘miucullll‘
3557 4241 3817 4297 persona-

2229 4300 2387 4366 liter;
2436 4305 2530 4354 sed
2567 4314 2915 4356 accusatores
2962 4311 3015 4355 et
3059 4302 3296 4355 accusati
3339 4313 3491 4366 aqua
3523 4298 3817 4351 audiantur

2231 4372 2443 4424 ratione
2480 4371 2630 4439 juxta
2667 4376 2809 4439 quod
2854 4381 3125 4439 gestouiu
3169 4372 3302 4425 ordo
3342 4368 3811 4439 exigii.iAccusa-

2231 4450 2379 4495 tores
2423 4438 2550 4494 vero
2590 4448 2647 4494 et
2684 4438 2895 4511 judiccs
2945 4458 3051 4495 non
3100 4442 3239 4493 idem
3290 4439 3420 4501 sint,
3466 4438 3561 4490 sed
3611 4452 3710 4505 per
3756 4449 3817 4488 se

2232 4518 2599 4571 accusatores,
2645 4524 2742 4579 per
2772 4525 2830 4564 se
2868 4511 3102 4579 judiees,
3142 4525 3237 4579 per
3282 4523 3340 4562 se
3380 4516 3568 4579 testes,
3616 4521 3715 4579 per
3756 4520 3815 4558 se

2232 4582 2469 4649 accusati
2497 4619 2511 4641 ,
2544 4575 2910 4649 otiu'sqiiisqii'e
2960 4583 3011 4633 in
3051 4575 3159 4633 siio'
3189 4578 3564 4632 ordinabilitcr
3599 4575 3810 4629 ordine.

2231 4647 2366 4703 Nam
2420 4647 2714 4720 inscriptio
2761 4647 2934 4720 primo
2990 4664 3218 4720 semper
3269 4652 3399 4710 liat,
3439 4656 3505 4720 ut
3555 4649 3810 4698 talionem

2230 4719 2594 4789 calumniatur
2621 4718 2865 4789 recipiat,
2897 4720 3022 4788 quia
3049 4733 3177 4773 ante
3209 4718 3635 4789 inscriptionenr
3655 4729 3813 4789 nemo

2230 4789 2391 4843 debet
2432 4788 2663 4858 judicari
2712 4784 2795 4843 vel
2833 4784 3151 4856 dampnari,
3184 4804 3309 4841 cuni
3354 4784 3410 4840 et
3452 4785 3639 4841 saeculi
3669 4784 3812 4854 leges

2230 4859 2346 4913 haec
2366 4861 2555 4929 eadem
2587 4859 2887 4929 retineant;
2916 4860 2982 4912 de
3008 4860 3205 4929 quibus
3229 4860 3481 4911 omnibus
3508 4871 3639 4929 vera
3672 4870 3816 4929 seui-

2228 4942 2328 4996 per
2354 4928 2446 4980 liat
2480 4927 2705 4996 aequitas
2725 4967 2739 4990 ,
2768 4925 3407 4997 quatitius‘accusatiouis
3435 4934 3491 4979 et
3527 4925 3718 4990 judicii
3750 4938 3812 4975 ac

2232 4998 2522 5052 testimonii
2554 4999 2858 5052 mercedem
2886 5013 2982 5066 per
3008 5000 3290 5051 veritatem
3319 5005 3594 5065 gestorum
3619 5008 3813 5066 conse-

2228 5071 2319 5140 qui
2351 5068 2583 5139 valeant.
2622 5063 2898 5139 b‘eriptuiii
2935 5077 3019 5140 est
3063 5067 3205 5121 enim
3246 5080 3261 5118 :
3296 5063 3662 5140 denuntianti?
3702 5063 3811 5114 Do—
