3948 5350
149 343 251 402 303

1002 338 1252 400 SPURIA
1293 339 1432 397 itur
1471 292 1740 396 ausus.
1783 298 1852 378 ζ-
1878 332 2031 394 .tc‘t‘.
2075 338 2272 397 coac.
2313 339 2560 398 esset"

2919 277 2992 299 ίαν

3305 345 3427 402 306'

149 464 403 514 monente
474 462 635 523 atque
716 452 933 507 dicente
991 469 1007 508 :
1051 450 1172 506 Non
1211 451 1370 522 facies
1413 451 1734 523 calumniam
1766 451 1807 508 Α
1839 459 2014 505 aetum
2043 453 2380 521 agnovimus,
2408 451 2694 508 detrahere
2721 460 2812 507 aut
2846 467 3102 508 accusare
3127 467 3416 523 prmsumat

147 527 384 598 proximo
415 537 525 583 tuo.
553 520 657 577 nec
690 523 1032 598 itionprimes
1067 520 1225 598 eum}
1255 539 1358 576 non
1395 522 1562 598 facies.
1597 520 1734 598 quod

146 591 384 665 iniquum
429 605 530 658 est,
563 611 653 647 nec
683 595 874 661 injus'e
906 595 1205 665 judicabis,
1242 609 1344 645 non
1383 591 1735 665 considerabis

146 660 424 736 personam
457 660 845 736 pauperis.ine_c
871 660 1088 736 [tonores
1118 662 1576 736 rul_tu_n_t__potentis,
1594 660 1737 736 justo

144 730 324 805 'jmlira
357 730 600 802 ριόζτὶιιιο
640 747 732 786 tuo
772 733 954 805 (Leuit.
981 749 1076 805 δικ
1106 773 1121 795 ,
1151 731 1364 805 Iit-15);
1416 739 1530 805 ett:
1583 730 1735 794 Quod

149 800 240 858 tibi
268 800 374 858 non
408 807 482 858 vis
530 805 645 872 ﬁeri
685 804 836 856 alteri
873 819 935 854 ne
965 800 1298 870 fariastTob.
1323 815 1400 863 tv,
1433 800 1621 872 16),_ct
1645 816 1733 853 re-

148 875 290 941 liqua
313 870 569 927 maxime.
606 873 668 925 Et
699 882 1024 938 prmccptum
1058 872 1320 925 habentes
1361 870 1732 941 apostolicum,

147 939 436 998 attendere
472 944 628 996 nobis
675 943 804 1009 ipsis
845 951 898 994 et
939 942 1107 1008 gregi,
1145 943 1195 994 in
1228 955 1336 1008 quo
1371 956 1472 992 nos
1502 939 1738 1006 Spiritus

146 1026 371 1067 sanctus
431 1014 614 1081 posuit
681 1013 962 1080 episcopos
1032 1026 1218 1077 regere
1276 1010 1367 1063 Dei
1412 1010 1734 1071 :ecclesiam,

147 1098 312 1152 quam
389 1082 687 1148 adquisivit
739 1097 834 1152 per
881 1082 1405 1152 sanguinetn__sunm
1460 1082 1735 1147 proprium

147 1150 284 1223 (Act.
321 1170 419 1211 xx.
449 1152 569 1212 '28).
601 1151 855 1223 convenit
884 1151 980 1223 _‘°°.
1015 1150 1300 1223 Attenditc_
1335 1150 1516 1214 lupos,
1555 1159 1735 1223 atten-

144 1218 254 1277 dite
286 1224 470 1276 malos
491 1222 791 1290 operarios,
809 1221 896 1288 qui
925 1235 1176 1289 perversa
1203 1218 1407 1273 faciunt
1433 1230 1486 1271 et
1508 1220 1735 1272 adversa

147 1293 427 1354 locuntur,
456 1301 519 1345 ut
545 1292 832 1343 detrahere
861 1305 1073 1358 semper
1107 1291 1399 1358 discipulos
1433 1290 1641 1342 Domini
1683 1297 1738 1342 et.

144 1363 419 1415 infamare
470 1369 692 1428 queant.
764 1359 910 1426 Quos
954 1360 1227 1427 corrigere
1285 1376 1382 1414 vos
1449 1370 1498 1412 et
1548 1374 1738 1413 omnes

149 1432 362 1485 Domini
393 1431 708 1485 sacerdotes
738 1445 947 1483 summo
972 1429 1150 1482 studio
1175 1439 1407 1496 oportet,
1436 1430 1558 1497 quia
1588 1431 1739 1498 pejus

147 1501 349 1554 malum
384 1518 491 1555 nou
523 1510 627 1561 est,
656 1515 821 1566 quam
856 1509 912 1551 ιιι
943 1499 1092 1552 cives
1116 1498 1327 1552 civibus
1359 1501 1654 1558 invideant.
1684 1509 1738 1553 et

147 1573 464 1624 sacerdotes
513 1570 595 1622 vel
637 1569 821 1623 clcrici
868 1569 1238 1622 sacerdotibus
1269 1569 1349 1622 vel
1389 1569 1736 1637 pontificibus

147 1641 498 1693 insidientur.
546 1639 806 1692 Testante
843 1639 1003 1692 etiam
1034 1639 1284 1690 veritatis
1308 1654 1440 1692 voce
1473 1657 1485 1691 :
1519 1639 1621 1701 Qui
1651 1655 1738 1692 vos

147 1711 331 1774 tangit,
373 1711 541 1775 tangit
583 1708 838 1776 pupillam
880 1707 1033 1760 oculi‘
1062 1709 1160 1760 mei
1205 1707 1390 1772 (Zaclt.
1422 1725 1482 1769 tt,
1512 1709 1600 1769 8);
1637 1718 1731 1762 et:

1837 538 2160 594 quemquam
2231 524 2601 588 sacerdotum;
2671 524 2794 591 quia
2857 523 3051 592 injuria
3109 539 3296 578 eorum
3349 529 3416 580 ad

1837 593 2110 649 Christum
2161 595 2430 660 pertinet,
2463 594 2615 662 cujus
2645 597 2762 648 vice
2805 595 3068 664 legatione
3094 610 3192 663 pro
3222 595 3422 662 populo

1838 664 2037 719 Christi
2077 663 2336 734 sanguine
2368 664 2640 731 redempto
2685 663 2997 734 funguntur.
3033 663 3238 734 Causas
3269 665 3415 717 enim

1839 748 2050 791 eorum,
2080 733 2204 800 quia
2254 733 2342 786 Dei
2389 749 2562 788 caus:e
2606 743 2731 788 sunt
2757 732 2930 801 {ejus
2958 732 3298 798 essejudicio
3333 750 3422 786 re-

1837 803 2154 861 servandus,
2203 803 2293 869 qui
2346 803 2488 857 valet
2537 820 2732 872 corpus
2783 807 3030 858 occidere
3079 814 3131 857 et
3182 805 3416 857 animam

1838 875 2055 928 mittere
2085 872 2136 925 in
2165 874 2487 942 gehennam,
2533 876 2622 942 qui
2655 875 2785 926 dicit
2816 891 2829 927 :
2866 874 2992 926 Milli
3041 875 3340 936 vindictam,
3370 883 3419 926 et

1837 961 1928 1013 ego
1958 942 2241 994 retribuam
2270 941 2447 1011 (Rom.
2476 941 2572 1003 λιι,
2602 945 2875 1013 I9);apud
2905 959 3061 1009 quem
3091 944 3430 998 conscientia

1840 1015 1978 1066 nuda
2009 1021 2114 1073 est,
2149 1013 2231 1065 cui
2264 1027 2370 1065 non
2401 1013 2805 1066 abscoudnutur
2848 1013 3078 1067 occulta.
3118 1013 3430 1066 Instrueudi

1837 1085 2000 1136 etiam
2047 1097 2236 1135 omnes
2279 1091 2424 1140 sunt.
2469 1083 2721 1150 quoniam
2755 1099 2850 1151 per
2887 1101 2984 1136 nos
3021 1083 3129 1137 illis
3173 1083 3422 1136 Christus

1839 1152 2074 1207 intonuit
2129 1167 2232 1204 non
2271 1166 2392 1204 esse
2440 1154 2620 1206 ovium
2671 1152 2777 1220 lupi
2825 1154 3046 1205 insidias
3091 1153 3417 1217 prmviderc,

1838 1223 1932 1278 sed
1972 1221 2224 1290 pastoris.
2262 1221 2438 1274 Monet
2481 1223 2646 1291 igitur
2675 1222 2865 1276 beatus
2892 1222 3168 1290 apostolus
3199 1221 3420 1284 Paulus,

1839 1309 1905 1346 ne
1934 1293 2000 1345 de
2029 1291 2114 1344 his
2163 1300 2365 1344 temere
2409 1290 2706 1360 leviterque
2753 1291 3419 1360 pra‘sutnalttrjudicium,

1837 1362 1904 1416 de
1931 1361 2127 1430 quibus
2170 1375 2329 1430 nemo
2372 1369 2550 1429 potest
2599 1363 2780 1414 verius
2826 1363 2906 1414 vel
2947 1363 3138 1430 melius
3177 1361 3424 1423 judicare

1837 1422 1997 1500 quain
2032 1430 2170 1484 Deus
2202 1448 2214 1482 :
2249 1428 2327 1483 Tu
2372 1422 2565 1491 autem,
2600 1432 2793 1499 inquit.
2845 1447 3008 1498 quare
3045 1422 3258 1499 iudicas
3311 1430 3424 1497 fra-

1836 1511 1967 1554 trem
1992 1501 2180 1552 tuum?
2205 1511 2296 1552 aut
2341 1517 2435 1553 cur
2462 1502 2662 1568 spernis
2698 1518 2813 1554 eum
2831 1503 2856 1555 7
2882 1501 3072 1554 Omnes
3101 1502 3234 1568 enim
3263 1500 3426 1551 stabi-

1838 1588 1952 1623 mus
1981 1580 2103 1622 ante
2131 1569 2361 1622 tribunal
2395 1567 2506 1622 Dei.
2542 1569 2803 1634 Scriptum
2833 1581 2905 1623 est
2943 1571 3078 1622 enim
3107 1585 3123 1620 :
3159 1567 3281 1622 Vivo
3307 1585 3421 1636 ego,

1837 1641 1963 1693 dicit
1994 1639 2248 1692 Dominus
2273 1680 2287 1701 ,
2317 1640 2565 1708 quoniam
2596 1641 2722 1692 mihi
2751 1642 2986 1709 flectetur
3011 1656 3160 1692 omne
3189 1654 3346 1707 gcmt,
3377 1647 3424 1689 et

1839 1710 2008 1763 omnis
2053 1710 2232 1777 lingua
2278 1710 2604 1777 confitebitur
2643 1708 2887 1763 Domino.
2921 1708 3105 1776 Itaque
3149 1709 3426 1774 unusqu's-

148 1780 245 1841 Qui
269 1779 716 1832 scaudalizaverit
753 1794 908 1830 unum
946 1779 1011 1828 de
1051 1777 1252 1840 pusillis
1285 1779 1418 1835 istis.
1459 1780 1642 1832 melius
1668 1791 1740 1832 est
1775 1786 1816 1842 Β
1843 1797 1942 1847 que
1969 1789 2203 1830 nostrum
2235 1795 2326 1842 pro
2353 1796 2406 1831 se
2456 1781 2708 1832 rationem
2748 1779 2915 1832 reddit
2961 1778 3066 1831 Deo
3099 1777 3276 1845 (llam.
3313 1791 3423 1847 xiv,

146 1849 219 1901 illi
260 1859 318 1901 ut
359 1850 719 1916 suspendatur
747 1849 884 1898 inqu
929 1847 1164 1899 asinario
1203 1848 1256 1899 in
1299 1848 1489 1900 collum
1536 1850 1650 1915 ejus
1694 1860 1740 1903 et

147 1919 483 1986 demergatur
527 1919 580 1971 in
629 1917 947 1984 profundum
994 1917 1157 1967 moris
1207 1916 1422 1986 (Matth.
1470 1919 1738 1983 xvttt,(i);

146 1999 194 2040 et
227 1989 358 2040 item
409 2005 424 2040 :
457 1987 655 2040 Beatus
685 1987 774 2050 qui
820 2003 920 2038 neu
953 1986 1108 2053 fiterit
1145 1987 1536 2038 scandalizatus
1571 1991 1622 2042 in
1664 2006 1744 2042 me

149 2057 366 2120 (Matth.
397 2074 476 2119 ιι,
528 2059 604 2126 6).
656 2057 750 2110 Ille
795 2055 981 2126 procul
1031 2055 1207 2126 dubio?
1237 2057 1635 2111 scandalizatus
1661 2068 1745 2112 est

146 2127 196 2180 in
234 2129 538 2180 Dominum
565 2123 692 2188 ’¹⁰⁷.
743 2127 833 2194 (ιιιί
872 2123 1000 2196 γεείιιε
1046 2125 1378 2196 scandalizat
1428 2127 1740 2196 episcopum

146 2197 224 2248 vel
254 2200 628 2251 sacerdotem.
679 2197 743 2250 Et
775 2195 940 2248 multa
993 2194 1143 2255 talia,
1179 2211 1296 2261 qua).
1342 2196 1429 2248 hic
1457 2213 1561 2250 tum
1598 2194 1741 2251 insc-

148 2277 359 2325 ruutnr,
394 2283 463 2318 ne
488 2267 650 2319 nimis
679 2266 881 2334 prolixa
906 2264 1166 2317 elliciatur
1185 2265 1433 2330 epistola.
1461 2265 1741 2322 Monentcs

149 2353 362 2404 quoque
390 2337 668 2389 instruere
691 2336 898 2389 debetis
921 2343 1247 2387 memoratos
1273 2335 1478 2388 vicinos
1511 2345 1739 2400 vestros,

148 2417 257 2459 uta
317 2407 524 2458 talilms
573 2420 630 2459 se
679 2405 1019 2465 subtrahant,
1067 2412 1121 2456 et
1171 2418 1289 2470 quae
1339 2405 1542 2459 inlicite
1595 2407 1740 2460 circa

147 2476 400 2544 pra-ﬁxos
450 2475 652 2528 fratres
687 2483 909 2544 egerunt
939 2513 953 2535 ,
1007 2473 1126 2544 cito,
1154 2474 1452 2543 corrigam.
1508 2476 1572 2527 lit
1607 2492 1742 2544 quos

150 2543 301 2598 nolis
353 2545 684 2599 inconsultis
727 2543 955 2598 lcseruut
986 2582 1001 2604 ,
1049 2543 1202 2613 nobis
1237 2544 1554 2598 inconsultis
1586 2543 1741 2613 plena

152 2615 526 2668 satisfactione
567 2624 794 2674 sanent,
843 2620 896 2664 et
941 2613 1049 2664 cito
1077 2612 1179 2665 sihi
1225 2627 1318 2666 eos
1371 2612 1737 2677 reconcilient,

152 2687 192 2738 si
240 2685 526 2738 noluerint
578 2685 883 2752 apostolica:
927 2681 1071 2735 sedis
1111 2683 1385 2750 suscipere
1430 2699 1736 2738 censuram.

154 2754 279 2808 Nam
311 2755 356 2807 si
393 2755 526 2821 quid
562 2753 795 2807 fortasse
825 2753 876 2804 in
917 2752 996 2804 eis
1041 2761 1132 2804 aut
1159 2762 1344 2805 contra
1377 2767 1471 2807 eos
1500 2770 1738 2809 emerse-

155 2835 252 2887 rat,
306 2835 560 2877 nostrum
610 2823 781 2876 fuerat
825 2821 1216 2888 expectandum
1247 2837 1508 2886 examen,
1558 2836 1616 2876 ιιι
1649 2839 1744 2878 no-

152 2905 282 2950 stra.
333 2903 395 2945 nt
434 2909 655 2961 semper
698 2892 820 2945 huic
866 2891 977 2944 sedi
1033 2889 1132 2942 fuit
1177 2906 1494 2946 concessum
1527 2895 1742 2962 privile-

155 2966 318 3028 gium,
364 2972 462 3016 aut
508 2962 1033 3028 condempnarenlur
1075 2962 1429 3018 auctoritate.
1462 2974 1552 3016 aut
1584 2963 1740 3017 fulci—

155 3045 340 3087 rentur
389 3032 615 3086 auxilio.
653 3031 835 3101 Neque
875 3029 1018 3083 enim
1051 3045 1162 3101 suo
1213 3045 1312 3099 pro
1363 3031 1512 3085 libitu
1559 3043 1740 3088 nostra

154 3103 458 3156 debuerant
503 3103 625 3167 jura
677 3100 967 3170 pervadere
1014 3100 1215 3170 absque
1259 3101 1566 3168 aposmlicze
1597 3105 1742 3157 sedis

156 3174 514 3242 dispositione
548 3169 852 3226 mandante.
882 3171 923 3222 Α
958 3169 1151 3242 talibus
1185 3169 1438 3240 deinceps
1468 3189 1656 3227 omnes
1686 3189 1744 3227 se

158 3239 471 3297 abstineant
521 3243 855 3303 sacerdotes,
901 3239 990 3306 qui
1026 3239 1293 3292 noluerint.
1341 3239 1410 3293 ab
1437 3245 1745 3309 apostolica:

157 3322 358 3378 petae,
418 3328 585 3378 super
631 3327 792 3379 quam
843 3310 1114 3379 Christus,
1165 3322 1223 3363 ιιι
1274 3312 1588 3377 przedictnm
1637 3323 1742 3376 est,

159 3377 524 3436 universalem
569 3377 870 3434 construxit
897 3377 1218 3451 :ecclesiam,
1251 3380 1334 3434 cui
1369 3383 1743 3451 episcoporum

159 3468 366 3506 smnma
431 3451 636 3518 judicia
683 3460 842 3520 atque
883 3448 1148 3514 majorum
1200 3465 1392 3504 causas
1449 3452 1514 3484 ¹⁰⁸
1542 3448 1566 3514 ,“
1607 3453 1748 3505 sicut

160 3523 311 3590 paulo
364 3521 622 3590 superius
660 3536 744 3574 me
769 3530 1024 3590 auratum
1066 3529 1189 3581 est,
1245 3532 1531 3590 reservatae
1579 3535 1742 3584 sunt,

160 3589 628 3659 soliditate’atque
657 3589 971 3645 sacerdotali
1015 3589 1216 3642 honore
1245 3589 1467 3644 secludi.
1517 3591 1746 3646 luducize

159 3660 298 3715 enim
336 3662 618 3715 accusatis
655 3661 706 3712 in
754 3659 1118 3712 criminalilms
1156 3659 1429 3728 episcopis
1471 3677 1562 3714 sex
1598 3678 1748 3715 mcu-

162 3731 294 3784 sium
317 3771 331 3796 ,
361 3732 448 3786 vel
483 3746 547 3786 eo
575 3730 800 3798 amplius
839 3731 882 3781 si
915 3743 1133 3783 necesse
1164 3728 1360 3792 fin-rit,
1391 3733 1746 3785 comedenda:

164 3811 308 3868 sunt;
343 3801 604 3872 quoniam
635 3811 688 3854 et
721 3799 871 3872 laicis
901 3799 1002 3872 hoc
1033 3800 1353 3872 permiSsum
1382 3839 1397 3861 ,
1443 3801 1620 3853 nullus
1663 3817 1748 3854 se-

165 3882 296 3924 ι·ι.ι;.ι
315 3869 439 3926 ι..“ι.δ
468 3871 708 3925 imbutus
736 3869 1034 3934 disciplinis
1061 3870 1298 3938 ignorat;
1332 3879 1537 3936 quanto
1573 3875 1747 3940 magis

165 3945 536 3994 sacerdotibus
562 3980 576 4003 ,
623 3940 713 4008 qui
749 3941 1056 4007 superiores
1082 3954 1205 4008 e~se
1231 3942 1312 3992 eis
1343 3956 1445 3993 ttott
1495 3941 1746 3994 dubitau-

169 4011 277 4062 tur?
307 4013 550 4064 Ilabetur
590 4007 801 4078 quoque
842 4009 892 4062 iu
929 4008 1160 4061 decretis
1192 4007 1409 4062 Patrum
1457 4010 1745 4073 sancitum,

167 4096 266 4133 non
317 4082 435 4134 fore
464 4081 782 4134 canonicmn
827 4093 1149 4146 quemquam
1198 4080 1533 4132 sacerdotem
1564 4080 1632 4114 ¹⁰⁹
1662 4080 1750 4143 ju-

166 4151 343 4206 dicare
368 4151 454 4204 νει
483 4153 796 4217 dampnare,
819 4160 1103 4216 antequam
1120 4158 1464 4204 accusatores
1489 4152 1748 4203 canonice

166 4224 505 4274 examinatus
536 4227 829 4287 praesentes
875 4218 1068 4271 habeat
1097 4217 1383 4286 locumque
1430 4219 1747 4273 defendendi

168 4293 410 4360 accipiat,
431 4292 482 4343 id
502 4301 588 4343 est
616 4290 682 4320 ¹¹⁰
708 4288 949 4340 inducias
975 4287 1372 4360 ecclesiasticas
1395 4289 1459 4342 ad
1485 4290 1745 4342 ahlncuda

167 4358 388 4414 crimina
451 4369 504 4412 et
547 4368 776 4420 caetera;
831 4373 927 4411 nec.
973 4367 1121 4410 extra
1171 4358 1439 4426 propriam
1490 4359 1584 4411 fiat
1628 4375 1750 4425 pro-

169 4432 397 4483 vinciam
425 4431 603 4494 primo
631 4427 979 4480 discussionis
1002 4428 1276 4480 accusatio
1304 4427 1420 4480 sine
1451 4430 1744 4497 apostolica

170 4503 529 4569 praeceptione
555 4540 568 4561 ,
600 4498 687 4569 cui
720 4498 770 4550 in
815 4497 1066 4552 omnibus
1107 4497 1290 4569 causis
1334 4498 1560 4569 debetur
1595 4514 1747 4569 reve-

174 4566 357 4623 rentia
386 4568 684 4629 custodiri;
737 4569 989 4637 quoniam
1042 4574 1100 4620 et
1149 4566 1371 4633 antiqua
1439 4567 1600 4621 docet
1648 4568 1747 4620 hoc

173 4639 386 4693 Patrum
417 4639 648 4710 rrgnla,
679 4638 730 4710 i_u
758 4636 865 4710 qua
893 4647 948 4690 et
978 4636 1274 4710 imperialia
1303 4637 1505 4710 pariter
1547 4646 1746 4710 siatuta

173 4705 503 4764 concinnat:
539 4728 556 4759 ι
611 4705 912 4762 Crimiuum
945 4745 961 4770 ,
1016 4707 1308 4774 inquiunt,
1361 4705 1628 4760 discnssio
1676 4707 1746 4758 ibi

177 4781 420 4848 agitanda
446 4788 549 4840 est,
595 4779 682 4832 ubi
712 4778 918 4848 crimen
960 4779 1252 4848 admissum
1281 4784 1412 4848 est;
1431 4792 1553 4848 nam
1585 4775 1747 4828 aliubi

175 4845 459 4902 criminum
492 4865 616 4902 reus
646 4847 963 4917 prohibetur
992 4846 1198 4910 audiri,
1242 4854 1304 4917 et
1328 4845 1454 4917 alibi
1506 4848 1557 4917 in
1586 4861 1750 4917 cano-

178 4921 336 4973 nibus
379 4915 685 4987 praccipitur
708 4958 724 4981 ,
767 4930 1098 4985 qua-cunque
1131 4915 1343 4987 negotia
1377 4915 1428 4987 i_u
1458 4915 1581 4987 suis
1618 4915 1750 4987 locis

178 4990 265 5041 ubi
316 4982 429 5041 orta
479 4982 605 5043 sunt
655 4982 909 5048 liuienda,
945 5004 964 5037 ι
999 4997 1054 5038 et
1102 4986 1325 5055 reliqua.
1376 4982 1525 5055 Talia
1571 4995 1628 5038 et
1662 4986 1746 5038 his

177 5060 402 5120 similia,
432 5060 572 5112 salva
620 5068 798 5110 tamen
843 5055 896 5108 in
933 5054 1182 5109 omnibus
1218 5053 1435 5123 'apostol
1459 5069 1522 5106 ca
1563 5065 1750 5108 aucto-

180 5129 357 5186 ritate,
403 5139 456 5182 ut
487 5128 616 5182 nihil
646 5129 696 5180 in
735 5127 821 5181 liis
855 5125 1163 5185 dilliuiatur,
1196 5128 1509 5194 priusquam
1539 5125 1585 5177 ei
1630 5125 1747 5194 pla-

1035 5211 1056 5220 η
1085 5195 1326 5220 ηιι“’.-11ιιη
1363 5209 1480 5220 ηδ’-ιιι
1510 5205 1657 5220 ιιι-ιιι-.

1850 1846 2056 1904 10-12).
2091 1847 2146 1900 Ιιι
2180 1849 2280 1901 hoc
2314 1863 2443 1916 ergo
2484 1865 2587 1901 non
2637 1849 2737 1902 sihi
2789 1849 3055 1917 quispiam
3108 1846 3428 1900 temerarios

1849 1935 2012 1974 ausus
2041 1928 2284 1984 usurpet,
2321 1927 2373 1968 nl
2420 1928 2615 1985 prmtcr
2645 1919 2784 1986 quod
2816 1921 2880 1970 ad
2927 1919 3266 1986 concordiam
3307 1931 3430 1983 per-

1849 1990 2002 2049 tinet,
2034 1987 2178 2040 aliud
2209 1996 2352 2056 agat,
2404 1990 2546 2040 unde
2590 1985 2770 2042 unitas
2813 1988 3069 2042 :rcclesia:
3113 1985 3424 2056 dissipetur.

1846 2058 1961 2111 Non
1992 2073 2124 2126 ergo
2156 2055 2346 2110 leviter
2374 2057 2661 2124 quisquam
2692 2058 2951 2110 assentiat
2985 2057 3036 2109 in
3070 2055 3425 2126 detractione,

1847 2128 1928 2182 vel
1956 2124 2309 2196 judicatione,
2353 2137 2444 2179 aut
2477 2127 2856 2195 dampnatioue
2883 2126 3130 2196 fratrum.
3173 2124 3430 2196 maxime:

1845 2194 2344 2276 que'sacerdotuin,
2383 2196 2473 2276 qui
2507 2194 2873 2276 proximiores-
2907 2205 3033 2250 sunt
3065 2195 3193 2275 Deo,
3241 2203 3295 2276 e_t
3326 2194 3426 2276 _qui

1845 2263 2063 2336 proprio
2092 2281 2186 2336 ore
2219 2263 2418 2336 llhristi
2447 2281 2644 2334 corpus
2685 2266 3010 2330 conficiunt;
3059 2266 3207 2336 quia
3227 2263 3297 2336 ob
3326 2265 3430 2317 hoc

1847 2333 1993 2390 venit
2027 2337 2105 2388 ira
2138 2335 2229 2388 Dei
2264 2335 2316 2387 in
2348 2335 2485 2388 ﬁlios
2514 2333 3001 2400 prevaricatornm,
3031 2335 3120 2402 qui
3152 2333 3438 2387 Christum.

1845 2407 1898 2460 in
1927 2407 2040 2460 suis
2065 2413 2419 2473 persecuntur
2446 2406 2722 2459 membris.
2756 2405 2951 2467 Nolite,
2999 2407 3212 2459 fratres.
3264 2403 3441 2456 uolite-

1843 2475 1980 2528 ellici
2025 2475 2317 2543 participes
2348 2489 2558 2538 eorum,
2600 2489 2698 2528 nec
2739 2474 3148 2530 communicetis
3191 2473 3441 2543 peccatis.

1845 2542 2057 2606 talium,
2099 2553 2189 2596 aut
2221 2543 2575 2598 infrttcluosis
2618 2546 2798 2599 verbis
2850 2546 3084 2598 i-llorum.
3130 2542 3295 2611 Magis
3335 2557 3429 2594 au.-

1846 2625 1952 2668 tem
2020 2624 2076 2668 et
2135 2615 2445 2682 redarguite
2513 2616 2697 2667 talium
2765 2626 2960 2678 cretus,
3003 2613 3092 2681 qui
3136 2611 3430 2665 extendere

1845 2685 2140 2738 moliuntur
2192 2684 2344 2752 quasi
2416 2699 2600 2737 arcum
2671 2685 2723 2737 in
2779 2684 2975 2738 fratres
3024 2684 3232 2750 linguas
3278 2695 3426 2733 suas.

1844 2753 2126 2807 Defendie
2159 2769 2289 2822 ergo
2320 2752 2532 2811 fratres.
2560 2762 2616 2806 et
2644 2768 2832 2807 oumes
2856 2761 3089 2814 tnonete,
3127 2762 3183 2802 ut
3211 2764 3427 2802 armen—

1847 2833 1936 2877 tur
1964 2832 2152 2876 contra
2195 2823 2420 2874 fratrum
2449 2832 2846 2889 persecutores.
2888 2821 3222 2876 Conﬁdimus
3247 2827 3428 2870 autem

1844 2895 1911 2946 de
1935 2893 2087 2946 vobis
2113 2893 2332 2945 meliora
2363 2893 2688 2945 elviciniora
2715 2892 2910 2955 saluti;
2946 2892 3070 2960 quia
3098 2905 3258 2960 neque
3286 2902 3428 2938 mors

1844 2963 2140 3032 ncquerita,
2154 2978 2314 3030 neque
2334 2961 2504 3030 angeli
2519 2959 3206 3032 nequej;riiicipa:us,_ncqu_e
3224 2959 3430 3010 instan-

1843 3028 2104 3099 tio'neque
2122 3028 2497 3099 [murmurque
2521 3028 2772 3102 fortitudo
2803 3047 2964 3102 neque
2995 3028 3238 3090 altitudo,
3269 3041 3431 3102 neque

1844 3096 2165 3172 profundum
2191 3117 2351 3169 neque
2391 3096 2632 3154 creatura
2655 3100 2833 3170 aliqua
2851 3096 3157 3172 {Magistro
3189 3096 3430 3172 gentium

1848 3167 2075 3227 docente
2095 3212 2109 3230 ,
2136 3167 2321 3236 poterit
2362 3187 2454 3223 nos
2483 3185 2724 3236 separare
2743 3167 2797 3222 'a
2833 3167 3055 3223 caritate
3087 3167 3294 3220 Domini
3321 3181 3424 3236 no-

1845 3244 1942 3296 διιί
1984 3239 2117 3313 Jesn
2138 3234 2338 3313 Christi
2368 3234 2545 3313 (Romi
2583 3255 2702 3313 viti,
2745 3239 2838 3313 58.
2872 3239 2990 3313 A59),
3034 3253 3158 3313 qua;
3197 3234 3430 3313 maxime

1848 3313 1900 3365 in
1934 3311 2306 3364 sacerdotibus
2345 3307 2398 3363 et
2449 3309 2670 3377 reliquis
2699 3311 2976 3376 perficitur
3003 3307 3261 3362 membris
3290 3307 3436 3370 ejus-

1846 3381 2023 3435 Nolite
2060 3381 2242 3447 itaque
2291 3380 2545 3434 omittere
2597 3381 2978 3433 confidentiam
3026 3386 3281 3447 vestram,
3311 3389 3431 3447 qua:

1847 3465 2095 3520 magnam
2130 3443 2292 3504 liabet
2338 3449 3028 3520 renumerationem.Ecce
3075 3445 3216 3501 enim
3245 3443 3430 3520 quaex

1847 3514 1972 3574 ante
2013 3520 2233 3586 januam
2266 3519 2493 3582 assistit,
2537 3534 2766 3573 coronas
2810 3519 3056 3572 hilariter
3083 3514 3426 3585 promittens.

1849 3591 1932 3643 Ius
1964 3591 2028 3620 ¹¹¹
2058 3590 2148 3658 qui
2195 3605 2292 3656 pro
2321 3603 2386 3642 eo
2426 3587 2682 3642 fratribus
2727 3589 2982 3641 auxiliqu
3024 3586 3222 3658 ferunt,
3252 3593 3304 3636 ct
3335 3597 3430 3651 np-

1848 3660 2049 3727 pressis
2077 3653 2438 3719 vsuccurrnut,
2471 3666 2632 3726 atque
2679 3659 2729 3711 in
2772 3658 3003 3711 caritate
3051 3653 3439 3727 conlaborant,

1847 3721 2072 3795 Quodsi
2104 3729 2433 3782 subtraxerit
2471 3742 2529 3780 se
2547 3721 2708 3797 'quis,
2748 3743 2851 3781 non
2883 3727 3117 3795 placehit
3164 3725 3291 3797 Deo,
3335 3721 3442 3774 sed?

1845 3794 2006 3854 cadet
2037 3799 2136 3859 “’;
2179 3799 2302 3864 quia
2333 3814 2436 3850 non
2463 3794 2761 3851 sublevavit
2801 3794 3087 3851 cadentem
3115 3794 3218 3864 sed
3247 3806 3399 3845 emar

1847 3869 1979 3924 cuit.
2033 3868 2099 3922 Et
2131 3861 2248 3932 post
2279 3867 2553 3935 aliquanta
2591 3885 2604 3920 :
2654 3867 2880 3921 Temere
2921 3867 3066 3919 enim
3107 3861 3335 3935 judicat,
3383 3875 3428 3913 SI

1847 3940 1968 4007 quis
1995 3931 2304 4007 episcopum
2345 3931 2550 4006 absque
2588 3936 2745 4007 sedis
2775 3937 3080 4007 apostolica:
3109 3931 3430 4007 auctoritate

1849 3999 2230 4077 condentpna't,
2258 4022 2379 4077 cum
2423 3999 2493 4069 ei,
2519 4015 2601 4077 ut
2628 4005 2782 4077 paulo
2809 3999 3059 4071 superius
3090 3999 3426 4077 praeibatum

1849 4088 1952 4141 est,
1983 4068 2095 4132 hoc'
2110 4075 2418 4146 specialiter
2449 4068 2785 4146 privilegium
2815 4068 3269 4146 re'servatmnftit.
3295 4068 3427 4121 Item

1849 4159 1968 4220 pos!
2016 4149 2064 4220 al
2093 4141 2336 4220 quanta:
2372 4141 2464 4198 Ille
2492 4141 2692 4220 procul
2723 4144 2902 4220 ‘dnbio
2931 4143 3060 4196 facit
3091 4141 3442 4220 iniquiiatem

1851 4209 1903 4273 in
1946 4209 2172 4285 judicio.
2223 4216 2313 4284 qui
2356 4231 2419 4267 ca
2462 4209 2560 4285 sibi
2609 4213 2847 4285 vindicat
2896 4228 3015 4282 qutc
3055 4213 3102 4266 ei
3155 4209 3446 4285 vindicare-

1853 4277 1965 4343 ιιοιῖ
2010 4288 2130 4340 licet
2156 4327 2170 4347 ,
2203 4277 2431 4356 ideoque
2464 4283 2587 4356 huic
2616 4283 2728 4337 sedi
2772 4277 3034 4356 concessa
3085 4289 3230 4341 sunt,
3277 4286 3336 4329 ut
3363 4277 3429 4356 “f

1853 4358 2028 4412 nullus
2057 4371 2318 4424 usurpare
2348 4352 2479 4424 isiue
2528 4352 2662 4424 ejus
2692 4353 2936 4424 consultu
2983 4356 3287 4420 priesmnat,
3338 4352 3430 4414 qui

1854 4445 1960 4482 non
1987 4427 2098 4478 vult
2141 4421 2343 4478 honore
2368 4423 2734 4477 ecclesiastico
2778 4421 3031 4489 indignus
3056 4429 3148 4474 aut
3184 4426 3431 4472 contem-

1779 4482 1824 4540 Ῐ)
1851 4510 1974 4568 plus
1993 4495 2244 4563 jmlicari.
2277 4493 2461 4562 Itaque
2483 4501 2710 4568 oportet_
2727 4482 3040 4561 propulsare
3063 4489 3432 4568 neglegentes,

1850 4561 1944 4621 sed
1990 4561 2084 4627 ita,
2125 4573 2180 4617 tit
2217 4561 2471 4617 nocentes
2503 4561 2605 4615 non
2638 4562 2989 4626 roborentur;
3020 4571 3074 4615 et
3119 4561 3288 4614 bonos
3335 4561 3434 4608 im-

1850 4638 2035 4707 prohis
2081 4632 2671 4707 atqueinsidiatoribus
2729 4634 2972 4707 fratrum
3003 4631 3296 4707 resistere,
3343 4640 3432 4687 ne,

1854 4701 2069 4772 torpore
2116 4703 2334 4756 desidia:
2391 4701 2676 4770 oppressi,
2724 4701 3106 4772 taciturnitatis
3153 4709 3436 4772 teneamur

1851 4767 2094 4831 obnoxii.
2146 4775 2330 4840 Itaque
2379 4767 2477 4852 qui
2521 4767 3435 4852 potest_oliviai-e_ct_perturb:i_re

1852 4857 2137 4915 perversos
2180 4834 2596 4915 ecaton-facit,
2651 4839 2800 4894 nihil
2831 4848 2916 4893 est
2959 4834 3306 4915 aliud—quain
3356 4834 3453 4915 lii-f-

1853 4905 1981 4968 vere
2011 4912 2294 4980 impietati.
2334 4911 2443 4980 Nec
2482 4911 2628 4963 enim
2671 4917 2822 4980 caret
2865 4905 3451 4980 scritpiilo_societ:itis

1851 4975 2102 5046 oet-ultae,
2141 4997 2229 5052 qui
2267 4978 2552 5034 manifesto
2597 4978 2823 5034 facinori
2855 4975 3054 5034 desinit.
3093 4975 3345 5034 obviare;
3380 4977 3438 5023 et

1846 5055 2074 5121 reliqua.
