3948 5350
215 269 293 321 an
999 271 1245 329 spuma
1288 272 1423 328 AUT
1447 224 1736 326 suam.
1774 300 1840 308 —
1870 268 2026 324 aer.
2065 267 2265 326 conc.
2308 266 2550 325 assos.

3303 259 3413 315 3.20

213 385 316 436 bant
343 359 450 431 ηιξ
488 376 714 446 primum
747 385 804 432 ut
847 394 957 435 sua:
985 382 1098 436 sedi
1130 383 1526 446 restitueretur,
1557 395 1730 448 neque
1759 384 1804 441 Α
1835 382 1938 434 hoc
1988 379 2264 434 consortio
2309 378 2567 448 separati,
2615 376 2705 445 qui
2751 381 2940 444 putant
2992 373 3222 448 propria:
3266 372 3426 448 plebi

215 473 327 525 enim
351 469 616 538 spoliatum
641 473 964 539 respondere
987 474 1216 536 debere;
1247 475 1438 528 deinde
1468 473 1736 541 legitimas

215 562 490 623 vocationes,
517 570 569 613 et
617 570 675 614 ιιι
723 561 963 616 Romano
996 566 1234 632 pontifici
1277 581 1436 620 causa
1470 564 1738 633 significa-

218 662 358 713 retur;
392 661 492 704 tum
521 665 853 715 accusatum,
902 667 1272 718 accusatores,
1317 666 1505 718 testes,
1542 672 1604 708 ac
1650 653 1739 720 ju-

217 742 409 804 ilices,in
436 757 620 809 magna
646 745 854 812 synodo
883 745 1269 799 discernendos
1297 747 1363 785 ¹²⁶
1386 762 1400 810 ;
1425 760 1599 813 neque
1637 743 1739 798 sibi

215 832 339 885 aliter
360 846 417 884 ex
453 833 654 886 ratione
679 849 946 887 eanonuin
981 852 1135 902 posse
1157 837 1323 890 videri
1358 852 1581 889 causam
1606 851 1738 888 con-

217 932 347 975 stara.
367 923 471 987 Qni‘
497 925 835 978 nsonmibns
857 927 1140 993 diligenter
1163 928 1542 989 eoosideratis,
1570 926 1637 978 ah
1667 925 1744 977 al-

219 1021 304 1066 leta
329 1022 464 1078 parte
489 1013 1095 1082 responilehatnr,jnvla
1116 1018 1256 1071 hunc
1281 1019 1524 1070 ordinem
1559 1018 1744 1068 decre-

219 1103 533 1153 torumomnia
554 1118 691 1169 pene
707 1114 1079 1159 consummata
1099 1122 1240 1159 esse.
1260 1126 1276 1156 ι
1303 1105 1438 1158 Nam
1460 1115 1517 1158 ut
1535 1105 1601 1157 ab
1625 1105 1746 1156 ulti-

219 1191 313 1250 mis,
328 1192 570 1257 inquiunt,
593 1202 919 1261 repetamus,
937 1206 1219 1249 accusator
1239 1195 1353 1263 ejus
1369 1196 1433 1248 ad
1465 1196 1601 1249 hanc
1618 1210 1747 1247 cau—

219 1295 308 1333 sam
335 1281 455 1333 satis
478 1281 700 1335 idoneus
725 1293 839 1347 est;
872 1285 1069 1353 quippe
1093 1300 1190 1339 nec
1219 1295 1343 1338 ante
1366 1285 1631 1346 inimicos,
1648 1298 1750 1337 nec

221 1372 617 1424 ailaecusandum
654 1385 799 1425 metu
830 1383 921 1427 ant
950 1374 1171 1442 prmmio
1200 1375 1482 1438 adductus,
1501 1375 1593 1428 sed
1625 1382 1750 1426 latt-

223 1467 307 1511 lunt
330 1458 430 1510 lrlo
454 1460 728 1528 religionis
755 1473 1054 1530 permotus,
1094 1472 1148 1516 et
1171 1463 1344 1531 qni,si
1375 1479 1496 1516 eum
1523 1479 1628 1516 non
1655 1477 1747 1516 co-

221 1551 465 1616 gnoriss-t,
495 1566 558 1602 eo
591 1566 701 1619 quo
732 1556 901 1606 utitur
928 1554 1289 1621 presbiteratu
1331 1553 1526 1622 dignus
1561 1553 1750 1606 haberi

221 1647 384 1706 pOSsel.
436 1639 758 1697 Vocationes
811 1654 989 1696 autem
1037 1643 1156 1711 ejus
1203 1644 1271 1696 ad
1328 1645 1593 1714 synodum
1655 1660 1752 1714 per

1839 450 2220 509 incubandum.
2264 458 2319 502 et
2365 443 2764 515 nonnumquam
2815 443 3064 499 conventi
3097 443 3180 496 ’ail
3230 443 3412 496 conci-

1838 520 1970 572 lium
1999 520 2184 573 venire
2211 519 2536 580 detrectant,
2567 535 2661 572 sua
2710 519 2846 570 forte
2886 533 2952 568 tte
2991 515 3283 583 prodantur
3320 523 3380 566 5.:-

1839 591 1967 656 gitia
2018 600 2334 642 metuentes.
2395 590 2565 650 Dico,
2621 589 2664 641 si
2699 587 2901 655 placet.
2954 588 3097 638 circa
3158 585 3255 637 hos
3309 599 3410 656 not.

1843 655 2051 711 tantum
2085 661 2325 712 dioceses
2356 675 2460 711 non
2493 674 2612 712 esse
2661 658 2974 719 servandas,
3024 670 3208 706 verum
3251 655 3414 706 etiam

1841 740 1894 782 et
1927 730 1993 781 de
2034 731 2247 798 propria
2280 729 2507 781 eet-lesia
2558 744 2676 798 quae
2710 727 2812 779 illis
2857 727 2995 777 male.
3025 723 3215 798 faverit
3241 764 3254 784 ,
3283 739 3418 798 ’oin-

1843 794 2061 852 nimozlo
2108 794 2488 857 adnitendum.
2537 794 2593 850 ιιῖ
2627 799 2788 851 etiam
2839 797 3158 848 auctoritate
3208 794 3417 860 publica

1845 869 2184 935 ri-jiciantur,
2219 877 2380 936 atque
2417 867 2483 921 ab
2530 868 2659 936 ipsis
2713 865 3100 936 principalibus
3145 865 3421 936 cathedris

1851 932 2252 993 t‘eittovi-antnr.
2293 932 2519 1006 Oportet
2551 932 2726 999 enim,
2773 947 2828 1006 ut
2867 935 2957 1003 qui
3002 934 3268 1006 universis
3309 932 3422 986 fra-

1849 1011 2021 1062 lribus
2050 1024 2113 1061 ac
2154 1016 2263 1060 toto
2308 1005 2535 1061 ceneiho
2575 1005 2886 1062 inlueserit.
2944 1021 3047 1056 non
3100 1005 3272 1056 solum
3325 1019 3422 1056 sua

1842 1079 1964 1148 jure
1998 1081 2236 1146 integro,
2278 1078 2370 1148 sed
2397 1085 2451 1129 et
2480 1076 2722 1129 dioceses
2753 1073 3055 1148 possideat;
3086 1083 3134 1126 at
3173 1087 3306 1148 vero
3333 1072 3424 1148 qui

1850 1143 2066 1201 Siliintet
2093 1143 2282 1216 putant
2305 1147 2490 1215 plebes
2513 1161 2639 1199 snas
2680 1143 2946 1216 sufﬁcere,
2976 1143 3216 1199 fraterna
3245 1143 3311 1216 Ψ
3340 1144 3427 1194 di-

1850 1215 2457 1285 lectionecontempta,
2502 1232 2604 1269 non
2640 1225 2842 1268 tantum
2884 1215 3124 1268 dieceses
3152 1215 3426 1285 amittant,

1851 1289 1963 1347 sed,
1998 1301 2053 1340 ιιι
2084 1288 2216 1350 dixi,
2249 1282 2409 1340 etiam
2433 1285 2664 1357 propriis
2691 1285 2899 1354 publica
2936 1293 3160 1337 careant
3188 1282 3427 1336 auctori-

1855 1367 1965 1411 tate
1995 1368 2051 1411 ut
2078 1359 2325 1412 rebelles.

1921 1479 2006 1532 23.
2044 1479 2122 1533 Ad
2156 1478 2456 1532 Romanum
2497 1486 2674 1530 autem
2706 1475 3013 1548 pontificem
3053 1488 3273 1528 causam
3304 1487 3438 1542 per;

1854 1569 2015 1622 latam
2043 1569 2208 1622 fuisse
2234 1568 2482 1621 dicebant
2515 1565 2913 1634 exemplaribus
2955 1565 3006 1616 in
3043 1563 3185 1616 hunc
3216 1562 3432 1616 modum

1855 1657 2078 1726 prolatis
2105 1657 2169 1687 ¹³¹
2195 1675 2208 1709 :
2245 1675 2262 1707 ι
2294 1656 2611 1710 Beatissimo
2638 1670 2787 1724 papa:
2813 1653 3058 1714 Jouaaxt,
3086 1651 3236 1707 liceo
3264 1650 3435 1720 gratia

222 1730 430 1794 epismlas
453 1735 742 1787 canonicas
785 1743 837 1787 et
864 1750 957 1803 per
1000 1735 1380 1805 apocrisiarios
1426 1751 1531 1788 non
1578 1735 1749 1789 solum

1867 1751 1949 1803 Dei
1998 1749 2327 1802 Francorum
2385 1765 2497 1802 rex.
2553 1746 2715 1801 Novis
2764 1757 2925 1815 atque
2973 1745 3243 1798 inusitatis
3280 1743 3438 1798 rebus

223 1834 294 1872 sex
318 1823 579 1884 mensium,
607 1825 703 1877 sed
729 1826 888 1878 etiam
917 1827 1042 1877 anni
1073 1826 1253 1894 spacia
1287 1827 1695 1879 transcendunt.
1729 1845 1747 1877 ι

223 1908 458 1961 Addebam
486 1923 747 1979 praeterea
780 1914 902 1967 sedi'
932 1929 1042 1968 suae
1069 1915 1288 1967 minime
1324 1929 1482 1982 posse
1516 1913 1750 1978 restitui,

224 2015 272 2052 eo
302 2000 424 2066 quod
451 2003 614 2056 etiam
647 2006 965 2068 restitutus,
1000 2019 1185 2058 vocem
1231 2004 1481 2072 loquendi
1531 2019 1634 2056 non
1663 2004 1758 2057 ha-

224 2090 362 2148 beret.
392 2091 474 2146 Sic
501 2094 644 2146 enim
696 2093 960 2146 contineri
1010 2095 1061 2146 in
1105 2093 1360 2146 Africano
1407 2091 1659 2157 concilio,
1693 2091 1759 2144 ti-

225 2189 312 2241 tulo
346 2188 402 2241 l9.
437 2206 447 2239 :
485 2207 500 2237 ι
552 2185 608 2240 Si
667 2185 850 2240 clerici
904 2186 1043 2238 intra
1096 2200 1296 2238 annum
1344 2198 1563 2237 causam
1605 2199 1757 2236 suam

226 2293 414 2347 purgare
474 2278 939 2347 contempserint,
1001 2277 1141 2329 nulla
1191 2291 1377 2329 eorum
1426 2291 1528 2328 vox
1577 2286 1762 2342 postea

227 2373 398 2438 penitus
441 2372 715 2424 audiatur.
757 2389 774 2419 ι
827 2369 891 2422 Et
940 2369 1064 2437 quia
1112 2370 1293 2438 captio
1341 2365 1458 2435 ejus
1500 2367 1760 2420 invidiosa

228 2464 488 2528 putabatur,
515 2476 695 2528 neque
727 2461 1040 2513 innsitatunt
1070 2474 1243 2528 neque
1267 2459 1500 2511 aliemun
1529 2475 1556 2510 a
1589 2459 1764 2514 sacr'Ts

229 2552 394 2619 legibus
430 2552 564 2604 idem
599 2550 1028 2618 repperiebatnr.
1075 2549 1129 2602 lit
1168 2548 1390 2601 historia
1415 2549 1610 2616 quipp:
1660 2545 1766 2598 lie-

229 2643 448 2695 tnensinm
496 2641 818 2710 pontificum
879 2641 1140 2708 scriptum
1201 2637 1526 2700 constabat,
1585 2636 1766 2689 llilde-

232 2748 440 2783 tnannttnt
489 2731 870 2784 Belvacensem
913 2731 1248 2798 episcopum,
1279 2728 1556 2781 detentmn
1603 2727 1668 2757 "7
1712 2727 1762 2780 in

230 2821 510 2874 monasterio
538 2821 718 2874 sancti
766 2819 1001 2878 Vedasti,
1037 2822 1301 2889 synodum
1335 2827 1674 2887 expectasse,
1701 2833 1765 2872 eo

234 2913 342 2980 quod
369 2915 496 2980 apud
539 2913 926 2981 imperatorem
984 2911 1311 2964 Ludovicum
1356 2911 1768 2966 insimularetur

233 3002 283 3054 ad
301 3002 582 3056 Lotharium
613 3017 874 3056 ein-sarem
905 3001 1187 3071 profugere
1220 3003 1492 3066 voluisse;
1525 3003 1762 3057 Ebonem

1858 1843 2106 1912 permoti,
2165 1857 2376 1896 summo
2441 1841 2618 1895 studio
2681 1854 3000 1907 summaque
3062 1853 3192 1891 cura
3258 1843 3439 1888 vestra

1859 1933 2080 1985 consilia
2115 1931 2411 2001 expetenda
2441 1931 2797 1992 decrevimus,
2821 1930 3018 1997 quippe
3044 1943 3170 1980 cunt
3202 1925 3439 1981 sciamus

1861 2039 1956 2076 vos
2004 2038 2162 2076 omne
2215 2029 2427 2090 tempus
2481 2022 2533 2074 in
2588 2021 2838 2075 humanis
2891 2036 2951 2074 ac
3004 2019 3201 2073 divinis
3253 2016 3442 2072 studiis

1861 2114 2126 2182 exegisse.
2165 2111 2516 2167 Considerate
2569 2128 2697 2184 ergo
2733 2128 2852 2180 qua:
2889 2110 3030 2165 facta
3070 2120 3231 2175 sunt,
3266 2119 3321 2164 et
3367 2107 3441 2160 fa—

1861 2206 2050 2259 ciemla
2082 2205 2447 2274 praescribite,
2492 2213 2548 2257 ut
2577 2213 2628 2258 et
2656 2203 2828 2256 sacris
2855 2202 3062 2272 legibus
3093 2217 3221 2256 suns
3274 2202 3443 2254 honor

1865 2296 2145 2358 reddatur,
2180 2304 2234 2348 et
2261 2295 2455 2363 regalis
2483 2305 2725 2374 potestas
2760 2311 2864 2348 non
2895 2294 3224 2348 annnlletur.
3253 2292 3445 2346 Arttul-

1865 2389 1969 2451 l‘us,
2003 2388 2144 2454 regis
2173 2387 2416 2441 Lotharii
2446 2371 2726 2442 utudicunt
2763 2387 2922 2450 filius,
2957 2395 3078 2454 post
3124 2401 3316 2456 graves
3347 2384 3445 2442 ini-

1869 2477 2100 2531 micitias
2124 2491 2188 2531 ac
2213 2476 2416 2532 scelera
2463 2493 2581 2546 qua:
2612 2478 2663 2531 in
2697 2493 2793 2531 nos
2837 2492 3164 2548 regnumque
3205 2486 3448 2530 nostrum

1867 2568 2128 2627 exercuit.
2156 2569 2273 2622 loco
2305 2570 2545 2638 parentis
2574 2571 2859 2638 adoptatus
2881 2578 2963 2622 est
2989 2585 3017 2622 a
3042 2569 3213 2631 nobis,
3247 2586 3310 2627 ac
3342 2583 3450 2622 me-

1868 2661 2061 2730 tr0poli
2091 2659 2382 2713 Remorum
2415 2661 2584 2729 gratis
2614 2660 2875 2721 donatus,
2901 2657 3279 2727 jusjurandum
3313 2673 3448 2725 pra:-

1869 2751 2000 2814 huit,
2036 2752 2176 2820 quod
2215 2761 2404 2805 contra
2436 2749 2709 2818 pnetcrita
2741 2759 2796 2802 et
2823 2749 3000 2802 futura
3032 2749 3238 2803 valeret
3273 2763 3450 2803 sacra-

1867 2852 2068 2898 menta.
2098 2840 2361 2894 Libellum
2397 2840 2668 2894 fidelitatis
2707 2839 2806 2893 sub
2859 2839 3078 2893 nomine
3123 2838 3451 2908 cyrographi

1867 2934 2214 3003 conscripsit,
2248 2932 2518 2996 recitavit,
2571 2932 2964 2996 corroboravit,
2997 2930 3452 2998 corroborarique

1867 3025 2015 3080 ficit.
2056 3024 2249 3078 Milites
2275 3039 2339 3076 ac
2369 3038 2558 3077 omnes
2596 3022 2741 3077 cives
2780 3022 2966 3092 jurare
3017 3022 3231 3091 coegit,
3284 3031 3344 3074 ut
3391 3021 3454 3074 in

234 3108 405 3162 quoque
431 3094 716 3148 Remorum
747 3093 1208 3161 archiepiscopum
1245 3095 1384 3147 idem
1430 3095 1760 3159 molientem,
1794 3119 1837 3179 ε
1870 3127 2052 3170 "nam,
2094 3114 2446 3184 persistere"!
2491 3113 2593 3166 [me
2617 3152 2632 3177 ’
2673 3112 2720 3165 si
2773 3115 2885 3180 ipse
2932 3111 3221 3177 unum,ij
3266 3111 3322 3163 in
3355 3125 3451 3179 ρο,

237 3200 309 3249 per
351 3185 638 3239 Rothadum
689 3185 755 3216 ¹²⁸
800 3184 1204 3247 Suessonicum,
1253 3193 1306 3238 et
1358 3185 1763 3238 Erchenradum

237 3272 517 3329 Parisiorum
549 3278 886 3346 epiSCOpum,
920 3276 971 3328 in
1000 3275 1251 3329 andetisi
1296 3275 1626 3329 moiiasterio
1670 3289 1767 3343 pro

237 3367 458 3422 similibus
492 3368 692 3422 similia
737 3367 1060 3422 sustinuisse
1094 3367 1292 3435 (FLon.
1349 3365 1418 3419 Η.
1470 3365 1534 3418 [ι’.
1561 3381 1622 3429 ιι,
1650 3365 1764 3435 20).

237 3455 406 3510 iustum
434 3474 558 3530 ergo
586 3459 777 3520 videri,
805 3467 864 3510 ut
901 3459 992 3528 qui
1025 3459 1088 3513 ile
1137 3460 1296 3528 regia.-
1333 3459 1627 3528 majestatis
1664 3457 1770 3511 crio

239 3549 351 3600 mine
377 3548 646 3618 impetitns
691 3549 754 3580 ἠ
813 3549 1082 3602 vocationi
1119 3550 1497 3618 episcoporum
1536 3563 1640 3600 non
1673 3562 1771 3617 pa-

239 3641 390 3699 ruerit,
417 3639 705 3707 judiciaria
735 3649 999 3708 potestate
1029 3650 1327 3693 conventus
1355 3641 1447 3706 sit,
1479 3640 1636 3709 idque
1676 3639 1774 3693 lir-

241 3731 348 3782 mari
376 3746 435 3785 ex
459 3732 719 3787 Africano
755 3733 985 3786 concilio
1014 3732 1170 3786 titulo
1199 3731 1266 3786 58
1300 3749 1313 3786 :

292 3820 370 3894 ἓξ.
395 3821 714 3894 Cresconius
735 3823 1138 3894 Villaregiensis
1164 3825 1470 3893 episcopus,
1501 3823 1654 3894 plebe
1677 3839 1776 3879 sua

244 3888 481 3962 derelicta,
504 3888 1157 3948 Tuhurniensemwinvasit
1177 3888 1514 3958 teet-lesiam;
1531 3908 1584 3948 et
1610 3910 1779 3962 usque
1830 3922 1831 3925 η

244 3957 768 4033 hodie,conminuitns
804 3967 1095 4018 secundum
1128 3967 1268 4033 qttod
1293 3957 1552 4018 statutum
1582 3957 1775 4028 fuerat,

247 4029 515 4103 relinquere
557 4035 780 4086 eandem
831 4049 990 4103 qnam
1048 4029 1320 4088 invaserat
1363 4035 1594 4102 plebem,
1651 4051 1782 4087 con-

249 4100 430 4172 tentpsit
457 4101 718 4156 advetsns
744 4100 942 4156 statuta
981 4120 1100 4171 qua:
1141 4100 1496 4172 pronunciata
1545 4104 1776 4157 fuerant.

243 4168 531 4241 Confirmata
547 4175 760 4238 quidem
777 4168 1097 4237 audivimus,
1111 4168 1202 4227 sed
1220 4176 1469 4241 petimus,
1485 4175 1778 4227 secundum

245 4238 360 4312 quod
399 4241 546 4294 nobis
572 4244 882 4295 mamlatunt
910 4252 986 4296 est
1010 4283 1025 4306 ,
1068 4255 1126 4296 ut
1154 4238 1449 4312 dignemini
1488 4245 1618 4296 dare
1650 4242 1783 4295 lidu-

245 4312 376 4370 ctam,
407 4325 506 4375 quo
534 4312 853 4383 necessitate
877 4317 988 4381 ipsa
1008 4325 1234 4383 cogente
1264 4315 1487 4366 liberum
1509 4314 1664 4366 nobis
1687 4314 1778 4377 sit,

248 4385 476 4453 rei-torem
509 4381 786 4453 provintia;
814 4381 1103 4434 secundum
1131 4393 1330 4436 statuta
1357 4383 1781 4453 glot'iosissintoo

249 4458 343 4497 nun
388 4450 682 4518 principum
725 4451 979 4505 adversus
1015 4453 1158 4505 illum
1191 4453 1340 4505 adire
1357 4450 1380 4513 ,⁷
1416 4461 1472 4503 nt
1517 4453 1607 4519 qui
1662 4453 1776 4505 ntiti

250 4520 583 4593 atriInonitioni
652 4522 974 4593 sanctitatis
1019 4531 1208 4593 vestra:
1272 4523 1654 4593 adipiieseere
1687 4537 1780 4593 no-

254 4583 330 4636 luit
365 4587 423 4617 m
449 4601 500 4641 et
521 4591 807 4643 emendare
835 4588 1118 4654 inlicitum,
1147 4583 1471 4646 auctoriiate
1492 4591 1779 4656 jndieiaria

253 4659 463 4729 protinus
487 4659 817 4712 excludatur.
848 4660 1095 4714 Aurelius
1123 4677 1406 4729 episcopus
1442 4662 1577 4713 dixit
1603 4678 1615 4713 :
1651 4663 1781 4713 Ser-

253 4734 351 4776 Vala
391 4726 551 4780 forma
601 4729 925 4796 disciplinae,
976 4747 1077 4782 non
1129 4726 1528 4784 όχίδιιιιιιιιιιιιιιδ
1577 4731 1784 4798 appeti-

257 4801 340 4863 ιβιδ.
365 4798 404 4848 si
443 4807 612 4851 vestra
650 4802 877 4853 caritate
909 4801 1146 4852 modeste
1171 4809 1488 4863 conventus,
1531 4802 1784 4854 recedere

257 4862 615 4943 detrectarent,
649 4884 769 4921 ettm
801 4869 974 4943 fuerit
1013 4884 1110 4922 suo
1146 4878 1569 4943 contemptu‘eb
1597 4880 1786 4923 contu-

261 4937 395 4985 niatia
433 4937 688 5003 faciente,
741 4940 904 4990 etiam
955 4941 1273 4993 auctoritate
1320 4937 1610 5009 judiciaria
1650 4955 1781 4993 con-

262 5010 439 5056 Ventus.

318 5068 434 5124 Item
473 5091 532 5127 ex
555 5076 727 5128 eodem
754 5073 995 5128 concilio.
1030 5076 1176 5128 titulo
1205 5078 1274 5128 45
1307 5095 1318 5128 :
1361 5076 1501 5128 Sttnt
1544 5075 1787 5128 nlerinue

1870 3214 2115 3258 testatem
2153 3205 2385 3258 hostium
2424 3203 2722 3258 deveniret.
2751 3203 2954 3258 Contra
3002 3204 3115 3257 lucc
3160 3202 3362 3264 omnia,
3392 3210 3454 3255 ut

1868 3313 1946 3352 cet
1964 3297 2152 3350 tissimi
2179 3305 2343 3350 testes
2367 3305 2513 3360 sunt,
2542 3295 2655 3364 ipse
2679 3304 2863 3364 portas
2884 3295 3128 3348 hostibus
3158 3291 3416 3362 patefecit
3439 3307 3456 3356 ;

1869 3386 2071 3440 elerum
2100 3401 2163 3440 ac
2208 3386 2460 3455 populum
2506 3399 2616 3438 suae
2666 3384 2788 3439 lidei
2843 3383 3106 3438 creditum
3158 3381 3459 3450 captivitati

1871 3486 1926 3532 et
1973 3479 2165 3547 przedze
2194 3477 2492 3530 distribuit.
2537 3476 2642 3530 Sed
2674 3485 2815 3540 esto,
2859 3490 2982 3529 eum
3011 3489 3132 3529 esse
3182 3473 3458 3526 addictum

1873 3570 2060 3624 alienae
2107 3568 2382 3638 potestati,
2425 3576 2483 3621 ut
2525 3568 2637 3638 ipse
2676 3568 2845 3622 videri
2875 3567 3018 3630 vult;
3071 3581 3170 3620 cur
3205 3565 3354 3619 cives
3398 3579 3462 3618 ac

1874 3659 2071 3713 milites
2102 3656 2344 3726 pejerare
2375 3658 2547 3727 cogit?
2576 3657 2684 3712 Cur
2711 3673 2862 3710 arma
2894 3666 3083 3709 contra
3119 3669 3220 3708 nos
3249 3670 3457 3722 compa-

1877 3750 1994 3804 rat?
2046 3748 2156 3803 Cur
2193 3752 2380 3803 urbem
2429 3766 2493 3804 ac
2541 3758 2719 3803 castra
2776 3756 2966 3802 contra
3019 3763 3117 3800 nos
3168 3745 3373 3799 munit?
3406 3745 3463 3798 Si

1878 3851 2065 3908 captus
2087 3847 2199 3902 est,
2249 3853 2349 3892 cur
2375 3854 2481 3892 non
2529 3838 2733 3906 patitur
2760 3835 3019 3889 liberari?
3046 3835 3101 3888 Si
3149 3836 3195 3887 vi
3230 3836 3480 3891 hostium.

1879 3944 2188 3999 Oppressus,
2214 3944 2382 3996 quare
2430 3943 2534 3982 non
2568 3927 2680 3980 vult
2724 3927 2825 3980 sibi
2863 3926 3183 3980 subveniri?
3236 3936 3290 3981 ct
3317 3927 3363 3979 si
3401 3926 3464 3982 li-

1879 4020 2099 4074 beratus
2129 4027 2231 4082 est,
2259 4034 2356 4070 cur
2392 4017 2459 4070 ad
2493 4031 2592 4070 nos
2639 4031 2743 4070 neu
2778 4017 2949 4070 redit?
2983 4014 3218 4068 Vocatur
3255 4015 3323 4068 ad
3366 4029 3466 4084 pa-

1882 4112 2102 4176 latium,
2139 4118 2193 4163 et
2231 4110 2414 4163 venire
2464 4108 2816 4177 contempnit.
2869 4107 3134 4162 lnvitatur
3179 4109 3247 4163 ab
3291 4109 3466 4162 archi-

1882 4202 2151 4272 episcopis
2179 4209 2231 4254 et
2261 4201 2620 4271 coepisc0pis,
2659 4199 2793 4254 nihil
2816 4216 2876 4254 se
2908 4201 2988 4255 eis
3011 4199 3209 4254 debere
3244 4215 3467 4270 respon-

1885 4295 1994 4350 det.
2052 4296 2190 4363 Ergo
2215 4294 2305 4363 qui
2365 4295 2510 4348 vices
2546 4293 2914 4363 apostolorum
2971 4293 3192 4354 tenetis.
3246 4295 3470 4348 statuite

1887 4384 2014 4455 quid
2044 4385 2109 4438 de
2143 4384 2313 4438 altero
2342 4382 2478 4438 Juda
2515 4384 2633 4438 fieri
2661 4381 2875 4448 debeat,
2911 4400 2976 4438 ne
3019 4399 3212 4438 nomen
3249 4384 3340 4462 Dei
3366 4400 3470 4453 per

1810 4469 1855 4527 Ι)
1884 4495 1982 4531 nos
2017 4475 2084 4507 ³⁸³
2115 4475 2495 4538 blasfemetur,
2527 4485 2581 4528 et
2625 4490 2691 4528 ne
2744 4473 2885 4528 forte
2923 4474 3076 4543 jttSlO
3126 4475 3312 4530 dolore
3349 4491 3471 4546 per-

1885 4565 2038 4629 moti,
2069 4580 2133 4620 ac
2169 4574 2350 4618 vestra
2402 4564 2774 4621 taciturnitate
2796 4603 2812 4628 ,
2865 4564 3035 4618 urbis.
3065 4564 3339 4620 excidium
3393 4573 3472 4618 to-

1886 4657 2100 4725 tiusque
2132 4654 2424 4724 provinciae
2458 4654 2748 4707 moliamur
2780 4655 3121 4720 incendium;
3153 4670 3254 4709 nec
3302 4655 3471 4725 judici

1887 4747 1995 4801 Deo
2047 4746 2449 4801 excusationem
2491 4744 2866 4812 praetendet-is,
2910 4743 2955 4798 si
2999 4743 3154 4798 nobis
3185 4745 3472 4812 quazrenti-

1886 4838 1987 4892 bus
2027 4845 2190 4907 atque
2219 4835 2599 4907 ignorantibus
2639 4835 2871 4890 formam
2895 4832 3086 4902 judicii
3134 4835 3264 4888 dare
3290 4831 3472 4886 nolue-

1889 4927 2028 4981 ritis.

1956 5013 2046 5068 26.
2116 5015 2248 5070 ltetn
2308 5013 2690 5085 episcoporum
2726 5011 2948 5084 epistola
2985 5012 3054 5065 ad
3101 5009 3327 5064 eundem
3361 5007 3469 5060 "‘z

2036 5103 2261 5128 n...-.:-.-

2413 5104 2858 5128 ..Α..η..,.-.ιε,.ηε.-.η
2911 5099 2978 5128 1³³
3023 5113 3173 5128 “canali
3226 5093 3447 5128 In'annn;
