3948 5350
1405 334 1459 363 ἕξ(

481 368 585 444 tui

1765 383 2143 467 summa
2181 387 2222 441 u
2258 385 2432 443 pars

3554 427 3564 432 -
3621 375 3735 436 3i!

485 478 751 556 consult;
766 503 968 555 sanctae
1004 495 1259 552 Romanae
1284 491 1562 561 accelesite,
1591 507 1690 567 pro
1711 496 1867 552 ruina
1893 506 2057 567 atque
2085 502 2131 559 Α
2159 498 2322 551 duutn
2350 505 2479 551 ante
2503 492 2695 565 ianuas
2720 490 2905 562 palatii
2935 489 3274 561 defatigalos.
3314 502 3415 544 nec
3440 488 3739 551 admissos,

484 601 685 643 occasu
713 584 1065 642 sacerdotalis
1092 585 1317 640 ordinis.
1352 583 1457 641 Sed
1496 584 1840 641 multitudine
1867 594 2059 657 tyran-

488 691 679 731 norum
715 676 908 746 pressi,
945 675 1276 746 longitudine
1308 683 1571 730 terrarum
1601 675 1817 742 semoti,
1847 676 2061 730 deside-

489 768 570 821 ria
594 777 776 822 nostra
799 768 1062 822 hactenus
1085 765 1308 836 implere
1321 766 1679 835 nequivinms.
1706 766 1860 822 Nunc
1882 766 2063 836 itaque

487 869 670 914 vestro
699 858 933 913 examini
981 874 1084 912 non
1128 858 1245 913 sine
1280 873 1476 928 magno
1516 857 1702 914 dolore
1741 858 2066 928 perferimus

489 965 688 1004 novum
726 959 890 1019 atque
921 950 1235 1005 inusitatum
1267 953 1494 1015 crimen,
1524 951 1734 1006 Aruulfl
1770 950 2065 1007 Remorum

491 1040 904 1109 archiepiscopi,
931 1042 1051 1111 qui,
1080 1040 1323 1097 famosus
1364 1050 1608 1112 apostata
1648 1042 1843 1105 factus,
1889 1041 2067 1096 locum

491 1127 643 1183 Judze
682 1129 960 1184 traditoris
997 1130 1126 1185 olim
1174 1130 1226 1184 in
1278 1131 1510 1187 ecclesia
1556 1141 1739 1197 tenet;
1788 1132 1882 1202 qui
1928 1132 2070 1187 filius

492 1219 765 1288 quondam
816 1219 1076 1273 tecclesia:
1133 1218 1530 1286 Laudunensis,
1584 1237 1708 1276 cum
1755 1222 2068 1292 episcopum

491 1326 648 1364 suum
678 1310 801 1366 dolo
828 1319 884 1365 et
915 1311 1105 1366 fraude
1140 1311 1366 1381 ceperit,
1398 1311 1682 1367 ecclesiam
1722 1312 1840 1381 ejus
1877 1328 2073 1382 perva-

495 1400 649 1464 serit,
693 1400 762 1454 ad
808 1397 1080 1454 cumulum
1122 1415 1235 1455 suae
1272 1402 1690 1471 dampnationis,
1726 1403 2070 1470 Remensem,

496 1493 598 1547 sibi
629 1492 916 1557 creditam,
952 1508 1075 1547 cum
1110 1493 1257 1548 clero
1291 1503 1346 1548 et
1387 1494 1583 1564 populo
1617 1495 1932 1564 captivavit,
1971 1510 2073 1551 nec

497 1592 679 1640 movet
707 1600 830 1639 cum
875 1595 1060 1641 nostra
1092 1588 1327 1653 vocatio,
1370 1587 1454 1643 vel
1497 1588 1681 1657 potius
1714 1589 2075 1645 saluberrima

498 1675 807 1731 exhortatio
835 1677 924 1744 ⁸³⁷,
954 1692 1059 1732 non
1099 1679 1627 1749 archiepiscoporum
1666 1680 2079 1751 conprovincia-

498 1765 631 1821 lium
671 1767 987 1822 multotiens
1018 1768 1243 1836 repetita
1282 1769 1622 1832 ammonitio,
1668 1785 1775 1824 non
1817 1769 2078 1824 canonice

2162 584 2363 640 infecto
2402 584 2617 654 negotio
2657 581 2879 636 redisse.
2921 577 3371 649 Astipulabautur
3407 578 3575 632 etiam
3607 577 3742 632 huic

2164 662 2357 729 rationi
2388 671 2659 727 Brunonis
2686 670 2923 740 episcopi
2967 678 3262 739 praesentes
3307 667 3515 731 clerici,
3552 667 3651 735 qui
3683 678 3747 719 se

2163 783 2261 838 pro
2290 764 2406 834 ejus
2449 764 2697 834 captione
2737 760 3039 815 Romanum
3091 759 3159 791 “'
3202 756 3515 828 pontificem
3561 755 3749 810 adisse

2164 857 2443 921 dicebant;
2468 870 2497 908 a
2524 869 2630 925 quo
2654 851 2937 907 maledicta
2961 851 3012 904 in
3042 864 3164 903 reos
3188 863 3312 903 cum
3335 862 3401 900 ex
3417 845 3752 900 auctoritate

2165 946 2459 1016 apostolica
2498 951 2836 1012 expeterent,
2878 939 2996 1009 ejus
3030 938 3261 993 ministri
3304 951 3577 991 summam
3620 933 3753 989 soli-

2168 1036 2357 1090 dorum
2411 1034 2595 1089 decem
2631 1032 2746 1086 dari
2796 1030 3108 1084 censebant.
3157 1025 3363 1092 Quibus
3413 1023 3632 1085 (lerisis.
3688 1035 3757 1075 eo

2167 1126 2310 1195 quod
2340 1125 2384 1179 si
2418 1124 2485 1155 ⁸⁵⁸
2518 1121 2743 1193 pecunia
2782 1118 2969 1174 redimi
2998 1124 3201 1195 posset,
3236 1130 3337 1168 nec
3365 1114 3513 1168 mille
3539 1113 3760 1166 talenta

2171 1192 2353 1271 moras
2384 1200 2669 1277 inferrent,
2714 1211 2815 1265 hoc
2847 1207 3062 1264 tandem
3114 1192 3166 1260 in
3207 1204 3480 1273 responsis
3522 1203 3594 1258 ab
3636 1201 3761 1271 ipso

2172 1307 2426 1378 pontiﬁce
2466 1310 2815 1373 acceperunt,
2862 1309 2923 1354 ut
2965 1299 3010 1354 is
3057 1313 3155 1367 pro
3200 1312 3305 1365 quo
3352 1302 3546 1364 captus
3582 1301 3761 1354 esset,

2172 1399 2314 1454 bene
2351 1397 2424 1452 illi
2472 1393 2831 1467 prospiceret.
2874 1389 2990 1444 Non
3023 1403 3154 1456 ergo
3184 1386 3365 1442 sedem
3397 1383 3762 1455 apostolicam

2174 1489 2304 1545 huic
2351 1484 2552 1557 judicio
2595 1480 2969 1552 praijudicare.
3018 1476 3163 1530 Bene
3206 1488 3422 1544 quoque
3464 1469 3764 1525 Africanos

2177 1582 2461 1650 episcopos
2513 1588 2677 1643 super
2737 1572 2843 1626 hoc
2892 1568 3258 1624 Romanorum
3316 1566 3427 1633 tipo
3481 1570 3768 1631 permotos

2178 1669 2363 1730 fuisse,
2411 1666 2503 1737 qui
2532 1678 2695 1733 super
2738 1662 2840 1716 hac
2887 1674 2945 1713 re
2984 1657 3190 1730 synodo
3232 1655 3336 1709 217
3376 1653 3767 1732 episcoporum

2180 1770 2426 1831 tempore
2479 1755 2679 1811 Zosimi
2735 1768 2887 1823 papae
2940 1751 3195 1805 inchoata
3247 1755 3303 1802 et
3353 1761 3451 1816 per
3511 1753 3766 1812 tempora

502 1857 649 1912 facta
675 1872 858 1913 coram
883 1858 993 1913 Deo
1021 1835 1309 1928 etiangelis
1343 1857 1459 1928 ejus
1484 1858 1773 1927 professio,
1801 1874 1905 1913 non
1931 1859 2077 1914 ciro-
2111 1844 2154 1903 Β
2181 1849 2453 1907 Bonet'acii
2499 1848 2755 1906 distenta,
2800 1842 3126 1909 tandemque
3164 1838 3265 1892 sub
3302 1835 3600 1891 Caelestino
3640 1847 3771 1928 con:

502 1951 690 2022 graphi
715 1951 767 2005 in
782 1962 1071 2022 conspectu
1099 1952 1355 2008 :ecclcsite
1379 1953 1601 2008 recitata
1626 1952 1946 2022 descriptio,
1971 1966 2079 2006 non

504 2060 798 2101 numerosa
853 2056 1217 2113 sacramenta,
1265 2047 1419 2101 miris
1462 2046 1768 2118 excogitata
1818 2043 2081 2099 consiliis.

507 2135 666 2190 Stant
692 2152 790 2193 suo
818 2138 952 2194 vitio
992 2153 1152 2209 quam
1184 2139 1373 2211 plures
1401 2138 1469 2171 ’³⁸
1493 2137 1753 2194 teeclesiae
1778 2136 2087 2207 pastoribus

511 2225 771 2291 viduam;
815 2238 1043 2298 pereunt
1083 2229 1506 2285 innumerabiles
1538 2229 1716 2299 populi
1752 2229 1872 2283 sine
1902 2243 2087 2283 sacer-

508 2312 674 2369 dotali
708 2317 1083 2374 benedictione
1114 2328 1170 2374 et
1211 2320 1656 2386 confirmatione;
1692 2321 1806 2390 ipse
1852 2319 2090 2375 factione

511 2408 817 2476 tyrannica,
865 2409 1045 2463 divina
1107 2410 1452 2479 lmmanaque
1493 2408 1616 2477 jura
1674 2418 2088 2480 contempnens,

512 2498 853 2567 tyrannidem
881 2509 1117 2555 exercet.
1147 2500 1387 2564 Regibus
1417 2502 1638 2567 nostris,
1679 2516 1709 2555 a
1740 2501 1934 2571 quibus
1969 2509 2092 2555 tan-

422 2612 423 2615 η
514 2592 624 2639 tam
650 2585 877 2656 gloriam
905 2588 1075 2659 gratis
1105 2598 1430 2645 consecutus
1454 2598 1559 2653 est,
1596 2591 1875 2644 interitum
1916 2589 2089 2644 medi-

515 2684 678 2731 tatur.
709 2678 848 2749 Ergo
873 2680 1086 2734 tandem
1126 2681 1190 2735 ad
1217 2692 1453 2736 monstra
1482 2680 1836 2751 perditissimi
1859 2679 2096 2737 hominis

516 2769 907 2839 expergefacti,
924 2770 1120 2826 ivimus
1145 2772 1203 2826 in
1226 2773 1551 2828 sententiam
1584 2772 1798 2829 Domini
1825 2774 2054 2828 dicentis
2078 2792 2092 2829 :

519 2858 584 2913 Si
607 2862 893 2927 peccaverit
931 2863 985 2915 in
1022 2872 1071 2917 te
1111 2862 1278 2931 frater
1311 2874 1456 2929 tuus,
1493 2863 1622 2918 vade
1661 2873 1711 2918 et
1746 2865 1954 2932 corripe
1979 2880 2097 2919 eum

522 2948 659 3002 inter
687 2958 736 3003 te
776 2959 823 3003 et
851 2951 1020 3019 ipsum
1047 2951 1239 3007 solum.
1276 2950 1339 3008 Si
1372 2962 1423 3007 te
1449 2952 1701 3016 audierit,
1730 2952 1967 3006 lucratus
1995 2952 2098 3006 eris

521 3039 737 3108 fratrem
759 3050 941 3106 tuum;
970 3044 1016 3096 si
1039 3053 1214 3097 autem
1236 3059 1340 3097 non
1363 3052 1412 3097 te
1430 3042 1680 3107 audierit,
1708 3042 1897 3097 adhibe
1926 3052 2098 3097 tecum

522 3130 694 3184 adhuc
726 3148 891 3187 unum
922 3132 999 3188 vel
1029 3135 1184 3199 duos,
1221 3143 1276 3187 ut
1313 3135 1370 3189 in
1410 3151 1500 3189 ore
1533 3134 1743 3188 testium
1781 3133 1848 3166 “’
1874 3134 2100 3187 duorum

2182 1949 2472 2004 summata,
2503 1939 2630 2009 quid
2654 1938 2719 1991 de
2745 1933 2969 1989 Romani
2993 1932 3227 2002 episcopi
3261 1937 3533 1999 potestate
3568 1921 3768 1981 sentiri

2185 2037 2407 2100 vellent,
2427 2034 2480 2088 in
2503 2030 2721 2088 :eternis
2742 2025 3087 2082 monimentis
3108 2030 3430 2079 statuerunt.
3455 2018 3616 2087 Quod
3642 2031 3776 2071 eon-

2184 2130 2370 2193 cilium
2402 2125 2657 2195 quoniam
2688 2121 2895 2191 insigne
2929 2126 3015 2173 est
3045 2125 3102 2171 et
3137 2115 3282 2170 beati
3311 2112 3603 2184 Augustini
3637 2124 3777 2181 pra:-

2187 2225 2360 2282 sentia
2413 2222 2760 2279 illustratum,
2814 2224 2871 2270 et
2914 2212 3226 2268 artificiosis
3274 2206 3776 2275 consultationibus

2190 2314 2363 2385 cxpoli
2374 2323 2510 2375 tum,
2529 2310 2749 2377 vimque
2763 2304 3072 2373 multiplicis
3086 2300 3389 2373 argumenti
3415 2299 3544 2355 huic
3566 2296 3779 2367 synodo

2193 2390 2439 2479 praebuit,
2468 2406 2535 2459 ad
2554 2402 2772 2473 plenum
2793 2399 2877 2454 his
2898 2397 3065 2468 gestis
3094 2396 3385 2449 adnectere
3412 2389 3547 2444 utile
3564 2387 3781 2459 judica-

2194 2500 2388 2552 vimus.

2264 2586 2356 2642 28.
2398 2582 2562 2639 Multa
2592 2593 2754 2648 super
2783 2576 2870 2631 bis
2896 2574 3059 2630 Pater
3085 2571 3344 2627 Arnulfus
3382 2568 3599 2641 publice
3633 2565 3781 2620 locu-

2198 2692 2284 2735 tus
2320 2689 2424 2743 est,
2459 2673 2627 2730 multa
2658 2686 2780 2726 cum
2808 2669 2909 2724 sibi
2946 2676 3153 2721 tantum
3177 2663 3549 2719 assidentibus
3586 2669 3781 2714 contu-

2198 2770 2288 2834 lit;
2315 2782 2436 2838 quu:
2466 2778 2533 2818 ne
2555 2762 2693 2817 forte
2718 2759 2897 2814 minus
2935 2755 3220 2811 suavitatis
3246 2752 3483 2806 habeant
3520 2750 3597 2802 ita
3632 2761 3784 2813 spar-

2200 2859 2301 2913 sim
2324 2836 2500 2927 posita
2520 2861 2580 2906 ut
2605 2857 2726 2905 sunt
2756 2847 2824 2902 ab
2845 2860 2910 2900 eo
2930 2843 3159 2915 prolata,
3185 2856 3247 2894 ca
3266 2842 3318 2894 iu
3342 2854 3507 2893 unum
3523 2836 3784 2899 colligere

2203 2947 2512 3009 maluimus,
2552 2951 2613 2997 ut
2650 2939 2979 2996 continuata.
3003 2934 3180 2990 oratio
3217 2932 3335 3001 plus
3375 2927 3635 2983 utilitatis
3677 2933 3788 2978 stu-

2203 3038 2357 3093 dioso
2384 3033 2570 3091 lectori
2601 3028 2863 3086 conferat.
2899 3044 2919 3078 ι
2965 3024 3073 3080 Nos
3103 3024 3345 3094 quidem,
3388 3019 3590 3089 inquit,
3636 3029 3793 3071 reve-

2209 3128 2502 3187 renlissitn'i
2540 3125 2606 3158 “’
2638 3125 2852 3190 Patres,
2881 3121 3184 3177 Romanam
3223 3116 3526 3172 (ecclesiam
3562 3122 3789 3183 propter

523 3220 602 3275 ιιι
645 3221 802 3276 trium
846 3233 941 3277 stet
987 3241 1139 3278 omne
1181 3225 1410 3279 uerbum.
1444 3224 1601 3291 Quod
1641 3226 1688 3278 si
1729 3241 1833 3279 non
1873 3224 2102 3278 audierit
2130 3180 2175 3243 Ο
2206 3218 2348 3274 beati
2375 3215 2521 3270 Petri
2550 3211 2867 3268 memoriam
2893 3222 3108 3279 semper
3139 3206 3507 3261 honoraudam
3534 3199 3788 3257 decerni-

525 3329 633 3377 cos,
663 3313 748 3368 dic
770 3313 1037 3369 acdcsite.
1063 3316 1124 3371 Si
1142 3325 1316 3371 autem
1342 3325 1388 3370 et
1416 3315 1704 3370 (ecclesiam
1726 3332 1829 3369 non
1856 3315 2103 3379 audierit,

526 3402 593 3455 sit
623 3403 717 3456 tibi
742 3404 877 3457 sicut
901 3405 1139 3459 ethnicus
1165 3414 1212 3458 et
1233 3405 1541 3471 publicanus
1572 3403 1789 3475 (Matth.
1819 3419 1974 3468 xvm,
2012 3403 2106 3459 l5-

530 3492 641 3562 17).
664 3492 887 3557 Adesto,
914 3492 1101 3559 Pater,
1121 3494 1300 3548 ruenti
1326 3494 1590 3559 ecclesia},
1611 3504 1665 3549 et
1695 3492 2018 3549 sententiam
2042 3508 2109 3549 ex

530 3585 703 3639 sacris
744 3585 1045 3641 cauonibus
1080 3585 1497 3656 promulgatam,
1538 3584 1625 3640 vel
1660 3585 1840 3654 potius
1878 3585 1947 3639 ab
1993 3584 2110 3653 ipsa

533 3674 774 3729 Yeritate
819 3674 1103 3744 prolatam,
1153 3673 1338 3744 profer
1386 3674 1436 3728 in
1481 3689 1652 3729 reum.
1703 3672 2014 3728 Sentiamus
2056 3673 2110 3727 in

536 3765 689 3822 vobis
709 3766 938 3821 alterum
954 3766 1173 3822 Petrum
1200 3766 1539 3822 defensorem
1564 3776 1617 3822 et
1638 3766 2109 3822 corroboratorem

534 3854 859 3912 Christianae
886 3857 1040 3920 fidei;
1074 3855 1217 3912 ferat
1241 3868 1429 3913 sancta
1450 3856 1694 3913 Romana
1713 3856 1957 3913 :ecclesia
1986 3872 2113 3911 sen-

538 3946 760 4002 tentiam
806 3945 1206 4017 dampnationis
1256 3947 1309 4002 in
1358 3962 1540 4011 reum,
1586 3963 1747 4016 quem
1794 3946 2116 4002 universalis

538 4036 797 4107 dampnat
820 4036 1086 4092 mcclesia.
1115 4037 1451 4108 Sufl’ragetur
1478 4038 1634 4093 nobis
1659 4046 1838 4092 vestra
1878 4036 2115 4091 auctori-

539 4137 647 4193 tas,
673 4137 725 4183 et
756 4128 808 4183 in
848 4129 1009 4199 lmjns
1047 4139 1305 4198 apostatte
1336 4119 1654 4197 dejectione,
1691 4138 1745 4183 et
1786 4127 1841 4182 in
1875 4126 1994 4195 ejus
2024 4126 2116 4196 qui

541 4217 723 4273 domui
748 4219 843 4273 Dei
866 4233 1101 4288 praeesse
1120 4218 1295 4289 possit
1313 4217 1703 4287 archiepiscopi
1730 4227 1877 4269 nova'
1898 4204 2119 4269 ordina.

542 4308 714 4371 tione,
747 4308 1015 4377 simulque
1040 4308 1302 4362 invocatis
1331 4307 1598 4377 episcopis
1622 4305 1825 4361 nostris
1857 4303 2119 4359 fratribus

542 4398 852 4452 necessaria
884 4399 1245 4468 promotione,
1278 4407 1337 4451 ut
1378 4398 1614 4452 sciamus
1659 4405 1715 4453 et
1757 4396 2121 4463 intelligamus

2208 3324 2349 3371 mus,
2379 3320 2477 3360 nec
2504 3302 2740 3359 decretis
2785 3300 3153 3355 Romanorum
3197 3295 3519 3349 Pontilicum
3563 3291 3792 3344 obviare

2209 3388 2613 3458 contendimus;
2641 3391 2788 3446 salva
2819 3400 3000 3445 tamen
3022 3386 3348 3442 auctoritate
3384 3382 3573 3437 Niceni
3606 3380 3794 3436 conci-

2210 3489 2286 3552 lii,
2329 3487 2470 3557 quod
2500 3486 2687 3539 eadem
2732 3482 2973 3537 Romana
3012 3478 3243 3535 ecclesia
3279 3490 3498 3546 semper
3531 3482 3792 3527 venenata

2210 3585 2313 3632 est.
2352 3575 2562 3632 Staluta
2603 3574 2768 3629 etiam
2805 3585 3087 3626 sacrorum
3129 3582 3399 3624 canonum
3446 3564 3514 3596 ¹³³
3555 3562 3795 3617 diversis

2213 3666 2365 3728 locis,
2404 3663 2633 3718 diversis
2677 3659 3033 3730 temporibus,
3081 3657 3177 3712 sed
3222 3655 3412 3710 eodem
3463 3652 3556 3706 Dei
3597 3651 3795 3721 spiritu

2213 3757 2570 3818 conditorum,
2635 3754 2686 3808 in
2739 3760 3003 3806 aeternum
3058 3749 3238 3803 valere
3298 3745 3675 3816 pmecipimus,
3731 3741 3795 3794 ab

2212 3849 2462 3904 omnibus
2492 3845 2754 3901 servanda
2784 3858 3090 3899 censemus.
3133 3842 3249 3895 Duo
3280 3849 3461 3892 autetn
3502 3847 3640 3891 sunt
3682 3850 3798 3904 qua:

2214 3951 2542 4010 magnopere
2572 3951 2605 3990 a
2626 3935 2783 3990 nobis
2805 3932 3087 4003 prmvideri
3119 3930 3185 3962 ¹⁵⁵
3211 3930 3428 3990 debent,
3458 3927 3511 3981 id
3540 3936 3630 3981 est
3660 3925 3727 3956 ³³³
3753 3924 3796 3978 si

2216 4027 2443 4084 Romani
2489 4024 2760 4096 pontificis
2817 4022 3089 4076 silentium
3144 4028 3237 4073 aut
3283 4032 3422 4072 nova
3475 4015 3797 4070 constitutio

2215 4117 2568 4190 promulgatis
2612 4115 2817 4184 legibus
2851 4126 3119 4166 canonum
3163 4108 3247 4164 vel
3287 4107 3526 4162 decretis
3555 4105 3798 4174 priorum

2217 4206 2573 4281 prazjudicare
2602 4205 2670 4237 ⁸⁸⁸
2697 4211 2891 4274 potest.
2917 4202 2973 4255 Si
2994 4201 3138 4256 enim
3161 4199 3438 4253 silentium
3462 4196 3799 4265 praeiudicat,

2218 4314 2409 4354 omnes
2454 4298 2620 4367 leges,
2666 4294 2846 4349 omnia
2892 4293 3132 4374 prioru‘m
3173 4290 3413 4352 decreta,
3460 4302 3532 4341 eo
3575 4288 3793 4348 silente,

2220 4390 2382 4445 silere
2422 4400 2643 4443 necesse
2679 4393 2781 4439 est.
2816 4383 2874 4438 Si
2911 4393 3091 4436 autem
3133 4393 3274 4434 nova
3302 4377 3648 4443 constitutio,
3678 4374 3801 4445 quid

542 4504 642 4544 cur
665 4488 806 4543 inter
827 4466 1056 4544 caeteros
1084 4488 1444 4558 apostolatum
1468 4497 1708 4543 vestrum
1741 4485 2000 4557 praeferre
2025 4485 2122 4540 de-
2151 4521 2199 4581 Β
2227 4480 2607 4553 prosuntleges
2625 4478 3015 4541 conditae,cum
3042 4473 3109 4527 ad
3129 4473 3288 4533 unius
3308 4470 3600 4525 arbitrium
3623 4466 3803 4523 omnia

544 4581 785 4635 beamus.
837 4600 858 4633 ι

617 4672 708 4725 27.
749 4671 844 4725 llis
868 4670 1112 4741 epistolis
1151 4671 1203 4727 in
1242 4671 1416 4727 media
1453 4672 1658 4743 synodo
1692 4671 1954 4734 recitatis,
1994 4670 2127 4725 mis-

547 4766 718 4822 sionis
738 4783 925 4823 carum
951 4779 1161 4841 tempus
1181 4778 1235 4826 et
1257 4769 1428 4826 relata
1448 4769 1644 4840 legatio
1659 4769 1735 4824 ab
1751 4766 2131 4823 defensoribus

546 4859 757 4914 Arnulfi
785 4861 1222 4931 perquirebatur.
1260 4862 1327 4917 Et
1364 4862 1431 4917 de
1458 4862 1634 4931 primo
1663 4860 1879 4931 quidem
1920 4856 2125 4913 mensis

547 4951 870 5006 undecimus
920 4952 1368 5022 repperiebatur;
1416 4951 1485 5006 de
1532 4950 1705 5005 altero
1753 4958 1934 5004 autem
1988 4945 2126 5002 nihil

549 5042 809 5072 οιΑ-κληῗσι
835 5041 1050 5072 ιηκιιιιηη
1096 5044 1189 5072 ιιι-Α
1216 5044 1413 5072 ΙΑηηοΑιι
1436 5041 1856 5072 Ιηηοηωοηηῖηιη
1884 5039 2128 5072 Ιὶηηισιηη

2229 4572 2569 4647 dirigantur?
2586 4571 2793 4625 Videtis
2815 4569 2963 4647 quia,
2991 4567 3075 4621 his
3097 4567 3305 4621 duabus
3328 4563 3510 4617 causis
3529 4558 3803 4619 admissis,

2231 4665 2583 4722 ecclesiarum
2617 4661 2711 4715 Dei
2736 4669 2910 4714 status
2947 4655 3303 4726 periclitatur,
3344 4662 3401 4708 et
3436 4653 3567 4705 dum
3602 4649 3806 4720 legibus

2232 4757 2379 4828 leges
2400 4754 2712 4826 quanimus,
2743 4750 2914 4806 nullas
2940 4745 3161 4803 omnino
3187 4745 3337 4815 leges
3359 4743 3630 4797 habemus
3670 4736 3805 4806 Quid

2233 4847 2400 4919 ergo?
2433 4849 2568 4901 hum
2614 4842 2893 4914 privilegio
2933 4837 3161 4893 Romani
3202 4833 3481 4906 pontificis
3516 4828 3804 4900 derogatu-

2230 4939 2387 4994 mus‘l
2433 4936 2687 4998 Minime;
2728 4935 2824 4989 sed
2874 4931 2919 4987 si
2969 4930 3250 4984 Romanus
3299 4926 3594 4996 episcopus
3637 4923 3685 4977 is
3726 4927 3807 4973 est

2229 5041 2389 5072 ηιιριη
2438 5026 2663 5072 scientia
2710 5035 2764 5072 et
2807 5022 2930 5072 vitm
2983 5020 3235 5072 meritum
3288 5014 3656 5072 commendet.
3710 5023 3804 5064 nec
