3948 5350
154 397 248 458 513

1011 405 1255 464 SPURIA
1296 407 1437 464 AU'I'
1476 405 1741 462 ALIENA.
1779 437 1848 446 -
1882 405 2032 464 λετ.
2073 406 2273 463 CONC.
2318 403 2560 460 B.\SOL.

3271 399 3380 462 ΚΗ

157 525 310 583 multo
361 521 538 577 minus
591 522 733 577 idem
780 519 1051 576 silentium
1101 532 1154 577 et
1208 537 1342 576 nova
1397 518 1711 582 constitutio
1742 518 1787 575 Α
1816 516 1943 571 sede
1979 517 2057 571 sic
2085 516 2300 570 inﬁmus
2329 512 2695 574 constituitur,
2731 524 2784 563 ιιι
2817 509 3056 563 etiamm
3092 507 3238 561 clero
3273 509 3394 562 nul-

158 613 483 670 l'o'rmidania
529 620 676 666 sunt.
721 609 836 665 Non
881 613 1024 666 enim
1067 613 1112 667 is
1142 611 1231 682 qui
1277 613 1517 682 quolibet
1560 613 1716 666 modo

156 713 331 762 contra
371 704 520 768 leges
547 713 652 764 est,
686 703 894 775 legibus
923 705 1276 774 przejudicare
1303 713 1498 774 potest.
1526 702 1653 768 Sed,
1685 719 1717 756 0

157 798 364 866 lugenda
397 795 599 850 Roma!
627 812 746 865 qua:
771 798 971 850 nostris
998 797 1291 862 majoribus
1319 785 1464 849 clara
1498 795 1713 848 Patrum

159 885 336 939 lutnina
369 885 667 952 protulisti,
707 887 902 940 nostris
933 887 1262 955 temporibus
1285 895 1617 938 monstrosas
1648 885 1711 916 “7

158 975 394 1028 tenebras
422 973 608 1026 futuro
632 975 828 1029 sa-culo
856 974 1092 1029 famosas
1112 974 1375 1029 oﬂ‘udisti!
1406 975 1543 1030 Olim
1572 989 1721 1028 acce-

155 1065 315 1136 pimus
338 1065 522 1119 claros
545 1065 774 1126 Leones,
802 1083 1024 1136 magnos
1045 1065 1354 1134 Grcgorios.
1382 1067 1518 1133 Quid
1544 1067 1715 1119 dicam

157 1158 214 1210 de
251 1155 468 1210 Gelasio
518 1168 574 1210 et
611 1157 946 1223 Innocentio,
998 1159 1088 1227 qui
1129 1173 1344 1211 onmem
1391 1159 1717 1210 nunidanam

158 1249 573 1321 pliylosophyam
616 1251 684 1283 ³³³
715 1268 812 1305 sua
863 1251 1124 1320 sapientia
1175 1261 1229 1304 et
1276 1249 1582 1318 eloquentia
1631 1266 1719 1301 su-

157 1340 360 1408 perant?
389 1339 577 1410 Longa
621 1342 789 1396 series
828 1357 1012 1394 eorum
1055 1350 1158 1405 est,
1200 1343 1290 1411 qui
1338 1351 1452 1394 sua'
1476 1341 1717 1394 doctrina

161 1431 396 1484 mundum
456 1432 815 1500 repleverunt.
869 1433 1065 1486 Eorum
1115 1434 1296 1502 itaque
1346 1433 1717 1502 dispositioni,

158 1521 234 1589 qui
265 1521 386 1575 vita:
425 1523 625 1576 merito
662 1531 715 1577 et
745 1524 967 1578 scientia
997 1535 1220 1577 cunctos
1257 1523 1512 1577 mortales
1569 1531 1722 1576 ante-

160 1612 304 1671 irent,
339 1616 493 1666 r'ecte
517 1614 1090 1668 universalisazcclesia
1113 1615 1317 1668 credita
1336 1623 1447 1678 est;
1473 1613 1720 1683 quamvis

160 1711 207 1756 et
233 1702 278 1754 in
304 1703 407 1758 liae
441 1705 554 1774 ipsa
580 1704 832 1761 felicitate
859 1705 962 1761 hoc
983 1705 1320 1776 privilegium
1353 1703 1446 1757 tibi
1478 1703 1547 1757 ab
1577 1701 1719 1755 Afri-

159 1795 292 1848 canis
329 1795 608 1865 episcopis
644 1799 1038 1852 contradictum
1087 1798 1179 1858 sit,
1233 1797 1331 1850 has
1379 1795 1542 1850 credo
1585 1809 1720 1864 quas

160 1885 376 1954 patimur
406 1887 681 1950 miserias,
721 1890 888 1958 magis
915 1905 1076 1959 quam
1124 1890 1293 1958 tipum
1336 1887 1723 1942 dominationis

163 1973 582 2030 formidantibus.
617 1975 750 2030 Nam
772 1978 898 2047 quid
928 1980 1027 2032 sub
1048 1980 1162 2032 inec
1186 1989 1427 2047 tempora
1455 1993 1558 2031 non
1589 1976 1724 2031 vidi-

160 2065 293 2118 mus!
330 2065 580 2120 Vidimus
604 2065 928 2133 Jo‘iannem,
954 2079 1316 2140 cognomento
1341 2068 1722 2132 Octavianum,

161 2155 206 2208 in
232 2157 512 2211 volutabro
546 2158 829 2213 libidinum
859 2170 1153 2223 versatum,
1183 2161 1347 2214 etiam
1377 2170 1565 2214 contra
1597 2174 1721 2213 eum

161 2245 420 2311 Ottonem,
475 2263 637 2317 quem
693 2261 978 2319 angustum
1027 2261 1328 2313 creaverat,
1379 2250 1721 2316 conjurasse;

164 2353 256 2406 quo
285 2340 491 2408 lagato,
517 2339 627 2393 Leo
650 2341 950 2411 neopliytus
974 2341 1040 2375 “’
1071 2342 1122 2394 in
1150 2341 1460 2410 pontiﬁcem
1483 2349 1724 2395 creatur.

166 2431 255 2484 Sed
302 2429 504 2485 Ottone
555 2446 757 2485 caesare
805 2431 972 2486 Roma
1020 2432 1348 2490 discedente,
1398 2431 1728 2486 Octavianus

168 2519 370 2573 Romam
421 2520 580 2582 redit,
621 2519 854 2574 Leonem
899 2521 1065 2590 fugat.
1108 2521 1408 2576 Iohannem
1442 2522 1725 2576 diaccvncm

168 2625 300 2671 naso,
342 2611 560 2663 dextris
604 2610 801 2680 digitis,
847 2627 911 2665 ac
959 2611 1136 2682 lingua
1174 2611 1405 2675 mutilat,
1455 2611 1728 2679 multaque

167 2701 279 2753 cede
305 2700 609 2768 primorum
643 2699 695 2752 in
726 2701 858 2754 urbe
882 2701 1269 2764 debacchatus,
1307 2702 1356 2755 in
1384 2703 1532 2756 brevi
1565 2702 1729 2756 mori-

170 2799 257 2839 tur.
284 2787 379 2842 Cui
415 2788 762 2842 Benedictum
786 2789 1064 2844 diacouem
1091 2791 1730 2860 cognomentoGi-amati-

171 2892 273 2930 cum
303 2877 533 2933 Romani
569 2881 924 2947 substituunt;
956 2901 1076 2938 eum
1108 2900 1324 2955 quoque
1354 2883 1461 2938 Leo
1493 2885 1728 2954 neopliy-

173 2977 246 3022 tus
288 2986 411 3055 eum
460 2989 564 3026 suo
616 2988 818 3028 carsare
862 2991 967 3029 non
1017 2975 1172 3041 longe
1221 2985 1340 3044 post
1394 2976 1726 3044 aggreditur,

173 3061 381 3125 obsidet,
432 3065 603 3131 capit,
650 3065 886 3132 deponit,
914 3077 1282 3137 perpetuoque
1313 3067 1474 3120 exilio
1508 3068 1557 3119 in
1598 3067 1732 3119 Ger-

175 3154 388 3208 maniam
419 3155 624 3219 dirigit.
669 3155 923 3211 Succedit
946 3158 1124 3214 Ottoni
1151 3158 1341 3213 cmsari
1376 3174 1547 3210 caesar
1582 3158 1729 3219 Otto,

178 3254 340 3297 nostra
386 3254 550 3300 mtale
588 3257 815 3302 cunctos
841 3249 1111 3319 principes
1147 3251 1336 3312 armis,
1380 3250 1628 3311 consilio,
1671 3265 1735 3305 ac

178 3333 382 3388 si-ientia
437 3352 723 3405 superans.
785 3338 1035 3393 Succedit
1085 3340 1270 3393 Roma»
1315 3341 1366 3393 in
1418 3340 1734 3409 pontilicatu

180 3423 491 3481 horrendum
559 3440 855 3484 monstrum
929 3430 1248 3489 Bonel'acins
1323 3434 1390 3465 ¹⁵⁰
1425 3473 1440 3498 ο
1513 3446 1739 3487 (Ὶιηοῑθ3

181 3517 416 3572 mortales
444 3519 687 3584 nequitia
711 3535 992 3590 superans,
1026 3524 1186 3576 etiam
1237 3524 1436 3592 prioris
1466 3525 1738 3594 pontiﬁcis

180 3609 418 3677 sanguine
454 3621 744 3675 cruentus;
789 3613 880 3666 sed
921 3613 1006 3667 hic
1035 3616 1197 3668 etiam
1233 3615 1448 3684 fugatus
1479 3625 1642 3685 atque
1683 3615 1736 3669 in

183 3711 353 3767 magna
388 3701 601 3769 synodo
626 3702 960 3770 dampnatus.
1003 3716 1124 3772 post
1153 3707 1357 3760 obitum
1388 3707 1492 3760 divi
1525 3708 1740 3762 Ottonis

183 3789 388 3845 Romam
416 3795 574 3856 redit,
609 3796 868 3865 insignem
900 3801 1073 3854 virum
1099 3803 1454 3868 apostolicum
1490 3799 1734 3868 Petrum,

185 3879 446 3949 Papi-usis
469 3886 714 3940 ecclesia:
738 3889 886 3955 prius
909 3891 1234 3953 anti~titem,
1269 3893 1392 3945 data
1427 3909 1741 3947 sacramen-

187 3979 344 4023 torum
377 3975 502 4036 ﬁ.le,
543 3977 612 4056 ab
636 3991 759 4030 arce
791 3978 950 4033 Urbis
986 3979 1188 4046 dejicit,
1223 3983 1463 4052 deponit,
1487 3985 1740 4053 squalore

185 4065 400 4117 carceris
441 4063 693 4120 allectum
744 4069 981 4137 perimit.
1037 4070 1175 4126 Num
1229 4074 1427 4130 talibus
1482 4077 1740 4130 monstris

185 4148 442 4207 hominum
491 4155 782 4224 ignominia
831 4161 1025 4230 plenis,
1069 4163 1292 4218 scientia
1341 4167 1644 4220 divinarum
1685 4177 1741 4222 et

186 4238 522 4297 humanarum
577 4260 754 4299 rerum
803 4251 1006 4315 vacuis,
1061 4253 1372 4308 innmueros
1427 4258 1740 4311 sacerdotes

187 4327 267 4382 Dei
307 4348 397 4400 per
437 4335 625 4388 orbem
671 4347 958 4405 terrarum,
1002 4343 1230 4398 scicntia
1279 4355 1334 4400 et
1375 4347 1499 4401 vita:
1543 4349 1738 4402 merito

187 4421 489 4488 conspicuos
525 4425 616 4488 ⁸³η,
648 4426 837 4496 subjici
863 4431 1134 4484 decretum
1168 4434 1285 4488 est?
1322 4434 1460 4502 Quid
1490 4447 1573 4490 est
1614 4437 1736 4501 hoc,

1822 607 1929 660 lum
1972 607 2173 661 habere
2196 606 2370 658 locum
2419 605 2613 673 dignus
2663 600 3005 655 inveniatur?
3045 599 3182 666 Quid
3226 598 3392 662 hunc,

1822 699 2098 753 reverendi
2142 697 2359 761 Patres,
2415 696 2466 750 in
2512 693 2724 750 sublimi
2781 694 2847 724 ⁸⁸⁸
2877 692 3014 746 solio
3067 692 3392 744 residentem

1822 800 1972 843 veste
2024 804 2292 858 purpurea
2341 795 2395 842 et
2442 801 2605 839 aurea
2660 784 2985 845 radiantem,
3037 782 3166 850 quid
3226 782 3391 842 hunc,

1825 883 2064 950 inquam,
2097 895 2216 939 esse
2241 879 2514 932 censetis?
2535 877 2795 930 Nimirum
2826 874 2868 928 si
2897 873 3123 926 caritate
3149 872 3386 925 destitui

1825 983 1912 1026 tur
1937 972 2155 1040 solaque
2185 971 2408 1025 scientia
2442 968 2656 1022 inllatnr
2683 977 2737 1020 et
2765 965 3066 1024 extollitur,
3110 963 3392 1016 Antichri-

1825 1075 1940 1118 stns
1965 1073 2047 1117 est
2078 1064 2130 1116 in
2165 1062 2362 1130 templo
2393 1061 2481 1114 Dei
2511 1059 2725 1120 sedens,
2759 1066 2813 1110 et
2837 1071 2894 1109 se
2921 1055 3217 1109 ostenl'lcns
3249 1062 3393 1105 tam-

1826 1174 1985 1226 quam
2023 1157 2091 1210 sit
2125 1155 2281 1208 Deus.
2311 1153 2366 1206 Si
2393 1163 2572 1205 autem
2600 1163 2698 1202 nec
2725 1148 2954 1200 karitate
2980 1143 3256 1204 fundatur,
3299 1156 3398 1195 nec

1826 1249 2049 1303 scientia
2097 1247 2342 1316 erigitur,
2391 1245 2441 1298 in
2488 1242 2685 1311 templo
2735 1241 2824 1294 Dei
2875 1248 3146 1306 tamquam
3197 1245 3398 1297 statua,

1828 1353 2100 1410 tamquam
2157 1339 2356 1393 idolum
2413 1346 2536 1400 est,
2605 1350 2634 1388 a
2695 1350 2801 1404 quo
2855 1347 3112 1400 responsa
3168 1338 3397 1400 petere,

1827 1449 2097 1489 marmora
2115 1432 2394 1486 consulere
2422 1441 2502 1485 est
2526 1432 2538 1484 l
2567 1432 2683 1495 Quo
2697 1443 2824 1498 ergo
2838 1426 3141 1480 consultum
3168 1425 3363 1478 ibimus
3382 1423 3401 1476 3

1826 1525 2172 1595 Evangelium
2209 1526 2363 1578 docet
2401 1523 2670 1592 quendam
2708 1522 2760 1575 in
2796 1520 3020 1574 ﬁculnea
3054 1528 3135 1572 ter
3167 1517 3399 1570 fructum

1827 1617 2106 1686 quaesisse,
2134 1626 2187 1670 et
2205 1616 2331 1686 quia
2362 1631 2466 1668 non
2495 1613 2814 1684 reppererit,
2838 1609 3121 1665 succidere
3142 1607 3392 1667 voluisse,

1827 1708 1921 1762 sed
1963 1707 2319 1760 annnonitnm
2363 1705 2430 1736 ’⁵³
2462 1716 2800 1774 expectasse.
2852 1702 3214 1770 Expectcmus
3271 1712 3400 1766 ergo

1829 1798 2082 1866 primates
2139 1806 2350 1850 nostros
2403 1794 2577 1863 quoad
2622 1807 2928 1862 possumus,
2975 1799 3138 1857 atque
3183 1785 3399 1838 interim

1830 1887 1995 1942 divini
2033 1887 2182 1941 verbi
2233 1885 2459 1956 pabula,
2508 1884 2728 1937 ubinam
2762 1879 3026 1950 repperiri
3054 1877 3290 1937 valeant,
3323 1875 3408 1927 in-

1827 1977 2178 2045 vestigemus.
2207 1976 2368 2031 Certe
2401 1976 2453 2028 in
2479 1974 2689 2044 Belgica
2721 1983 2775 2027 et
2802 1970 3092 2027 Germania
3124 1982 3246 2036 quae
3277 1964 3411 2018 vici-

1829 2087 1913 2126 na:
1946 2071 2100 2124 nobis
2130 2079 2276 2134 sunt,
2311 2084 2550 2123 summos
2576 2067 2890 2122 sacerdotes
2923 2063 3017 2117 Dei
3050 2063 3117 2094 ‘"
3151 2060 3410 2129 religione

1828 2162 2116 2216 admodum
2146 2169 2466 2231 praestantes
2497 2159 2748 2222 inveniri,
2775 2157 2827 2210 in
2860 2157 2961 2209 lioc
2988 2168 3145 2208 sacro
3175 2164 3411 2206 conven—

1829 2261 1885 2307 tu
1920 2261 2084 2307 testes
2113 2252 2332 2320 quidam
2369 2260 2524 2312 sunt;
2560 2248 2786 2318 proinde
2816 2246 2860 2301 si
2907 2261 3092 2316 regum
3143 2242 3409 2297 dissiden-

1830 2343 1962 2396 tium
1991 2343 2310 2396 animositas
2339 2356 2441 2394 non
2467 2338 2798 2408 prohiberet,
2834 2335 2956 2389 inde
2995 2333 3167 2404 magis
3195 2332 3406 2400 episco-

1829 2449 2019 2503 pormn
2047 2433 2310 2502 judicium
2341 2431 2632 2501 petendum
2677 2429 2790 2483 fore
2820 2427 3116 2486 videretur,
3155 2439 3313 2490 quam
3344 2421 3414 2474 ab

1831 2541 1894 2579 ea
1923 2526 2075 2591 urbe,
2109 2540 2227 2594 qua:
2261 2539 2402 2577 nunc
2438 2520 2773 2591 emptoribus
2808 2518 3014 2571 venalis
3043 2516 3309 2586 exposita,
3344 2513 3410 2567 ad

1832 2629 2174 2681 nummorum
2218 2613 2574 2682 quantitatem
2617 2608 2817 2676 judicia
2875 2607 3120 2660 trutinat.
3163 2605 3315 2672 Quod
3358 2604 3406 2657 si

1832 2704 2098 2774 quispiam
2152 2702 2374 2765 dixerit,
2411 2701 2711 2756 secundum
2761 2697 3056 2758 Gelasium,
3111 2697 3410 2749 Rontauam

1831 2793 2129 2846 accelesiam
2155 2793 2220 2844 de
2244 2800 2353 2844 tota
2377 2790 2618 2844 :ecclesia
2645 2788 2913 2855 judicare,
2942 2789 3109 2854 ipsam
3127 2787 3192 2838 ad
3214 2783 3409 2836 nullius

1834 2899 2136 2938 commeare
2177 2881 2461 2951 judicium,
2495 2896 2594 2936 nec
2620 2881 2686 2933 de
2732 2877 2848 2946 ejus
2893 2893 3146 2948 umquam
3190 2873 3398 2942 judicio

1829 2971 2078 3040 judicari,
2113 2972 2176 3030 is.
2215 2971 2455 3039 inquam,
2491 2969 2580 3039 qui
2617 2968 2718 3021 hoc
2745 2967 2964 3029 dixerit,
2997 2980 3118 3020 eum
3163 2962 3317 3016 nobis
3357 2961 3422 3026 in,

1835 3061 2065 3115 ecclesia
2122 3060 2365 3113 Romana
2418 3058 2732 3120 constituat,
2783 3057 2847 3110 de
2876 3055 2943 3090 “'
3001 3055 3156 3123 cujus
3195 3051 3408 3121 judicio

1831 3150 2060 3218 judicari
2103 3167 2208 3204 non
2241 3149 2442 3220 possit;
2475 3162 2805 3217 quamquam
2831 3146 2936 3200 hoc
2968 3147 3140 3213 ipsum
3169 3141 3413 3197 Africani

1839 3241 2073 3311 episcopi
2126 3238 2457 3308 impossibile
2498 3237 2762 3306 judicant.
2795 3233 2915 3288 Nisi
2946 3233 3103 3302 forte,
3152 3232 3415 3300 inquiunt,

1837 3330 2112 3401 quisquam
2139 3340 2212 3383 est
2243 3331 2331 3398 qui
2360 3328 2557 3389 credat,
2587 3325 2888 3379 unicnilibet
2939 3340 3085 3394 posse
3134 3321 3418 3374 Dominum

1840 3424 1909 3456 ¹⁵⁶
1945 3434 2176 3477 nostrum
2209 3422 2464 3474 examinis
2507 3420 2763 3488 inspirare
2783 3418 3068 3486 justitiam,
3095 3424 3141 3468 et
3179 3415 3419 3466 inmune-

1838 3517 2088 3569 rabilibus
2133 3514 2199 3546 “"
2247 3514 2568 3584 congregatis
2626 3513 2679 3563 in
2723 3509 2998 3562 concilium
3052 3505 3414 3559 sacerdotibus

1838 3608 2114 3677 denegare.
2150 3605 2256 3660 Sed
2289 3621 2410 3661 cum
2450 3605 2548 3658 hoc
2582 3613 2825 3672 tempore.
2855 3602 3038 3654 [totum
3072 3599 3248 3652 nullus
3277 3612 3416 3667 pene

1839 3700 1930 3762 sit,
1972 3709 2029 3752 ut
2059 3698 2199 3751 fama
2230 3706 2330 3758 est,
2361 3697 2451 3766 qui
2503 3695 2714 3749 litteras
2747 3691 3017 3750 didicerit,
3050 3688 3167 3742 sine
3198 3687 3419 3754 Quibus,

1842 3798 1898 3842 ut
1934 3788 2194 3856 scriptum
2227 3795 2308 3840 est
2329 3825 2342 3849 ,
2373 3786 2458 3838 vix
2506 3783 2799 3838 hostiarius
2827 3777 3078 3838 edicitur,
3109 3792 3214 3844 qua
3246 3773 3422 3827 fronte

1841 3879 2035 3946 aliquis
2087 3893 2271 3930 eorum
2314 3875 2507 3929 docere
2563 3871 2783 3926 audebit
2819 3870 2961 3940 quod
3010 3866 3234 3919 minime
3281 3865 3419 3918 didi-

1843 3973 1916 4025 cit
1952 3971 2061 4022 ""?
2100 3969 2178 4022 Ad
2209 3967 2667 4036 comparationem
2715 3963 2911 4032 quippe
2944 3961 3168 4014 Itoniani
3203 3957 3422 4028 pontiﬁ-

1842 4062 1940 4123 cis,
1970 4061 2020 4113 in
2055 4059 2175 4112 aliis
2219 4057 2592 4112 saec-rdotibns
2625 4054 2926 4124 ignorantia
2965 4062 3259 4119 utcumque
3288 4047 3424 4101 tole-

1842 4151 2031 4204 rabilis
2075 4155 2182 4212 est;
2226 4149 2277 4201 in
2336 4147 2577 4201 Romano
2623 4155 2838 4207 autem,
2877 4145 2964 4199 cui
3013 4143 3079 4196 de
3123 4142 3257 4205 ﬁde,
3289 4140 3424 4204 vita,

1845 4245 2108 4306 maribus,
2135 4242 2414 4311 disciplina
2444 4241 2781 4295 sacerdotum
2806 4240 2978 4307 deque
3001 4237 3292 4292 universali
3317 4251 3424 4292 aec-

1841 4338 2000 4392 clesia
2034 4335 2299 4389 catholica
2326 4334 2680 4403 judicaudum
2713 4340 2818 4393 est,
2857 4330 3225 4385 intolerabilis
3251 4329 3428 4385 videri

1841 4436 2036 4498 potest.
2067 4426 2115 4479 ls
2142 4425 2283 4478 enim
2306 4433 2410 4486 est,
2444 4433 2497 4475 ut
2529 4422 2851 4491 quibusdam
2880 4421 3077 4490 placet,
3111 4419 3202 4490 qui
3233 4434 3424 4472 secun-

189 4514 588 4609 l:livel’tinlissitni
629 4515 849 4572 Patres?
895 4521 977 4575 vel
1015 4539 1250 4591 quonam
1281 4527 1414 4578 vitio
1453 4525 1566 4579 ﬁeri
1615 4541 1737 4580 ονε-
1772 4553 1816 4609 Β
1845 4520 1970 4573 dum
1999 4515 2334 4571 Ezechielem
2354 4514 2668 4584 prophetam
2696 4521 2937 4566 moratur
2959 4513 3008 4564 in
3036 4509 3432 4580 gazopliilatio,

190 4597 278 4653 den
302 4604 404 4656 lum
458 4615 561 4672 est,
617 4617 674 4661 ut
717 4620 876 4678 caput
922 4613 1270 4667 ecclesiarum
1323 4616 1438 4677 Dei,
1491 4616 1632 4684 quod
1686 4617 1738 4671 in

191 4689 397 4786 sublime
442 4709 704 4764 erectum,
749 4702 914 4770 gloria
954 4712 1006 4756 et
1043 4704 1243 4758 honore
1278 4716 1595 4760 coronatum
1636 4717 1739 4773 est,

192 4779 253 4828 ita
285 4779 332 4833 in
356 4781 538 4837 inﬁma
562 4789 609 4837 di
622 4784 852 4855 jectnm,
881 4788 1172 4860 ignominia
1195 4801 1248 4844 et
1271 4793 1534 4847 dedecore
1560 4794 1743 4849 detur-

193 4878 354 4935 patum
405 4875 509 4928 sit?
555 4877 836 4942 Nostrum,
886 4890 1126 4935 nostrum
1165 4893 1246 4936 est
1294 4884 1398 4938 boc
1437 4897 1740 4953 peccatum,

194 4970 354 5012 nostra
387 4963 650 5033 impietas.
674 4967 764 5036 qui
790 4970 1078 5036 quan-imus
1105 4987 1225 5040 quas
1250 4984 1432 5027 nostra
1464 4985 1609 5037 sunt,
1636 4991 1741 5029 non

194 5062 298 5115 qua
319 5048 438 5107 Jesu
471 5053 693 5110 Christi.
721 5056 776 5110 Si
805 5057 948 5111 enim
980 5059 1032 5113 in
1061 5062 1253 5129 quovis
1284 5062 1350 5115 ad
1375 5063 1743 5133 episeopatum

394 5162 598 5174 ,κόνι-..-κ
625 5164 714 5174 και
727 5149 861 5174 ..ξι-ιη
915 5166 928 5174 -

1842 4609 1984 4678 quod
2038 4607 2254 4676 respicit
2307 4607 2448 4657 viam
2515 4603 2888 4667 meridianmn,
2944 4612 2998 4656 et
3066 4605 3300 4654 exettfiat
3365 4600 3424 4651 in.

1845 4699 2104 4755 custodiis
2143 4698 2348 4766 templi.
2387 4696 2496 4751 Cur
2521 4706 2702 4751 autem
2731 4697 2846 4750 loco
2875 4697 3054 4765 prior,
3085 4697 3313 4752 scientia
3347 4697 3428 4750 in-

1846 4790 2035 4853 ferior,
2062 4805 2168 4842 non
2199 4803 2356 4858 teque
2393 4787 2577 4840 animo
2604 4785 2742 4841 ferat
2764 4785 3024 4854 judicium
3056 4785 3172 4840 loco
3203 4784 3438 4838 inferio-

1847 4885 1952 4946 ris,
1983 4881 2209 4936 Scientia
2242 4879 2469 4949 prioris?
2507 4876 2669 4932 Certe
2715 4879 2827 4946 ipse
2858 4877 3225 4944 apostolorum
3276 4875 3426 4942 prin-

1848 4989 1975 5043 ceps
2023 4989 2128 5026 non
2176 4971 2362 5024 abnuit
2405 4967 2692 5035 judicium,
2735 4968 2982 5035 quamvis
3031 4967 3148 5019 loco
3181 4961 3432 5022 minoris,

1848 5064 2021 5128 Pauli,
2075 5063 2299 5118 scientia
2356 5060 2579 5132 prioris,
2632 5061 2686 5114 in
2740 5057 2876 5112 facie
2927 5056 3028 5108 sibi
3084 5049 3420 5109 resistentis;

2187 5170 2238 5174 -_.
2289 5169 2406 5174 -_,_-
2453 5151 2746 5174 -.ε.Ι-1-..ι--..
2788 5146 3028 5174 ληίδος-ζειαὶ
3073 5139 3310 5174 ωηηῖιιιπιῖ
