3948 5350
493 244 599 311 315

1766 254 2146 312 SILVESTER
2177 256 2220 312 ll
2254 256 2455 313 PAPA.

3633 267 3745 320 διε

493 376 669 414 tumes
722 361 1006 415 secundum
1064 363 1318 418 rationem
1368 363 1689 420 humilitatis
1723 383 1876 436 pares
1926 377 2067 421 sunt.
2100 372 2145 431 Α
2173 368 2401 424 libellum
2434 388 2571 437 eum,
2609 373 2663 426 in
2685 388 2788 441 quo
2817 389 2880 428 ea
2934 373 2998 427 de
3025 373 3213 445 quibus
3240 382 3515 437 accusatus
3547 376 3745 445 fuerat,

496 450 623 503 lnvo
650 458 772 504 ntus
801 466 931 521 ergo
962 451 1302 517 criminibus,
1340 454 1543 509 sentiat
1567 470 1802 525 prmesse
1833 456 1935 511 sibi
1966 455 2067 510 Ro-
2098 451 2114 463 ’

491 556 711 596 manum
752 541 1055 611 pontiﬁcem
1075 582 1090 606 ,
1117 550 1172 596 et
1198 542 1287 611 qui
1321 544 1481 598 nullis
1510 545 1871 600 atrocioribus
1911 546 2065 600 lactis

488 640 877 701 praegravatur,
898 633 1159 703 intelligat
1181 650 1387 704 parem,
1415 636 1629 705 dignam
1653 652 1711 691 se
1735 652 1797 690 ac
1817 637 2063 691 Romano

486 722 742 791 pontiﬁce
792 723 842 775 iu
882 724 1124 792 quolibet
1178 726 1396 795 negotio
1450 726 1659 781 laturus
1709 727 2060 780 sententiam.

488 813 594 865 Sed
640 821 788 873 esto;
822 828 1086 881 ponamus
1130 830 1272 869 nunc
1324 814 1506 869 Ronan
1561 831 1682 869 esse
1741 816 2057 880 Damasum;

484 904 610 971 qui!
652 913 842 956 contra
889 902 1006 971 ejus
1046 905 1321 958 decretum
1377 914 1560 957 actum
1618 905 1735 958 est?
1784 903 1986 974 Nempe
2015 905 2059 958 si

483 993 622 1047 bene
654 995 927 1055 recordor,
956 996 1188 1064 primutn
1218 996 1512 1065 capitulum
1544 995 1661 1062 fuit,
1687 995 1829 1064 quod
1853 996 2063 1064 episeo-

486 1096 678 1150 |t0rttm
717 1094 770 1136 et
813 1100 1147 1138 summorum
1182 1088 1518 1155 negotiorum
1567 1086 2061 1140 ecclesiasticorum

483 1172 661 1227 eausm
689 1190 903 1243 semper
926 1175 990 1228 ad
1016 1177 1198 1231 sedem
1224 1178 1575 1247 apostolicam
1606 1179 1713 1231 sint
1739 1176 2058 1231 referendae.

484 1263 680 1334 Utique
728 1265 913 1320 relata:
963 1278 1088 1322 sunt
1135 1286 1238 1322 non
1288 1270 1460 1323 solum
1509 1269 1577 1323 ab
1621 1270 1917 1338 episropis,
1969 1269 2061 1323 sed

406 1358 415 1367 '
480 1356 642 1409 ctiam
670 1372 699 1409 a
729 1358 973 1428 principe
1023 1369 1209 1412 nostro
1237 1360 1623 1414 serenissima:
1650 1360 1934 1428 liberaque
1967 1374 2063 1428 po-

480 1454 648 1499 testas
678 1448 981 1516 apostolicae
1007 1449 1120 1502 sedi
1146 1450 1267 1502 data
1302 1458 1407 1513 cst,
1435 1460 1489 1503 et
1515 1466 1642 1503 vera
1675 1450 2057 1519 investigandi,

481 1551 538 1595 et
572 1544 954 1611 cognmcendi,
990 1553 1044 1595 et
1073 1543 1424 1612 dijudicandi,
1457 1558 1552 1613 per
1575 1552 1872 1612 temporum
1898 1541 2062 1595 inter-

481 1635 613 1688 valla
655 1635 812 1688 nimis
844 1634 1080 1704 ptolixa;
1115 1652 1211 1690 nec
1255 1638 1407 1704 prius
1437 1636 1502 1689 ad
1559 1651 1776 1690 causam
1813 1634 2061 1687 accessi~

2169 476 2289 515 vera
2329 477 2438 516 esse
2477 461 2744 531 confessus
2769 474 2865 528 est,
2900 464 3167 520 obtulisse.
3205 463 3323 531 Qua
3351 464 3412 518 de
3442 481 3497 519 re
3526 466 3617 519 illo
3648 469 3746 522 dc-

2165 559 2354 623 posito,
2384 554 2664 624 episcopali
2689 556 2966 619 sententia,
2992 557 3104 626 ejus
3132 556 3243 611 loco
3265 574 3379 610 cum
3435 557 3748 625 fraternita-

2167 644 2234 697 tis
2256 653 2437 698 vestrte
2459 661 2711 698 consensu
2752 663 2863 701 esse
2890 648 3182 716 episcopum
3212 648 3533 701 ordinatum.

2176 800 2179 803 Α
2245 753 2263 785 ι
2305 735 2441 790 Ecce
2488 737 2578 791 hic
2607 735 2804 790 Paulus
2847 737 3133 807 cpiscotnts
3167 739 3449 808 ignomntc
3480 739 3748 810 Gregorio

2167 825 2474 893 deponitur,
2507 825 2710 881 alteriu
2729 827 2845 880 loco
2863 829 2979 897 ejus
3003 828 3379 892 substituitur;
3410 845 3580 884 causa
3615 846 3743 885 cum

2168 916 2278 969 suis
2298 914 2502 970 effectis
2524 916 2854 985 perlatorem
2878 919 3089 988 apicum
3106 918 3362 990 Gregorio
3379 919 3746 987 signiﬁcatur.

2168 1007 2283 1062 Non
2330 1010 2382 1062 in
2414 1009 2750 1079 depositorcs
2780 1010 3074 1081 Gregorius
3100 1011 3397 1074 ulciscitur,
3438 1012 3535 1066 sed
3572 1012 3625 1065 in
3651 1013 3749 1066 de.

2166 1099 2402 1167 positum
2436 1099 2661 1153 ulterius
2711 1103 2895 1160 saevit;
2940 1100 3017 1153 ait
3066 1099 3210 1152 enim
3249 1110 3373 1169 post
3413 1097 3697 1169 aliquanta
3732 1118 3746 1152 :

2168 1186 2273 1253 Qui
2309 1189 2354 1240 si
2380 1187 2536 1254 forte,
2580 1189 2719 1258 quod
2751 1204 2853 1242 non
2898 1188 3181 1248 credimus,
3205 1198 3317 1256 post
3368 1188 3748 1255 depositionem

2164 1294 2315 1330 suam
2336 1278 2674 1331 inverecunde
2700 1296 2761 1331 ac
2785 1288 2953 1349 mente
2977 1294 3214 1349 perversa
3237 1278 3445 1347 aliquid
3470 1280 3536 1330 de
3549 1280 3749 1348 cpisco-

2165 1379 2291 1438 patu
2342 1368 2504 1438 loqui,
2551 1379 2704 1437 atque
2751 1387 2932 1423 rursus
2983 1369 3052 1422 ad
3097 1369 3191 1421 hoc
3242 1368 3469 1436 qualibet
3508 1369 3749 1435 aspirare

2164 1461 2565 1529 prtesumptione
2617 1461 2976 1526 temptaverit,
3032 1460 3378 1528 fraternitatis
3441 1470 3625 1515 vestra’
3694 1475 3747 1513 se

2166 1564 2347 1605 contra
2391 1552 2766 1621 improbitatem
2814 1553 2977 1613 ipsius
3020 1553 3230 1606 omnino
3273 1551 3420 1621 vigor
3472 1551 3746 1615 accendat,

2167 1653 2322 1712 atque
2361 1640 2623 1695 Dominici
2660 1644 2895 1710 corporis
2949 1652 2996 1695 et
3053 1641 3321 1711 sanguinis
3380 1642 3751 1694 communione

480 1743 622 1790 mus,
658 1743 817 1796 quam
848 1729 1427 1798 desperationejudicii
1451 1727 1565 1797 ejus
1589 1729 2052 1798 protraherentur.
2093 1719 2130 1776 Ii
2159 1734 2439 1804 primum",
2472 1736 2524 1787 εη
2556 1734 2870 1788 monasterio
2900 1750 3018 1787 eum
3070 1750 3231 1802 usque
3278 1732 3348 1785 ad
3396 1732 3536 1785 diem
3576 1732 3748 1785 obitu;

479 1821 766 1877 Cotsnlnts
797 1830 878 1876 est
907 1838 1036 1894 ergo
1066 1823 1342 1879 Romanus
1380 1825 1666 1895 episcopus
1698 1833 1757 1878 ut
1792 1824 2053 1891 oportuit,

477 1924 527 1967 et
556 1915 619 1967 dc
648 1913 807 1979 hujus
833 1914 1038 1967 Aruulli
1061 1916 1414 1984 depositione,
1442 1926 1495 1970 et
1524 1916 1589 1969 de
1614 1914 1731 1982 ejus
1756 1915 1845 1980 qui
1864 1913 2047 1966 domui

478 2008 508 2058 tl
534 2020 635 2075 gne
665 2021 895 2074 pl'lBt'SSf:
924 2007 1090 2076 possit
1120 2008 1185 2038 ’⁵⁵
1209 2007 1622 2062 substitutione.
1657 2005 1761 2061 Sed
1794 2022 1890 2059 cur
1923 2005 2056 2059 nihil

481 2100 842 2168 re~pondcrit,
872 2114 1101 2168 quorum
1142 2099 1370 2153 interest
1400 2099 1501 2168 ipsi
1536 2098 1801 2156 viderint;
1835 2112 1932 2150 nos
1959 2113 2055 2149 au-

478 2198 583 2242 tem
618 2189 939 2243 Sardicrnse
968 2190 1278 2250 concilium,
1328 2189 1467 2260 quod
1496 2189 1778 2258 privilegio
1801 2187 2058 2242 Romana:

477 2284 718 2336 cerfesa:
746 2281 1039 2350 plurimum
1075 2281 1238 2347 l‘avel,
1279 2282 1351 2336 ita
1386 2283 1452 2337 ad
1483 2283 1623 2335 banc
1655 2297 1875 2335 causam
1908 2279 2059 2334 infle-

477 2370 708 2435 etinms,
755 2380 812 2423 ut
855 2371 998 2439 quod
1028 2372 1094 2424 de
1123 2372 1239 2426 solo
1288 2373 1546 2441 episcopo
1579 2371 1631 2425 in
1665 2370 1901 2440 qualibet
1929 2386 2059 2440 pro-

478 2461 657 2514 vincia
701 2460 889 2516 relicto
917 2462 1079 2528 dicit,
1122 2463 1190 2516 ad
1241 2463 1541 2516 llontanum
1586 2462 1896 2530 episcopum
1932 2459 2059 2514 alic-

479 2562 624 2605 czutn
665 2567 784 2606 esse
815 2554 1119 2608 credamus.
1173 2553 1264 2608 Sic
1293 2554 1437 2609 enim
1485 2553 1735 2620 habetur,
1784 2553 1937 2606 titulo
1968 2552 2000 2605 6
2040 2568 2054 2605 :

479 2638 637 2694 Osius
663 2643 931 2710 episcopus
956 2643 1088 2696 dixit
1117 2656 1135 2694 :
1161 2643 1221 2698 Si
1249 2644 1522 2714 contigerit
1547 2645 1601 2696 in
1636 2660 1740 2696 una
1769 2644 2057 2711 provincia,

475 2733 530 2785 in
561 2750 662 2802 qua
685 2734 877 2803 fuerint
906 2734 1117 2803 plurimi
1148 2736 1397 2805 episcopi,
1424 2751 1587 2790 unum
1618 2734 1754 2805 forte
1786 2751 2059 2788 renunere

475 2822 791 2891 episcopum,
822 2821 909 2875 ille
932 2840 1047 2876 vero
1067 2840 1159 2893 per
1174 2824 1538 2894 negligentiam
1563 2822 1786 2878 noluerit
1812 2823 2060 2876 ordinare

476 2912 792 2980 episcopum,
843 2922 889 2966 et
939 2914 1118 2982 populi
1173 2915 1503 2968 convenerint
1557 2913 1826 2983 episcopos
1877 2913 2059 2967 vicina:

482 3001 696 3068 prorinc
720 3018 784 3065 αι,
817 3001 1001 3054 debere
1022 3001 1169 3055 illum
1191 3003 1336 3071 prius
1366 3002 1628 3056 conveniri
1651 3002 1942 3072 cpiscOpum
1967 3001 2057 3071 qui

480 3090 536 3141 in
561 3090 739 3141 eadem
762 3091 1028 3155 provincia
1055 3103 1312 3155 ntoratur,
1345 3104 1390 3144 et
1416 3093 1687 3146 ostendere
1711 3094 1850 3164 quod
1878 3091 2056 3160 populi

481 3190 658 3247 petant
708 3181 807 3234 sibi
846 3191 1127 3247 rectorem,
1159 3193 1205 3235 et
1237 3182 1332 3235 hoc
1368 3183 1577 3253 justum
1617 3199 1748 3245 esse.
1786 3193 1840 3237 ut
1875 3193 1923 3237 et
1953 3183 2054 3252 ipsi

479 3272 725 3337 veniant,
770 3283 819 3327 et
854 3289 972 3326 cum
1017 3274 1128 3343 ipso
1179 3275 1419 3328 ordinent
1462 3277 1779 3345 episcopum.
1822 3275 1975 3342 Quod
2014 3276 2060 3329 si

479 3372 761 3416 conventus
793 3361 980 3417 litteris
1010 3366 1255 3431 tacuerit,
1290 3375 1338 3419 et
1369 3365 1801 3431 dissimulaverit,
1833 3365 2063 3438 nihilque

481 3452 835 3521 responderit,
886 3464 1009 3507 tunc
1069 3455 1498 3523 satisfaciendum
1556 3472 1666 3510 esse
1727 3456 1960 3527 populis,
2006 3467 2061 3510 ut

482 3541 687 3594 veniant
721 3558 786 3596 ea:
828 3542 1007 3597 vicinis
1050 3546 1330 3614 provinciis
1376 3556 1423 3600 et
1474 3546 1715 3600 ordinent
1742 3548 2059 3617 episcopum.

485 3628 651 3686 Juxta
697 3632 857 3703 bujus
910 3635 1194 3689 sententia:
1246 3644 1511 3701 tenorem,
1537 3637 1603 3689 ad
1632 3637 1945 3706 petitionem
1968 3652 2065 3706 po-

482 3728 732 3798 palorum
766 3731 833 3784 ab
871 3730 1140 3801 episcopis
1186 3740 1242 3787 et
1270 3731 1514 3803 principe
1545 3742 1842 3787 conventus
1871 3741 1974 3800 est,
2008 3739 2067 3787 ut

483 3834 582 3873 sua
612 3820 940 3876 auctoritate
966 3821 1229 3878 Arnull'us
1260 3823 1645 3893 deponeretur,
1689 3832 1745 3877 et
1775 3823 1913 3879 alter
1938 3824 2066 3879 sub-

481 3908 818 3963 stitueretur.
856 3908 991 3976 Quia
1027 3925 1160 3981 ergo
1199 3920 1498 3966 conventus
1534 3912 1732 3967 litteris
1766 3914 1935 3967 tacuit
1964 3953 1978 3976 ,
2009 3922 2065 3969 et

483 3999 864 4065 dissimulavit,
887 4011 941 4056 et
964 4002 1097 4056 nihil
1129 4004 1424 4072 respondit,
1452 4020 1595 4057 tmnc
1616 4002 2064 4059 satisfaciendum

483 4104 605 4144 csse
647 4090 862 4161 populis
887 4105 1116 4160 censeo,
1149 4102 1209 4147 ut
1237 4094 1475 4163 episcopi
1502 4094 1594 4165 qtti
1630 4109 1695 4149 ex
1721 4095 1914 4150 vicinis
1941 4110 2067 4165 pro-

483 4181 679 4236 vinciis
717 4196 1112 4252 convenerunt,
1145 4196 1201 4242 et
1242 4187 1384 4243 hunc
1431 4189 1738 4253 Aruulfum,
1773 4188 1816 4243 si
1851 4188 2064 4255 deposi-

485 4272 631 4325 tione
654 4275 847 4345 dignus
867 4285 971 4341 est,
995 4277 1287 4347 deponant,
1315 4288 1371 4334 et
1393 4282 1436 4334 si
1465 4279 1605 4336 forte
1632 4282 1722 4351 qui
1756 4279 1938 4333 domui
1969 4279 2065 4333 Dei

487 4376 722 4430 praeesse
761 4364 929 4433 possit
960 4376 1202 4434 repertus
1232 4378 1333 4432 est,
1366 4369 1679 4438 episcopum
1704 4369 2059 4423 constituant.

486 4449 553 4504 Et
580 4453 834 4520 quoniam
875 4454 1136 4511 Damasus
1181 4459 1556 4528 episcoporum
1601 4476 1809 4513 summa
1842 4459 2062 4529 negotia

485 4545 918 4614 metropolitanis
957 4548 1226 4604 discutere
1261 4553 1538 4616 concedit,
1571 4552 1938 4608 deﬁnitionem
1963 4568 2060 4608 eo-

492 4646 611 4688 rum
664 4649 777 4691 sua:
821 4639 1075 4706 potestati
1118 4642 1405 4708 attribuit;
1443 4642 1668 4697 Datnaso
1708 4644 1922 4712 quidem
1953 4659 2059 4699 non

489 4727 825 4795 resistimus,
861 4732 954 4785 sed
989 4732 1247 4802 scriptum
1280 4734 1420 4789 beati
1450 4734 1696 4806 Gregorii
1727 4738 1778 4792 in
1822 4738 2058 4792 medium

488 4817 818 4890 proferimus
850 4837 864 4875 :
899 4820 1078 4884 Later,
1113 4826 1302 4894 inquit,
1331 4828 1664 4894 prasentium
1696 4826 1970 4881 Νεωεεὶοη
1992 4828 2060 4880 ad

487 4926 582 4966 nos
611 4911 839 4976 veniens,
880 4914 1129 4967 iudicavit
1175 4912 1405 4970 Paulum
1438 4916 1705 4971 Deaclintc
1741 4919 1807 4949 ¹⁶⁰
1830 4918 2056 4973 civitatis

484 5004 804 5075 episcopum,
828 5006 964 5060 inter
991 5005 1098 5061 alia
1143 5008 1284 5063 mala
1315 5009 1368 5063 in
1404 5010 1665 5079 corporali
1712 5012 1928 5066 crimine
1975 5011 2059 5067 la-

1611 5104 2059 5157 "Im'ehabitaco-

551 5112 632 5128 ...σε
678 5114 703 5123 ι-
735 5114 839 5122 ο-ο--
870 5112 901 5118 εν
931 5115 939 5118 <
1104 5116 1168 5124 -..-
1186 5112 1558 5132 -ι,”-⁴.,--ι...ς‹

2158 1822 2240 1874 sui
2298 1822 2367 1875 ad
2424 1823 2681 1892 agendam
2736 1833 2880 1876 curet
2928 1823 3281 1891 paenitentiam
3333 1821 3749 1885 retrudendum;

2156 1916 2403 1985 quatinus
2457 1915 2739 1983 perpetrati
2796 1912 3006 1968 sceleris
3061 1910 3297 1965 maculas
3349 1912 3525 1981 dignis
3580 1912 3751 1964 discat

2157 2007 2361 2075 ﬂetibus
2400 2008 2700 2067 emundare,
2732 2021 2862 2072 quas
2889 2003 3053 2072 magis
3085 2005 3139 2057 in
3170 2003 3383 2056 interitu
3412 2002 3605 2054 anima:
3635 2016 3751 2053 stur

2159 2098 2393 2166 nequiter
2429 2112 2618 2163 augere
2652 2094 2937 2148 desiderat.
2982 2093 3265 2160 Quomodo
3296 2106 3439 2146 nunc
3466 2092 3747 2143 decretum

2159 2187 2375 2242 Eitsebii
2408 2202 2558 2256 papae
2586 2198 2859 2241 servatum
2888 2185 3009 2240 est?
3046 2184 3258 2239 Etenim
3301 2183 3463 2254 paulo
3513 2192 3641 2236 ante
3695 2183 3747 2235 in

2161 2287 2305 2332 tomo
2329 2276 2583 2331 decretali
2613 2274 2809 2330 lectum
2833 2284 2915 2330 est
2944 2293 2957 2327 :
2982 2272 3112 2328 Oves
3136 2291 3256 2344 ergo
3280 2289 3399 2342 qua:
3425 2274 3628 2341 pastori
3650 2288 3749 2324 suo

2159 2365 2450 2420 commissa:
2478 2364 2699 2433 fuerint,
2731 2380 2848 2417 eum
2883 2380 2973 2417 nec
3002 2362 3396 2429 reprehendere.
3419 2361 3522 2413 nisi
3549 2378 3581 2412 α
3605 2370 3749 2412 recta

2158 2455 2265 2523 [ide
2291 2454 2679 2514 exorbitaverit,
2713 2452 2918 2515 debent,
2946 2468 3035 2504 nec
3060 2449 3322 2502 ullatenus
3351 2464 3604 2501 accusare
3622 2463 3749 2514 pose

2159 2557 2313 2609 sunt;
2357 2546 2481 2616 quia
2536 2545 2675 2599 facta
2725 2544 3002 2613 pastorum
3034 2542 3150 2595 ovis
3186 2539 3251 2571 “‘
3282 2540 3459 2609 gladio
3492 2537 3744 2591 ferienda

2161 2655 2263 2695 non
2287 2648 2773 2707 sunt,quatnquam
2799 2645 2944 2691 recte
2968 2634 3410 2704 reprehendenda
3435 2631 3747 2684 videantur.

2160 2733 2319 2789 Certe
2346 2733 2432 2786 ltie
2454 2731 2652 2786 Paulus
2679 2746 2707 2784 a
2736 2728 2848 2783 suis
2873 2728 3083 2789 ovibus,
3118 2726 3169 2779 id
3192 2734 3274 2779 est
3302 2740 3331 2778 a
3361 2723 3476 2778 suis
3503 2722 3746 2783 clericis.

2163 2825 2522 2894 reprehensus
2569 2831 2624 2877 et
2666 2833 2953 2875 accusatus
2992 2827 3102 2893 est,
3134 2831 3239 2870 non
3279 2815 3345 2868 de
3386 2813 3491 2866 fide
3538 2812 3634 2866 sed
3684 2812 3749 2865 de

2162 2915 2428 2986 corporali
2482 2914 2732 2969 crimine.
2778 2912 2835 2966 ltt
2886 2911 2989 2965 ltac
3042 2912 3223 2978 itaque
3274 2907 3622 2961 decretorum
3666 2903 3750 2957 vel

2163 3021 2430 3061 canonum
2462 3006 2725 3057 varietate
2758 3005 2860 3057 ltoc
2902 3001 3299 3056 observandum
3329 3007 3434 3064 est,
3468 3006 3526 3050 ιιι
3556 3011 3750 3050 causa-

2164 3114 2280 3151 rum
2319 3105 2547 3152 eventus
2588 3095 2748 3149 lineut
2790 3093 3059 3161 aceipiant
3102 3091 3255 3158 juxta
3301 3090 3368 3121 “'
3399 3090 3745 3160 (equitatem,

2162 3186 2323 3241 nullis
2370 3187 2676 3240 animorum
2735 3180 3238 3253 perturbatimtibus
3291 3180 3596 3249 improvide
3653 3178 3750 3231 ad-

2161 3278 2366 3333 mixtis.
2416 3276 2484 3331 Et
2511 3276 2764 3345 quoniam
2803 3273 3000 3328 summi
3032 3270 3229 3342 negotii
3259 3270 3656 3324 discussionem
3694 3276 3751 3323 et

2163 3369 2526 3424 definitionem
2569 3383 2598 3419 a
2635 3364 3048 3435 metropolitano
3079 3363 3265 3423 primae
3300 3359 3625 3415 instituatur:
3658 3359 3740 3412 fa-

2162 3471 2305 3516 ctam
2330 3459 2494 3514 fuisse
2517 3458 2888 3529 cognovimus,
2912 3456 3200 3510 doceamus
3221 3453 3382 3508 etiam
3410 3467 3572 3514 nunc,
3598 3450 3745 3521 quod

2161 3549 2430 3620 episc0pis
2480 3550 2655 3615 etiam,
2680 3561 2897 3601 suorum
2947 3543 3487 3613 metropolitanorum
3534 3554 3749 3594 summa

2164 3641 2377 3709 negotia
2401 3639 2671 3694 discutere
2699 3635 2877 3690 liceat.
2910 3633 3113 3688 Scribit
3142 3631 3267 3686 item
3297 3629 3594 3700 Gregorius
3625 3628 3746 3682 uni-

2163 3733 2337 3787 versis
2385 3730 2656 3801 episcopis
2714 3726 2932 3782 concilii
2986 3723 3230 3778 Vizacltii
3265 3739 3278 3773 :
3312 3719 3495 3784 Sicut,
3548 3718 3744 3788 ittqttit,

2163 3823 2428 3878 laudabile
2474 3823 2858 3889 discretumque
2897 3827 2996 3882 est,
3026 3824 3364 3870 reverentiam
3411 3822 3458 3864 et
3491 3811 3746 3864 honorem

2163 3916 2393 3969 debitum
2460 3913 2700 3967 exhibere
2744 3908 3038 3981 prioribus,
3080 3906 3154 3959 ita
3196 3903 3528 3958 rectitudinis
3558 3911 3606 3956 et
3648 3900 3747 3955 Dei

2165 4006 2368 4060 timoris
2402 4012 2498 4067 est,
2528 4004 2574 4058 si
2600 4018 2705 4072 qua
2737 4003 2790 4054 in
2819 4016 2905 4054 eos
2928 3996 3265 4051 correctionis
3302 3993 3558 4063 indigent,
3601 3990 3747 4046 nulla

2164 4094 2588 4151 dissimulatione
2640 4101 2979 4162 postponere;
3034 4103 3097 4140 ne
3151 4095 3341 4149 totum,
3386 4082 3530 4154 quod
3588 4084 3745 4147 absit,

2165 4203 2354 4257 corpus
2402 4185 2616 4253 incipiat
2657 4182 2867 4235 morbus
2918 4177 3195 4241 invadere,
3231 4176 3278 4230 si
3319 4175 3508 4245 (angor
3534 4173 3606 4205 ¹⁶³
3646 4191 3746 4228 non

2167 4279 2325 4348 fuerit
2354 4286 2568 4331 curatus
2598 4277 2651 4327 in
2680 4275 2867 4342 capite.
2908 4272 3039 4325 Ante
3069 4268 3291 4322 multum
3330 4264 3592 4336 siquidem
3620 4275 3746 4318 tent-

2165 4372 2306 4442 poris
2353 4370 2595 4439 ([1103de
2638 4366 2706 4418 ad
2748 4382 2839 4418 nos
2894 4364 2957 4416 de
3003 4361 3170 4430 fratre
3218 4369 3395 4411 nostro
3434 4355 3743 4439 Clementia,

2164 4464 2388 4533 primate
2419 4468 2606 4520 vestro,
2654 4455 2856 4526 perlata
2905 4462 3045 4513 sunt,
3087 4466 3204 4521 qua:
3242 4464 3332 4502 cor
3365 4457 3607 4500 nostrum
3645 4462 3744 4499 non

2166 4554 2369 4607 modico
2398 4565 2598 4603 merore
2619 4547 3013 4615 transﬁgerent;
3044 4542 3133 4596 sed
3157 4538 3509 4613 prementibus
3529 4536 3744 4590 diversis

2163 4640 2607 4699 tribulationibus.
2630 4650 2676 4691 et
2703 4630 3460 4694 maximecircumuenientibus
3487 4630 3741 4692 hostibus,

2152 4718 2227 4790 ea
2253 4734 2397 4787 nobis
2424 4747 2526 4784 non
2564 4730 2661 4798 fttit
2692 4728 2916 4797 spatium
2951 4722 3267 4795 requirendi.
3297 4718 3363 4773 Et
3385 4736 3639 4789 quoniam
3671 4719 3742 4772 ita

2166 4837 2286 4882 sunt
2310 4825 2513 4896 gravia,
2534 4832 2587 4875 ut
2613 4818 3145 4874 transireindiscussa
3161 4811 3304 4867 nullo
3326 4812 3481 4865 modo
3503 4810 3743 4865 debeant.

2168 4914 2553 4986 fraternitatem
2582 4919 2802 4962 vestram
2833 4906 2914 4958 his
2945 4906 3220 4957 hortamur
3247 4900 3521 4969 a/fatibus,
3551 4911 3607 4951 ut
3631 4913 3742 4952 cum

2178 5005 2323 5060 omni
2356 4999 2707 5056 sollicitudine
2753 5013 2813 5049 ac
2867 4996 3172 5057 vivacitate,
3224 4991 3452 5045 veritatis
3493 4989 3745 5056 indagare

2164 5094 2508 5157 substantiam
2541 5087 2718 5144 multis
2741 5085 2907 5139 modis
2929 5084 3208 5147 debeatur;
3231 5093 3276 5136 et
3300 5091 3354 5135 ut
3387 5080 3574 5133 audita
3604 5087 3740 5141 sunt,
