3948 5350
163 388 249 454 3l'l
1008 388 1255 446 SPURIA
1298 388 1436 444 AUT
1478 383 1748 441 ALlENA.

1788 412 1859 422 η-
1901 380 2048 436 ᾹΕΤ.
2089 377 2286 434 CUNC.
2324 373 2562 432 BASOL.

3300 364 3405 418 5l8

165 515 289 565 tione
333 521 433 560 non
474 504 682 576 jaceat.
735 501 885 557 Unde
945 520 1006 556 ne
1048 502 1166 572 quis
1216 502 1430 555 desidia?
1471 511 1616 568 tepor
1676 497 1728 549 in
1763 499 1806 555 Α
1839 492 1980 563 regis
2008 491 2245 544 amicitia
2278 505 2406 542 usus
2437 487 2602 540 fuisse
2643 482 2924 536 convictus
2955 487 3037 535 est
3076 478 3141 530 ad
3200 475 3416 530 Childc-

167 598 478 666 rcquisitione
532 595 624 658 sit,
675 609 1030 646 onuuonemus
1086 591 1152 622 ’⁸⁵
1205 602 1257 643 ut
1305 608 1408 643 non
1455 588 1730 658 cujusdam

166 705 376 761 persona:
409 686 477 738 sit
525 686 724 755 gratia,
768 701 868 737 non
902 685 1067 751 favor,
1105 699 1206 735 non
1247 683 1625 741 blandimenta,
1659 678 1733 732 vel

166 778 400 849 quodlibet
449 776 638 840 aliud,
679 791 992 845 quemquam
1039 783 1264 827 vestrum
1296 773 1370 825 vel
1401 770 1465 823 ab
1501 771 1580 822 liis
1616 782 1734 838 qua:

169 871 291 923 nobis
331 869 576 920 nuntiata
620 877 742 920 sunt
785 865 1006 928 molliat,
1041 864 1115 917 vel
1165 881 1195 916 a
1245 862 1452 915 tramite
1500 858 1732 914 veritatis

169 961 406 1019 excutiat;
469 957 564 1010 sed
614 956 1016 1008 sacerdotaliter
1065 955 1132 1006 ad
1180 953 1592 1021 investigandum
1645 966 1732 1002 vos

167 1052 405 1106 raritatem
433 1065 650 1117 prop'er
683 1049 846 1101 Deum
877 1064 952 1100 ac:
972 1048 1150 1116 ingite.
1184 1045 1324 1099 Nam
1349 1053 1391 1098 si
1414 1045 1526 1108 quis
1557 1045 1607 1095 in
1636 1043 1733 1094 ltoc

169 1155 242 1192 aut
269 1143 408 1208 piger
429 1157 573 1198 esse,
602 1152 692 1192 aut
724 1140 1072 1209 neglegentem
1104 1155 1158 1192 se
1179 1138 1564 1206 prosumpserit
1588 1135 1734 1188 exhi-

170 1234 282 1294 bere,
311 1232 460 1284 diciis
504 1232 817 1284 criminibus
842 1233 983 1299 apud
1014 1232 1416 1298 omnipotentem
1447 1228 1731 1281 Dominum

170 1337 214 1374 se
238 1322 417 1373 noverit
447 1337 564 1373 esse
584 1322 912 1390 participem,
930 1322 1084 1390 cujus
1111 1321 1218 1372 zelo
1236 1320 1303 1372 ad
1325 1319 1732 1387 perscrutandas

172 1411 492 1464 "'subtili'er
520 1413 740 1480 nefandi
771 1429 958 1465 causas
981 1413 1235 1479 facinoris
1266 1427 1366 1463 non
1387 1419 1635 1463 movetur.
1670 1408 1734 1462 Et

171 1507 243 1558 hic
273 1505 513 1573 profecto
549 1505 922 1575 intelligimus,
955 1505 1152 1557 nullam
1181 1519 1467 1574 personam
1505 1516 1733 1569 peccan-

173 1607 259 1649 tem
281 1611 412 1655 esse,
433 1612 558 1664 qu:e
578 1594 788 1662 judicio
805 1596 1124 1649 universalis
1152 1594 1407 1649 {ecclesim
1427 1610 1530 1647 non
1555 1590 1735 1659 subju-

170 1685 490 1740 ceat.0mnis
511 1688 660 1740 enim
687 1688 1044 1742 criminaliler
1072 1702 1324 1755 peccans,
1359 1685 1522 1745 velut,
1550 1685 1619 1736 ita
1655 1684 1734 1736 di-

171 1794 289 1840 cam,
319 1778 606 1841 alterutris,
638 1791 694 1834 et
721 1782 872 1849 quasi
892 1781 1101 1849 legibus
1129 1780 1305 1846 capite
1336 1777 1514 1830 minor
1547 1791 1733 1830 cense-

172 1878 259 1918 tur.
288 1867 596 1920 Accusatur
626 1868 764 1936 apud
799 1868 1017 1920 beatum
1053 1867 1120 1896 ⁸⁸⁸
1147 1866 1465 1936 Gregorium
1495 1865 1732 1919 Lucillus

173 1955 326 2009 “dita:
356 1956 499 1996 “7-”
528 1957 896 2026 (incivitatis
941 1959 1258 2025 episcopus,
1287 1966 1339 2009 et
1378 1972 1440 2009 ex
1489 1956 1734 2025 epistolis

171 2050 590 2116 coepiscoporum
622 2049 761 2101 illata
778 2049 1006 2102 crimina
1037 2065 1158 2101 vera
1190 2063 1308 2102 esse
1331 2049 1634 2114 cognoscit.
1665 2047 1732 2100 Et

171 2138 288 2200 iceo,
307 2139 495 2206 inquit,
521 2140 653 2207 quia
678 2141 808 2193 tanti
831 2140 1084 2207 facinoris
1111 2141 1238 2192 ultio
1266 2139 1412 2192 nulla
1431 2139 1736 2192 debetdtla-

173 2238 288 2278 tona
310 2228 532 2295 differri,
553 2230 855 2296 fraternitas
882 2240 1048 2281 vestra
1070 2239 1173 2282 tres
1190 2229 1266 2282 vel
1281 2240 1532 2298 quattuor
1547 2231 1609 2283 de
1625 2228 1736 2295 fru-

174 2318 310 2368 tribus
332 2335 388 2370 oc
403 2320 867 2372 consacerdotibus
894 2321 992 2372 sibi
1015 2321 1204 2373 nostris
1233 2321 1502 2383 adhibeat,
1530 2307 1582 2371 ut
1609 2320 1734 2388 ipsis

171 2425 344 2475 quoque
387 2410 758 2477 pra'sentibus,
804 2410 1055 2477 pra-dicta
1086 2427 1147 2462 ac
1177 2412 1451 2477 satisfacto
1498 2412 1732 2473 veritate,

172 2501 446 2562 pit-dictum
479 2497 746 2550 Lucillum
776 2499 840 2550 de
864 2503 1192 2564 episcopatus
1235 2502 1435 2559 ordine,
1465 2517 1614 2570 quem
1640 2503 1736 2552 ltu-

174 2586 241 2649 ius
267 2588 462 2640 sceleris
493 2590 793 2656 eorttugium
833 2589 1136 2654 maculavit,
1167 2591 1375 2643 studeat
1420 2592 1534 2644 sine
1565 2591 1732 2642 ambi-

175 2676 339 2744 gairate
366 2678 646 2746 deponere.
677 2678 1022 2748 Progr-editur
1075 2680 1233 2743 ultra,
1288 2689 1339 2734 et
1393 2681 1444 2734 in
1488 2681 1736 2734 conscios

176 2768 433 2821 criminum
469 2770 692 2839 dignam
725 2770 969 2823 Ronnano
1006 2773 1264 2840 pontilice
1293 2773 1620 2825 sententiam
1648 2772 1733 2840 ja-

177 2858 390 2913 culatur:
425 2863 571 2926 Quia
595 2879 734 2926 vero,
767 2864 952 2932 inquit,
987 2866 1259 2931 presbiteri
1292 2865 1371 2918 vel
1393 2866 1738 2933 diaconiqui-

178 2951 279 3002 dant
304 2953 521 3016 prodita:
570 2954 862 3022 in:'quitatis
907 2953 1073 3017 fuisse
1111 2955 1306 3006 conscii
1355 2971 1417 3006 ac
1455 2955 1735 3022 participes

180 3055 522 3107 memorantur,
549 3046 799 3098 sancsitas
824 3055 987 3098 vestra
1005 3046 1182 3098 subtili
1207 3047 1542 3114 indagatione
1563 3047 1736 3097 discn-

180 3134 287 3197 tiat;
312 3147 354 3188 et
375 3137 418 3188 si
446 3138 519 3190 ita
556 3141 856 3206 reppererit,
883 3139 946 3190 ab
973 3139 1189 3191 honoris
1225 3141 1308 3192 sui
1340 3149 1385 3191 et
1419 3140 1561 3208 ipsos
1589 3140 1733 3191 simi-

1836 585 1972 638 berti
2000 585 2138 654 regis
2164 583 2243 635 sui
2272 579 2666 640 inﬁdelitatem,
2711 577 2764 628 in
2790 574 2926 626 urbe
2949 569 3193 625 Mettensi
3228 583 3256 621 a
3287 566 3418 621 Gal-

1836 677 2030 729 liarum
2091 673 2360 743 episcopis
2419 669 2714 740 depositus,
2770 665 2910 734 apud
2973 663 3419 732 Argentoratum,

1833 784 1954 838 qua:
1985 783 2126 821 nunc
2155 763 2528 833 Strateburgis
2554 763 2770 822 dicitur,
2804 766 3062 828 perpetuo
3083 755 3246 807 exilio
3267 752 3419 806 dam-

1835 869 2026 929 pnatus
2049 865 2161 920 est;
2188 857 2272 910 cui
2301 870 2420 908 mox
2450 851 2752 914 nonnullius,
2781 849 2911 918 Lupi
2945 847 3098 900 ducis
3123 845 3286 908 illius,
3307 842 3420 910 iam

1839 949 2110 1017 presbiter
2143 944 2518 1002 substituitur;
2554 957 2651 994 nec
2685 955 2911 1008 magnus
2947 936 3269 1000 Gregorius,
3303 933 3418 1002 pri-

1834 1039 2008 1107 vilegii
2051 1038 2305 1090 Routanae
2337 1033 2595 1088 tcevlcsiuz
2624 1031 2924 1084 acerrimus
2951 1028 3226 1089 defensor,
3261 1025 3417 1094 quic-

1833 1145 1995 1196 quam
2036 1127 2242 1196 probis
2276 1135 2367 1178 aut
2422 1134 2610 1178 contra
2657 1124 2770 1176 lucc
2829 1120 3031 1173 dixisse
3089 1118 3416 1186 repperitur.

1836 1221 1950 1274 Eho
1979 1221 2165 1282 etiam,
2199 1218 2438 1285 ejusdem
2473 1216 2755 1270 Remensis
2802 1213 3062 1267 tecclesize
3110 1210 3422 1276 metropoli-

1837 1321 2014 1374 tauus,
2044 1311 2113 1363 ob
2145 1311 2348 1363 crimen
2381 1310 2542 1378 regia:
2585 1305 2880 1375 majestatis
2907 1303 3044 1372 apud
3082 1301 3419 1354 'l‘heodonis-

1834 1401 2012 1454 villam
2048 1400 2115 1430 ¹⁷³
2146 1415 2174 1452 a
2207 1398 2504 1453 Galliarum
2552 1395 2820 1464 episcopis
2873 1392 3182 1460 deponitur,
3237 1389 3422 1455 longe-

1834 1507 1940 1561 que
1988 1500 2165 1559 posta
2199 1488 2420 1541 Nieolao
2468 1502 2602 1555 papa
2656 1483 2917 1552 requisita
2956 1489 3007 1534 et
3037 1480 3251 1548 cognita
3307 1479 3424 1546 ejus

1834 1584 2101 1653 depositio
2131 1591 2233 1642 est,
2268 1597 2330 1635 ac
2361 1580 2556 1634 deinde
2587 1594 2614 1630 a
2646 1577 2838 1644 Sergio
2871 1575 3246 1630 corroborata.
3283 1571 3424 1636 Quid

1833 1677 2007 1746 ergo?
2039 1675 2174 1728 Num
2207 1673 2419 1726 Damasi
2446 1672 2659 1723 decreta
2691 1665 3151 1736 dampnabimus?
3185 1662 3422 1714 Minime.

1837 1766 1944 1819 Sed
1975 1766 2025 1818 in
2060 1764 2238 1817 causis
2279 1762 2573 1814 latentibus
2603 1769 2652 1811 et
2691 1759 2740 1810 in
2782 1757 2975 1825 quibus
3000 1754 3068 1807 ob
3093 1751 3426 1822 magnitudi-

1765 1849 1807 1906 B
1839 1873 1957 1910 nem
1981 1857 2060 1910 sui
2081 1856 2226 1924 justa
2252 1852 2564 1922 provocatio
2595 1849 2672 1911 ﬁt,
2701 1849 2766 1901 ad
2791 1845 3103 1899 universale
3134 1843 3425 1898 concilium

1837 1948 1919 2000 vel
1953 1948 2017 2000 ad
2051 1948 2335 2000 l):unasum
2377 1957 2740 2001 recurremus,
2775 1939 2817 1992 si
2855 1948 3036 1991 tamen
3076 1952 3199 1987 eum
3242 1934 3426 1986 Bona:

1837 2037 2162 2091 corumorari
2216 2034 2575 2096 audierimus;
2636 2031 2885 2100 quamvis
2933 2028 3096 2079 etiam
3137 2025 3202 2078 ad
3244 2027 3427 2078 l)ama-

1837 2144 1958 2181 sum
2020 2127 2333 2194 provocatio
2379 2123 2654 2177 Africanis
2705 2121 3013 2174 inhibeatur
3062 2116 3330 2178 conciliis,
3371 2123 3430 2174 ut

1836 2218 2088 2287 superius
2111 2217 2311 2272 dictum
2343 2227 2397 2268 et
2425 2215 2603 2268 adhuc
2629 2213 2914 2266 dicendum
2941 2221 3042 2261 est.
3078 2209 3145 2261 At
3176 2209 3226 2260 in
3252 2205 3429 2259 causis

1839 2307 2184 2363 evidentibus
2236 2317 2289 2359 ct
2336 2306 2388 2359 in
2431 2297 2630 2375 quibus
2666 2305 2732 2355 ad
2765 2303 3070 2355 Rorttannm
3113 2299 3428 2368 episcopum

1837 2400 1978 2454 nulla
1999 2393 2322 2468 provocatio
2358 2397 2436 2460 fit,
2478 2394 2908 2465 provincialibus
2960 2391 3040 2444 vel
3097 2387 3431 2455 conprovir.-

1836 2493 2066 2546 cialihus
2123 2500 2340 2544 utemur
2395 2488 2659 2543 conciliis.
2703 2485 2855 2550 Quod
2898 2484 3063 2537 etiam
3125 2480 3429 2533 Antioccua

1837 2581 2060 2635 simultis
2098 2579 2236 2634 velle
2265 2580 2479 2632 videtur
2514 2573 2752 2645 capitulo
2784 2573 2875 2627 Ην
2906 2591 2917 2625 :
2963 2571 3024 2626 Si
3061 2571 3196 2640 quis,
3231 2568 3428 2635 inquit,

1837 2678 2108 2742 episcopus
2140 2673 2204 2726 de
2235 2671 2498 2740 aliquibus
2531 2669 2705 2722 causis
2738 2663 3099 2718 criminulilms
3132 2665 3184 2714 in
3217 2659 3429 2730 judicio

1835 2767 2194 2833 episcoporum
2220 2763 2374 2830 fuerit
2401 2759 2468 2792 ¹⁷⁵
2499 2770 2795 2819 accusatus,
2831 2760 3097 2822 contingat
3138 2761 3311 2804 autem
3363 2751 3429 2804 dc

1837 2856 1962 2926 ipsis
2001 2853 2254 2921 episcopis
2320 2851 2593 2921 provintitc
2640 2849 2730 2919 qui
2773 2854 3140 2904 convenerunt,
3191 2843 3426 2896 diversas

1838 2948 2028 3000 habere
2049 2945 2355 3005 sententias,
2399 2951 2446 2995 et
2497 2940 2631 2993 alios
2674 2938 2884 3010 quidem
2940 2939 3263 2988 innocentem
3302 2948 3423 2985 eum

1837 3037 2200 3108 pronuntiare,
2256 3034 2389 3087 alios
2419 3045 2604 3085 reum:
2647 3039 2856 3099 propter
2907 3025 3210 3095 huiusmodi
3254 3023 3431 3091 itaque

1840 3125 2248 3179 controversiam
2305 3120 2704 3191 antputundum,
2748 3116 2945 3185 placuit
2993 3122 3188 3166 sancite
3231 3111 3431 3181 synodo

181 3222 279 3275 lim
293 3226 450 3292 gradu
467 3225 700 3295 dejiciat,
724 3238 770 3280 et
796 3231 849 3281 in
878 3231 1228 3292 monasteriis,
1258 3229 1513 3299 abidignc
1529 3229 1730 3283 valeam
1763 3202 1806 3261 (ἶ
1842 3215 2301 3285 metrOpolitannm
2337 3212 2634 3281 episcopum
2665 3207 2884 3260 alterius
2930 3204 3115 3257 vicina:
3144 3199 3430 3271 provincia:

181 3330 310 3381 agere
333 3320 711 3385 paenitentiam,
741 3321 1073 3389 deputentur.
1117 3322 1226 3375 Non
1258 3323 1432 3377 adhuc
1466 3324 1598 3376 satis
1628 3334 1732 3389 est,

183 3407 284 3473 quia
309 3411 405 3463 scit
449 3412 656 3465 dictum
700 3413 981 3468 lezechieli
1014 3416 1080 3447 ¹⁶⁹
1113 3417 1390 3484 propheta:
1437 3435 1449 3470 :
1484 3415 1592 3470 Fili
1635 3419 1732 3470 lio-

184 3499 330 3596 ruinis,
358 3503 571 3571 perfode
594 3506 840 3572 parietem
869 3506 1086 3576 (lfzeclt.
1129 3512 1254 3575 XII.)
1285 3537 1354 3548 —
1386 3527 1403 3558 ι
1441 3507 1547 3561 Sed
1581 3509 1732 3577 quia,

183 3591 346 3656 inquit.
379 3608 472 3660 per
509 3594 610 3646 hos
635 3594 786 3647 multi
817 3596 973 3664 huius
999 3596 1118 3650 labe
1146 3599 1352 3666 peccati
1381 3599 1736 3667 perhibentur

184 3691 283 3730 esse
306 3681 573 3748 ωηιξη-δί,
619 3693 844 3738 cunctOs
877 3686 966 3753 qui
1019 3686 1095 3739 rei
1150 3687 1216 3718 ¹⁷⁰
1264 3701 1383 3741 esse
1416 3686 1734 3752 claruerint,

184 3766 418 3826 Dominici
439 3775 682 3842 corporis
703 3791 764 3830 ac
783 3778 1062 3846 sanguinis
1085 3779 1499 3849 participatione
1522 3780 1735 3849 privare

185 3873 263 3912 τος
285 3866 548 3917 convenit.
587 3884 603 3916 ι
642 3867 777 3921 Ecce
809 3869 894 3923 hic
925 3869 1220 3940 Gregorius
1253 3886 1356 3925 non
1385 3880 1556 3925 nutrit
1581 3872 1735 3937 vitia,

186 3950 261 4002 sed
294 3966 548 4022 amputat.
588 3956 725 4022 Quid
781 3969 862 4014 est
921 3961 1066 4015 enim
1115 3962 1260 4016 aliud
1318 3964 1384 4018 dc
1435 3963 1737 4017 manifestis

186 4046 392 4109 peccatis
437 4057 636 4113 tacere,
673 4067 832 4120 quam
865 4053 1069 4107 scelera
1119 4055 1366 4108 nutrire?
1432 4055 1536 4109 Sed
1579 4064 1731 4121 esto;

187 4139 430 4190 taceamus
460 4139 526 4191 de
550 4139 633 4192 his
655 4141 705 4193 in
733 4143 929 4210 quibus
956 4159 1113 4198 neruo
1139 4160 1198 4198 se
1226 4145 1328 4199 ledi
1349 4145 1734 4215 conqueritur;

186 4225 290 4291 quid
335 4230 499 4282 acturi
541 4231 762 4298 erimus,
788 4235 832 4288 si
881 4237 1074 4289 armati
1123 4237 1286 4291 duces
1330 4238 1556 4308 genialis
1610 4238 1734 4292 lCt'li

188 4326 417 4414 poeturna
443 4320 583 4376 furta
611 4325 1113 4394 deprehenderint?
1143 4329 1198 4384 Si
1228 4331 1349 4384 irati
1377 4348 1531 4400 reges
1553 4347 1738 4400 quem-

188 4403 294 4461 libet
331 4421 566 4466 nostrum
606 4416 907 4481 majestalis
947 4434 1095 4473 reum
1136 4423 1519 4476 conviceriut?
1571 4422 1733 4488 Quid,

190 4512 396 4608 Ittqpam.
431 4508 600 4560 acturi
647 4510 872 4576 eriums,
905 4512 947 4565 si
980 4513 1210 4580 quodam
1262 4513 1496 4566 colludio
1547 4513 1724 4582 longis
1764 4552 1808 4608 D

189 4593 498 4665 ambagibus.
530 4601 801 4669 proplexis
843 4605 1275 4659 Cavillationilms
1304 4621 1360 4660 se
1392 4605 1570 4658 deludi
1603 4620 1727 4658 sen-

190 4682 374 4739 serint?
405 4687 539 4742 Num
566 4707 659 4746 eos
683 4693 868 4762 judicii
903 4695 1128 4749 formam
1163 4697 1350 4748 Ronue
1385 4696 1613 4766 pecunia
1643 4712 1728 4749 re-

191 4768 469 4871 dempturos
509 4781 726 4846 putatis,
769 4798 1028 4851 reumque
1078 4785 1175 4838 sibi
1221 4784 1551 4847 defuturum,
1600 4784 1729 4852 quin

191 4870 284 4959 {tm
313 4873 361 4916 et
388 4870 590 4936 argenti
617 4879 824 4925 amatos
855 4871 1112 4927 Rourrauis
1145 4874 1210 4904 ’7‘
1241 4872 1451 4937 ollerat,
1485 4874 1527 4926 si
1555 4889 1613 4928 se
1647 4889 1731 4927 re-

193 4949 296 5005 δίίίί
317 4961 530 5023 Pecunia
555 4964 775 5029 speret?
803 4964 872 5018 At
895 4965 938 5018 si
969 4979 1170 5022 remota
1198 4966 1266 5021 ab
1290 4983 1386 5021 usu
1414 4976 1468 5021 et
1499 4982 1723 5022 consue-

195 5045 348 5141 tudine
385 5058 435 5102 et
461 5053 633 5120 spatio
671 5065 937 5108 terrarum
968 5072 1084 5112 esse
1122 5058 1328 5128 putatis
1357 5073 1479 5126 qua:
1526 5073 1724 5128 propo-

197 5145 364 5200 ιηἰιηιε,
394 5141 498 5196 sint
528 5145 677 5199 vobis
726 5147 968 5218 exempla
995 5165 1022 5202 e
1052 5150 1233 5204 vicino
1282 5149 1470 5219 petita.
1505 5150 1729 5220 Egidius

196 5237 334 5295 mle,
374 5231 657 5292 Remorum
685 5240 1146 5313 archiepisc0pus,
1182 5244 1306 5314 quia
1341 5242 1600 5313 llilperici
1656 5241 1723 5272 ¹⁷²

1839 3310 2087 3362 advocari
2135 3317 2182 3360 et
2219 3307 2518 3376 aliquantos
2560 3317 2676 3354 cum
2718 3315 2777 3353 eo
2817 3299 3082 3366 episcopos
3128 3294 3297 3354 alios;
3341 3291 3431 3361 qui

1837 3401 2036 3468 pariter
2061 3399 2363 3458 residentes,
2388 3407 2730 3462 quwcumque
2755 3390 2974 3459 fuerint,
3005 3387 3256 3439 dirimunt
3280 3398 3430 3453 qua:-

1837 3490 2080 3551 stionem,
2105 3497 2318 3557 propter
2375 3487 2494 3546 ltoc,
2533 3493 2586 3537 ut
2620 3483 2831 3552 [irmum
2858 3480 2923 3532 sit
2952 3477 3238 3548 judicium,
3289 3469 3428 3543 quod

1838 3580 1902 3632 ab
1959 3579 2120 3632 unius
2172 3577 2455 3647 provincia:
2498 3574 2756 3643 episcopis
2811 3570 2968 3640 fuerit
3017 3565 3431 3636 promulgatum.

1839 3666 2095 3733 Quamvis
2116 3674 2170 3719 et
2193 3667 2292 3718 hoc
2319 3663 2603 3718 concilium
2625 3661 2767 3732 quod
2792 3660 2856 3712 de
2880 3658 3086 3727 privata
3111 3650 3422 3723 coepiscopi

1842 3757 2014 3812 nostri
2045 3771 2207 3810 camsa
2235 3755 2436 3826 agitur,
2463 3751 2771 3806 universale
2799 3747 2968 3802 videri
3001 3747 3215 3805 debeat,
3244 3750 3431 3808 utpote

1842 3850 2075 3920 plurium
2105 3847 2506 3918 provinciarum
2531 3844 2736 3914 judicia
2768 3841 3074 3897 continens.
3105 3837 3168 3890 Et
3194 3849 3260 3888 ne
3290 3832 3430 3886 forte

1842 3941 1909 3994 ad
1942 3940 2197 4010 placitura
2229 3939 2372 4007 loqui
2405 3937 2688 3990 videamur
2730 3943 3084 3998 veterumque
3132 3923 3434 3981 sententias

1843 4031 1981 4085 male
2021 4028 2392 4096 interpretari,
2425 4026 2608 4079 audite
2629 4023 2757 4092 quid
2797 4022 2924 4075 hinc
2947 4018 3146 4073 sentiat
3178 4015 3430 4068 lliucura-

1844 4139 1936 4177 rus
1967 4121 2261 4175 Remorum
2297 4116 2765 4186 archiepiscopus,
2796 4121 2850 4166 et
2888 4110 2940 4163 in
2976 4111 3092 4177 lege
3125 4109 3216 4161 Dei
3249 4103 3432 4158 erudi-

1844 4217 2102 4270 tissimus.
2137 4211 2394 4268 Scribeus
2427 4209 2570 4263 enim
2602 4207 2668 4260 ad
2699 4203 2976 4258 Nicolaum
3002 4215 3196 4270 papam
3231 4197 3302 4250 ita
3336 4195 3423 4248 iu-

1841 4310 1995 4379 quit:
2046 4308 2189 4360 Absit
2232 4323 2262 4359 a
2297 4304 2461 4365 nobis,
2507 4310 2559 4352 ut
2590 4296 2925 4368 privilegium
2967 4293 3152 4362 prima:
3183 4299 3228 4342 et
3280 4303 3428 4340 sum-

1840 4416 1938 4452 ma:
1969 4400 2107 4453 sedis
2132 4406 2327 4450 sancttv
2358 4393 2610 4446 (latitante
2636 4386 2884 4442 a'cclesia:
2915 4381 3178 4454 pontiﬁcis
3221 4395 3315 4446 pro
3347 4377 3423 4430 sic

1845 4488 1911 4520 ¹⁷⁵
1959 4486 2424 4558 parvipendamus,
2462 4491 2514 4533 ut
2554 4477 2935 4532 controversias
2985 4483 3030 4526 et
3077 4471 3259 4540 jurgia
3319 4479 3431 4519 tum

1836 4581 2119 4649 superioris
2149 4594 2305 4647 quam
2333 4576 2490 4628 etiam
2520 4569 2788 4640 inferioris
2811 4563 3033 4628 ordinis,
3065 4577 3182 4632 qua:
3235 4558 3430 4612 Νίσιξηὶ

1838 4683 1884 4725 et
1908 4671 2082 4724 caueri
2112 4685 2385 4722 sacrorum
2418 4666 2764 4720 conciliorum
2789 4676 3034 4720 canones,
3059 4667 3105 4710 et
3133 4651 3431 4708 Innocentii

1839 4771 1994 4830 atque
2024 4758 2251 4811 aliorum
2283 4767 2480 4810 sancta:
2524 4755 2778 4808 Romamn
2810 4749 2946 4803 sedis
2991 4744 3299 4815 pontificum
3342 4739 3434 4791 de-

1839 4859 1981 4904 creta
2011 4849 2063 4900 in
2091 4847 2304 4917 synodis
2333 4845 2736 4916 provincialibus
2768 4859 2799 4894 a
2841 4834 3252 4907 metropolitanis
3294 4844 3432 4898 pra?-

1836 4942 2036 5012 cipiunt
2077 4939 2374 5002 terminari,
2402 4938 2470 4991 ad
2503 4947 2726 4990 vestram
2773 4945 3032 4984 summum
3063 4921 3431 4978 auctoritatem

1835 5031 2165 5104 fatigandam
2200 5031 2478 5084 ducamus.
2518 5031 2583 5083 At
2619 5029 2663 5083 si
2703 5026 2834 5093 forte
2872 5025 2934 5076 de
2965 5016 3216 5090 episcopis
3265 5027 3430 5063 causa

1834 5135 1957 5178 nota
1992 5122 2171 5190 fuerit,
2203 5122 2342 5175 unde
2384 5131 2526 5174 certa
2567 5131 2614 5175 et
2663 5131 2905 5186 expressa
2950 5114 3006 5164 in
3029 5107 3193 5164 sacris
3232 5102 3432 5169 regulis

1832 5232 1934 5270 non
1963 5214 2248 5267 habeamus
2269 5214 2500 5282 judicia,
2522 5223 2570 5267 et
2609 5213 2670 5266 ob
2703 5212 2753 5262 id
2802 5207 2854 5259 in
2899 5195 3216 5271 provinciali
3252 5194 3327 5248 vel
3362 5196 3418 5246 in
