3948 5350
540 372 649 428 519

1773 352 2151 412 SILVESTER
2190 352 2236 408 il
2275 352 2472 409 PAPA.

3641 354 3761 413 39.0

490 470 925 540 -romprovinciali
950 480 1164 541 nequeat
1186 470 1424 526 examine
1468 470 1699 540 difﬁniri,
1733 471 1801 525 ad
1835 473 2070 524 divinum
2101 471 2149 528 Δ
2177 475 2440 536 tempora,
2475 467 2670 538 quibus
2697 466 2997 538 patrocinio
3026 477 3188 525 tanta:
3211 469 3539 526 frustramur
3563 475 3763 530 accele-

490 561 799 624 oraculum,
831 561 887 615 id
916 572 991 615 est
1021 561 1090 595 ¹⁷⁶
1110 561 1179 615 ad
1206 560 1543 630 apostolicam
1568 562 1762 625 sedent,
1788 562 1934 617 nobis
1958 563 2079 618 inde

506 664 579 707 est
638 653 1032 709 recurrentium.
1090 652 1166 707 De
1208 654 1681 722 provocationibus
1725 664 1905 708 autem
1939 655 2079 710 idem

510 744 837 800 iiinrmarus
880 759 1031 812 u-que
1068 745 1347 800 nobiSt'um
1379 745 1566 805 sentit.
1596 746 1737 814 quod
1760 761 1790 798 a
1816 747 2082 816 suspectis

512 834 780 903 iudicibus
817 843 870 887 et
911 836 1137 889 minoris
1167 835 1528 900 auctoritatis,
1558 836 1624 889 ad
1653 835 1872 903 majoris
1898 846 2084 891 aucto-

514 925 688 979 ritatis
708 923 917 987 iudices
939 924 1173 994 legitima
1193 926 1504 995 provocatio
1526 926 1627 990 sit;
1662 925 1730 979 ab
1750 926 1941 980 electis
1957 942 2084 981 vero

514 1023 566 1068 et
598 1015 685 1069 ubi
711 1030 833 1073 reus
853 1030 1013 1069 causa
1043 1016 1261 1075 decidit.
1292 1015 1493 1070 nullam
1518 1016 1737 1070 omnino
1765 1015 1880 1070 fieri
1905 1028 2079 1085 posse,

515 1104 579 1158 dc
619 1121 726 1176 quo
760 1116 816 1161 et
847 1106 900 1160 in
944 1105 1205 1161 Africano
1235 1108 1302 1138 "7
1339 1108 1572 1164 concilio
1623 1110 1693 1163 ita
1744 1109 1967 1180 legitur:
2005 1110 2087 1168 Ur

516 1210 580 1248 ΑΒ
603 1210 825 1251 ειεοτιε
842 1212 1111 1251 JliDICIBUS
1136 1212 1441 1252 ΡιιονοοΑιιε
1468 1214 1570 1255 NON
1594 1213 1806 1254 ιιεεΑτ.
1833 1197 1891 1254 Si
1914 1208 2090 1255 autem

517 1284 673 1354 fuerit
698 1296 1055 1354 provocatum,
1086 1287 1266 1357 eligat,
1287 1289 1377 1357 qui
1396 1292 1768 1359 provocarerit,
1788 1289 2019 1359 jndices,
2042 1299 2090 1345 et

518 1391 634 1429 cum
664 1392 722 1429 eo
743 1376 832 1430 ille
851 1388 1032 1429 contra
1057 1394 1207 1446 quem
1233 1380 1607 1447 provocarerit,
1639 1388 1687 1433 et
1716 1378 1780 1433 ab
1810 1380 1932 1450 ipsis
1952 1380 2097 1434 dein-

519 1479 633 1532 ceps
662 1464 797 1523 nulli
825 1465 979 1519 liceat
1003 1483 1305 1536 provocare.
1354 1468 1486 1523 Item
1516 1469 1567 1522 in
1596 1468 1802 1524 eisdem
1848 1469 2097 1547 conciliis

520 1559 589 1609 de
608 1556 797 1610 eadem
819 1571 895 1616 re.
916 1572 1033 1626 cap
1058 1558 1130 1613 22
1150 1576 1163 1611 :
1185 1558 1338 1624 Quod
1359 1561 1404 1614 si
1426 1559 1601 1615 clerici
1619 1561 1683 1614 ab
1705 1562 1958 1631 episcopis
1982 1579 2100 1632 pro-

522 1648 808 1701 rocandum
838 1648 1151 1715 putaverint,
1184 1665 1286 1703 non
1316 1663 1590 1720 provocem
1615 1652 1719 1706 nisi
1744 1655 1816 1715 ad
1843 1653 2100 1724 Africana

522 1735 769 1798 concilia,
797 1736 873 1791 vel
899 1738 968 1791 ad
996 1740 1244 1807 primates
1267 1758 1484 1796 suariam
1530 1745 1935 1812 prouinciarum,
1965 1748 2100 1800 sicut

2179 556 2308 612 site!
2350 559 2431 611 Ad
2466 573 2627 627 quam
2658 559 2911 628 deinceps
2941 561 3153 615 urbium
3185 562 3581 633 confugicmns,
3629 582 3760 620 cum

2178 648 2417 703 omnium
2448 650 2686 718 gentium
2713 650 2984 704 dmninam
3008 651 3256 706 humanis
3280 669 3344 707 ac
3367 654 3566 708 divinis
3587 655 3762 709 deusti-

2181 746 2351 792 tutam
2382 740 2636 794 subsidiis
2660 741 2981 795 videamus?
3014 741 3080 796 Ut
3104 743 3247 797 enim
3270 744 3484 812 planius
3511 746 3764 800 dicamus

2180 827 2464 897 palamque
2493 828 2780 893 fateamur,
2812 841 2931 899 post
2960 831 3168 900 imperii
3196 848 3449 887 occasum
3480 834 3600 888 haec
3628 836 3766 889 urbs

2182 919 2600 976 Alexandrinam
2631 924 2930 978 mcclesiam
2959 926 3210 995 perdidit,
3234 925 3591 981 Autiocenam
3620 929 3764 982 ami-

2184 1011 2279 1075 sit,
2312 1021 2368 1066 et
2397 1023 2454 1065 ut
2480 1013 2544 1067 de
2574 1013 2758 1067 Africa
2793 1024 3068 1071 taceamus
3120 1024 3281 1086 atque
3324 1017 3474 1080 Asia,
3510 1017 3629 1087 ipsa
3651 1016 3767 1085 jam

2189 1102 2400 1171 Europa
2438 1103 2683 1157 discedit.
2717 1102 2850 1157 Nam
2880 1105 3475 1176 Constantinopolitaua
3531 1106 3769 1162 ecclesia

2189 1209 2248 1250 se
2269 1194 2543 1259 subduxit,
2568 1194 2822 1250 interiora
2850 1194 3118 1265 Hispaniae
3141 1195 3464 1266 ejusjudicia
3489 1196 3769 1250 nesciunt.

2189 1284 2279 1339 Fit
2306 1299 2433 1356 ergo
2470 1284 2750 1350 discessio,
2796 1287 3092 1340 secundum
3126 1286 3465 1354 Apostolum,
3516 1301 3628 1339 non
3679 1300 3772 1340 so-

2194 1377 2468 1433 lummodo
2498 1381 2760 1449 gentium.
2786 1382 2880 1438 sed
2906 1382 3071 1436 etiam
3096 1382 3451 1437 ecclesiarum
3476 1381 3564 1453 (ΙΙ
3588 1380 3773 1436 Thess.

2195 1482 2256 1530 tt,
2288 1468 2363 1538 '5).
2391 1468 2655 1535 Quoniam
2678 1470 2832 1538 cujus
2853 1471 3089 1526 ministri
3111 1470 3313 1527 Gallias
3339 1477 3775 1540 occupaverunt,

2200 1573 2404 1626 nosque
2433 1560 2561 1613 totis
2590 1560 2795 1615 viribus
2824 1570 3124 1631 pnemunt,
3159 1562 3526 1615 Antichristus
3574 1561 3781 1615 instare

2200 1647 2435 1716 videtur,
2466 1658 2520 1703 et
2543 1659 2600 1703 ut
2632 1650 2775 1704 idem
2827 1650 3115 1719 Apostolus
3158 1650 3269 1703 ait:
3309 1648 3435 1704 1am
3482 1651 3781 1704 misterium

2204 1738 2495 1808 iniquitatis
2522 1736 2787 1807 operatur,
2808 1749 3027 1800 tantum,
3057 1750 3107 1793 ut
3128 1741 3216 1810 qui
3247 1756 3385 1793 ntutc
3413 1750 3574 1804 tenet,
3607 1749 3783 1793 teneat

496 1886 500 1892 _
523 1835 569 1880 et
597 1826 661 1893 de
679 1829 931 1898 episcopis
964 1806 1104 1898 stupe
1125 1832 1467 1886 constitutum
1492 1806 1586 1887 est.
1623 1834 1707 1893 Ad
1745 1837 2100 1891 transmarina

2221 1806 2366 1881 lonec
2400 1828 2465 1880 tle
2492 1806 2660 1880 medio
2680 1827 2797 1896 ﬁat,
2820 1838 2875 1881 ut
2899 1827 2988 1881 ille
3008 1806 3316 1897 perditionis
3334 1829 3480 1897 ﬁlius
3503 1830 3782 1893 reveletur,

523 1926 697 1979 autem
746 1919 839 1988 qui
873 1921 1166 1987 putaverint
1218 1921 1615 1991 appellandum,
1642 1942 1675 1977 a
1705 1924 1852 1978 nullo
1880 1925 1935 1979 in
1961 1936 2102 1980 terra

493 2057 496 2061 .
526 2006 707 2077 Africa
733 2009 800 2041 ¹⁷⁸
819 2010 873 2063 in
908 2010 1269 2066 communione
1292 2014 1669 2083 suscipiantur.
1704 2014 1971 2069 Nimirum
2007 2030 2107 2086 per

526 2099 886 2153 transmarina
923 2098 1216 2154 Romanam
1246 2101 1531 2158 ecclesiam
1559 2104 1802 2160 volentes
1835 2105 2099 2173 intellegi,

527 2205 745 2246 causam
784 2191 874 2245 ubi
901 2202 1020 2247 orta
1067 2202 1152 2248 est
1196 2194 1396 2250 debere
1448 2196 1819 2259 determinari,
1865 2196 2107 2253 Africani

528 2281 763 2352 episcopi
792 2272 1276 2340 confirmaverunt.
1322 2285 1514 2340 Videat
1542 2296 1724 2342 autem
1772 2289 1861 2355 qui
1911 2297 2107 2357 potest,

532 2374 674 2441 quod
714 2388 820 2427 non
859 2374 978 2428 sine
1003 2376 1238 2445 quodam
1268 2377 1520 2444 scrupulo
1551 2377 1709 2447 paulo
1735 2390 1863 2433 ante
1910 2379 2109 2434 lectum

533 2470 654 2515 est:
684 2460 748 2514 Ut
781 2465 962 2528 nostis,
989 2463 1164 2533 inquit
1194 2466 1472 2534 Damasus,
1512 2468 1754 2521 sinotlunt
1772 2470 1882 2523 sine
1904 2469 2018 2538 ejus
2044 2499 2115 2510 —

534 2552 588 2604 id
618 2562 701 2607 cst
732 2554 796 2585 ¹⁷⁹
842 2570 1078 2608 romanae
1128 2557 1364 2610 sedis—
1388 2559 1702 2611 auctoritate
1743 2559 1859 2628 ﬁeri
1903 2576 2004 2613 non
2039 2571 2113 2615 est

498 2699 503 2703 ,
537 2643 874 2696 catholicum.
905 2644 1043 2710 Quid
1080 2660 1231 2715 ergo,
1273 2645 1316 2699 si
1353 2646 1709 2701 barbarorum
1763 2648 1955 2718 gladiis
2004 2650 2114 2705 cir-

530 2734 1026 2797 cumsmvientibus,
1054 2734 1274 2789 licentia
1311 2728 1650 2792 commeandi
1682 2737 1907 2792 Romam
1950 2741 2117 2795 inter-

537 2824 826 2878 cludatur?
864 2826 948 2879 vcl
986 2827 1031 2881 si
1074 2827 1241 2881 Roma
1295 2827 1529 2882 barbaro
1578 2830 1800 2885 cuilibet
1848 2832 2113 2895 serviens,

538 2927 687 2972 motu
743 2917 980 2973 libidinis
1028 2919 1146 2990 ejus
1185 2921 1237 2974 in
1283 2921 1501 2991 aliquod
1543 2938 1767 2994 regnum
1817 2923 2119 2981 eﬂ'eratur?

539 3021 667 3061 num
721 3008 934 3064 interim
975 3022 1070 3065 aut
1116 3012 1261 3066 nulla
1319 3013 1547 3069 concilia
1598 3023 1776 3080 erunt,
1829 3028 1923 3070 aut
1970 3018 2119 3073 orbis

543 3108 812 3155 terrarum
842 3103 1079 3174 episcopi
1102 3105 1167 3159 ad
1198 3122 1418 3162 suorum
1445 3125 1630 3180 regum
1655 3111 1887 3181 dampna
1924 3113 2003 3165 vel
2039 3113 2117 3167 in-

547 3191 738 3246 teritns
762 3193 831 3245 ab
861 3193 1106 3250 hostibus
1135 3197 1589 3266 disponendarum
1614 3216 1794 3256 rerum
1819 3204 2044 3258 consilia
2065 3213 2120 3259 et

544 3283 772 3338 concilia
799 3289 1222 3356 exspectabant?
1248 3291 1312 3345 Et
1333 3304 1479 3348 certe
1504 3294 1739 3350 Nieenus
1778 3311 1975 3361 canon,
2007 3298 2121 3367 qui,

456 3402 463 3411 ο
546 3374 662 3445 ipsa
690 3376 931 3437 Romana
960 3380 1187 3436 ecclesia
1224 3392 1383 3448 teste,
1422 3389 1602 3441 omnia
1631 3389 1887 3453 concilia,
1928 3393 2115 3446 omnia

546 3470 764 3525 decreta
788 3472 1079 3527 eminentia
1106 3476 1189 3529 sui
1229 3489 1510 3548 exuperat,
1541 3482 1625 3536 bis
1652 3482 1703 3535 in
1729 3498 1872 3539 anno
1895 3485 2126 3539 concilia

550 3560 750 3617 debere
777 3560 889 3617 fieri
916 3564 1065 3629 dicit,
1091 3567 1333 3638 nihilque
1363 3570 1488 3625 inde
1515 3571 1581 3627 ad
1611 3573 1842 3628 Romani
1889 3574 2126 3648 episcopi

552 3653 933 3708 auctoritatem
962 3664 1212 3724 spectare
1255 3662 1579 3730 praescribit.
1629 3662 1734 3719 Sed
1767 3666 1987 3735 insuper
2015 3665 2131 3736 ejus

510 3770 513 3773 Α
554 3748 859 3820 privilegio.
908 3752 1052 3809 sicut
1114 3756 1367 3812 Africana
1430 3762 1667 3832 synodus
1719 3762 2130 3834 interpretatur,

557 3842 785 3897 multmn
818 3846 1060 3917 derogat.
1094 3848 1162 3904 Et
1207 3851 1285 3904 de.
1319 3852 1547 3922 privatis
1591 3855 1810 3924 quidem
1854 3856 2034 3912 causis
2077 3856 2133 3912 in

503 3966 508 3971 -
554 3935 872 4004 provinciali
905 3941 1130 4011 synodo,
1159 3944 1226 3997 de
1257 3946 1636 4001 communibus
1667 3956 1846 4002 autem
1882 3948 1934 4002 in
1974 3956 2136 4020 gene—

508 4050 519 4055 -
557 4026 658 4081 rali
706 4030 958 4096 concilio,
1004 4033 1191 4089 eadem
1228 4034 1481 4091 Africana
1513 4039 1753 4109 synodus
1781 4020 2135 4108 indicandum

556 4123 862 4189 przescribit
881 4125 1119 4194 capitulo
1149 4142 1291 4183 nono
1319 4129 1535 4185 concilii
1572 4129 1888 4187 Milevitani.
1915 4132 1985 4186 At
2014 4148 2136 4199 nos,

559 4216 1051 4270 controversiarum
1112 4217 1205 4272 lite
1255 4217 1501 4287 depulsa,
1563 4219 1860 4275 Romanam
1922 4223 2139 4292 quidem

563 4303 862 4359 :ecclesiam
884 4306 954 4361 ob
986 4308 1302 4362 memoriam
1328 4309 1698 4378 apostolorum
1751 4313 2033 4384 principis,
2066 4314 2141 4368 ita

564 4402 626 4447 ιιι
656 4410 686 4448 a
717 4394 1011 4463 majoribus
1039 4399 1240 4453 nostris
1271 4400 1598 4469 accepimus,
1631 4403 1806 4470 quoad
1832 4417 2140 4471 possumus,

2200 1923 2353 1976 homo
2384 1923 2605 1992 peccati,
2636 1922 2724 1992 qui
2763 1922 3071 1976 adversatur
3094 1932 3139 1976 et
3167 1922 3439 1975 extollitur
3470 1938 3637 1990 supra
3688 1921 3787 1975 Dei

2204 2029 2390 2067 nomen
2416 2011 2612 2080 Deique
2634 2011 2892 2064 culturam
2924 2000 3005 2080 (Il
3058 2010 3236 2064 Thess.
3286 2026 3346 2071 It,
3394 2010 3449 2073 7,
3495 2012 3575 2080 8).
3631 2009 3790 2076 Quod

2200 2108 2311 2179 jam
2339 2106 2390 2158 in
2420 2114 2609 2174 aperto
2640 2104 2720 2165 fit.
2745 2114 2799 2158 et
2824 2102 3064 2157 Romana
3105 2103 3345 2172 potentia
3394 2109 3787 2169 conquassata,

2208 2194 2463 2265 religione
2494 2194 2796 2265 profligata,
2830 2210 3024 2248 nomen
3054 2194 3145 2247 Dei
3176 2192 3552 2261 frequentibus
3603 2189 3792 2259 perju-

2208 2289 2308 2343 riis
2352 2288 2569 2357 impune
2640 2287 2982 2351 humilietur;
3032 2286 3200 2356 ipsius
3252 2285 3447 2339 divinae
3512 2282 3795 2353 religionis

2210 2376 2408 2437 cultus,
2461 2378 2625 2432 etiam
2677 2392 2706 2430 a
2756 2376 2982 2430 summis
3026 2374 3398 2429 sacerdotibus
3437 2382 3795 2439 contempna-

2214 2476 2302 2521 tur
2329 2468 2416 2521 "°.
2442 2468 2558 2535 Ipsa
2574 2466 2789 2534 insuper
2807 2465 2972 2518 Roma
2992 2463 3104 2530 jam
3124 2479 3257 2532 pene
3280 2462 3390 2515 sola
3413 2478 3441 2515 a
3460 2476 3519 2516 se
3539 2462 3654 2531 ipsa
3683 2461 3796 2515 dis-

2215 2559 2377 2623 cedit,
2431 2558 2555 2611 dum
2584 2570 2757 2625 neque
2784 2554 2909 2618 sibi,
2932 2568 3105 2621 neque
3130 2552 3249 2605 aliis
3274 2551 3530 2605 consulit.
3562 2549 3797 2603 Proinde

2215 2650 2261 2704 si
2298 2649 2474 2719 placet
2502 2646 2714 2711 caritati
2752 2654 2940 2700 vestra:
2972 2644 3096 2713 quia
3126 2641 3397 2712 Pelagium
3427 2642 3794 2710 patriarcbam

2216 2758 2245 2796 a
2275 2741 2554 2796 duodecim
2583 2738 2848 2808 episcopis
2879 2736 3122 2791 auditum
3157 2749 3278 2788 esse
3314 2734 3539 2795 scimus,
3586 2741 3646 2785 ut
3674 2732 3775 2785 bea

2220 2844 2307 2889 tus
2332 2831 2662 2902 Augustinus
2698 2832 2750 2886 in
2791 2830 2928 2884 libro
2956 2828 3189 2898 quodam
3221 2828 3285 2859 ““
3319 2836 3510 2881 contra
3563 2827 3797 2879 eundem

2219 2926 2492 2997 Pelagium
2536 2923 2764 2988 scribit;
2804 2921 3170 2991 quoniamque
3239 2919 3479 2973 Romana
3553 2916 3799 3005 tecclesia

2220 3036 2251 3076 a
2276 3020 2430 3074 nobis
2450 3015 2716 3079 consulta,
2743 3010 3143 3079 nullamjudicii
3161 3007 3387 3062 fortnam
3406 3006 3654 3077 promng
3675 3006 3800 3068 ivit;

2222 3126 2287 3165 ex
2325 3107 2499 3163 sacris
2552 3105 2763 3175 legibus
2798 3100 3033 3171 cpitula
3086 3097 3450 3168 proferantur,
3501 3105 3556 3148 et
3596 3111 3626 3148 a
3675 3105 3803 3162 quot

2222 3200 2488 3272 episcopis
2500 3198 2784 3269 episcopus
2798 3195 2850 3250 in
2873 3194 3099 3249 crimine
3120 3192 3371 3246 detentus
3392 3187 3565 3242 audiri
3588 3186 3804 3247 debeat,

2224 3296 2392 3363 etqui
2419 3307 2598 3349 causa:
2644 3305 2756 3345 sua:
2810 3287 3047 3342 dicenda:
3093 3286 3284 3339 adesse
3313 3282 3611 3342 noluerint,
3643 3296 3804 3348 quam

2227 3386 2551 3442 sententiam
2607 3380 2863 3448 excipiat.
2911 3397 2931 3430 ι
2972 3376 3178 3446 Itaque,
3222 3375 3446 3446 jubcute
3471 3371 3689 3435 sinodo,
3729 3370 3808 3423 ba:

2226 3476 2512 3535 scntentim
2535 3473 2770 3528 recitata:
2799 3478 2952 3523 sunt:

2297 3568 2367 3622 ει)
2412 3565 2499 3618 ³⁸⁸.
2550 3563 2633 3617 Ea:
2684 3560 2902 3614 concilio
2945 3554 3243 3623 Cartaginis
3292 3549 3443 3604 titulo
3500 3547 3615 3602 10:
3661 3546 3810 3601 Felix

2231 3640 2517 3708 episcopus
2540 3633 2682 3708 dixit
2706 3649 2719 3684 :
2755 3649 2773 3679 ι
2806 3628 3082 3708 διικκιιιυοι
3102 3623 3407 3708 sertmdum
3422 3629 3629 3708 statu—ta
3648 3627 3813 3708 Jvete:

2232 3687 2752 3765 riiinv‘crouciliorum
2778 3740 2792 3760 ,
2829 3687 2964 3751 ιιιᾜί
2995 3697 3121 3767 quis
3159 3692 3442 3763 episeopus
3469 3729 3483 3752 ,
3525 3687 3673 3767 quod
3695 3703 3811 3767 inoo

2234 3759 2507 3847 optamus,
2536 3774 2589 3827 iu
2617 3782 2822 3847 reatum
2847 3759 3401 3847 aliquemincurrerit
3420 3799 3439 3847 ,ν
3460 3769 3542 3847 ξιξ
3555 3759 3731 3847 fuerit

2235 3834 2401 3904 nimia
2431 3834 2724 3900 necessitas
2754 3855 2858 3894 non
2887 3834 3043 3911 posse.
3059 3834 3317 3911 plurimos
3346 3842 3684 3911 congregare
3708 3865 3721 3887 ,
3751 3841 3814 3878 ue

2238 3923 2291 3975 in
2321 3915 2547 3971 crimine
2577 3904 2935 3981 remaneal,:a
2965 3904 3245 3959 duodecim
3273 3904 3544 3981 episcopis
3579 3937 3593 3959 ,
3623 3909 3675 3979 et
3699 3911 3809 3981 pref

2238 3990 2407 4045 sbitcr
2445 4002 2474 4039 a
2512 3999 2608 4038 sex
2664 3978 2932 4049 episcopis
2985 3990 3106 4049 cum
3160 3978 3377 4041 proprio
3426 3984 3525 4023 suo
3561 3978 3816 4037 episcopo

2240 4060 2514 4117 audiatur,
2547 4064 2604 4107 et
2641 4046 2901 4120 diaconus
2920 4063 2954 4120 ιι
2982 4046 3219 4120 tribus.)
3254 4111 3283 4120 _
3343 4110 3356 4120 _
3478 4107 3514 4120 η
3686 4106 3698 4119 .

2414 4107 2636 4178 concilio
2659 4118 2979 4187 Cartaginis,
3003 4111 3231 4187 capitulo
3254 4111 3283 4162 ’Ἰ
3300 4127 3313 4164 :
3330 4107 3587 4163 Aurelius
3614 4107 3817 4187 episco:

2242 4176 2560 4273 ρυξῖιίέίιε
2591 4176 2908 4273 sumimus
2947 4176 3817 4273 ,ένίδέθιὶίϊιζυυιηἓξὲξξὲθίῗεῖτιὲἐὲ

2244 4246 2535 4345 patratum
2591 4246 2699 4294 mw
2720 4246 3009 4331 provincia}
3078 4246 3245 4334 ipsius
3319 4264 3540 4345 causan:
3583 4246 3815 4345 .deferat

2247 4317 2561 4398 Zééﬂéaior;
2630 4317 2733 4384 nec
2776 4345 2806 4382 a
2865 4317 3245 4398 communione
3309 4317 3677 4398 suspendatnr
3723 4317 3816 4398 ,ςιιὶ

2248 4387 2459 4467 crimen
2484 4387 2803 4463 inienditur,
2835 4397 2935 4451 nisi
2965 4395 3030 4448 ad
3080 4406 3301 4449 causam
3343 4404 3504 4467 suam
3536 4387 3817 4467 dicendam

568 4459 988 4555 ampliusquam
1043 4488 1161 4542 Afri
1207 4459 1478 4554 colamus;
1528 4498 1583 4544 ct
1623 4459 1717 4545 seu
1763 4459 2011 4561 se-digua
2047 4506 2140 4545 seu
2175 4497 2224 4555 ι)
2249 4482 2545 4561 electorl'lll
2579 4466 3317 4561 i}{¢li¢}{[9_‘ﬁfg‘ifjhgffﬁv

568 4575 788 4646 indigna
814 4578 1085 4645 prolatura
1113 4578 1204 4642 sit,
1235 4578 1280 4634 si
1311 4587 1484 4634 status
1510 4593 1799 4648 regnorum
1826 4582 2049 4652 patitur,
2080 4584 2148 4638 ab

567 4682 636 4724 ea
666 4683 921 4738 responsa
954 4678 1229 4740 pemptus;
1260 4671 1403 4726 sicut
1423 4672 1590 4725 etiam
1623 4688 1721 4743 pro
1742 4688 1906 4728 causa
1945 4673 2149 4728 Amulli

576 4762 779 4817 factum
825 4776 947 4818 esse
988 4770 1221 4818 constat.
1254 4761 1311 4819 Si
1345 4763 1397 4817 in
1431 4763 1750 4832 expetendis
1792 4763 1876 4818 vel
1920 4763 2155 4819 vitandis

519 4859 527 4866 ‘
566 4852 776 4923 justam
808 4854 894 4908 vel
921 4851 1181 4921 injustam
1207 4853 1395 4925 iudicii
1439 4854 1866 4926 promulgaverit
1897 4853 2151 4920 formam,
2216 4894 2219 4895 ν

574 4946 632 5001 in
659 4946 830 5003 altero
856 4962 960 5019 pax
991 4947 1344 5003 ecclesiarum
1391 4956 1446 5002 et
1495 4948 1674 5003 unitas
1722 4947 2152 5015 consert'abitur,

576 5037 632 5066 ξ..
663 5036 832 5066 ΑΙιΛ-ΑΑ
877 5052 1066 5066 toﬁna-un
1125 5038 1354 5066 ‘nnadnl:
1406 5038 1684 5066 ηιαλῖΑο-ι-ι-
1717 5038 1943 5066 ..ἕλει-πιερ-
1968 5055 1983 5066 ο
2020 5037 2125 5066 n...‘

2253 4526 2477 4608 minime
2502 4526 2846 4604 occurrerit;
2889 4526 2991 4591 hoc
3032 4543 3116 4588 est
3162 4532 3299 4587 iul'ra
3343 4528 3585 4609 spacioni
3624 4526 3820 4609 mensis

2252 4602 2427 4677 etin-“ea
2467 4616 2555 4669 die
2608 4627 2715 4682 qua
2766 4602 2889 4665 eum
2934 4608 3137 4682 litteras
3175 4602 3448 4682 accepisse
3487 4602 3816 4682 constiterit.

2218 4716 2225 4719 λ
2252 4665 2700 4759 ‘Qimdsiwa‘liquis
2727 4694 2882 4733 veras
2905 4673 3238 4759 necessitatis
3268 4665 3460 4725 causas
3480 4665 3816 4759 probaverit,

2254 4736 2611 4832 quibus-euut.
2630 4762 2921 4830 occurrere
2949 4761 3066 4832 non.
3084 4742 3325 4813 potuisse
3351 4736 3817 4832 Illatlift‘blttltt

2256 4814 2434 4888 cause
2459 4838 2568 4881 sua:
2591 4821 2830 4876 dicenda:
2855 4819 2996 4871 inter
3019 4814 3525 4892 alterumumensem
3556 4814 3818 4892 integram

2257 4882 2454 4956 babeat
2517 4893 2854 4951 facultatem;
2906 4898 3090 4956 verum
3149 4882 3331 4956 tandiu
3393 4887 3515 4948 post
3581 4888 3817 4956 mensem

2254 4941 3128 5030 seciiii'tiutiiwuoucommunicet,
3182 4952 3357 5030 donec
3393 4941 3699 5028 'purgetur.
3766 4941 3817 4995 Si

2258 5023 2433 5066 22-2-...
2452 5037 2516 5066 ...ι
2538 5030 2822 5066 “Mittam
2847 5023 3149 5066 "nium-mla
3178 5023 3608 5066 annuiversnium
3637 5029 3818 5066 occur-
