3948 5350
180 347 271 403 δξι

177 462 259 513 illa
283 462 743 540 _qn:e_advers_am
782 479 838 520 se
874 466 1014 540 dicta
1066 479 1215 540 sunt,
1246 472 1335 540 qui
1374 474 1439 524 ad
1471 488 1533 527 ea
1563 473 1752 526 confu-

177 530 566 610 tandafidesse
592 536 815 589 minime
854 539 1075 610 vult;_et
1125 530 1300 593 nullu's
1330 542 1539 596 dubitat
1565 582 1579 605 ,
1607 543 1753 610 quod

177 600 240 652 ita
266 600 537 676 judicium
574 621 773 658 nocens
801 608 1121 675 subterfugit
1146 649 1159 669 ,
1192 600 1666 676 queinadmodiiui,
1698 622 1755 665 ιιι

175 669 487 744 absolvatur
523 711 539 734 ,
603 676 694 742 qui
736 688 817 727 cst
850 669 1106 729 innocens
1132 669 1339 744 quierit.
1407 679 1509 732 Sed
1575 669 1751 733 astuta

175 738 444 790 cavillatio
480 738 713 811 eorum,
760 746 847 811 qui
904 738 1161 799 vet'sutis'
1203 751 1466 805 agendum
1525 752 1755 803 crcilnut

176 810 589 886 esseconsiliis.
626 829 895 881 nunquam
934 817 1253 868 innocentia:
1277 834 1467 871 nomen
1497 820 1750 886 accipiet.

176 874 475 955 _Coptitetur
507 881 655 932 enini
693 874 769 934 de'
803 886 1051 936 omnibus
1092 887 1336 953 quisquis
1382 874 1755 955 subterfugere

173 944 423 1025 judicium
455 949 817 1025 dilationibus
845 964 1023 1025 putat;
1052 944 1430 1025 veiiiet'tautcn
1462 944 1755 1025 ιιΙιιιιιλῖιιιΙο

178 1015 256 1066 itte
284 1017 372 1081 qui
408 1017 541 1094 talis
581 1015 891 1094 perhibetur
920 1023 969 1075 iu
1016 1024 1246 1094 medituu
1268 1065 1281 1083 ,
1318 1042 1414 1079 nec
1440 1015 1653 1094 prodest
1680 1028 1752 1079 illi

176 1086 375 1136 tociens
405 1085 639 1141 latuisse
666 1129 682 1148 ,
741 1092 944 1142 tocicns
992 1092 1381 1158 subici-fugite
1410 1085 1625 1163 ,'quc9
1671 1096 1753 1149 sui

176 1165 320 1203 artus
347 1166 402 1206 et
430 1160 732 1232 ιςιιιιιιιιιδδςι
763 1176 935 1225 qtiocu
963 1176 1101 1228 nque
1132 1163 1346 1229 fugerit,
1372 1179 1432 1216 ea
1472 1160 1590 1232 qute
1620 1164 1755 1231 obji-

177 1223 387 1273 ciuntur
420 1224 496 1276 illi
533 1227 578 1276 si
612 1243 738 1279 vera
772 1223 891 1279 Sunt
934 1223 1158 1281 criinina
1189 1223 1583 1298 persecuntur;
1619 1223 1753 1287 ιιι-δί

178 1292 361 1343 adesse
395 1295 637 1348 voluerit
671 1312 906 1361 przcscns
937 1337 950 1357 ,
983 1300 1025 1350 si
1064 1292 1306 1362 conlidit,
1339 1302 1403 1352 ad
1433 1303 1641 1368 objecta
1675 1319 1756 1355 re-

178 1362 431 1424 Spuudeat
452 1378 467 1425 ;
490 1370 636 1430 quod
662 1366 704 1417 si
735 1368 923 1418 adesse
952 1369 1268 1435 neglexerit,
1291 1362 1596 1423 dilationem
1628 1389 1754 1425 sen—

180 1432 349 1480 tentia:
389 1433 460 1481 de
490 1434 738 1487 absentia
800 1454 901 1487 non
940 1432 1194 1490 lucretur.
1230 1439 1360 1492 Natu
1412 1442 1753 1493 manifestum

177 1509 250 1572 est
290 1502 545 1572 conﬁteri
582 1520 708 1555 eum
738 1507 803 1556 de
834 1507 1078 1566 crimine,
1110 1509 1197 1572 qui
1226 1508 1431 1561 indulto
1466 1520 1513 1561 et
1550 1513 1756 1563 toriens

178 1567 492 1641 deli-gatoju
520 1573 679 1630 .icin.
713 1578 966 1641 purgandi
1001 1592 1059 1628 se
1100 1567 1386 1630 occisione
1422 1596 1523 1631 non
1564 1582 1753 1633 utitur.

177 1635 307 1687 Nihil
347 1635 499 1691 enim
554 1635 778 1713 interest
802 1635 838 1704 ξ
875 1654 1053 1697 utrum
1101 1648 1151 1698 in
1213 1652 1459 1713 praesenti
1506 1652 1755 1702 examine

177 1722 343 1757 omnia
376 1725 502 1774 qua:
530 1711 674 1787 dicta
709 1722 833 1766 sont
864 1711 1301 1782 comprobenlttr,
1330 1736 1451 1770 cum
1488 1720 1598 1787 ipsa
1625 1736 1756 1787 quo-

180 1852 262 1894 ltgt.

239 1933 323 1985 3t).
359 1935 455 1987 llis
487 1937 745 1992 omnibus
771 1945 1128 2007 pertractatis,
1156 1945 1222 1997 ab
1245 1946 1621 2001 defensoribus
1649 1948 1750 2001 Ar-

179 2022 296 2075 nulﬁ
339 2028 497 2077 xenia
551 2030 874 2097 postulatur,
906 2044 959 2085 et
985 2036 1126 2101 quod
1170 2034 1284 2101 ejus
1324 2040 1535 2104 negotia
1583 2040 1759 2093 minus

178 2125 321 2163 Caute
368 2116 523 2180 prius
560 2117 936 2185 inquisierint,
976 2132 1029 2174 et
1070 2126 1209 2191 quod
1250 2126 1536 2177 concilium
1587 2125 1758 2195 longis

180 2200 525 2257 dilationibus
575 2208 1010 2277 del‘atigaverint.
1047 2213 1246 2266 Deinde
1278 2215 1574 2285 adjungtint
1600 2258 1612 2275 ,
1651 2234 1757 2271 non

180 2302 231 2339 se
258 2298 756 2349 controversiarum
820 2316 1015 2367 genere
1067 2304 1326 2357 adductos
1397 2307 1463 2357 ad
1520 2307 1756 2359 studium

180 2381 505 2436 delensionis
535 2388 870 2454 accessisse,
919 2393 1011 2443 sed
1059 2394 1429 2462 episcoporum
1472 2397 1755 2450 anathema

179 2476 268 2525 sibi
301 2482 696 2533 necessitatem
728 2485 937 2537 dicendi
980 2487 1316 2554 imposuisse.
1347 2488 1594 2559 Episcopi
1626 2506 1755 2545 vero

178 2568 335 2631 etqui
362 2579 559 2620 contra
603 2572 882 2624 Ariiull'uni
919 2578 1133 2629 stetisse
1182 2578 1504 2631 videbantur
1536 2619 1548 2641 ,
1600 2597 1755 2648 tequo
1810 2624 1813 2627 ‹

179 2652 347 2704 animo
390 2670 455 2707 se
497 2654 708 2722 oijecta
760 2663 1033 2729 accepisse
1080 2665 1364 2728 dicebant;
1399 2667 1495 2719 sibi
1543 2684 1755 2736 quoque

181 2741 398 2807 placere,
435 2750 585 2813 quod
622 2749 877 2816 judicium
911 2768 1066 2822 posse
1103 2755 1216 2807 tieri
1244 2756 1352 2822 jam
1387 2758 1437 2809 in
1468 2773 1755 2812 Commune

181 2830 465 2901 legitimum
499 2848 798 2905 putaretur,
831 2843 1069 2911 niliilque
1094 2845 1233 2897 aliud
1276 2862 1558 2914 superesse
1590 2865 1749 2914 quant

184 2932 234 2974 ut
256 2926 363 2992 ipse
392 2928 659 2983 Arnulfus
687 2931 737 2983 in
769 2935 998 2985 medium
1031 2937 1402 2997 deduceretur,
1443 2949 1495 2992 et
1522 2940 1586 2990 de
1622 2956 1753 3008 qua-

184 3012 324 3069 litate
347 3019 429 3070 sui
459 3019 587 3073 facti
610 3021 762 3087 juxta
792 3029 929 3092 quod
959 3026 1113 3079 vellet
1144 3033 1509 3096 responderet.
1547 3037 1748 3101 Itaque,

177 3102 384 3167 jubente
408 3110 629 3173 sinodo,
657 3114 706 3166 iii
737 3116 1108 3184 episcoporum
1148 3121 1338 3173 ordine
1359 3123 1621 3175 consedit.
1653 3124 1747 3177 Cui
1778 3154 1822 3214 Ο

183 3193 330 3249 Pater
366 3200 633 3255 Arnulfus
662 3204 801 3256 circa
837 3221 959 3259 eum
1007 3208 1145 3276 regis
1177 3211 1433 3265 beneﬁcia
1459 3249 1474 3273 ,
1519 3212 1751 3281 itemque

183 3285 256 3351 ips
278 3304 337 3340 us
364 3290 416 3341 in
457 3306 635 3360 regem
673 3294 963 3361 maleﬁcia,
1009 3299 1124 3351 tiiiti
1155 3298 1222 3330 ¹⁸⁶
1249 3300 1484 3370 alloquio
1516 3318 1752 3359 comme-

184 3389 363 3431 morat.
395 3380 569 3449 Negat
604 3384 689 3436 ille
721 3400 781 3439 se
812 3388 1099 3457 quicquam
1129 3400 1316 3445 contra
1351 3394 1493 3461 regis
1520 3394 1749 3450 salutent

183 3467 363 3535 egisse,
390 3473 485 3525 sed
513 3489 610 3541 pro
636 3475 739 3529 lide
768 3476 831 3507 ’⁸⁷
857 3480 923 3531 ad
956 3495 1078 3533 eum
1107 3493 1427 3535 conservata
1455 3500 1576 3537 cum
1604 3487 1750 3541 clero

184 3568 229 3610 et
259 3562 449 3630 populo
494 3579 552 3617 se
588 3566 638 3618 in
671 3571 886 3637 propria
938 3572 1069 3625 urbe
1115 3574 1184 3627 ab
1233 3575 1482 3631 hostibus
1534 3590 1748 3646 captum

186 3648 368 3716 fuisse;
406 3654 644 3721 nihilque
678 3658 855 3713 solatii
910 3663 1135 3730 proinde
1182 3679 1211 3717 a
1245 3680 1367 3735 rege
1396 3666 1581 3722 tulisse
1604 3709 1618 3731 ,
1655 3670 1748 3724 sed

186 3738 390 3809 insuper
424 3745 686 3801 maleﬁcia
731 3765 830 3818 pro
875 3753 1152 3808 beneﬁciis
1185 3769 1589 3826 recompensata
1646 3759 1748 3813 sibi

185 3843 309 3883 esse.
347 3836 574 3904 Opponit
619 3834 776 3893 Pater
824 3841 1084 3897 Arnulfus
1112 3854 1432 3913 prteseutem
1482 3850 1748 3916 presbite-

187 3935 315 3984 rum,
347 3927 432 3992 qui
464 3928 613 3982 urbis
641 3942 849 3999 portas,
897 3937 1134 4003 acceptis
1182 3951 1211 3988 a
1241 3953 1398 3989 tnanu
1426 3936 1541 4005 ejus
1586 3940 1748 3995 clavi—

186 4013 294 4074 bus,
318 4015 469 4081 jussu
506 4022 674 4088 ipsius
720 4022 1022 4077 afﬁrmabat
1053 4042 1111 4081 se
1161 4028 1403 4082 liostibus
1446 4031 1743 4098 aperuisse.

186 4100 267 4155 Ille
291 4112 574 4175 respondet
598 4110 704 4174 ⁸³⁸,
748 4115 1110 4181 presbiterum
1151 4118 1309 4185 longe
1365 4120 1623 4175 meditata
1669 4121 1777 4176 di-‘

186 4207 318 4256 cere,
353 4195 590 4267 falsaque
614 4216 709 4268 pro
732 4204 875 4256 veris
908 4220 1153 4269 narrare,
1194 4222 1457 4276 suamque
1489 4210 1746 4264 innocen-

190 4284 304 4335 tiam
351 4287 461 4354 ejus
508 4291 648 4344 ﬁctis
692 4295 1162 4350 criminationibus
1204 4299 1389 4351 haberi
1439 4313 1745 4369 suspectam

186 4389 281 4427 non
330 4378 541 4433 debere.
570 4382 667 4436 Cui
707 4396 929 4439 econtra
962 4387 1229 4455 presbiter
1259 4390 1570 4457 ingerebat,
1602 4395 1743 4461 quod

1029 357 1273 413 SPlJlilA
1310 361 1448 415 AUT
1486 361 1736 417 ALIENA
1802 393 1869 403 -—
1914 364 2062 419 ACT.
2104 368 2306 422 CONC.
2347 368 2584 425 BASOL.

178 1792 271 1840 que
300 1792 397 1843 pro
420 1778 771 1835 confessione
802 1778 1085 1850 procurata
1111 1778 1312 1839 tociens
1332 1778 1537 1841 constet
1558 1778 1752 1842 abseii-
1790 1814 1833 1872 Β

180 1846 239 1872 οἵ..

3329 384 3437 439 δ’ὶί

1784 480 1829 536 Λ
1860 479 2173 539 monachos.
2198 494 2325 534 suos
2348 480 2598 546 clericos,
2631 497 2757 537 suos
2795 486 3019 544 abbates
3042 530 3057 553 ,
3094 492 3287 560 quibus
3315 512 3435 564 qua:

1860 564 2019 619 vellet
2051 568 2344 637 pnecipere
2367 580 2550 638 posset
2582 574 2764 641 :quod
2795 575 2861 607 ¹⁹⁰
2894 578 3093 633 dictum
3126 581 3311 637 insulsi
3338 585 3435 640 lio-

1861 656 2020 709 minis
2049 671 2168 709 esse
2210 660 2514 725 putabatur.
2556 679 2575 710 ι
2612 662 2676 714 Et
2711 664 3009 731 quidnam,
3065 670 3234 740 inquit
3277 673 3437 730 l’ater

1856 743 2155 806 Arnulfus,
2209 748 2274 798 iis
2308 748 2370 777 ¹⁹¹
2408 752 2825 818 pra-ripietidum
2871 758 2986 809 est?
3032 758 3166 813 Num
3210 772 3266 815 ut
3309 774 3360 817 te
3405 783 3435 819 ει

1857 835 2029 902 culpis
2083 838 2355 891 eximant?
2390 842 2452 873 ¹⁹²
2496 842 2751 909 Equidem
2789 847 2854 877 ¹⁹³
2896 850 2938 901 si
2989 866 3085 917 pro
3132 856 3439 909 testimonio

1858 925 2079 980 ferendo
2103 930 2259 992 dicis,
2296 947 2360 983 en
2402 933 2473 984 tui
2506 935 2764 1003 episcopi,
2802 942 2888 1005 qui
2926 950 2974 993 te
3009 942 3316 1009 frequenter
3341 961 3439 1013 pro

1861 1018 2175 1084 temetipso,
2230 1030 2288 1072 ut
2328 1022 2394 1074 ad
2424 1023 2669 1076 sinodum
2705 1029 2939 1091 venires,
2971 1035 3130 1084 ortati
3161 1044 3283 1087 sunt
3310 1070 3324 1099 ,
3370 1052 3437 1089 en

1859 1110 1932 1161 tui
1986 1110 2210 1165 abbates
2236 1152 2250 1175 ,
2284 1122 2510 1181 tuusque
2534 1116 2709 1171 clerus
2750 1136 2871 1173 tum
2914 1123 3012 1175 sibi
3045 1124 3307 1191 praelatis!
3347 1127 3439 1181 liis

1857 1199 2107 1254 omnibus
2146 1203 2303 1255 datur
2352 1204 2560 1257 licentia
2619 1216 2669 1259 te
2711 1210 3069 1277 defendendi,
3101 1230 3203 1268 non
3258 1218 3433 1271 solum

1858 1294 2192 1357 voluntaria,
2252 1313 2434 1349 rerum
2473 1302 2799 1355 necessitate
2850 1304 3151 1373 imposita.»
3193 1310 3270 1362 Ad
3326 1312 3438 1365 liter

1858 1384 1946 1435 ille
1977 1386 2041 1436 ad
2066 1387 2246 1453 priora
2281 1389 2655 1457 relabebatttr;
2689 1409 2793 1447 non
2818 1411 2876 1449 se
2899 1398 3098 1453 vidisse
3127 1402 3436 1472 episcopum

1856 1473 1935 1526 sic
1963 1483 2311 1531 attractatum
2365 1480 2550 1535 dicens
2586 1522 2601 1545 ,
2660 1499 2761 1537 nec
2807 1485 2877 1538 ita
2932 1501 2990 1541 se
3029 1489 3270 1544 habitum
3301 1493 3439 1547 scire

1858 1572 2202 1637 respondere.
2258 1572 2481 1626 Doctnm
2534 1576 2698 1630 etiam
2746 1578 3017 1634 hominem
3058 1582 3201 1638 inter
3242 1593 3318 1638 tot
3348 1601 3437 1639 sa-

1857 1659 2061 1727 pientes
2087 1700 2101 1723 ,
2155 1662 2495 1730 insipientem
2557 1667 2726 1720 videri
2765 1684 2941 1737 posse.
3005 1690 3024 1723 ι
3056 1671 3166 1726 Cur
3204 1690 3333 1744 ergo
3359 1717 3374 1740 ,
3414 1694 3433 1729 ι

1861 1746 2035 1816 inquit
2060 1750 2340 1818 episcopus
2372 1752 2569 1815 Guido,
2607 1773 2626 1806 ι
2661 1760 2956 1813 secundum
2993 1772 3079 1814 tua
3115 1774 3234 1816 vota
3284 1767 3437 1819 babi-

1867 1844 1980 1899 tns,
2022 1838 2333 1906 tocicnsqne
2386 1841 2454 1894 ab
2490 1844 2757 1913 episcOpis
2806 1856 2861 1901 et
2901 1848 3119 1903 domino
3180 1864 3268 1905 tuo
3314 1870 3439 1924 rege

1862 1934 2105 1988 vocatus,
2141 1932 2467 1996 respondere
2496 1933 2749 1986 noluisti?
2782 1954 2800 1986 ι
2823 1935 2887 1988 Ει
2922 1936 3008 1991 ille
3040 1955 3052 1990 :
3078 1960 3093 1989 ι
3125 1940 3341 1993 Delatus
3371 1943 3436 1995 ad

1863 2030 2041 2084 regem
2065 2034 2236 2081 eram,
2265 2031 2318 2073 et
2346 2021 2465 2074 ideo
2504 2038 2612 2092 quo
2649 2029 2882 2080 vocabar
2909 2030 2985 2082 ire
3014 2047 3115 2083 non
3150 2032 3433 2087 audebam.

1854 2138 1926 2148 —
1976 2109 2087 2162 Non
2140 2111 2209 2164 ita
2270 2122 2389 2179 est,
2435 2134 2452 2165 ι
2504 2116 2673 2183 inquit
2703 2117 2875 2172 Guido
2917 2122 3233 2191 episcopus;
3282 2143 3301 2176 t
3344 2128 3436 2179 sed

1858 2216 1979 2253 cum
2014 2211 2065 2253 te
2113 2202 2164 2254 in
2197 2203 2389 2257 vicinia
2423 2205 2489 2237 ¹⁹¹⁵
2515 2206 2886 2263 Landunensis
2934 2212 3083 2266 urbis
3113 2217 3250 2283 apud
3277 2216 3435 2270 Cavi-

1858 2289 2069 2341 nioueut
2093 2293 2488 2355 convenissem,
2520 2310 2702 2348 coram
2737 2297 2983 2353 ﬁdelibus
3007 2306 3252 2366 testibus,
3279 2305 3436 2358 cleri-

1856 2380 1935 2431 cis
1960 2396 2021 2434 ac
2051 2380 2223 2444 laicis,
2261 2385 2419 2437 tertio
2443 2395 2493 2437 te
2520 2386 2586 2437 ad
2618 2385 2845 2441 fratrum
2874 2400 3084 2444 tuorum
3111 2408 3436 2450 conventum

1858 2470 2102 2534 invitavi,
2142 2476 2240 2525 sub
2272 2474 2629 2530 obtestatione
2659 2478 2824 2532 divini
2874 2482 3139 2547 nominis,
3176 2501 3241 2539 ex
3268 2504 3433 2540 cano-

1858 2577 1983 2613 num
2021 2567 2342 2618 auctoritate
2367 2606 2382 2630 ,
2415 2577 2468 2619 et
2496 2569 2756 2623 societate
2786 2573 3023 2627 omnium
3058 2576 3327 2640 fidelium;
3367 2579 3433 2631 ad

1854 2650 2195 2704 (ἰοιιιίιιιιειιιιι
2237 2670 2452 2731 quoque
2484 2667 2694 2710 tuorum
2727 2664 3066 2726 praesentiain
3102 2667 3179 2717 ire
3228 2669 3433 2731 monui,

1855 2757 1950 2810 per
2003 2726 2312 2799 fidelitatem
2364 2764 2525 2815 quam
2577 2749 2657 2802 eis
2703 2753 3069 2817 promiseras,
3116 2771 3212 2824 per
3252 2758 3431 2812 omnia

1854 2842 2197 2885 sacramenta
2229 2851 2347 2902 «line
2372 2837 2499 2904 ipsis
2527 2839 2853 2906 praebueras.
2886 2840 3038 2896 Unde
3073 2846 3346 2913 peijurum
3383 2859 3433 2904 te

1854 2934 1975 2973 esse
1999 2937 2191 2990 negare
2219 2939 2322 2976 non
2350 2937 2523 2992 potes,
2548 2943 2641 2995 per
2661 2929 3060 2999 cirograpburn,
3078 2936 3161 2988 cui
3188 2937 3431 2993 subscri-

1856 3012 2011 3077 psisti
2040 3028 2103 3065 ac
2126 3028 2317 3066 omnes
2351 3031 2448 3067 nos
2477 3018 2816 3072 subscribere
2845 3020 3042 3076 fecisti.
3088 3026 3192 3078 Sed
3223 3041 3344 3081 cum
3376 3040 3431 3081 ιιι

1854 3105 2229 3171 responderes,
2258 3122 2361 3160 non
2388 3124 2543 3176 posse
2572 3120 2622 3165 te
2646 3112 2724 3165 ire
2744 3113 2859 3168 sine
2879 3113 3194 3171 ductoribus
3211 3116 3433 3176 0.tdone

1854 3202 1909 3247 et
1943 3195 2245 3260 lleriberto,
2289 3212 2353 3252 eo
2378 3203 2520 3266 quod
2552 3202 2658 3254 vim
2690 3203 2785 3256 tibi
2829 3202 3016 3258 inferri
3052 3208 3294 3271 timeres,
3325 3206 3433 3261 fra—

1854 3293 1991 3339 trem
2024 3302 2199 3340 meam
2226 3287 2559 3344 Gnalterium
2605 3292 2846 3347 obsidem
2894 3296 2987 3349 tibi
3019 3297 3211 3360 obtuli,
3242 3315 3326 3352 me
3375 3306 3432 3353 ct

1852 3386 2061 3443 patrem
2095 3393 2297 3442 meum,
2329 3380 2583 3434 comitem
2614 3380 2972 3449 Gnatterium,
3003 3386 3213 3441 itineris
3241 3389 3432 3442 ducto-

1852 3481 1938 3518 res
1966 3466 2236 3535 pollicitus
2264 3482 2383 3522 sum
2406 3510 2420 3531 ,
2453 3480 2509 3524 ut
2550 3471 2667 3525 sine
2696 3474 2937 3541 periculo
2971 3478 3114 3542 vitae,
3156 3481 3434 3535 membro-

1852 3572 1969 3610 rum
2005 3598 2020 3623 ,
2071 3561 2339 3628 captionis
2367 3602 2382 3628 ,
2435 3562 2501 3616 ad
2553 3572 2640 3619 tua
2672 3567 2896 3621 redires.
2940 3567 3083 3623 Idem
3117 3586 3331 3640 quoque
3377 3574 3431 3627 in

1850 3651 2039 3703 eodem
2088 3664 2361 3706 momento
2388 3668 2731 3710 sacramento
2766 3658 2984 3713 ﬁrmare
3022 3662 3237 3732 propria
3269 3679 3432 3719 manu

1825 3728 2048 3825 iprtesto
2076 3739 2174 3795 fui.
2227 3741 2471 3811 Cumque
2508 3753 2558 3798 te
2607 3762 2636 3798 a
2674 3744 2873 3801 Karolo
2899 3728 3266 3817 captumvesse
3294 3769 3434 3822 prtev

1850 3832 2132 3895 tcnderes,
2170 3834 2327 3901 eique
2375 3845 2713 3890 sacramenta
2748 3848 2803 3892 et
2837 3840 3054 3895 obsides
3090 3844 3383 3910 prtebuisse
3411 3885 3429 3909 ,

1850 3922 2078 3992 ideoque
2108 3925 2225 3979 sine
2244 3926 2361 3992 ejus
2391 3927 2605 3982 licentia
2631 3929 2709 3983 ire
2740 3946 2845 3985 non
2874 3946 3050 3999 posse,
3069 3935 3430 4001 percontaba-

1848 4030 1877 4068 a
1910 4024 1959 4068 te
1985 4054 1997 4078 ,
2024 4018 2243 4085 quinam
2276 4019 2493 4073 obsides
2520 4021 2688 4089 pluris
2716 4022 2809 4075 tibi
2856 4025 3200 4089 viderentur;
3242 4035 3427 4083 utrum

1848 4106 2153 4160 lticliardus
2183 4106 2352 4160 frater
2375 4119 2518 4173 tuus,
2549 4110 2731 4165 Bruno
2761 4113 3045 4181 episcopus
3071 4118 3428 4173 consobrinus

1849 4207 1992 4262 tuus,
2022 4199 2247 4268 ejusque
2275 4203 2478 4253 sororis
2502 4202 2673 4265 titius,
2700 4203 2751 4256 in
2798 4220 2980 4272 regum
3005 4219 3273 4273 potestate
3296 4228 3427 4265 con-

1847 4288 2053 4353 stituti;
2084 4304 2151 4343 an
2201 4289 2398 4343 milites
2436 4291 2512 4344 tui
2556 4290 2832 4347 Sebardus
2875 4304 2929 4346 et
2974 4294 3284 4366 Raynoldus
3314 4302 3381 4333 "5
3406 4342 3431 4368 ν

1846 4380 1934 4447 qui
1966 4380 2104 4433 datis
2126 4395 2222 4449 pro
2247 4396 2304 4432 se
2326 4383 2505 4447 pueris
2531 4381 2680 4434 abire
2705 4384 2952 4450 permissi
2982 4398 3124 4448 sinit,
3160 4404 3427 4457 quorum-—

189 4480 240 4518 se
267 4470 327 4519 ad
352 4476 707 4529 accusandum
739 4492 895 4530 nemo
936 4479 1234 4547 impulerit;
1266 4482 1405 4549 quod
1435 4483 1581 4537 locus
1604 4485 1741 4553 fuga!

1853 4487 1952 4540 que
2002 4471 2263 4525 beneﬁcia
2330 4472 2599 4527 simulatis
2643 4476 3062 4543 captivatoribus
3104 4483 3208 4532 tuis
3262 4484 3424 4533 attri»

189 4556 275 4609 sibi
311 4566 577 4627 patuerit,
629 4570 768 4634 quod
815 4570 915 4621 sibi
961 4586 1171 4640 semper
1202 4572 1496 4628 ﬁdissimus
1534 4577 1743 4642 fuerit,

192 4650 443 4719 nicliilque
464 4656 605 4708 aliud
637 4658 688 4709 in
718 4662 1006 4713 accusandi
1042 4678 1205 4716 causa
1245 4678 1303 4716 se
1331 4664 1550 4729 habere,
1580 4683 1741 4736 quam

192 4747 241 4787 ut
265 4741 476 4796 crimine
506 4760 602 4813 pro
624 4748 826 4801 .‘itionis
854 4749 1206 4816 liberaretur,
1241 4755 1331 4822 qui
1372 4757 1489 4824 ejus
1518 4758 1743 4826 imperio

194 4836 458 4901 paruisset;
503 4849 554 4892 et
604 4842 647 4894 si
700 4842 828 4910 quin
882 4844 935 4896 in
987 4846 1095 4899 veri
1125 4846 1469 4902 confessione
1521 4850 1744 4906 sinodtts

193 4922 397 4990 dubitet,
431 4930 506 4984 vel
541 4945 642 4984 suo
688 4933 820 4985 vitio
847 4934 1113 4990 adseribat
1137 4977 1151 5002 ,
1200 4938 1379 4991 sinodi
1428 4939 1659 4995 decretis
1685 4956 1743 5008 se

194 5014 443 5080 subjacere
492 5023 879 5091 pollicebatur;
921 5035 1121 5081 tantum
1170 5028 1550 5086 ecclesiasticae
1588 5049 1738 5088 com-

195 5106 407 5160 munioui
454 5114 852 5166 resxitnerctur.
909 5115 988 5167 Ad
1021 5116 1130 5172 hzec
1179 5118 1440 5172 Arnulfus
1481 5125 1647 5178 teneri
1680 5138 1741 5179 se

197 5190 255 5241 ab
304 5194 520 5253 liostibns
552 5201 618 5235 ²¹¹⁹
664 5205 1134 5273 conquerebatur,
1182 5224 1281 5262 nec
1339 5207 1627 5279 aliquando
1681 5228 1740 5268 se

1303 5298 1455 5320 31Α-,

755 5294 834 5320 .-:n
867 5303 1194 5320 nllunnl-n--,.-

198 5282 370 5320 νίιίίεςο
394 5292 692 5320 οηῖρηλκη...

1847 4562 2032 4626 buisti,
2058 4563 2232 4631 palam
2267 4561 2489 4626 faciens,
2524 4573 2723 4630 quanta
2758 4563 2808 4616 in
2844 4564 3006 4619 dante
3032 4576 3085 4620 et
3124 4568 3429 4636 accipiente

1845 4652 2094 4705 obsidum
2140 4651 2418 4718 diligentia
2463 4652 2645 4706 fuerit.
2673 4652 2952 4719 Quodnam
2980 4655 3144 4708 etiam
3193 4659 3285 4711 tibi
3337 4674 3426 4712 sa-

1846 4751 2181 4797 cramentum
2228 4742 2407 4809 potius
2455 4744 2779 4796 servandum
2835 4742 2995 4807 foret,
3042 4748 3425 4815 requirebam;

1845 4834 2051 4890 scilicet
2074 4834 2215 4902 quod
2248 4834 2360 4903 regi
2399 4843 2453 4888 et
2481 4834 2703 4889 domino
2729 4847 2820 4889 tuo
2843 4848 3035 4904 sponte
3056 4840 3304 4903 dederas,
3328 4848 3424 4892 aut

1845 4926 1987 4996 quod
2019 4925 2159 4978 hosti
2184 4937 2395 4976 armato
2433 4926 2635 4979 invitus
2665 4926 2795 4978 dare
2820 4927 3127 4981 debueras?
3156 4927 3277 4980 Tria
3324 4943 3425 4978 au-

1850 5028 1956 5073 tem
1981 5026 2134 5070 erant
2155 5026 2517 5079 sacramenta,
2548 5033 2668 5087 qua:
2696 5017 2837 5071 nulla
2876 5027 3014 5083 arte,
3038 5018 3179 5072 nullo
3208 5017 3425 5082 ingenio

1845 5110 2081 5179 etftigere
2123 5115 2337 5175 poteras
2369 5121 2382 5158 :
2415 5108 2651 5175 primtnn
2682 5123 2788 5177 quo
2831 5116 2882 5161 te
2906 5108 3155 5178 obligasti
3184 5146 3198 5167 ,
3230 5116 3286 5156 ut
3325 5118 3428 5170 pro

1846 5202 1992 5259 nullo
2015 5218 2044 5255 a
2076 5212 2128 5256 te
2150 5201 2293 5254 facto
2313 5199 2395 5253 vel
2441 5198 2689 5256 faciendo
2718 5208 3062 5253 sacramento
3106 5212 3135 5249 a
3166 5193 3428 5247 fidelitate

1852 5296 2183 5320 1A.-.=..-_..m
2234 5303 2543 5320 ηΑι-ουιΛ-ηινι
2582 5292 2890 5320 ’παλαια-’Δοο
2937 5288 3231 5320 vnn-und"!!!
3283 5288 3332 5320 ΙΙΙ
3380 5295 3427 5320 αι
