3948 5350
172 386 278 445 S33

1028 384 1273 443 SPURIA
1307 383 1760 443 AUTAAIJENA.
1802 416 1869 427 —
1904 383 2061 442 ACT.
2101 383 2301 443 CONC.
2341 377 2590 442 BASOL.

3334 379 3441 443 836

176 499 242 553 de
280 495 482 567 quibus
507 495 792 567 impetitus
820 502 877 550 et
904 494 1081 551 adhuc
1124 496 1461 565 impetendus
1490 506 1627 560 erat,
1664 513 1762 566 pu—
1795 505 1841 562 Α
1871 496 2007 553 sima
2037 498 2239 569 iacula,
2265 513 2363 567 pro
2384 497 2500 565 ejus
2526 496 2825 553 munimine
2842 491 3253 556 excitassemus.
3278 498 3451 557 Tanta

175 588 313 643 blice
346 588 637 643 convictus
669 588 831 642 foret.
862 585 1128 641 Libellum
1164 602 1296 655 ergo
1333 586 1449 655 ejus
1475 589 1769 658 depositio-

175 682 258 739 nis
286 681 627 742 dictandum,
652 690 707 733 et
737 693 922 734 coram
948 694 1013 733 eo
1042 680 1210 750 ipsius
1244 678 1391 747 iussu
1424 680 1769 735 scribendum

176 774 497 835 censebant,
528 780 585 826 et
609 772 828 841 prepria
856 785 1016 825 manu
1043 770 1524 833 corroborandum,
1554 781 1610 824 et
1639 770 1773 824 vivm

177 866 327 920 vocis
371 863 721 920 confessione
768 864 1158 929 attestandum,
1209 873 1268 918 ut
1313 865 1429 933 ejus
1478 864 1770 926 abdicatio,

178 969 280 1009 nec
304 954 578 1023 exquisita
616 968 719 1009 nec
754 953 923 1008 invita
960 952 1044 1007 vel
1074 962 1289 1007 extorta
1320 954 1433 1008 fore
1465 954 1770 1019 videretur;

181 1051 261 1096 tot
288 1042 438 1097 enim
472 1041 777 1097 sceleribus
826 1041 1124 1096 ittVolutum
1169 1042 1339 1097 sacris
1378 1041 1642 1097 altaribus
1682 1043 1776 1097 ad-

178 1142 329 1188 stare
359 1148 465 1188 non
507 1146 689 1202 posse.
735 1133 890 1198 Quod
925 1134 969 1186 si
1002 1148 1230 1202 corpore
1278 1134 1539 1204 languens
1568 1135 1777 1203 episco-

176 1241 305 1296 pus,
334 1225 697 1280 abdicationis
727 1235 977 1294 porrecto
1003 1224 1207 1289 libello,
1242 1226 1538 1280 secundum
1569 1226 1774 1295 Grego-

183 1316 321 1369 rium
354 1330 728 1369 successorem
762 1316 1007 1386 accipere
1046 1325 1246 1385 potest,
1283 1316 1452 1370 multo
1484 1318 1654 1386 magis
1684 1318 1776 1387 qui

181 1403 237 1457 in
262 1404 444 1458 anima
476 1404 587 1459 Deo
625 1414 870 1459 mortuus
897 1416 1009 1469 est,
1037 1405 1396 1460 abdicationis
1436 1416 1686 1476 porrecto
1716 1406 1778 1461 li—

176 1495 343 1561 bello,
392 1511 766 1552 successorem
812 1497 1060 1566 accipere
1105 1512 1281 1567 posse.
1326 1497 1613 1553 Addebant
1643 1514 1781 1569 prmo

182 1594 354 1651 terea,
386 1588 514 1656 quia
550 1587 596 1641 si
634 1587 752 1642 iich
789 1588 864 1641 ita
903 1587 1095 1643 festive
1121 1598 1179 1642 et
1204 1589 1575 1658 sollempuiler
1601 1590 1782 1645 deter-

178 1678 389 1732 minata
430 1677 633 1745 forent,
679 1679 904 1733 omnino
940 1677 1205 1747 judicium
1247 1670 1351 1734 hoc
1383 1680 1627 1734 innovari
1673 1696 1777 1736 nus

179 1777 401 1839 posset,
440 1768 603 1840 idque
630 1768 837 1824 firmari
881 1784 948 1824 ex
989 1770 1218 1825 concilio
1257 1770 1578 1836 Autioccno,
1628 1773 1778 1841 capi-

184 1859 297 1913 tulo
328 1858 397 1913 15
424 1876 439 1913 :

250 1971 345 2045 48.
386 1972 445 2027 Si
489 1972 614 2043 quis
660 1973 947 2045 episcopus
988 1973 1344 2030 criminaliter
1370 1986 1678 2042 accusatus,
1714 1978 1781 2033 ab

182 2044 436 2116 omnibus
465 2045 556 2113 qui
600 2055 727 2098 sunt
765 2044 901 2099 intra
941 2046 1276 2114 provinciam
1316 2049 1583 2116 episcopis
1626 2064 1785 2102 exce-

190 2114 328 2185 perit
354 2130 521 2185 unam
550 2130 954 2185 consonamque
999 2114 1357 2180 sententiam,
1392 2119 1457 2170 {lli
1486 2114 1609 2174 aliis
1648 2119 1787 2173 ulte-

187 2184 299 2236 rius
341 2184 578 2253 judicari
624 2201 731 2238 non
781 2184 997 2255 poterit.
1049 2186 1156 2240 Sed
1206 2203 1425 2242 manere
1471 2189 1616 2241 circa
1660 2204 1785 2241 eum

185 2264 430 2326 oportet,
471 2263 752 2323 tamquam
783 2257 1232 2322 convenientem,
1275 2274 1395 2326 quas
1437 2258 1505 2311 ab
1533 2259 1787 2313 omnibus

185 2323 397 2393 prolata
424 2334 532 2388 est,
564 2326 780 2380 ﬁrmam
813 2336 1094 2395 ratamque
1124 2323 1473 2382 sententiam.

329 2407 428 2471 [iis
459 2416 538 2470 ita
570 2419 831 2485 definitis,
864 2428 975 2473 tum
1007 2419 1074 2451 ’⁵⁷
1108 2420 1405 2475 discessum
1431 2429 1534 2477 est.

249 2507 343 2563 49.
370 2506 643 2579 Sequenti
669 2521 853 2565 autem
883 2511 996 2577 die,
1022 2515 1444 2570 consedentibus
1474 2516 1544 2547 ’³⁸
1576 2516 1789 2586 episco-

179 2599 268 2669 pis
307 2600 364 2656 in
410 2602 641 2657 basilica
677 2602 861 2658 domui
903 2604 1079 2661 Basoli
1120 2606 1468 2670 confessoris,
1520 2611 1789 2679 totiusque

181 2690 319 2747 cleri
344 2692 618 2764 disposito
644 2705 931 2762 conventu,
966 2712 1136 2766 pauca
1161 2700 1228 2753 de
1255 2700 1527 2763 civilibus,
1557 2700 1789 2771 plurima

184 2793 321 2838 vero
379 2784 451 2838 de
511 2784 899 2841 ecclesiasticis
960 2788 1193 2858 negotiis
1251 2798 1582 2857 pertractata
1641 2800 1787 2846 sunt.

187 2874 547 2946 Rursumque
573 2876 832 2932 Arnulfus
862 2876 1146 2934 Remensis
1176 2881 1228 2937 in
1258 2881 1576 2937 memoriam
1608 2883 1787 2937 rediit.

185 2964 440 3036 Cumque
468 2978 633 3022 causa
665 2966 783 3035 ejus
805 2966 916 3036 jam
955 2986 1062 3024 non
1101 2971 1154 3024 in
1182 2970 1429 3026 defensio
1471 2989 1520 3033 ο.
1551 2974 1646 3028 sed
1679 2988 1794 3027 ma-

188 3058 334 3114 xime
368 3059 427 3114 in
457 3061 851 3131 conquestione
879 3071 1208 3127 versaretur,
1239 3063 1369 3119 aliis
1398 3065 1543 3118 illum
1575 3075 1795 3135 propter

186 3160 385 3221 genus,
418 3150 546 3207 aliis
581 3163 803 3222 propter
830 3152 1013 3210 florem
1053 3153 1354 3223 juventutis
1387 3157 1793 3221 miserantibus,

188 3242 487 3312 episcopos
541 3244 699 3299 ruina
747 3243 933 3301 fratris
982 3254 1039 3301 et
1092 3246 1386 3316 ignominia
1441 3248 1793 3311 sacerdotalis

194 3330 484 3400 dignitatis
509 3332 727 3403 gravius
754 3332 1087 3389 stimulabat.
1120 3328 1502 3405 Unusquisque
1532 3337 1675 3391 enim
1705 3353 1797 3391 ca-

192 3433 311 3475 sum
344 3418 471 3489 ejus
514 3437 585 3477 ex
628 3438 687 3479 se
723 3424 841 3495 ipso
873 3426 1218 3489 metiebatur,
1252 3441 1418 3497 seque
1464 3429 1533 3481 ah
1575 3428 1797 3482 infamia

193 3508 423 3566 liberari
476 3515 720 3583 putabat,
766 3516 813 3571 si
858 3517 924 3581 is,
959 3517 1053 3586 qui
1096 3517 1309 3587 publice
1353 3518 1735 3588 impetebatur,
1766 3536 1797 3574 a

194 3600 528 3671 criminibus
552 3602 692 3658 liber
717 3602 858 3660 foret
879 3602 989 3677 [vel
1018 3606 1337 3677 periclitari,
1364 3608 1408 3663 si
1428 3623 1648 3664 causam
1677 3624 1800 3678 per-

198 3691 354 3747 deret
386 3688 510 3766 πη.

263 3784 361 3839 50.
406 3785 517 3841 Sed
556 3802 680 3842 cum
713 3786 810 3845 has
859 3790 915 3845 in
956 3790 1174 3861 longum
1219 3790 1478 3846 ducerent
1522 3792 1799 3862 querimo-

199 3878 349 3945 nias,
376 3893 510 3935 eccc
535 3877 863 3938 Francorum
888 3899 1065 3953 reges,
1087 3899 1211 3938 cum
1237 3884 1567 3953 primoribus
1594 3885 1799 3954 palatii,

202 3984 363 4024 sacro
418 3973 716 4027 conventui
772 3988 893 4030 sese
947 3973 1207 4030 inferunt.
1266 3975 1547 4044 Episcopis
1600 3977 1803 4046 gratias

203 4067 405 4131 agunt,
441 4062 589 4131 quod
639 4079 734 4132 pro
762 4065 950 4120 salute
998 4066 1299 4136 principum
1347 4067 1552 4121 diutius
1591 4068 1803 4122 consul—

204 4154 397 4215 tando,
431 4154 774 4212 devotionem
802 4172 954 4212 suam
988 4157 1146 4227 plena
1175 4155 1276 4212 fide
1306 4144 1633 4225 Signassent.
1664 4158 1804 4212 Lau-

205 4244 354 4305 dant.
388 4246 539 4315 quod
570 4263 601 4300 a
631 4262 917 4316 pravorum
950 4249 1229 4304 hominum
1263 4250 1666 4318 conspiratione
1698 4263 1804 4305 non

204 4336 381 4391 solum
427 4350 490 4391 se
537 4337 928 4403 removissent,
967 4355 1156 4394 verum
1187 4340 1349 4393 etiam
1384 4341 1496 4409 ipsa
1539 4350 1717 4394 mente
1748 4354 1807 4395 se

205 4427 418 4482 alienos
468 4426 642 4483 fuisse
670 4445 765 4484 suo
794 4430 969 4485 studio
1011 4429 1508 4495 detnonstrasscnt;
1541 4431 1808 4500 simulque

207 4527 492 4587 gestorum
528 4521 726 4574 seriem
765 4521 1005 4577 breviter
1030 4522 1227 4589 exponi
1260 4531 1479 4590 petunt,
1519 4531 1571 4577 et
1615 4522 1667 4576 in
1699 4540 1806 4592 quo

201 4607 310 4663 line
345 4610 728 4665 constiterint.

276 4701 370 4753 5f.
428 4720 449 4751 ι
492 4699 648 4764 Νοη,
691 4721 707 4752 ι
753 4702 927 4773 inquit
967 4712 1122 4774 pater
1159 4702 1434 4769 Arnnlfus,
1471 4728 1487 4759 t
1525 4708 1626 4763 hoc
1654 4709 1809 4764 nobis

208 4788 455 4844 adscribi
530 4791 689 4845 debet
737 4794 882 4863 quod
930 4795 1152 4848 minime
1199 4796 1521 4864 promeritos
1571 4807 1806 4853 constat.

212 4881 312 4935 Pro
344 4883 534 4937 salute
562 4884 701 4938 enim
735 4896 909 4942 vestra
944 4888 1193 4958 quamvis
1219 4889 1364 4941 omni
1408 4898 1651 4959 tempore
1682 4906 1808 4945 con-

211 4974 533 5028 sultandum
570 4977 660 5040 sit,
692 4977 793 5034 hoc
836 4987 1014 5035 tamen
1051 4988 1259 5049 tempus
1293 4978 1453 5033 saluti
1492 4980 1677 5035 fratris
1716 4998 1811 5036 no-

214 5067 335 5129 stri,
368 5067 423 5119 in
470 5066 715 5134 periculo
745 5072 925 5137 positi,
961 5078 1132 5125 totum
1169 5071 1530 5138 contulimus;
1563 5084 1618 5129 et
1653 5075 1696 5129 si
1731 5091 1816 5129 res

217 5169 279 5208 eo
323 5171 437 5223 quo
488 5155 734 5211 volumus
764 5160 834 5191 "°
878 5161 1110 5215 deducta
1156 5178 1262 5216 non
1311 5172 1428 5223 est,
1476 5179 1583 5218 non
1629 5166 1815 5234 utique

220 5258 406 5288 amm‘p
438 5255 491 5288 PI
541 5245 905 5288 lmnnvnlnnlio
938 5250 1009 5282 ’σι
1044 5254 1202 5288 vnclri
1240 5254 1321 5288 val
1359 5254 1485 5288 ΛιΙῖΛ
1518 5256 1614 5288 ἔπη-ἶ

1625 5273 1683 5288 DIC
1716 5256 1815 5288 l‘l‘d“

1812 1863 1859 1924 Β

1822 3218 1867 3278 C

1834 4577 1884 4636 D

1872 603 1972 643 nos
2002 589 2173 657 pictas
2201 591 2525 653 commovit,
2571 600 2752 645 tantus
2782 592 3028 645 caritatis
3058 593 3237 645 fervor
3265 608 3456 647 accen-

1872 678 1971 731 dit.
2019 679 2260 749 Denique
2299 696 2406 735 non
2455 681 2626 736 solum
2670 696 2764 737 eos
2806 683 2897 752 qui
2942 681 3232 738 defendere
3281 685 3459 754 parati

1872 780 2031 824 erant
2063 784 2162 839 pro
2199 786 2263 826 eo
2300 774 2636 839 exacuimus,
2679 789 2868 829 verum
2908 776 3073 829 etiam
3116 791 3211 831 eos
3244 777 3335 846 qui
3378 778 3459 831 in-

1874 874 2114 929 pugnare
2141 862 2481 924 videbantur,
2513 873 2700 919 nostro
2729 865 2796 895 ’θ’
2828 866 3174 920 anathemate
3212 866 3460 923 dubitare

1874 950 2168 1018 coegimus.
2187 950 2369 1019 Itaque
2394 953 2663 1022 utrimque
2684 955 2752 985 ¹⁶³
2775 971 3076 1011 ιιιιηιεῐοετίξ
3096 956 3319 1012 Patrum
3342 974 3465 1013 sen-

1881 1040 2061 1094 tentia:
2096 1041 2321 1111 prolata:
2357 1052 2514 1109 sunt,
2556 1045 2651 1099 sed
2697 1045 2840 1099 nulla
2884 1062 3069 1101 earum
3108 1049 3322 1118 adjutus
3355 1057 3459 1105 est.

1880 1131 2153 1186 Deductus
2178 1148 2393 1203 quoque
2419 1135 2472 1188 in
2502 1136 2735 1189 medium
2765 1145 2921 1191 estet
2950 1135 3346 1208 iuterrogatns’;
3370 1139 3464 1209 qui

1878 1222 2054 1291 primo
2084 1223 2302 1291 quidem
2336 1224 2517 1277 omnia
2549 1225 2790 1293 negavit,
2832 1225 2923 1279 sed
2953 1242 3072 1279 cum
3102 1227 3199 1280 sibi
3229 1229 3468 1298 singilla-

1882 1313 1976 1365 tim
2020 1313 2232 1381 species
2275 1329 2562 1368 causarum
2604 1324 3052 1385 proponerentur,
3098 1332 3316 1373 necesse
3349 1329 3470 1373 erat

1879 1402 1980 1457 sibi
2013 1404 2258 1459 confiteri
2293 1405 2437 1475 quod
2465 1405 2679 1473 publice
2713 1406 2914 1460 factum
2972 1409 3273 1462 constabat.
3309 1409 3471 1464 Cum-

1881 1508 1987 1562 que
2015 1509 2080 1548 cx
2112 1494 2195 1549 his
2224 1510 2343 1564 qua:
2372 1496 2747 1559 confitebatur,
2779 1507 3240 1565 consequerentur
3267 1513 3327 1553 ea
3353 1515 3473 1567 qua:

1882 1594 2204 1651 negaverat,
2246 1586 2332 1639 illa
2373 1601 2587 1655 quoque
2622 1603 2742 1656 quae
2789 1587 3077 1656 plurimum
3114 1584 3291 1643 celare
3335 1591 3476 1645 nite-

1886 1675 2062 1741 batur,
2109 1677 2163 1731 in
2190 1678 2412 1731 dubium
2458 1679 2780 1733 adducebat.
2813 1677 2957 1733 lnter
3003 1680 3102 1734 has
3151 1681 3474 1749 tergiversa-

1888 1765 2063 1819 tiones
2088 1780 2211 1819 cum
2238 1767 2487 1831 haereret,
2510 1768 2842 1838 propositum
2869 1769 2971 1823 sibi
2999 1778 3097 1832 est,
3127 1778 3187 1824 ut
3213 1771 3316 1825 sibi
3341 1786 3474 1827 con-

1889 1856 2109 1911 suleret.
2143 1856 2244 1923 Qui
2289 1872 2561 1911 secessum
2598 1868 2810 1927 petens,
2856 1859 3140 1929 episcopos
3181 1860 3247 1914 ad
3297 1876 3480 1916 remo-

1889 1949 2026 2003 tiora
2074 1948 2246 2003 duxit.
2298 1948 2479 2019 Ibique
2526 1950 2652 2004 dum
2695 1948 2763 2003 de
2807 1951 3067 2019 qualitate
3102 1953 3478 2023 purgationum

1887 2056 2047 2112 agere
2094 2050 2398 2112 putaretur,
2448 2042 2762 2097 stimulante
2805 2043 3158 2108 conscientia,
3199 2046 3380 2101 subito
3425 2046 3479 2101 in

1888 2132 2289 2188 confessionem
2312 2142 2663 2203 peccatorum
2688 2149 2907 2187 suorum
2932 2136 3130 2204 erupit,
3150 2147 3484 2206 cunctosque

1889 2225 1978 2295 qui
2010 2226 2242 2281 aderant
2284 2226 2543 2282 attonitos
2581 2226 2832 2280 reddidit.
2866 2226 3144 2297 EpiscOpis
3180 2237 3359 2283 autem
3390 2244 3482 2283 sa—

1886 2314 2054 2371 lutem
2100 2315 2176 2371 illi
2223 2316 2680 2387 promittentibus,
2713 2318 2953 2388 nihilque
2987 2332 3149 2389 grave
3195 2329 3484 2390 passurum

1889 2411 1935 2465 si
1958 2425 2203 2465 rumores
2225 2410 2927 2481 adversos“"propclleret,
2944 2412 3029 2467 ille
3058 2414 3409 2470 nihilominus
3429 2415 3487 2470 in

1890 2503 1972 2558 Sui
1999 2502 2339 2559 confessione
2366 2504 2695 2573 permansit,
2729 2519 2895 2575 seque
2942 2506 3250 2560 sacerdotio
3281 2506 3488 2575 privari

1891 2595 2156 2665 poposcit.
2207 2594 2343 2655 Huic
2388 2594 2717 2650 confessioni
2784 2597 3004 2666 quidam
3060 2611 3126 2651 ex
3175 2597 3487 2666 abbatibus,

1890 2684 2048 2737 multi
2091 2697 2158 2738 ex
2188 2682 2335 2738 clero
2378 2683 2764 2750 interfuerunt,
2796 2695 3131 2740 secretorum
3160 2686 3369 2741 Arnulti
3403 2696 3490 2744 te-

1892 2784 2005 2830 stes
2041 2790 2140 2845 per
2170 2775 2328 2847 longa
2367 2777 2561 2831 stecula
2592 2776 2779 2831 futuri.
2812 2777 2919 2832 Sed
2961 2777 3005 2832 si
3038 2778 3237 2848 placet,
3271 2779 3323 2834 in
3350 2794 3491 2849 pra:-

1894 2870 2125 2923 sentiam
2157 2869 2400 2924 omnium
2429 2867 2748 2934 deducatur,
2791 2884 3085 2938 coramque
3122 2870 3488 2937 multitudine,

1896 2959 2010 3030 ipse
2055 2959 2158 3015 sibi
2202 2961 2358 3015 testis
2404 2968 2461 3015 ct
2498 2960 2699 3030 judex,
2748 2976 2973 3017 causam
3025 2977 3176 3018 suam
3219 2976 3491 3035 exponat,

1896 3051 2166 3121 simulque
2207 3060 2574 3116 accusatores,
2608 3061 2795 3118 testes,
2834 3061 2997 3123 atque
3035 3052 3247 3122 iudices
3290 3056 3491 3111 invidia

1897 3142 2109 3205 liberet,
2137 3142 2188 3197 in
2220 3158 2278 3197 se
2305 3158 2413 3198 uno
2440 3144 2631 3198 horum
2655 3143 2896 3198 omnium
2919 3156 3203 3214 personam
3229 3161 3442 3217 gerens.
3468 3168 3487 3200 ι

1971 3232 2060 3287 52.
2102 3231 2220 3300 Quo
2257 3233 2326 3265 ’⁸⁸
2363 3234 2609 3305 ingresso
2648 3250 2770 3289 cum
2811 3237 3069 3292 universo
3113 3239 3328 3309 populo,
3374 3248 3495 3309 post

1896 3324 2175 3395 paululum
2220 3326 2497 3381 silentium
2534 3327 2795 3382 indictum
2824 3337 2928 3383 est.
2973 3329 3173 3386 Deinde
3214 3339 3369 3401 pater
3394 3333 3497 3385 Ar-

1899 3416 2079 3471 nulfus
2125 3418 2193 3471 ad
2236 3416 2525 3472 Arnulfum
2558 3436 2572 3471 :
2612 3437 2630 3469 ι
2668 3417 2903 3475 Videsne
2941 3420 3183 3475 omnium
3228 3436 3325 3475 ora
3358 3421 3408 3475 in
3444 3432 3497 3482 te
3530 3466 3537 3469 .

1899 3524 2065 3562 unum
2108 3510 2410 3587 conversa?
2451 3509 2563 3564 Cur
2606 3525 2705 3580 pro
2748 3520 2799 3566 te
2846 3512 2963 3581 ipso
3010 3527 3117 3567 non
3155 3511 3427 3583 loqueris?
3468 3532 3489 3567 ι

1901 3602 2002 3671 Qui
2032 3617 2157 3657 cum
2189 3600 2329 3657 male
2355 3603 2621 3657 concinna
2652 3603 2816 3657 verba
2856 3602 3180 3670 effunderet,
3208 3606 3493 3675 minusque

1902 3696 2124 3765 intelligi
2159 3704 2363 3763 posset,
2394 3696 2471 3749 ait
2500 3703 2653 3765 pater
2671 3694 2972 3750 Arnulfus:
3014 3717 3029 3748 ι
3062 3698 3208 3753 Esne
3232 3698 3407 3754 adhuc
3439 3700 3491 3754 in

1904 3786 2172 3840 sententia
2220 3787 2273 3839 in
2305 3798 2409 3854 qua
2441 3794 2491 3839 te
2517 3802 2642 3840 sero
2688 3786 3037 3855 reliquimus?
3074 3807 3093 3839 ι
3123 3817 3191 3828 --
3224 3806 3243 3839 ‹
3264 3768 3434 3852 ‘Sum,
3468 3808 3489 3842 ι

1907 3877 2101 3945 inquit.
2134 3905 2202 3916 -—
2234 3894 2252 3927 ι
2291 3877 2455 3931 Visne
2484 3887 2537 3930 te
2578 3874 2835 3933 abdicare
2863 3894 2892 3931 a
2936 3880 3226 3934 sacerdotii
3268 3882 3495 3947 honore,

1904 3982 2012 4036 quo
2039 3967 2300 4023 hactenus
2327 3968 2526 4023 abusus
2552 3969 2647 4023 es?
2682 3987 2701 4020 ι
2738 3969 2802 4023 Et
2834 3968 2925 4023 ille
2956 3988 2968 4023 :
3007 3988 3025 4021 ‹
3065 3970 3219 4026 Sicut
3244 3972 3440 4028 dicitis.
3473 3994 3491 4024 ι

1907 4052 2042 4114 Tum
2070 4074 2256 4113 comes
2286 4059 2629 4114 Brochardus
2661 4076 2675 4112 ;
2710 4078 2728 4110 ι
2765 4059 2905 4127 Quid
2935 4070 3039 4126 est,
3079 4063 3273 4132 inquit.
3307 4064 3449 4118 istud
3479 4084 3490 4119 :

1907 4153 2040 4206 sicut
2075 4151 2293 4205 dicitis?
2330 4151 2512 4206 Palam
2562 4152 2866 4221 eloquatur,
2918 4153 3097 4221 palam
3146 4155 3493 4221 confiteatur,

1909 4262 1976 4301 ne
2002 4246 2341 4315 postmodum
2377 4246 2659 4315 episcopos
2688 4246 2918 4300 crimina
2947 4261 3068 4316 quas
3095 4247 3359 4305 voluerint
3393 4252 3493 4305 fin-

1909 4339 2054 4393 xisse
2078 4337 2323 4403 dictitet,
2359 4352 2417 4392 se
2442 4336 2755 4393 confessum
2781 4351 2903 4392 esse
2933 4338 3179 4410 abneget.
3216 4359 3235 4391 ι
3269 4341 3333 4395 Εῑ
3361 4341 3447 4396 ille
3480 4360 3492 4395 :

1915 4450 1933 4482 ι
1975 4429 2184 4495 Palam,
2219 4430 2415 4499 inquit,
2449 4429 2570 4484 dico
2598 4438 2654 4485 et
2684 4427 2944 4498 proﬁteor
2979 4446 3065 4485 me
3098 4444 3332 4494 errasse,
3383 4442 3439 4486 et
3467 4449 3494 4485 a

1913 4520 2170 4575 fidelitate
2195 4520 2343 4591 regia
2368 4519 2633 4575 deviasse.
2661 4516 2767 4576 Sed
2792 4529 2943 4589 peto,
2963 4530 3023 4574 ut
3046 4520 3243 4576 domno
3271 4522 3499 4577 Arnulfo

1912 4627 2011 4682 pro
2040 4626 2126 4664 me
2152 4609 2391 4679 loquenti
2422 4610 2680 4675 credatis,
2730 4611 3014 4679 ipsumque
3057 4612 3111 4665 in
3154 4620 3334 4667 vestra
3367 4628 3503 4681 prte—

1912 4703 2090 4757 sentia
2114 4703 2395 4771 deprecor,
2426 4700 2569 4753 sicut
2597 4700 2727 4753 mihi
2758 4699 3010 4754 conscius
3034 4708 3117 4755 est
3141 4710 3197 4755 et
3241 4702 3342 4756 sibi
3391 4703 3502 4772 pla-

1914 4801 2015 4851 cet.
2050 4802 2109 4847 ut
2156 4793 2230 4845 ita
2252 4805 2471 4846 causam
2504 4805 2678 4843 meam
2705 4797 2954 4857 exponat.
3002 4808 3022 4842 ι
3056 4818 3128 4830 -—
3159 4810 3177 4843 ι
3215 4790 3437 4854 Natura,
3479 4812 3496 4843 ι

1914 4882 2088 4952 inquit
2125 4894 2278 4952 pater
2318 4881 2601 4945 Amulius,
2635 4900 2653 4931 ι
2688 4880 2989 4933 taciturnus
3033 4890 3141 4944 est,
3183 4887 3239 4935 et
3284 4882 3504 4948 insuper

1915 4990 2036 5044 quae
2091 4976 2191 5029 sub
2247 4971 2559 5029 teStimouio
2610 4970 2813 5026 Christi
2858 4978 3061 5024 nostra:
3116 4970 3239 5024 fidei
3284 4969 3503 5024 celanda

1916 5064 2215 5127 Commisit,
2246 5063 2421 5136 palam
2462 5061 2715 5116 confiteri
2761 5059 3053 5115 erubescit.
3093 5059 3330 5114 Sufficiat
3359 5060 3508 5112 vobis

1918 5155 2021 5209 hoc
2053 5164 2262 5210 tantum
2310 5156 2491 5214 nasse,
2523 5154 2674 5219 quod
2708 5148 2919 5219 publice
2959 5145 3270 5212 confitetur,
3306 5148 3511 5203 scilicet

1918 5258 2258 5288 currammitn
2317 5254 2439 5288 nium
2493 5244 2720 5288 renibus
2761 5238 2871 5288 suis
2912 5236 2982 5266 ⁸⁸⁸
3032 5238 3243 5288 nublice
3288 5231 3514 5288 praebuit
