3948 5350
492 423 598 480 33$

1779 406 2160 465 SILVESTER
2188 406 2230 462 ll
2269 410 2469 462 PAPA.

3659 402 3771 463 858

493 540 884 604 Brocbardus,r
907 536 1007 592 nisi
1033 533 1244 605 publice
1269 531 1520 589 fateatur,
1547 534 1640 582 aut
1662 525 1873 597 publice
1893 537 2082 593 perne—
2109 527 2156 585 Α
2183 522 2486 591 episcopus.
2525 534 2915 592 recognoscens
2941 518 3285 592 fragilitatem
3318 536 3493 576 meam
3512 561 3528 586 ,
3554 530 3611 576 et
3639 534 3776 591 pon-

495 646 601 711 get,
620 634 720 689 sub
735 639 914 687 vestro
929 624 1253 685 testimonio,
1267 637 1325 675 se
1342 619 1684 674 traditionem
1704 617 1916 678 fecisse,
1935 625 1992 668 ut
2007 613 2083 667 al-

499 706 598 787 teri
629 729 700 783 sit
720 726 886 780 libera
917 720 1141 775 facultas
1165 717 1219 770 in
1243 714 1360 786 ejus
1390 714 1566 767 locum
1597 706 1940 765 succedendi.
1971 726 1990 759 ι
2014 734 2085 746 -

497 845 515 874 ι
533 822 755 880 immo,-
775 811 949 884 inqaiit
974 819 1126 879 pater
1146 806 1451 868 Arnttlltts,t
1464 818 1568 858 non
1585 800 1738 856 eritis
1755 799 1913 854 hodie
1926 813 1988 866 pa
1998 811 2083 852 res

493 908 890 968 sacerdotibus,
929 904 1127 973 quibus
1164 898 1296 953 solis
1339 912 1471 966 pura
1522 895 1748 949 debetur
1791 889 2079 945 confessio.

495 1004 682 1058 Nonne
703 999 746 1054 si
774 996 896 1066 quis
915 993 1144 1048 militum
1166 1006 1264 1059 pro
1287 988 1562 1043 nominato
1585 984 1813 1040 crimine
1835 983 1972 1051 apud
1994 995 2082 1036 re-

481 1108 614 1164 .gem
630 1085 1058 1148 insimularetur,
1075 1082 1186 1151 ipse
1199 1087 1378 1134 autem
1396 1076 1523 1131 illud
1536 1075 1751 1145 quidem
1764 1072 1831 1104 ’⁸⁷
1845 1071 2081 1141 denega-

478 1195 600 1249 .ret,
623 1179 973 1239 confiteretur
992 1182 1173 1230 autem
1212 1173 1285 1227 ita
1308 1186 1368 1227 se
1393 1171 1445 1225 in
1473 1168 1594 1223 aliis
1614 1180 1887 1236 peccasse,
1902 1173 1961 1218 ut
1984 1177 2084 1217 nec

475 1274 756 1346 -pr:edinm
805 1282 906 1323 nec
957 1263 1274 1320 beneficium
1325 1261 1572 1330 optinere
1615 1263 1825 1326 posset,
1879 1266 2083 1323 proque

497 1344 613 1422 sola
642 1364 749 1418 vita
773 1355 1224 1431 supplicaret;'si
1262 1354 1398 1424 ejus,
1432 1352 1675 1419 inquam,
1708 1345 1964 1417 praedium
1999 1344 2083 1397 vel

476 1456 817 1515 beneficium
859 1450 1026 1521 regali
1068 1444 1437 1503 munificentia
1466 1442 1620 1498 vobis
1648 1438 1955 1502 olferretnr,
1987 1451 2081 1492 ac-

476 1552 678 1619 cipere
704 1540 1063 1599 recusaretis?
1098 1538 1240 1606 Quid
1278 1537 1422 1592 enim
1469 1536 1694 1589 interest
1734 1532 1876 1586 inter
1900 1528 2081 1584 omnia

474 1637 777 1697 ‘ntortil’era
801 1634 1055 1696 crimina,
1083 1639 1264 1685 utrttm
1288 1625 1579 1682 homicidio
1603 1622 1685 1677 vel
1712 1619 1977 1676 adulterio
2012 1633 2079 1671 an

475 1730 760 1788 ‘venefieio
784 1726 908 1798 quis
953 1722 1245 1795 puniatur?
1287 1720 1431 1775 Satis
1463 1732 1592 1788 ergo
1624 1715 1777 1771 vobis
1806 1714 1905 1775 sit,
1937 1710 2080 1781 quod

478 1839 597 1895 per
641 1818 1036 1878 confessionem
1084 1813 1239 1868 nobis
1284 1826 1381 1866 sua
1425 1816 1645 1879 peccata
1694 1802 2073 1862 manifestavit,

2185 614 2312 668 dera
2341 623 2685 682 peccatorum
2714 629 2955 667 meorntn
2977 654 2993 680 ,
3024 623 3190 669 testes
3220 614 3565 670 confessores
3588 628 3777 682 meos,

2184 704 2466 775 Signinum
2508 705 2969 773 archiepiscopum
2994 745 3008 767 ,
3047 704 3358 759 Daibertum
3400 705 3780 772 archiepisco-

2182 812 2341 866 pum,
2382 795 2667 850 Aruulfum
2712 796 3057 864 episcopum,
3096 794 3523 850 Gotesmannmn
3563 796 3781 864 episco-

2181 902 2339 955 pum,
2379 886 2645 941 Herveum
2683 888 3027 955 episcopum,
3069 885 3368 940 llatbodum
3415 884 3733 953 episcopum
3760 922 3779 950 ,

2183 976 2521 1033 Gualterium
2548 979 2858 1046 episcopum
2876 1016 2890 1038 ,
2919 975 3225 1028 Brunonem
3252 975 3590 1043 episcopum,
3624 972 3780 1028 Milo-

2182 1079 2307 1121 nem
2336 1066 2678 1135 episc0pum,
2710 1063 3106 1118 Adalberoucm
3147 1064 3491 1133 episcopum,
3527 1061 3780 1117 Odonem

2172 1156 2529 1226 episcopum,
2558 1154 2859 1210 Guidonem
2893 1155 3238 1223 episcopum,
3269 1150 3618 1206 Heribertum
3660 1150 3781 1219 epi-

2184 1262 2428 1316 scopmn,
2460 1246 2714 1302 constitui
2747 1246 2878 1299 mihi
2902 1246 3114 1314 judices
3151 1237 3778 1308 delictOrum‘meorum,

2183 1346 2237 1392 et
2277 1353 2462 1407 puram
2501 1338 2634 1407 ipsis
2678 1334 3073 1390 confessionem
3103 1334 3225 1388 dedi
3251 1374 3265 1396 ,
3301 1348 3555 1403 quaerens
3599 1348 3780 1388 reme-

2183 1428 2331 1483 dium
2361 1428 2678 1496 paznitcndi,
2709 1435 2764 1481 et
2792 1427 3021 1481 salutem
3050 1427 3246 1480 anima:
3282 1439 3438 1489 mete,
3471 1433 3529 1479 ut
3560 1424 3783 1479 recede-

2184 1537 2296 1576 rem
2324 1525 2390 1574 ab
2413 1520 2587 1575 oflicio
2612 1529 2667 1575 et
2694 1519 2995 1574 ministerio
3023 1516 3351 1587 pontificali,
3379 1531 3490 1587 quo
3512 1530 3602 1570 me
3629 1530 3780 1569 reco-

2183 1627 2387 1684 gnosco
2416 1628 2537 1667 esse
2581 1612 2857 1681 indignum
2879 1649 2894 1674 ,
2925 1620 2978 1664 et
3014 1610 3248 1664 alienum
3284 1622 3373 1662 me
3417 1607 3658 1662 reddens
3686 1621 3785 1676 pro

2182 1701 2422 1759 rentibus
2464 1701 2627 1764 meis,
2682 1702 2734 1755 in
2766 1701 2983 1771 quibus.
3015 1713 3270 1770 peccasse
3312 1714 3397 1752 me
3440 1697 3513 1729 ³⁷⁰
3566 1704 3784 1751 secreto

2185 1795 2316 1864 ipsis
2339 1792 2621 1847 confessus
2650 1806 2790 1855 sum,
2824 1800 2879 1844 et
2904 1791 2969 1845 de
2996 1791 3192 1859 quibus
3215 1788 3428 1858 publice
3457 1788 3775 1859 arguebar;

497 1880 639 1984 quod
682 1907 896 1980 publice
939 1919 998 1960 se
1042 1903 1325 1974 indignum
1374 1897 1677 1955 sacerdotio
1725 1902 2075 1966 protestatur,
2112 1881 2154 1940 Β
2181 1902 2248 1941 eo
2277 1886 2482 1940 scilicet
2517 1886 2707 1949 modo,
2738 1892 2797 1937 ut
2836 1883 2934 1952 ipsi
2969 1884 3078 1938 sint
3109 1892 3275 1937 testes
3303 1882 3396 1936 alii
3441 1880 3782 1935 succedendi

497 1976 641 2074 quod
684 2001 763 2055 sic
810 2012 868 2054 se
905 2010 1164 2068 peccasse
1209 2009 1393 2049 coram
1429 1991 1649 2062 regibus
1694 1989 1748 2043 in
1794 1976 2085 2055 conspectu

495 2093 756 2151 acclesiae
792 2089 1102 2153 confitetur,
1152 2095 1213 2142 ut
1254 2084 1404 2141 nullo
1451 2084 1656 2137 honore
1700 2080 1859 2149 lmjns
1905 2073 2083 2132 saeculi

495 2188 693 2257 dignus
717 2184 820 2248 sit;
846 2196 952 2236 non
975 2179 1119 2235 eniut
1142 2177 1207 2231 ad
1231 2192 1346 2231 rem
1373 2183 1618 2244 spectare
1646 2171 1877 2233 videtur,
1905 2177 2086 2221 utrum

497 2278 603 2332 hoc
628 2282 698 2328 an‘
725 2272 815 2328 illo
838 2270 1069 2328 crimine
1096 2283 1156 2323 se
1180 2269 1356 2338 ipsum
1383 2263 1690 2321 sacerdotio
1719 2261 1910 2331 privet.
1944 2277 1962 2309 ι

569 2368 659 2423 53.
698 2365 834 2421 Tum
859 2375 1154 2418 conversus
1180 2359 1245 2414 ad
1269 2357 1552 2413 Aruulf‘um
1578 2373 1591 2409 :
1624 2377 1642 2405 ι
1681 2353 1820 2420 Quid
1850 2352 1917 2405 ad
1947 2353 2084 2414 haec,

501 2461 702 2531 inquit,
739 2458 894 2522 dicis,
931 2471 1051 2525 quae
1080 2469 1177 2524 pro
1207 2462 1258 2507 te
1286 2453 1551 2506 hactenus
1580 2447 1791 2502 locutus
1820 2462 1938 2500 smn
1962 2446 1985 2500 ?
2016 2474 2086 2485 —

497 2551 601 2614 lta,
645 2547 840 2618 inquit,
865 2546 1005 2618 ,dico
1028 2552 1084 2598 et
1121 2541 1404 2612 profiteor,
1446 2539 1590 2593 sicut
1628 2538 1889 2591 hactenus
1922 2535 2085 2590 locuti

497 2588 601 2614 ....,
645 2588 840 2618 ....,....,
886 2588 1002 2600 ω-..
1030 2588 1084 2598 ν-
1123 2588 1404 2612 ν.νη----,
1628 2588 1660 2591 --
1874 2588 1877 2589 ν
1952 2588 1997 2590 ,_
2074 2588 2081 2589 ,

478 2643 649 2699 .estis.
673 2660 691 2693 ι
711 2668 777 2681 -—
808 2658 826 2689 ι
852 2588 1203 2707 {‘rostcrnerc
1225 2647 1374 2702 ergo,
1397 2651 1416 2683 ι
1436 2630 1610 2700 inquit
1630 2639 1786 2698 pater
1806 2626 2082 2693 Arnulfus,

503 2758 522 2787 ι
549 2732 732 2788 coram
765 2728 870 2783 tuis
900 2724 1161 2788 dominis,
1205 2736 1500 2790 coramque
1524 2719 1631 2774 tuis
1672 2718 1914 2788 regibus,
1950 2731 2088 2785 quos

497 2821 906 2894 inexpi’abiliter
932 2814 1231 2878 offendisti,
1263 2813 1647 2885 propriamque
1671 2809 1938 2864 confitens
1967 2807 2084 2862 cul-

480 2933 644 2990 pam,
673 2925 790 2986 pro
833 2912 909 2967 tui
953 2912 1064 2965 vita
1104 2907 1366 2978 supplica.
1430 2924 1449 2957 ι
1478 2904 1580 2971 Qui
1618 2917 1740 2958 cum
1784 2903 1836 2956 in
1867 2900 2086 2956 modum

498 3008 678 3066 crucis
722 3012 1047 3077 prostratus,
1085 3015 1185 3070 pro
1211 3000 1322 3053 vita
1364 3006 1420 3053 et
1460 2995 1721 3051 membris
1745 2990 2087 3064 eiulatuque

498 3099 1088 3174 poterat'supplicaret,
1118 3096 1172 3149 in
1199 3094 1459 3148 lacrimas
1489 3100 1542 3146 et
1566 3091 1796 3160 suspiria
1820 3089 2085 3160 synodum

486 3201 671 3249 totam
700 3189 989 3245 convertit.
1051 3184 1286 3254 Moxque
1317 3183 1628 3244 Daihcrtus,
1663 3180 2083 3237 Bituricethinm

501 3279 960 3349 archiepiscopus,
1004 3273 1070 3328 ad
1102 3287 1279 3343 genua
1314 3270 1621 3341 principmn
1647 3268 1955 3333 obvolutus,
1990 3268 2086 3322 hn-

504 3368 759 3426 millimas
790 3377 982 3434 preces
1008 3360 1251 3416 omnium
1292 3374 1390 3429 pro
1420 3358 1594 3414 salute
1622 3358 1722 3411 viri
1754 3356 1932 3412 offert.
1982 3356 2086 3423 Qui

435 3508 443 3517 ,
482 3462 706 3531 pietate
750 3457 918 3512 ﬂexi:
977 3473 995 3506 ι
1025 3452 1210 3517 Vivat,
1249 3450 1523 3520 inquittnt,
1574 3458 1758 3503 vestro
1801 3442 2083 3512 beneficio,

489 3554 813 3620 .nostraqne'
832 3548 994 3617 degat
1021 3546 1124 3599 sub
1151 3544 1421 3607 custodia,
1465 3556 1565 3596 nec
1594 3540 1798 3597 ferrum
1828 3555 1929 3595 nec
1966 3541 2086 3597 vin-

504 3639 624 3697 cula
656 3647 921 3697 metuens,
949 3635 1051 3690 nisi
1080 3634 1217 3688 forte
1240 3634 1291 3686 in
1314 3631 1439 3702 fuga
1468 3646 1617 3701 spem
1644 3631 1901 3701 posuerit.
1928 3649 1946 3683 ι
1977 3629 2090 3685 Hoc

505 3733 710 3789 dictum
738 3728 1011 3799 episcopis
1034 3742 1140 3781 non
1184 3723 1575 3793 satisplacuit,
1607 3724 1957 3799 quippcicum
1995 3737 2091 3797 pu-

510 3830 690 3880 tarent
744 3798 1072 3875 adolescenti
1125 3816 1303 3887 fugam
1348 3813 1504 3869 facile
1541 3827 1698 3883 posse
1737 3798 2087 3882 pelsuaderi,

506 3916 577 3972 ob
623 3928 855 3982 eamque
902 3925 1016 3965 rem
1055 3909 1246 3963 mortis
1289 3905 1495 3975 legibus
1543 3906 1738 3960 iterum
1788 3905 2088 3974 subjacere.

506 4005 709 4059 lteraut
738 4015 867 4072 ergo
897 4014 1108 4069 preces,
1131 4007 1192 4051 et
1222 3997 1417 4050 iterum
1443 3994 1515 4027 ⁸⁸⁸
1542 3994 1808 4063 optinent,
1838 3992 2090 4060 juvenem

511 4094 735 4151 minime
769 4090 945 4162 gladio
975 4088 1274 4144 feriendum
1297 4127 1312 4151 ,
1348 4085 1449 4141 nisi
1490 4086 1683 4140 iterum
1716 4084 1873 4153 digna
1921 4083 2095 4138 ultore

511 4186 688 4257 gladio
729 4182 1052 4238 committat.
1088 4178 1343 4233 Elevatns
1379 4178 1560 4248 itaque
1601 4192 1632 4231 a
1671 4185 1815 4231 terra
1852 4174 2094 4245 nihilque

512 4289 678 4348 grave
709 4273 848 4328 ultra
879 4280 1154 4334 metuens,
1179 4268 1573 4337 depositinnetn
1603 4268 1687 4321 sui
1717 4268 1978 4321 attonitus
2000 4281 2098 4320 ex-

510 4364 781 4434 pectabat.
837 4361 1190 4428 Quaerebatur
1228 4360 1410 4427 itaque
1446 4358 1515 4411 ab
1538 4372 1609 4411 eo
1655 4368 1835 4411 utrum
1878 4356 2096 4411 abdica-

516 4455 715 4510 tionem
752 4468 905 4506 snam
941 4466 1009 4505 ex
1050 4450 1373 4504 auctoritate
1417 4462 1685 4502 canonum
1727 4446 2098 4514 sollempniter

516 4543 778 4600 celebrari
823 4540 1195 4607 vellet.,Quod
1242 4554 1365 4594 cum
1416 4537 1671 4607 potestati
1719 4538 2094 4606 episcoporum

516 4633 866 4703 assignasset,
902 4645 1220 4701 persuasum
1254 4628 1328 4683 illi
1365 4637 1474 4692 est,
1507 4636 1566 4682 ut
1600 4626 1813 4681 culmen
1846 4628 2095 4694 honoris,

518 4725 660 4794 quod
688 4722 942 4795 gradibus
978 4721 1273 4784 extulerat,
1307 4719 1563 4791 gradibus
1592 4719 1906 4789 deponeret.
1944 4717 2101 4773 Resi-

517 4824 649 4887 gnat
685 4829 813 4885 ergo
851 4814 996 4885 regi,
1037 4829 1156 4883 quae
1184 4813 1254 4845 ¹⁶⁹
1288 4828 1321 4866 a
1359 4826 1487 4884 rege
1523 4823 1834 4882 acceperat;
1883 4811 2101 4882 deponit

518 4920 734 4977 quoque
768 4903 1121 4960 sacerdotalis
1149 4903 1428 4975 dignitatis
1461 4902 1690 4972 insngnia
1722 4904 1862 4972 apud
1892 4905 2103 4973 episco-

519 5014 647 5068 pos,
680 5014 787 5052 non
818 4998 1034 5067 quidem
1063 4996 1360 5066 exigentes,
1393 5012 1494 5051 nec
1530 4996 1768 5051 retinere
1801 4997 2099 5066 cupientes,

522 5089 617 5143 sed
647 5089 714 5144 iis
740 5103 970 5157 quorum
994 5087 1250 5143 intererat
1276 5087 1331 5141 in
1356 5086 1594 5141 futurum
1619 5101 1902 5142 reservare
1925 5087 2103 5157 dispo-

524 5196 713 5222 nnnlna
773 5185 975 5222 nainrln
1005 5184 1242 5222 ΙὶΙιοΙΙηιη
1279 5199 1390 5222 αηιι»
1418 5183 1773 5222 ΩΙιιῙῖριηῖηηῖα
1803 5186 2099 5222 εοιηιηιῑιιιη

2186 1988 2242 2035 et
2272 1976 2626 2034 consecrandi
2660 1977 2715 2030 in
2761 1975 2879 2029 loco
2914 1990 3066 2038 tneo,
3103 1975 3192 2043 qui
3242 1974 3403 2041 digne
3447 1986 3692 2043 praacsse
3731 1979 3788 2025 et

2185 2070 2442 2140 prodesse
2465 2068 2637 2138 possit
2656 2066 2935 2129 :ecclesim,
2964 2068 3052 2120 cui
3078 2067 3338 2119 hactenus
3362 2064 3621 2133 indignus
3644 2076 3788 2133 pra-

2188 2161 2283 2215 fui.
2319 2161 2383 2214 Et
2413 2170 2469 2214 ut
2497 2160 2621 2213 inde
2653 2159 2791 2212 ultra
2831 2152 3031 2212 nullam
3070 2158 3448 2226 repetitionem
3478 2164 3578 2208 aut
3618 2156 3792 2209 inter-

2185 2255 2529 2328 pellatiouem
2588 2253 2914 2308 auctoritate
2968 2253 3232 2307 canonica
3287 2249 3474 2305 facere
3527 2246 3785 2311 valeam,

2184 2363 2347 2401 manu
2371 2345 2584 2416 propria
2608 2359 2723 2397 mea
2748 2343 3092 2397 subscribens
3115 2342 3346 2395 firmavi.
3371 2339 3493 2407 Quo
3515 2337 3784 2408 perlecto,

2186 2438 2260 2493 ita
2300 2436 2612 2504 subscripsu.
2661 2433 2773 2501 Ego
2814 2432 3073 2486 Arnullus
3104 2431 3378 2499 quondam
3421 2430 3790 2497 archiepisco-

2185 2543 2286 2598 pus
2323 2526 2645 2596 subscripsi.
2676 2544 2694 2575 ι
2724 2523 2860 2577 Huic
2890 2522 3070 2577 libello
3094 2521 3303 2575 Amulli
3335 2530 3642 2591 praesentes
3669 2519 3786 2589 epi-

2186 2621 2534 2691 scopitcstes
2569 2616 2889 2679 adfuerunt,
2928 2624 3090 2685 atque
3119 2615 3187 2670 ab
3219 2629 3285 2669 co
3320 2613 3492 2684 rogati
3537 2611 3789 2666 subscri-

2184 2711 2343 2775 bere,
2390 2708 2847 2776 subscripserunt,
2893 2721 2958 2760 ac
3002 2706 3316 2777 singillatim
3360 2705 3434 2758 illi
3482 2703 3787 2758 dixerunt:

2192 2822 2211 2855 ι
2255 2799 2566 2857 Secundqu
2610 2810 2756 2852 tuam
2790 2798 3181 2868 professionem
3222 2804 3277 2851 et
3322 2794 3789 2864 subscriptionem

2185 2910 2336 2952 cessa
2385 2895 2453 2948 ab
2492 2891 2691 2948 cilicio.
2723 2910 2742 2943 ι
2783 2890 2912 2945 Post
2960 2890 3060 2945 hoc
3101 2888 3309 2944 elerum
3354 2896 3408 2942 et
3451 2886 3717 2958 populum
3758 2900 3791 2940 a

2187 2995 2657 3061 sacramentorum
2697 2999 2838 3039 nexu
2887 2982 3157 3048 absolvit,
3205 2990 3266 3036 ut
3315 2982 3572 3037 omnibus
3619 2980 3792 3035 libera

2187 3079 2419 3136 facultas
2452 3079 2503 3132 in
2535 3077 2759 3137 alterius
2790 3076 3153 3130 transmeandi
3175 3068 3299 3142 jura
3332 3083 3567 3144 pateret.

2279 3170 2370 3225 55.
2414 3169 2510 3223 His
2559 3167 2933 3237 sollempniter
2978 3167 3253 3236 peractis,
3303 3181 3433 3221 ecce
3484 3164 3793 3235 Adalgerus

2114 3236 2159 3301 ο
2190 3262 2454 3333 presbiter
2476 3260 2541 3314 ad
2573 3236 2763 3328 regunt
2785 3257 2949 3328 pedes
2971 3258 3355 3328 prosternitur,
3389 3273 3558 3327 seque
3584 3254 3793 3326 privari

2189 3352 2568 3409 eonnunuione
2610 3349 2986 3418 conqueritur,
3022 3364 3090 3403 eo
3116 3351 3272 3419 ‘quod
3305 3350 3538 3420 imperio
3579 3346 3794 3402 domini

2189 3457 2244 3501 et
2269 3443 2662 3513 archiepiscopi
2694 3441 2811 3505 sui,
2844 3441 2931 3496 cui
2969 3431 3331 3496 resistendum
3369 3442 3474 3495 non
3505 3448 3627 3495 erat
3650 3479 3670 3504 ,
3701 3452 3797 3509 pa-

2189 3537 2383 3592 ruerit.
2429 3536 2527 3590 Cui
2580 3543 2735 3604 pater
2775 3532 3036 3588 Arnulfus
3078 3525 3108 3586 :i
3148 3524 3472 3602 rAperuisti
3502 3571 3520 3597 ,
3570 3530 3793 3600 inquit,

2191 3636 2379 3696 portas
2415 3625 2564 3679 urbis
2594 3623 2664 3654 ³⁷⁸
2697 3621 2980 3677 hostibus?
3008 3640 3028 3673 ι
3076 3612 3145 3676 Et
3179 3621 3270 3676 ille
3302 3638 3316 3675 :
3360 3639 3379 3672 ε
3408 3619 3638 3688 Aperui.
3673 3637 3692 3671 ι
3730 3617 3797 3672 Et

2190 3727 2347 3789 pater
2373 3714 2633 3773 Arnulfus
2663 3732 2677 3768 :
2714 3736 2731 3765 ι
2763 3713 3047 3784 Ingressus
3074 3729 3133 3768 es
3166 3711 3420 3782 templum
3454 3711 3550 3764 Dei
3580 3709 3795 3766 hostili-

2194 3809 2307 3864 ter?
2337 3828 2356 3860 ι
2400 3807 2535 3862 Tum
2581 3806 2846 3877 presbiter
2884 3823 2900 3860 :
2951 3824 2969 3856 ι
2999 3803 3208 3875 Negare
3239 3820 3343 3857 non
3392 3817 3638 3871 possum.
3673 3821 3692 3854 ι
3733 3800 3797 3855 Et

2190 3913 2346 3973 pater
2381 3899 2641 3958 Arnull‘ns
2673 3917 2686 3952 :
2724 3917 2743 3949 ι
2777 3897 2853 3951 Ex
2895 3912 2991 3952 ore
3015 3937 3031 3962 ,
3084 3897 3300 3965 inquit,
3343 3905 3436 3950 tuo
3485 3905 3540 3948 te
3583 3893 3794 3962 judico.

2195 3994 2427 4063 Sanguis
2461 4004 2584 4046 tuus
2618 4005 2783 4059 super
2809 3998 2972 4059 caput
3006 3989 3195 4042 tuum!
3245 4008 3265 4039 ι
3300 3985 3599 4054 Subiunxit
3631 3983 3799 4040 Gnal-

2195 4086 2363 4140 terius
2389 4083 2674 4157 episcopus
2708 4098 2722 4135 :
2760 4100 2778 4131 ι
2814 4080 3039 4144 Quando
3061 4119 3076 4142 ,
3113 4079 3321 4147 inquit,
3354 4082 3636 4148 imperans
3680 4077 3796 4147 epi-

2195 4191 2389 4247 scopus
2418 4176 2491 4228 ita
2525 4174 2780 4227 multatus
2807 4181 2914 4237 est,
2945 4181 2997 4226 tu
3024 4171 3409 4240 obtemperans
3438 4186 3505 4225 ac
3536 4171 3797 4225 manibus

2189 4276 2340 4346 jnssa
2372 4267 2657 4339 perlicieus
2679 4305 2694 4330 ,
2728 4275 3146 4333 consequentem
3189 4263 3416 4318 inultam
3464 4263 3743 4318 exsolves.
3773 4280 3793 4315 ι

2197 4362 2264 4415 Ει
2298 4372 2450 4430 pater
2482 4359 2660 4412 Bruno
2691 4374 2706 4410 :
2742 4374 2761 4407 ι
2790 4357 2869 4411 Tu
2897 4397 2910 4421 ,
2954 4358 3166 4426 inquit,
3197 4372 3261 4412 ac
3292 4357 3368 4410 tui
3401 4355 3616 4411 similes
3642 4354 3800 4409 malis

2197 4452 2440 4508 consiliis
2468 4460 2524 4506 et
2550 4448 2706 4503 malis
2729 4449 3139 4503 evecntionibus
3159 4448 3413 4515 juvenem
3442 4447 3795 4516 perdidistis;

2202 4553 2261 4598 ut
2289 4558 2419 4613 ergo
2446 4540 2534 4595 ille
2564 4540 2757 4609 ploret,
2797 4548 2855 4594 et.
2876 4547 2930 4593 tn
2963 4540 3187 4594 Cautes?
3215 4538 3322 4593 Aut
3364 4539 3648 4607 quomodo
3677 4550 3801 4608 que-

2203 4636 2376 4691 stibus
2410 4644 2710 4702 temperare
2743 4641 2961 4701 potero,
3001 4632 3044 4685 si
3072 4631 3216 4686 nulla
3262 4629 3571 4684 adiciantur
3603 4643 3801 4698 pcena,

2200 4726 2293 4797 qui
2319 4725 2481 4780 tiliutn
2505 4723 2682 4795 patrui
2706 4722 2808 4777 mei
2833 4723 2884 4777 in
2910 4723 3008 4777 has
3036 4724 3440 4792 praecipitavere
3463 4720 3757 4776 miserias!
3774 4740 3794 4773 ι

2200 4820 2388 4889 Itaque
2417 4817 2717 4888 presbitero
2736 4815 2975 4885 jubetnr,
3018 4824 3077 4868 ut
3104 4817 3245 4884 quod
3279 4814 3426 4868 malit
3465 4814 3669 4883 eligat,
3709 4821 3802 4867 aut

2201 4921 2520 4983 perpetuum
2551 4907 2873 4970 anathema,
2912 4914 3008 4960 aut
3049 4907 3130 4961 sui
3166 4905 3463 4983 legitimam
3501 4903 3802 4973 depositio-

2207 4980 2350 5056 nem.
2389 4998 2496 5053 Sua
2542 4998 2685 5052 enim
2733 5005 2924 5065 sponte
2953 5005 3175 5049 venerat
3206 4980 3308 5050 sub
3348 4994 3699 5060 conditione,
3735 5007 3801 5046 ne

2209 5093 2338 5163 quid
2361 5089 2629 5145 violenzizr
2658 5097 2953 5158 pateretur.
2977 5084 3077 5140 Diu
3107 5100 3236 5156 ergo
3258 5101 3441 5141 secum
3467 5085 3795 5147 deliberans,

2209 5182 2393 5222 nmlnit
2419 5179 2624 5222 ’Λρηηιιί
2656 5194 2817 5222 altam
2850 5177 2950 5222 gnh
2984 5187 3242 5222 nni-nolim
3278 5177 3637 5222 :tnztllmnmln
3666 5175 3800 5222 «leti-
