3948 5350
151 236 235 295 557
922 274 927 280 ι
953 236 1201 304 SPURIA
1237 248 1376 306 AUT
1406 248 1677 309 ALIENA.
1700 284 1772 296 —
1798 255 2326 319 LEGNIS‘LEGATI
2368 264 2578 321 EPIST.

3300 264 3421 320 5'53,

153 375 170 406 ‹
198 353 348 410 Cessa
375 354 443 411 ab
477 354 689 412 cilicio!
733 376 751 410 ι
784 358 986 417 Deinde
1022 378 1120 433 per
1146 365 1441 436 legitimam
1487 368 1724 422 reconci-
1751 374 1799 432 Α
1861 370 1915 426 5.
1993 372 2093 429 Ubi
2147 376 2433 433 Faustinus
2479 389 2763 447 episcopus
2811 374 2989 439 dixit,
3045 384 3104 431 ut
3156 373 3404 427 Romano

150 449 400 503 liationem
451 450 648 505 laicam
684 452 757 506 illi
794 464 998 509 tantum
1043 461 1476 514 communionem
1523 477 1716 515 conce.

150 539 296 605 dunt,
334 554 398 593 ac
436 542 777 609 ptenitentia:
814 547 1068 602 subdunt.
1116 548 1222 603 Eos
1262 566 1389 604 vero
1429 551 1718 621 sacrilegos

150 630 380 700 urbisque
418 634 770 702 proditores,
807 639 897 707 qui
942 655 1041 694 nec
1078 651 1269 711 sponte
1306 658 1405 697 nec
1446 644 1493 697 vi
1528 645 1594 696 ad
1632 660 1718 697 sa-

149 722 487 781 tisfactionem
511 740 799 795 venerant,
821 732 1016 787 iterato
1038 737 1381 791 anathemate
1403 738 1715 807 dampnant.

149 811 260 870 Post
290 815 403 872 haec
433 819 734 875 concilium
767 823 1138 895 sollenipniter
1164 827 1570 882 determinatnr.

466 926 722 969 Exmcrr
763 930 983 972 smoous
1020 934 1277 974 nemeasrs
1316 921 1407 974 '7’.

206 996 289 1053 56.
326 998 522 1071 Incipit
564 1004 974 1073 Cartaginiense
1013 1009 1299 1063 concilium
1341 1009 1717 1066 Africanorum

148 1089 502 1161 episcoporum
536 1111 565 1149 a
596 1096 854 1159 Girberto
898 1103 1162 1170 superiori
1204 1104 1393 1159 sinodo
1429 1103 1719 1172 conjuncto

149 1190 383 1249 quantum
414 1200 482 1239 ex
513 1202 581 1241 eo
612 1190 745 1243 utile
777 1190 874 1245 fuit
902 1190 991 1245 '7’.

206 1271 257 1325 In
287 1274 386 1329 hoc
416 1279 658 1333 concilio
691 1290 869 1335 actum
898 1292 1015 1347 est,
1047 1292 1107 1338 nt
1141 1284 1399 1340 Nicennm
1435 1289 1719 1343 concilium

150 1363 206 1416 ab
236 1364 497 1435 episcopis
528 1370 885 1427 orientalibus
916 1384 1208 1443 peteretur.
1247 1376 1341 1431 Cu.
1392 1380 1596 1448 synodo
1641 1381 1722 1434 in-

151 1452 311 1508 terfuit
344 1455 550 1527 legatio
580 1461 823 1515 ecclesia:
860 1462 1114 1518 Romame
1138 1506 1151 1530 ,
1182 1466 1471 1523 Faustinus
1510 1469 1721 1525 scilicet

152 1546 426 1618 episcopus,
464 1551 768 1624 Pliylippns
798 1565 854 1611 et
885 1557 1097 1613 Asellus
1126 1563 1449 1632 presbyteri.

178 1638 221 1690 I.
287 1641 563 1698 Alloetttio
592 1646 795 1702 Aurelii
827 1650 1062 1721 episcopi
1094 1655 1265 1708 sancti
1298 1656 1362 1709 ad
1393 1657 1679 1726 synodum.

180 1728 225 1785 Ξ.
294 1734 602 1808 Responsio
629 1738 869 1796 Faustini
902 1744 1137 1814 episcopi
1170 1745 1326 1813 legati
1357 1724 1615 1806 Romani!)
1641 1764 1713 1808 σε·
1750 1724 1796 1787 Β

371 1830 560 1887 clesize
586 1832 759 1891 dehis
785 1848 904 1908 qua:
930 1835 1232 1899 iaccdcsie
1265 1840 1458 1913 pretim
1488 1860 1721 1913 canone,

368 1924 578 1990 partim
609 1932 1019 2000 consuetudine,
1051 1947 1175 1988 sunt
1208 1936 1441 1990 ﬁrmata.

180 2005 225 2060 3.
296 2009 367 2066 De
394 2019 820 2074 commonitorio
846 2020 1076 2076 Romani
1108 2042 1258 2096 papre
1289 2028 1539 2084 recitato.

180 2098 229 2155 ὁ.
293 2104 489 2176 Alippii
526 2125 679 2180 papae
707 2115 984 2182 responsio
1013 2132 1110 2185 pro
1140 2119 1284 2175 veris
1320 2120 1723 2192 exemplaribus

338 2194 536 2254 Nieeni
565 2202 776 2258 concilii
802 2205 1199 2278 perquirendis.

2035 482 2185 537 papa:
2218 471 2455 540 synodus
2492 468 2855 540 perquirenda
2885 467 3072 523 Niceni
3102 468 3293 539 synodi
3323 484 3406 522 ve-

2035 562 2198 615 ritate
2231 562 2556 617 innotescat.

1861 652 1908 707 ΰ.
1987 652 2063 708 De
2119 655 2388 708 sententia
2442 654 2786 708 Sardicensis
2835 653 3051 709 concilii
3108 651 3317 708 reeitati
3373 666 3405 707 ι

2036 746 2345 813 postulante
2376 745 2582 800 Novato
2613 745 2888 814 episc0po.

1857 839 1910 891 7.
1988 836 2088 893 Ubi
2112 839 2443 908 Augustinus
2464 838 2746 907 episcopus
2768 850 2888 890 cum
2916 834 3122 906 synodo
3146 832 3405 887 Nicenum

1865 912 1874 920 ’
2034 929 2319 984 concilium
2349 943 2675 984 conservare
2702 930 2986 998 promittit.

1854 1020 1907 1075 8.
1987 1021 2087 1077 tibi
2125 1022 2417 1075 Faustinus
2444 1021 2730 1090 episcopus
2758 1035 2856 1089 pro
2890 1018 3167 1073 dubietate
3195 1016 3410 1071 reeitati

2039 1112 2258 1181 capituli
2289 1112 2536 1167 Romano
2565 1125 2716 1180 papze
2744 1110 2878 1179 petit
2905 1107 3273 1163 scribendum.

1857 1204 1910 1259 9.
1989 1203 2088 1258 Ubi
2119 1204 2352 1274 synodus
2386 1201 2713 1270 exemplaria
2755 1198 2939 1254 Niccni
2980 1197 3191 1252 concilii
3239 1196 3409 1266 magis

2037 1295 2104 1348 ab
2124 1294 2478 1347 orientalibus
2511 1294 2777 1361 episeopis
2816 1296 3116 1363 expetenda
3150 1290 3405 1347 decrevit.

1824 1386 1911 1442 I0.
1990 1387 2260 1442 Professio
2301 1386 2420 1440 lidei
2455 1384 2641 1443 Ni-C'eni
2671 1387 2907 1442 concilii.

1824 1477 1913 1533 11.
1988 1476 2198 1548 Scripta
2237 1478 2478 1536 Africani
2510 1480 2726 1535 concilii
2768 1478 2834 1533 ad
2865 1475 3214 1532 Bonel'acium
3262 1472 3410 1525 urbis

2023 1569 2222 1640 ,PrOmac
2250 1574 2586 1644 episcopum.

1825 1658 1911 1718 1‘2.
1990 1662 2330 1734 Reseriptum
2362 1665 2599 1735 episecpi
2628 1664 2836 1727 Romae,
2869 1658 3244 1721 Alexandria,
3277 1655 3413 1709 Con-

2044 1756 2535 1823 stantinopolitani,
2602 1770 2724 1809 cum
2762 1750 3163 1821 exemplaribus
3222 1744 3413 1800 Nieeni

2039 1849 2253 1906 concilii
2284 1848 2553 1903 Africance
2580 1847 2787 1918 synodo
2816 1841 3121 1899 destinatis.

1826 1939 1913 1995 13.
1990 1938 2202 2010 Scripta
2244 1940 2483 1994 Africani
2521 1937 2735 1994 concilii
2781 1937 2849 1992 ad
2878 1932 3229 1991 Caelestinum
3260 1927 3416 1984 urbis

2038 2030 2221 2085 Boium
2248 2031 2578 2101 episcopum.
3226 2100 3229 2103 γ

1986 2120 2205 2178 Textum
2236 2122 2445 2177 concilii
2475 2118 2922 2191 Carthaginiensis
2955 2116 3247 2179 omisimus.

1390 2342 1623 2399 νΑΒΙΑΞ
1682 2340 2083 2399 LECTIONES.

204 2440 271 2493 .""
297 2457 337 2497 r.
371 2444 621 2504 Girberti
648 2466 798 2522 papae
827 2453 878 2507 i.
955 2454 1025 2487 "'
1053 2454 1350 2511 Concilium
1380 2467 1583 2529 eartag.
1613 2456 1796 2512 alriea:
1830 2455 1899 2513 Vl
1930 2464 2161 2528 gestum.
2196 2468 2289 2509 era
2318 2450 2747 2515 CCCCI.VU._ab
2774 2452 3041 2521 episc0pls
3074 2445 3321 2506 CCXVII.
3347 2447 3405 2502 2.

159 2573 3373 2620 w

731 2721 1242 2840 LEONIS
1300 2724 1905 2841 ABBATIS
1993 2729 2174 2841 ET
2237 2724 2754 2840 LE‘GATI

1440 2965 2026 3059 EPISTOLA
2056 2954 2170 3032 (η)

1117 3154 1209 3213 ΑΙ)
1249 3154 1584 3213 IIUGONEM
1626 3153 1713 3210 ET
1745 3154 2128 3212 ROBERTUM
2165 3152 2420 3210 REGES.

741 3309 955 3381 (Pertz,
982 3311 1321 3369 Monumenta
1352 3312 1647 3370 Germania:
1674 3317 1942 3378 historica,
1973 3315 2174 3388 Script.
2216 3324 2345 3371 tom.
2376 3314 2463 3382 Ill,
2502 3329 2622 3386 pag.
2647 3311 2805 3370 686.‘

210 3575 371 3631 ωτι·
390 3579 692 3649 Postquam
714 3593 902 3639 vestrae
927 3586 1139 3640 caritati
1167 3586 1398 3657 legatum
1420 3596 1663 3643 nostrum
1690 3603 1718 3641 a
1746 3592 1793 3655 C
1824 3588 2072 3642 Christus
2099 3587 2269 3653 dixit,
2300 3588 2387 3657 qui
2418 3588 2617 3643 veritas
2643 3596 2726 3642 est
2752 3595 2805 3641 et
2834 3585 3048 3641 mentiri
3078 3600 3181 3639 non
3212 3588 3404 3656 potuit.

156 3663 375 3725 Mosomo
420 3671 750 3733 direximus.
793 3682 852 3729 ut
889 3690 1105 3729 causam
1142 3677 1347 3731 Arnnlli
1385 3688 1438 3732 et
1474 3678 1721 3733 Gerberti

157 3753 405 3816 kanonice
452 3777 578 3816 cum
614 3764 801 3819 timore
842 3767 934 3821 Dei
984 3783 1049 3822 ac
1091 3770 1409 3838 regulariter
1454 3771 1592 3824 intra
1634 3785 1723 3824 ve-

156 3858 304 3904 strum
334 3868 564 3922 regnum
592 3853 854 3920 ﬁniretur,
884 3858 969 3911 die
995 3871 1181 3913 sancto
1204 3871 1549 3929 pentecosten
1576 3862 1723 3916 abla-

157 3948 229 3995 tus
246 3945 309 3975 m
329 3955 415 3999 est
438 3947 595 4000 nobis
618 3947 847 4011 libellus,
874 3950 925 4003 in
949 3967 1053 4020 quo
1074 3961 1253 4007 vestra
1276 3954 1512 4025 synodus
1534 3962 1721 4008 contra

156 4029 421 4088 Arnull‘um
449 4035 592 4090 facta
619 4039 1016 4104 continebatur,
1048 4042 1211 4095 immo
1238 4044 1494 4099 adversus
1524 4045 1724 4099 Roma-

158 4136 265 4176 nam
301 4128 622 4194 ecclesiam,
671 4138 781 4183 tota
820 4131 1027 4199 injuriis
1058 4143 1108 4188 et
1153 4136 1499 4205 blasphetniis
1539 4138 1720 4207 plena.

159 4210 258 4275 Quo
285 4217 417 4279 viso,
460 4218 821 4275 admiratione
851 4233 902 4276 et
934 4234 1152 4293 stupore
1186 4228 1422 4291 attoniti,
1458 4229 1720 4298 cogitavi-

161 4313 263 4353 mus
308 4307 497 4359 statim
549 4308 614 4359 ad
662 4309 920 4363 domnnm
971 4315 1319 4381 apostolicum
1370 4319 1611 4381 reverti,
1669 4326 1724 4374 et

160 4385 309 4454 ipsum
330 4395 379 4448 ei
409 4399 769 4465 apostaticum
794 4399 1024 4455 libellum
1051 4414 1282 4473 portare.
1310 4406 1412 4460 Sed
1442 4408 1529 4462 ubi
1555 4409 1720 4464 michi

160 4486 487 4541 renuntiastis
507 4529 519 4549 ,
549 4489 693 4558 quod
723 4492 903 4544 omnia
932 4490 1196 4549 kanoniee
1244 4497 1418 4551 velitis
1457 4499 1720 4569 dillinire,

163 4577 400 4643 COmpulsi
433 4579 682 4635 venimus
710 4582 778 4635 ad
812 4587 1237 4653 cognoscendam
1270 4587 1427 4654 hujus
1450 4590 1527 4643 rei
1556 4590 1723 4645 ratioe

161 4674 282 4717 nem.
309 4667 468 4735 Nam,
504 4680 561 4725 ut
590 4673 774 4728 verius
802 4673 976 4729 fateor
1006 4678 1215 4731 caritati
1246 4687 1460 4743 vestrae,
1487 4696 1539 4733 tn
1569 4682 1722 4737 vobis

162 4757 313 4811 evenit
340 4762 620 4830 prophetia
650 4765 797 4819 beati
825 4766 1049 4834 apostoli
1081 4777 1132 4821 et
1156 4770 1498 4838 evangelista:
1520 4770 1723 4827 Johan-

164 4846 263 4912 nis,
297 4856 384 4923 qui
424 4856 551 4910 dicit
598 4875 610 4911 :
660 4857 823 4911 Multi
863 4858 1156 4914 antichristi
1204 4862 1333 4929 facti
1382 4873 1532 4928 sunt;
1584 4865 1719 4918 unde

1824 3681 1965 3751 quod
1995 3680 2219 3735 ecclesia
2260 3680 2404 3734 beati
2447 3680 2587 3735 Petri
2628 3678 2856 3748 aposmli
2894 3678 3301 3732 fundamentum
3340 3678 3412 3732 sit

1825 3773 2066 3827 Omnium
2098 3772 2476 3826 ecclesiarum.
2517 3770 2585 3825 Et
2610 3770 2698 3824 ubi
2730 3768 2972 3824 ecclesiae
2998 3784 3217 3836 sperare
3249 3767 3411 3821 debe-

1826 3879 1947 3917 mus
1976 3862 2248 3932 fastigium
2271 3902 2285 3927 ,
2313 3862 2416 3915 nisi
2450 3862 2539 3916 ubi
2574 3861 2805 3915 locatum
2835 3868 2919 3915 est
2951 3858 3359 3912 fundamentum
3385 3857 3409 3910 ἲ

1826 3957 1897 4011 ibi
1931 3955 2118 4026 procul
2145 3956 2309 4010 dubio
2335 3963 2389 4008 et
2416 3968 2674 4009 cacumen
2702 3961 2755 4006 et
2781 3960 2891 4005 tota
2922 3950 3166 4005 :ecclcsia
3193 3963 3407 4019 perma-

1826 4056 1936 4102 net.
1991 4047 2223 4101 Econtra
2276 4044 2542 4103 anticristi
2579 4044 2744 4098 vestri
2786 4042 3001 4105 dicunt,
3041 4041 3184 4109 quod
3224 4039 3292 4094 ibi
3334 4039 3407 4093 sit

1826 4145 2003 4193 statua
2037 4150 2340 4189 marmorea
2360 4175 2376 4200 ,
2407 4143 2463 4189 et
2492 4142 2550 4187 ut
2578 4132 2836 4203 templum
2868 4133 2941 4186 sit
2970 4118 3256 4185 idolorum.
3292 4128 3403 4183 Ab-

1824 4229 1927 4291 sit,
1974 4228 2153 4291 absit,
2186 4235 2245 4279 ut
2289 4227 2431 4280 hanc
2475 4224 2728 4294 injttriatn
2770 4222 2951 4288 Petri,
2992 4222 3159 4275 immo
3180 4219 3404 4285 Christi,

1823 4320 2017 4390 aliquis
2047 4317 2388 4373 Christianus
2418 4317 2650 4371 libenter
2688 4314 2900 4379 audiat,
2928 4320 2981 4367 et
3022 4311 3137 4365 zelo
3178 4311 3270 4364 Dei
3314 4325 3408 4365 cor

1823 4413 1940 4481 ejus
1969 4419 2156 4465 contra
2189 4409 2350 4462 talem
2380 4408 2617 4463 heresim
2650 4421 2757 4460 non
2788 4403 3155 4459 accendatur!
3187 4401 3253 4455 Et
3278 4400 3405 4469 quia

1822 4500 2007 4555 vicarii
2026 4496 2626 4567 Petrietejusdiscipuli
2657 4495 2845 4549 nolunt
2869 4494 3069 4547 habere
3084 4492 3407 4560 magistrum

1822 4594 2103 4648 Platonem
2123 4634 2137 4658 ,
2170 4607 2344 4662 neque
2370 4591 2651 4660 Virgilium
2673 4629 2688 4654 ,
2721 4601 2895 4655 neque
2924 4586 3236 4641 Terentium
3259 4623 3272 4645 ,
3312 4598 3407 4637 ne-

1822 4700 1926 4754 que
1967 4693 2180 4738 ceteros
2220 4683 2451 4751 pecudes
2501 4680 2980 4750 philosophorum,
3032 4676 3123 4745 qui
3174 4672 3404 4726 volando

1822 4775 2071 4847 Superbe,
2114 4782 2174 4827 ut
2212 4774 2327 4827 avis
2369 4787 2568 4831 aerem,
2615 4780 2670 4826 et
2706 4777 3047 4838 emergentes
3088 4767 3141 4818 in
3183 4762 3407 4833 profun-

1824 4865 1977 4928 dum,
2009 4872 2069 4916 ut
2098 4863 2273 4933 pisces
2304 4876 2449 4915 mare
2471 4902 2485 4925 ,
2516 4869 2567 4915 et
2596 4868 2655 4914 ut
2684 4873 2914 4930 peccora
2952 4857 3262 4927 gradientes
3293 4861 3407 4907 ter-

166 4939 346 5007 ιεὶηιιιε,
365 4950 606 5013 quoniam
630 4951 919 5004 novissima
945 4950 1071 5003 liora
1102 4952 1413 5023 est(IaJoan.
1436 4970 1493 5015 ιι,
1518 4955 1625 5023 18).
1653 4957 1716 5011 Et
1746 4950 1795 5010 D
1824 4972 1940 5009 ram
1968 4955 2370 5023 descripserunt
2395 4971 2408 5006 :
2439 4952 2621 5006 dicitis
2644 4966 2738 5006 eos
2765 4965 2865 5004 nec
2890 4948 3181 5005 hostiarios
3206 4943 3406 4999 debere

167 5030 269 5095 Quid
293 5045 369 5091 est
398 5041 751 5097 antichristus
770 5081 785 5107 ,
817 5041 923 5096 nisi
953 5045 1253 5099 contrarius
1286 5045 1547 5101 Christo?
1578 5048 1715 5104 Ecce

1829 5060 1982 5110 esse,
2013 5044 2139 5113 quia
2170 5043 2261 5097 tali
2288 5042 2529 5097 carmine
2556 5040 2743 5097 imbuti
2771 5053 2873 5094 non
2904 5048 3050 5093 sunt.
3081 5036 3185 5091 Pro
3212 5048 3317 5104 qua
3350 5049 3410 5089 re

1426 5176 1661 5234 ἾΑΒΙᾹΞ
1697 5173 2099 5239 LECTIONES.

241 5274 319 5309 ""
346 5281 363 5334 ἱ
394 5300 437 5341 e.
469 5286 594 5345 Leo.

680 5287 755 5318 '7‘
784 5296 879 5338 aut
912 5284 1104 5342 allatus
1135 5301 1222 5344 aut
1260 5290 1471 5350 oblatus
1500 5295 1796 5350 (mendum.
