3948 5350
1368 126 1403 163 κ

508 188 613 247 339
624 196 629 201 ’

1778 178 2162 239 SILVESTER
2195 180 2239 236 ll
2276 180 2476 251 Pars.

3651 176 3759 235 5l0

509 305 700 361 sciatis
743 318 839 359 eos
867 315 987 358 esse
1034 300 1290 357 mentitos
1327 298 1420 370 qui
1453 298 1578 354 talia
1631 298 1907 354 dixerunt.
1947 295 2081 351 Nam
2109 299 2160 365 Α
2186 296 2422 359 scientes
2488 293 2818 365 Athanasius
2887 294 3326 365 archiepiscopus
3401 300 3458 355 et
3518 294 3762 353 universi

510 396 704 453 Petrus
744 410 850 450 non
895 393 1046 449 novit
1083 391 1240 457 talia,
1280 398 1337 445 et
1373 389 1667 445 hostiarius
1707 388 1825 444 οωιί
1861 386 2086 443 eﬂ‘ectus

509 496 622 553 cst,
653 486 771 557 ipso
798 484 1024 539 Domino
1050 483 1098 537 ei
1126 482 1378 549 dicente;
1413 479 1528 546 Tibi
1564 479 1700 541 dabo
1735 478 1903 544 claues
1940 476 2085 547 regni

509 578 757 634 ca’lorum
799 574 1028 648 (Matth.
1059 589 1182 637 xvr,
1213 573 1323 644 i9).
1368 572 1521 629 Unde
1548 572 1665 643 ejus
1686 571 1874 628 vicarii
1893 579 1948 626 et
1967 569 2085 639 ejus

509 666 758 737 discipuli
787 664 1098 736 apostolicis
1123 672 1179 718 et
1205 662 1531 731 evangelicis
1572 669 1699 718 sunt
1724 660 1959 718 instituti
1989 660 2087 715 do-

506 757 727 823 ctrinis,
764 763 820 811 et
865 770 971 810 non
1001 761 1194 809 ornatu
1239 768 1586 821 sermonum,
1636 753 1730 808 sed
1775 752 1984 807 ratione
2030 760 2086 806 et

506 861 669 901 sensu
700 845 985 899 verborum
1011 860 1027 911 ;
1059 844 1184 913 quia
1235 843 1496 912 scriptum
1538 852 1621 899 est
1648 858 1663 898 :
1694 841 1869 899 Stulta
1900 840 2084 895 mundi

504 936 658 1007 elegit
681 935 855 1004 Deus,
896 946 952 989 ut
997 936 1286 1005 confundat
1319 935 1479 1005 fortia
1507 932 1573 1007 (Ι
1604 935 1726 989 Cor.
1758 950 1812 1001 ι,
1840 933 1908 987 27
1934 933 1974 1002 ).
2017 933 2085 988 Et

504 1029 573 1084 ab
605 1028 761 1084 initio
788 1028 972 1093 mundi
999 1043 1104 1087 non
1137 1027 1301 1099 elegit
1331 1027 1472 1082 Deus
1499 1038 1744 1083 oratores
1771 1035 1826 1082 et
1847 1026 2084 1103 philoso-

503 1121 660 1190 phos,
676 1119 773 1183 sed
792 1118 1100 1177 illitteratos
1112 1126 1166 1172 et
1180 1116 1434 1172 rusticos.
1451 1117 1555 1177 Sed
1580 1132 1683 1177 non
1703 1126 1785 1172 est
1810 1118 2026 1182 mirum,
2040 1114 2084 1177 si

502 1211 690 1279 vicarii
714 1210 860 1268 Petri
896 1226 925 1264 a
952 1208 1427 1280 pseudoepiscOpis
1474 1210 1699 1264 audiunt
1738 1210 1881 1285 quod
1910 1208 2024 1280 ipse
2052 1223 2083 1262 a

502 1304 699 1359 scribis
712 1302 1050 1359 ctl‘hariseis
1075 1301 1411 1371 audivit,qui
1442 1302 1507 1355 ad
1531 1302 1647 1371 ejus
1671 1301 2082 1372 iujuriamdice-

498 1394 634 1450 bant
675 1409 799 1449 eum
844 1393 1009 1449 idiota
1036 1391 1107 1427 ³⁷⁸
1134 1400 1191 1446 et
1237 1392 1357 1449 sine
1390 1391 1587 1448 litteris
1646 1405 1799 1456 esse,
1848 1399 1904 1445 et
1940 1390 2085 1445 deri-

503 1485 680 1542 dendo
705 1485 999 1541 dicebant:
1032 1483 1207 1539 Musto
1236 1482 1375 1554 pleni
1416 1493 1535 1539 sunt
1575 1482 1664 1539 isti
1707 1483 1848 1552 (Act.
1882 1496 1944 1546 tt,
1972 1480 2082 1552 15).

502 1575 658 1650 Unde
718 1563 877 1645 .iohel
934 1576 1198 1647 propheta
1261 1574 1559 1630 cmeitatem
1616 1572 1830 1629 illorum
1897 1572 2082 1630 redar-

2184 385 2547 458 IEgiptiorum
2579 395 2635 442 et
2664 386 3062 447 Thebaidorum
3090 395 3146 441 et
3183 386 3458 444 Libiarum
3490 388 3759 465 episcopi,

2183 477 2400 549 quando
2431 492 2463 532 a
2497 485 2685 543 sancto
2731 477 2912 541 Felice
2964 476 3248 549 pontiﬁce,
3297 493 3441 534 nunc
3476 490 3763 553 martyre,

2183 570 2372 626 eodem
2405 582 2646 640 tempore
2669 570 2812 637 apud
2836 571 3003 623 vestri
3032 569 3239 625 similes
3264 569 3514 627 homines
3540 571 3765 633 invaso-

2183 679 2300 720 retn
2327 664 2676 729 aestimatum,
2705 663 2990 721 consilium
3043 663 3332 718 adversum
3374 664 3651 719 hereticos
3674 678 3768 735 pe-

2185 757 2444 820 tiverunt,
2467 758 2611 827 quod
2638 756 2750 812 Deo
2777 756 2988 815 volente
3013 767 3358 826 acceperunt,
3392 755 3499 814 Sed
3527 742 3767 827 quodiad

2185 862 2281 904 eos
2328 848 2669 919 pertinebat,
2721 848 3123 918 qutesivcrunt;
3176 850 3319 918 quod
3368 849 3436 903 ad
3487 849 3614 904 illos
3660 865 3765 905 non

2184 938 2509 1012 pertinebat.
2560 939 2670 994 Deo
2701 938 3054 1004 dimiserunt;
3103 948 3159 995 et
3214 940 3265 994 in
3310 940 3667 1010 derogatidne’
3695 940 3768 974 π’

2186 1029 2444 1084 Romana:
2473 1028 2717 1084 ecclesiae
2763 1029 3049 1084 siluerunt.
3104 1029 3229 1085 Fuit
3276 1044 3513 1100 uanique
3536 1030 3767 1100 quidam

2187 1118 2479 1187 Dioscorus
2521 1118 2921 1173 Alexandrinus
2946 1119 3422 1197 archiepiscopus,
3472 1120 3633 1188 cujus
3674 1134 3768 1187 vos
3802 1128 3813 1186 ζ

2186 1208 2489 1278 exemplum
2520 1209 2713 1273 imitati
2745 1210 2900 1273 estis,
2928 1210 3021 1279 qui
3064 1212 3388 1281 prcsumpsit
3412 1220 3605 1266 contra
3632 1212 3771 1268 11:0-

2188 1317 2309 1357 nem
2336 1301 2645 1372 pontificem
2672 1312 2728 1356 et
2754 1310 2941 1357 contra
2985 1302 3286 1356 Romanam
3316 1302 3605 1358 ecclesiam
3634 1302 3775 1359 scri-

2185 1397 2357 1462 bere;
2397 1397 2492 1452 sed
2537 1397 2591 1451 in
2641 1404 2850 1451 tantum
2910 1395 3053 1453 illius
3092 1396 3549 1466 presumptionem
3590 1396 3770 1458 sancti

2187 1486 2378 1543 Patres
2404 1486 2545 1558 apud
2569 1485 2947 1549 Calcedoniam
2974 1486 3223 1547 detestati
3251 1496 3399 1551 sunt,
3424 1496 3482 1542 ut
3509 1488 3632 1543 sine
3660 1487 3770 1544 ulla

2187 1576 2537 1632 restitutione
2565 1590 2689 1631 eum
2717 1575 3092 1645 dampnarent.
3118 1574 3185 1633 Et
3229 1574 3435 1643 nullam
3460 1576 3774 1647 inquisitio—

502 1637 658 1740 ἀυίιδ
697 1668 788 1738 qui
839 1637 983 1729 inter
1024 1637 1205 1731 cetera
1260 1664 1339 1720 sic
1380 1665 1497 1721 ait:
1552 1662 1622 1718 Et
1675 1661 1883 1734 quidem
1928 1677 2083 1730 super
2111 1637 2157 1698 Β
2186 1681 2307 1722 nem
2340 1665 2614 1731 fecerunt,
2648 1637 3012 1735 utrum-iuste
3052 1681 3121 1719 an
3175 1637 3373 1734 injuste
3419 1666 3507 1722 vel
3538 1637 3774 1738 .quoquo

503 1772 677 1822 servos
705 1772 844 1811 meos
868 1766 915 1811 et
938 1772 1094 1826 super
1122 1753 1344 1817 ancillas
1374 1771 1516 1809 meas
1560 1754 1830 1825 e/j‘undam
1874 1753 1939 1825 de
1978 1752 2084 1821 spi-

502 1847 609 1912 ritu
646 1863 760 1902 meo
805 1846 963 1919 (Jael.
992 1862 1054 1911 ιι,
1082 1845 1215 1917 28);
1259 1860 1364 1901 nou
1408 1859 1572 1916 super
1621 1844 1828 1900 scribas
1862 1851 1916 1900 et
1946 1842 2086 1900 Pha-

500 1940 680 1995 riseos
720 1947 814 1999 aut
861 1938 1028 2003 falsos
1074 1937 1405 2005 sacerdotes,
1452 1937 1543 2008 qui
1574 1936 1762 1993 dicunt
1810 1952 1872 1993 se
1925 1951 2083 1993 nosse

500 2030 703 2096 Deum,
742 2029 901 2099 iactis
945 2038 1129 2087 autem
1178 2038 1400 2102 negant.
1448 2014 1517 2085 Et
1566 2029 1824 2101 quoniam
1879 2028 2085 2084 calum-

499 2121 665 2188 niatis
711 2120 1016 2177 Romanum
1063 2119 1417 2199 pontiﬁcem,
1470 2122 1563 2192 qui
1610 2137 1833 2176 munera
1871 2121 1944 2169 9"
1979 2120 2083 2176 sibi

505 2212 684 2269 oblata
717 2213 964 2282 recepit:
997 2212 1050 2277 in
1081 2212 1182 2273 hoc
1218 2226 1325 2279 non
1374 2213 1545 2278 solum
1583 2211 1679 2281 illi,
1714 2212 1807 2268 sed
1832 2211 2085 2271 omnibus

504 2302 766 2374 apostolis
790 2317 1087 2373 eorumque
1125 2304 1532 2360 successoribus
1556 2304 1887 2368 detraxistis,
1918 2304 2085 2359 immo

499 2396 605 2466 ipsi
648 2395 914 2459 Domino,
966 2395 1056 2466 qui
1096 2395 1267 2465 capud
1314 2395 1555 2463 omnium
1586 2404 1670 2455 est
1705 2385 2096 2463 ecclesiarum,'

499 2487 628 2555 quia
681 2486 856 2558 magis
878 2486 1060 2543 oblata
1092 2487 1195 2543 sibi
1222 2502 1444 2555 munera
1473 2503 1582 2543 non
1608 2489 1835 2559 respuit.
1869 2488 2084 2545 Etenim

499 2581 627 2650 quia
656 2581 708 2635 in
739 2588 925 2636 vestro
949 2580 1177 2636 concilio
1227 2580 1383 2635 vobis
1431 2595 1562 2637 cura
1609 2581 1731 2647 fuit,
1763 2582 1831 2638 de
1865 2571 2095 2653 pontili-Q

500 2670 656 2735 cibus
682 2669 797 2739 jam
823 2669 1092 2726 defunctis
1126 2671 1453 2731 mentionem
1499 2665 1681 2741 iacere
1703 2712 1719 2737 ,
1750 2672 1894 2743 quod
1919 2688 2083 2742 quam

497 2762 572 2817 sit
603 2763 935 2818 contrarium
958 2762 1103 2817 omni
1130 2762 1464 2828 Christiano,
1495 2774 1697 2820 temere
1730 2763 1977 2834 judicare
2015 2766 2083 2822 de

495 2852 585 2914 bis
622 2855 715 2922 qui
747 2854 814 2909 ad
846 2855 1013 2921 Deum
1053 2854 1444 2925 migraverunt,
1478 2856 1533 2913 in
1559 2858 1799 2915 secundo
1846 2859 2083 2930 capitulo

495 2945 773 3001 Anastasii
819 2961 971 3017 papae
1014 2948 1083 3002 ad
1115 2948 1465 3004 Anastasium
1512 2949 1894 3018 imperatorem
1940 2951 2083 3006 dire-

499 3043 647 3103 ctum
676 3035 745 3069 ³⁷⁷
774 3036 1018 3092 invenire
1043 3036 1311 3107 poteritis,
1361 3045 1417 3093 et
1458 3039 1728 3108 quomodo
1771 3048 1963 3103 contra
1992 3055 2082 3096 or-

498 3128 682 3183 dinem
707 3136 950 3185 vestrum
1003 3127 1232 3192 fecistis,
1271 3127 1487 3184 facilius
1534 3130 1891 3200 cognoscetis.
1926 3129 2081 3187 Unde

495 3216 758 3290 liquidius
787 3227 960 3291 patet,
989 3220 1132 3290 quod
1173 3219 1473 3283 Romanam
1501 3220 1810 3291 ecclesiam,
1844 3231 2079 3283 matrem

497 3319 764 3375 vestram,
798 3326 829 3364 a
857 3310 1009 3366 vobis
1035 3310 1352 3380 separastis,
1383 3325 1504 3365 cum
1551 3309 1619 3367 de
1659 3326 1722 3366 ea
1754 3320 1959 3366 tantam
1993 3312 2078 3367 ln-

489 3402 694 3472 juriam
741 3403 984 3459 scribere
1040 3417 1146 3456 non
1198 3402 1474 3457 timuistis.
1529 3401 1646 3457 Non
1692 3417 1823 3472 ergo
1868 3419 1934 3458 ex
1989 3404 2082 3473 pio

497 3478 662 3551 cordo
692 3491 775 3548 vel
796 3506 891 3549 ore
918 3491 1133 3561 aliquan
1158 3493 1207 3546 το
1247 3501 1355 3546 tam
1385 3493 1660 3563 pr0phana
1709 3502 1927 3566 tamque
1954 3511 2073 3566 per-

496 3598 657 3640 versa
712 3593 900 3642 contra
964 3583 1265 3640 Romanam
1330 3585 1615 3642 ecclesiam
1671 3598 2077 3658 processerunt.

497 3673 885 3751 Verumtamen
916 3675 960 3732 si
993 3684 1168 3751 vestra
1199 3674 1419 3731 fuerunt
1443 3677 1626 3740 verba,
1661 3693 1781 3749 quae
1810 3680 1864 3734 in
1891 3679 2077 3751 despe-

496 3772 589 3825 ctu
618 3764 761 3819 beati
791 3763 938 3822 Petri
987 3765 1354 3837 apostolorum
1413 3768 1695 3837 principis,
1745 3769 1912 3825 immo
1961 3772 2076 3837 Dei,

496 3852 651 3923 Cujus
674 3854 1000 3910 ordinationi
1033 3856 1287 3911 resistitis
1310 3895 1325 3923 ,
1354 3856 1578 3926 scripta,
1606 3865 1660 3912 et
1694 3860 1851 3929 quasi
1892 3859 2077 3917 detra-

494 3942 681 4023 hentia
733 3945 1157 4001 sacratissimam
1212 3946 1498 4003 ecclesiam
1553 3950 1851 4020 composita
1904 3960 2076 4017 sunt,

496 4032 692 4102 fateor,
728 4050 835 4091 non
864 4050 960 4105 vos
1002 4036 1244 4105 studiose
1274 4053 1460 4095 sacras
1504 4038 1737 4112 regulas,
1771 4057 1876 4095 nun
1916 4055 2077 4096 vene-

496 4123 792 4183 randarum
824 4125 1136 4182 sinodorum
1167 4128 1434 4193 actiones,
1475 4145 1582 4185 non
1627 4145 1849 4188 veraces
1874 4132 2074 4202 proba-

493 4210 685 4271 bilium
730 4213 971 4285 virorum
1016 4233 1254 4273 canones
1297 4218 1610 4286 lectitasse,
1664 4222 1884 4289 quando
1927 4231 2077 4278 tanta

496 4304 676 4369 conati
699 4307 833 4363 estis
863 4307 916 4362 in
947 4308 1295 4379 derogati‘one
1326 4311 1581 4367 Romana:
1618 4312 1862 4368 ecclesia:
1904 4314 2069 4369 inuti.

497 4393 623 4487 liter
670 4405 834 4465 atque
886 4399 1312 4487 ineompetenter
1355 4415 1680 4466 memorare.
1729 4402 1976 4475 Denique
2024 4408 2070 4462 si

495 4482 690 4550 Citam,
722 4486 864 4545 filius
910 4489 1041 4563 Noe,
1070 4482 1259 4549 videns
1296 4494 1530 4549 verenda
1559 4493 1731 4563 patris
1756 4496 1946 4564 irrisit,
1973 4512 2075 4554 nec

495 4576 746 4644 operuit,
801 4579 1231 4643 maledictionem
1285 4594 1603 4665 perpetuam
1645 4589 1956 4659 percepisse
1994 4591 2075 4649 le-

438 4647 460 4747 j
495 4668 680 4738 gitur:
708 4681 913 4742 quanto
940 4675 1118 4743 potius
1155 4675 1235 4742 hi,
1279 4647 1602 4748 qui-patres
1629 4647 1941 4750 spirituales
1962 4698 2070 4747 non

491 4758 667 4813 solum
698 4760 920 4816 minime
948 4767 1284 4836 cooperiuut,
1331 4768 1425 4833 sed
1451 4780 1506 4824 et
1532 4771 1827 4827 deridenda
1853 4782 1908 4828 et
1936 4772 2070 4828 falso

496 4849 565 4904 ad
596 4851 666 4884 ⁸⁷³
712 4855 1188 4921 subsanuationem
1243 4861 1324 4921 sui
1369 4864 1539 4919 moris
1586 4865 1833 4921 homines
1879 4882 2072 4936 provo-

497 4942 661 5001 eant?
687 4944 959 5019 Scriptum
983 4951 1184 5022 quippe
1206 4961 1323 5008 est:
1356 4953 1463 5020 Qui
1488 4955 1775 5011 subsannat
1798 4968 1998 5028 patrem
2022 4968 2070 5013 et

495 5043 758 5104 matrem;
804 5048 861 5100 et
910 5041 1117 5126 reliqua
1164 5044 1350 5119 (Prov,
1400 5061 1531 5123 arx,
1583 5046 1695 5125 i7).
1743 5047 1857 5104 Hoc
1887 5050 2069 5122 itaque

2109 2991 2156 3056 ϐ

2120 3034 2156 3067 ⁵⁸
2186 3038 2439 3095 audacter
2465 3038 2532 3085 ³⁸⁸
2564 3039 2786 3109 intulit;
2823 3054 2971 3095 nemo
2998 3036 3051 3093 in
3071 3038 3168 3091 hac
3200 3035 3403 3095 rebellis
3439 3034 3633 3099 extitit,
3666 3034 3771 3088 nisi

2182 1757 2345 1813 modo
2371 1755 2486 1827 jam
2513 1755 2683 1811 fatum
2726 1755 3045 1812 Dioscorum
3089 1766 3281 1813 contra
3328 1755 3636 1811 Romanam
3681 1772 3771 1813 ec-

2182 1851 2404 1909 clesiam
2425 1853 2716 1919 dictasset;
2756 1853 2851 1908 sed
2872 1852 3079 1923 absque
3098 1852 3248 1907 omni
3270 1853 3642 1908 controversia
3668 1853 3774 1908 hoc

2184 1944 2237 1999 in
2264 1959 2331 1999 eo
2355 1944 2453 2001 ulti
2479 1953 2627 2011 sunt,
2653 1946 2810 2016 quia,
2837 1961 2963 2002 cum
2992 1954 3137 2000 esset
3162 1944 3417 2011 inferior,
3461 1960 3562 2001 suo
3588 1945 3772 2016 priore

2182 2042 2238 2093 et
2287 2035 2602 2106 magistrum
2651 2044 2878 2096 conatus
2934 2042 3018 2091 est
3080 2034 3349 2090 lacessere
3403 2035 3767 2103 contumeliis,

2188 2122 2482 2179 Voluerunt
2513 2140 2725 2195 nempe,
2750 2125 2803 2180 in
2823 2125 2983 2180 domo
3010 2125 3101 2180 Dei
3125 2124 3291 2185 nichil
3313 2124 3428 2187 lieri
3455 2124 3767 2190 confusum,

2185 2212 2350 2268 nichil
2380 2212 2771 2273 inordinatum.
2793 2214 3175 2275 Verumtamen
3197 2215 3313 2270 inec
3340 2214 3770 2285 parvipendebat

2182 2312 2337 2374 pater
2353 2302 2632 2370 Amulius,
2659 2320 2782 2360 cum
2813 2320 2912 2360 suo
2929 2305 3203 2360 nescimus
3230 2320 3337 2375 quo
3377 2314 3622 2375 apostata
3652 2303 3765 2358 ﬁlio

2186 2393 2321 2471 (43),
2352 2397 2565 2466 quando
2594 2405 2740 2451 tanta
2764 2406 2952 2451 contra
2981 2396 3279 2467 Romanam
3308 2396 3596 2452 ecclesiam
3642 2395 3760 2450 ausi

2182 2488 2566 2547 iuntseribere
2588 2489 2839 2561 i‘°,quod
2870 2505 2972 2549 nec
2990 2487 3449 2549 Arriauiberetiei
3478 2488 3772 2558 aliquando

2182 2592 2630 2655 presumpserunt
2683 2586 2907 2656 (supra,
2970 2601 3119 2640 conc.
3190 2582 3372 2638 Basol.
3432 2599 3577 2638 nunc.
3649 2581 3767 2654 28).

2175 2671 2346 2749 (Certe
2390 2674 2649 2745 scriptum
2693 2684 2795 2742 est,
2846 2673 2972 2745 quia
3018 2673 3300 2739 venenatis
3347 2672 3470 2731 ﬁliis
3516 2668 3769 2737 venenati

2182 2770 2439 2833 parentes
2465 2771 2783 2818 nascuntur.
2811 2762 3009 2819 Contra
3040 2777 3199 2832 quem
3238 2762 3586 2817 beatissimus
3631 2774 3768 2831 papa

2182 2852 2485 2911 Bonifatius
2510 2854 2627 2908 ait:
2671 2853 2842 2908 Nemo
2892 2869 3137 2924 umquam
3182 2851 3467 2922 apostolico
3513 2850 3769 2913 culmini,

2186 2947 2251 3002 de
2275 2946 2426 3018 cujus
2446 2947 2644 3017 juditio
2680 2962 2783 3001 non
2825 2945 2941 3000 licet
2982 2942 3258 3001 retractari
3288 2984 3304 3009 ,
3356 2959 3545 3001 manus
3593 2942 3771 3009 obvias

2182 3132 2273 3202 qui
2301 3131 2366 3185 de
2391 3146 2447 3188 se
2466 3130 2626 3185 voluit
2645 3130 2906 3200 judicari.
2936 3127 3071 3183 Nam
3116 3128 3219 3184 etsi
3265 3126 3556 3200 aliquando
3583 3126 3637 3179 in
3666 3125 3770 3179 aii-

2183 3236 2290 3293 quo
2318 3222 2561 3278 Romana
2585 3222 2814 3287 ecclesia
2855 3221 3125 3287 titubavit,
3168 3235 3292 3275 cum
3322 3218 3595 3288 adjutorio
3622 3217 3771 3275 Petri

2183 3311 2412 3382 apostoli
2439 3312 2553 3382 ipsa
2580 3327 2639 3368 se
2674 3311 2869 3378 erexit,
2905 3319 2959 3368 et
2982 3311 3232 3366 omnibus
3262 3308 3523 3365 aeeclesiis
3553 3321 3772 3377 semper

2183 3403 2504 3472 adjutorium
2530 3405 2746 3474 prebuit
2768 3420 2783 3470 ;
2807 3404 2923 3474 ipsa
2942 3413 3121 3458 tamen
3148 3404 3216 3457 ab
3238 3401 3415 3472 aliqua
3436 3399 3770 3471 adjutorium

2182 3495 2405 3553 minime
2429 3495 2699 3565 quaasivit,
2749 3510 2855 3564 non
2902 3494 3015 3549 suis
3053 3493 3283 3556 viribus,
3311 3492 3403 3546 sed
3433 3491 3529 3546 Dei
3560 3489 3770 3558 adjuto-

2182 3588 2285 3651 rio,
2315 3588 2405 3657 qui
2435 3587 2511 3642 ait
2552 3585 2619 3641 ad
2658 3585 2915 3640 Petrum:
2955 3583 3024 3638 Et
3065 3592 3121 3638 tu
3160 3582 3447 3653 aliquando
3487 3596 3769 3636 conversus

2181 3677 2433 3746 conﬁrma
2456 3677 2647 3746 fratres
2672 3687 2789 3731 tuos
2835 3675 2986 3745 (Luc.
3019 3690 3158 3739 xm,
3188 3673 3300 3744 '52).
3332 3674 3437 3728 Ista
3468 3670 3637 3742 igitur
3663 3669 3770 3742 pri-

2179 3768 2372 3837 vilcgia
2405 3776 2541 3822 teste
2562 3768 2722 3822 beato
2750 3781 2888 3837 papa
2927 3765 3146 3821 Nicolao
3174 3764 3432 3821 Romana:
3459 3762 3709 3820 ecclesia:
3735 3777 3767 3816 a

2179 3859 2399 3916 Christo
2423 3858 2641 3923 donata,
2672 3872 2703 3914 a
2727 3856 2947 3930 synodis
2972 3872 3078 3912 non
3110 3852 3329 3921 donata,
3375 3854 3471 3910 sed
3521 3862 3765 3908 tantum-

2180 3954 2342 4008 modo
2369 3951 2641 4013 celebrata
2673 3959 2729 4004 et
2754 3959 3027 4013 venerata,
3060 3965 3181 4019 quae
3206 3946 3515 4002 nullatenus
3541 3955 3769 4017 possunt

2181 4042 2375 4107 minui,
2405 4041 2711 4109 nullatenus
2741 4039 2958 4109 infringi
2991 4079 3004 4103 ,
3047 4038 3355 4104 nullatenus
3393 4035 3765 4100 commutari;

2181 4133 2439 4201 quoniam
2482 4129 2892 4185 iutuiuttteutum
2941 4128 3084 4200 quod
3130 4127 3272 4183 Deus
3315 4126 3521 4197 posuit,
3576 4125 3769 4180 huma-

2179 4238 2282 4278 nus
2310 4238 2415 4278 non
2442 4220 2584 4276 valet
2614 4235 2867 4276 amovere
2891 4230 3138 4291 conatus,
3189 4230 3243 4275 et
3281 4217 3423 4288 quod
3471 4218 3618 4272 Deus
3662 4225 3771 4271 stas

2182 4314 2304 4379 tuit,
2336 4314 2553 4368 ﬁrmum
2582 4312 2927 4383 validumque
2951 4310 3218 4367 consistit.
3246 4310 3447 4364 Verum
3479 4307 3571 4362 ille
3597 4307 3769 4379 potis-

2178 4409 2374 4463 simum
2401 4415 2611 4477 peccat,
2641 4406 2730 4477 qui
2755 4407 2851 4463 Dei
2876 4406 3203 4462 ordinationi
3230 4405 3485 4459 resistere
3510 4411 3765 4466 temptat.

2177 4501 2297 4572 Ipsa
2343 4516 2578 4571 namque
2619 4500 2900 4571 privilegia
2949 4500 3206 4556 Romanae
3249 4497 3508 4553 περιθείη
3543 4494 3768 4566 impingi

2177 4603 2419 4664 possunt,
2437 4592 2716 4647 transferri
2741 4607 2847 4647 non
2896 4600 3152 4661 possunt;
3180 4590 3317 4645 trahi
3343 4600 3592 4661 possunt,
3611 4587 3767 4644 evelli

2177 4698 2283 4739 non
2335 4691 2759 4753 possuntaqute
2799 4690 3081 4750 permanet
3100 4678 3170 4711 ²⁸¹¹
3205 4679 3426 4733 illibata.
3472 4676 3765 4745 Quousque

2176 4773 2540 4831 Christianum
2560 4787 2752 4827 nomen
2778 4772 3126 4841 praedicatum
3156 4769 3339 4833 fuerit,
3356 4769 3445 4822 illa
3467 4768 3764 4823 subsistere

2178 4880 2287 4919 non
2317 4864 2551 4919 cessabit
2576 4862 2881 4917 inmutilata
2911 4860 2999 4913 ³⁸³.
3032 4861 3097 4915 Et
3141 4860 3398 4929 quoniam
3430 4867 3622 4913 contra
3653 4854 3757 4908 Ro-

2175 4971 2390 5026 manam
2420 4954 2708 5011 ecciesmm
2765 4968 3003 5008 canones
3044 4950 3391 5022 opposuistis,
3424 4948 3607 5002 audite
3631 4945 3761 5016 quid

2172 5050 2328 5107 vobis
2373 5047 2649 5119 Gelasius,
2698 5046 2992 5106 multarum
3039 5045 3301 5103 hereseon
3329 5042 3670 5103 deStructor,
3700 5037 3758 5090 in

1771 5178 2008 5235 varum
2049 5178 2456 5253 LECTI‘ONES,
2808 5248 2814 5252 ι

502 5257 730 5350 ’.Ὗ-ηιξ
751 5278 798 5318 σο
825 5266 944 5350 “2"
971 5270 1349 5350 .numgracod.
1373 5270 1493 5350 __""
1516 5271 1591 5324 ita
1629 5287 1677 5350 ς.
1751 5270 1822 5335 1⁷⁸
1849 5272 1918 5326 ab
1955 5272 2074 5325 cod.
2151 5275 2221 5329 Ψ
2262 5274 2388 5350 inde
2434 5272 2717 5343 rogatione
2743 5284 2793 5324 c.
2898 5268 2968 5319 9⁸⁸)
3020 5267 3233 5324 scibere
3259 5265 3380 5321 cod.
3455 5264 3525 5299 ²⁹¹
3557 5264 3758 5319 aucda-

3776 5114 3785 5163 ι
