3948 5350
175 353 294 408 341

936 355 1186 414 SPL'RIA
1227 358 1370 416 AUT
1399 357 1670 415 ALlE-NA.
1709 387 1778 400 --
1817 357 2062 416 LEONIS
2099 357 2350 414 LEGATI
2391 355 2607 413 EPIST.

3361 356 3476 430 Sta

177 467 639 534 conlmozjtorio,
664 469 867 526 Fausto
895 474 1174 542 magistro,
1209 475 1427 546 ﬁngenti
1459 475 1784 546 legationem
1813 478 1859 539 Α
1890 489 2038 546 papae
2090 475 2196 531 illis
2260 474 2462 529 directa
2514 472 2655 528 sicut
2704 469 3043 541 evangelium
3107 471 3464 527 conﬁrmave-

175 555 766 630 Constantiuopolym,
801 563 947 626 dato,
979 564 1120 618 inter
1140 575 1319 620 cetera
1350 567 1428 622 sic
1454 568 1529 621 ait
1555 586 1566 621 :
1598 567 1786 636 Nobis,

174 645 390 718 inquit,
422 664 690 720 apportqu
722 652 970 718 kmzones,
1005 655 1131 709 dum
1161 659 1392 711 nesciunt
1424 659 1549 729 quid
1574 659 1792 730 loquan-

175 748 281 790 tur
306 781 323 801 ,
355 750 540 794 contra
575 757 706 810 quos
732 744 834 810 ipsi
859 746 1030 799 venire
1054 764 1108 800 se
1144 749 1392 816 produnt,
1435 751 1576 820 quod
1605 753 1790 819 prima:

173 829 306 882 sedi
336 827 409 860 ’⁵³
436 847 568 882 sana
594 843 836 903 rectaque
866 837 1108 890 suadenti
1146 856 1332 906 parere
1363 842 1642 910 refugium.
1685 841 1787 912 Ipsi

175 931 323 973 sunt
355 919 597 975 kanones
619 963 633 984 ,
667 925 760 992 qui
813 927 1200 995 appellationes
1243 932 1405 985 totius
1454 933 1695 987 ecclesiae
1722 935 1787 988 ad

172 1007 354 1075 hujus
389 1012 535 1064 sedis
561 1028 790 1069 examen
819 1017 1040 1072 voluere
1093 1020 1331 1086 deferri,
1381 1023 1451 1077 ab
1501 1023 1632 1092 ipsis
1658 1039 1788 1080 vero

173 1113 464 1168 nusquam
517 1117 744 1170 prorsus
793 1107 1050 1176 appellari
1100 1109 1299 1165 debere
1349 1123 1666 1178 sanxerunt,
1722 1129 1786 1169 ac

171 1207 290 1262 per
320 1196 428 1250 hoc
456 1197 606 1252 illam
640 1199 708 1254 de
737 1207 847 1255 tota
879 1203 1107 1258 ecclesia
1152 1203 1400 1273 judicare
1428 1247 1442 1270 .
1494 1208 1664 1278 ipsam
1716 1209 1784 1263 ad

172 1285 401 1340 nullum
432 1291 1046 1359 commearejuditium,
1104 1311 1204 1350 nec
1252 1297 1318 1351 de
1363 1296 1480 1366 ejus
1529 1315 1813 1367 umquam-

173 1388 551 1448 preeeperunt
599 1379 807 1448 juditio
852 1382 1106 1452 judicari,
1163 1389 1595 1458 sententiamque
1641 1389 1786 1444 illius

174 1482 294 1524 non
327 1479 609 1540 oporteret
641 1471 883 1528 dissolvi.
933 1475 1000 1528 Et
1053 1477 1308 1545 quoniam
1346 1493 1464 1546 quae
1511 1479 1564 1532 in
1606 1479 1784 1533 detrao

177 1561 371 1616 ctione
397 1560 666 1617 Romanae
695 1566 939 1622 ecclesia:
987 1583 1240 1623 evomere
1287 1570 1533 1638 potuisti,
1562 1571 1783 1641 scripsi-

175 1650 286 1714 sti;
317 1652 466 1721 quod
495 1661 681 1708 autem
717 1657 889 1710 honor
932 1665 988 1712 et
1033 1658 1197 1712 decus
1245 1659 1389 1714 illius
1417 1669 1520 1726 est,
1554 1661 1785 1715 latenter

174 1743 511 1797 Subtraxisli
564 1761 578 1797 :
629 1759 999 1802 verumtamen
1060 1750 1516 1806 medicamentum
1586 1751 1782 1805 animae

1895 578 2038 624 runt.
2087 567 2142 622 Si
2191 584 2320 622 vero
2367 567 2664 631 ultionem,
2718 571 2776 618 ut
2819 563 3046 618 audistis
3080 603 3093 627 ,
3153 562 3466 626 Dioscorutn

1892 660 2175 714 Antioceni
2208 658 2572 728 patriarcbam
2602 655 2868 717 fecerunt.
2901 654 3128 713 obsecro
3154 675 3248 729 per
3278 660 3467 726 Deum,

1893 751 2059 805 nolite
2084 750 2382 811 occultare.
2418 751 2541 820 quia
2570 751 2710 804 Deus
2739 751 2945 804 veritas
2972 759 3078 815 est,
3111 760 3167 804 et
3196 751 3286 820 qui
3315 752 3460 806 veri~

1888 852 2058 896 tatem
2107 841 2359 903 occultat.
2414 856 2511 909 pro
2557 849 2707 895 certo
2762 841 2930 894 Deum
2961 849 3143 908 negat.
3179 841 3311 893 Nam
3341 841 3472 910 quia

1891 935 2049 989 beato
2095 935 2360 1004 Gregorio
2399 934 2724 1002 derogastis,
2781 944 2840 987 ut
2863 933 2929 987 de
2981 933 3323 1004 depositione
3351 933 3471 1003 epi-

1888 1041 2178 1096 scoporum
2211 1041 2315 1079 non
2352 1025 2676 1094 requireret,
2702 1023 3045 1078 considerate
3071 1021 3472 1078 rationabiliter

1887 1127 1942 1171 ct
1969 1118 2214 1187 probate,
2246 1115 2387 1186 quod
2423 1115 2564 1168 illius
2593 1114 2929 1184 temporibus
2954 1122 3046 1168 aut
3075 1129 3231 1168 suum
3269 1112 3459 1168 defen-

1887 1219 2210 1276 sorem,aut
2235 1209 2532 1273 notarium,
2562 1219 2655 1262 aut
2701 1207 3113 1269 subdiaconum.
3164 1216 3257 1262 aut
3311 1221 3468 1262 suum

1889 1302 2148 1358 vicarium
2173 1299 2426 1366 habebat,
2453 1300 2592 1354 sicut
2623 1300 2675 1354 in
2703 1299 2846 1354 illius
2878 1299 2987 1352 vita
3039 1298 3284 1353 invenire
3313 1307 3466 1368 pote-

1890 1395 2034 1459 ritis,
2067 1395 2156 1462 qui
2192 1393 2373 1448 omnia
2419 1408 2516 1447 sua
2551 1392 2668 1446 vice
2696 1390 2989 1446 ordinabat
3032 1398 3086 1444 et
3119 1388 3467 1458 disponebat,

1887 1493 1942 1541 et
1974 1486 2120 1554 quod
2162 1495 2372 1538 rectum
2422 1481 2708 1547 fatiebant,
2775 1481 3028 1536 laudabat
3076 1489 3131 1533 et
3178 1478 3468 1532 conﬁrma-

1885 1575 1999 1641 bat,
2045 1576 2260 1646 quando
2307 1575 2639 1638 iuordinale,
2680 1573 2987 1643 corrigebat
3015 1580 3068 1625 et
3123 1569 3466 1625 emendabat.

1886 1667 2040 1723 Unde
2087 1668 2252 1722 etiam
2305 1665 2499 1720 Meune
2554 1665 2810 1734 episcopo
2865 1663 2917 1718 in
2965 1677 3062 1717 sua
3095 1659 3388 1729 pra-scotia
3412 1671 3520 1728 se.

1884 1760 2226 1832 puriﬁcante,
2257 1769 2314 1814 et
2354 1757 2674 1828 dignitatem
2721 1755 2946 1810 honoris
2972 1761 3027 1807 et
3053 1750 3286 1821 gratiam
3319 1762 3470 1802 com-

175 1830 552 1899 ahscondisti,
581 1844 638 1889 et
663 1851 953 1901 venenum,
976 1839 1116 1893 unde
1145 1840 1389 1896 incautos
1413 1849 1469 1896 et
1506 1842 1779 1910 simplices
1810 1839 1855 1899 Β
1887 1830 2159 1906 nnmionis
2181 1849 2433 1908 reddidit.
2479 1847 2743 1902 Similiter
2779 1845 3096 1901 Januarium
3127 1844 3468 1911 episcopum,

180 1921 508 1980 interﬁcere
535 1927 738 1995 possis,
771 1929 1075 1984 ostendisti.
1102 1931 1392 1986 Enimvero
1421 1933 1678 2001 quicquid
1707 1932 1784 1986 iu-

180 2015 546 2085 terrogando,
580 2027 639 2071 ut
667 2019 758 2073 ﬁlii
799 2021 864 2074 ad
908 2031 1110 2091 patres,
1160 2023 1412 2079 Aurelius
1441 2033 1495 2079 et
1527 2026 1785 2096 Augusti-

182 2122 289 2160 nus
315 2115 374 2162 et
397 2108 652 2180 Alippius
679 2121 734 2166 et
775 2116 941 2168 ceteri
972 2116 1206 2186 episcopi
1254 2116 1306 2170 in
1337 2115 1537 2171 Aﬁriea
1577 2118 1782 2172 consti-

178 2199 286 2252 tuti
313 2199 597 2255 Bonifatio
623 2219 773 2274 papa:
803 2205 1084 2271 miserunt,
1133 2223 1230 2263 vos
1273 2219 1524 2278 pr0tcrve
1550 2219 1601 2264 et
1632 2225 1783 2266 arro-

179 2301 380 2359 ganter
407 2295 716 2362 posuistis;
753 2299 894 2366 quod
924 2314 1052 2353 vero
1105 2310 1327 2370 propter
1377 2300 1781 2357 tribulationem

179 2389 237 2434 et
269 2384 615 2454 angustiam,
643 2402 763 2458 qua:
800 2389 846 2442 ci
884 2389 1200 2445 imminebat
1245 2393 1313 2446 ab
1345 2392 1572 2450 Eulalio.
1603 2395 1693 2462 qui
1728 2394 1781 2448 in

181 2467 496 2524 intentione
528 2487 637 2526 uno
666 2473 753 2527 die
780 2491 901 2528 cum
930 2477 1179 2546 predicto
1205 2478 1471 2533 Bonifatio
1497 2480 1781 2534 ordinatus

182 2562 389 2628 fuerat,
425 2572 484 2617 et
516 2578 732 2633 semper
769 2567 820 2619 in
849 2568 1186 2624 dissensione
1233 2570 1355 2637 fuit,
1386 2587 1494 2641 quo
1523 2573 1658 2626 vixit
1684 2587 1784 2626 an-

178 2668 284 2709 nos
305 2654 344 2709 5
364 2662 424 2709 et
451 2669 675 2710 menses
692 2656 746 2722 5,
774 2667 826 2712 et
850 2670 1134 2728 propterea
1163 2661 1268 2716 illis
1290 2663 1532 2718 scribere
1559 2663 1780 2718 minime

177 2744 360 2815 potuit
383 2753 529 2802 teste
553 2746 822 2803 Celestino
849 2763 1006 2820 papa,
1057 2752 1239 2808 dicere
1269 2754 1512 2808 noluisti.
1562 2754 1782 2822 Episto-

178 2835 288 2888 lam
336 2852 475 2891 vero
518 2839 808 2894 ostendere
853 2842 1080 2910 predicti
1117 2843 1372 2898 Cclestiui
1431 2861 1617 2916 papm,
1660 2861 1780 2916 quae

181 2927 422 2983 laudans
449 2944 547 2984 cos
587 2939 642 2984 et
683 2932 1013 3001 amplectens
1044 2950 1228 2989 eorum
1278 2939 1626 3002 sententiam,
1661 2954 1780 3008 quae

182 3019 454 3075 delibero
491 3020 719 3074 arbitrio
747 3023 816 3053 ³⁸⁸
846 3024 1191 3090 dillit.ieruut,
1246 3037 1301 3080 et
1348 3044 1582 3098 arguens
1637 3029 1780 3100 quod

181 3109 492 3164 orientales
518 3111 762 3166 ecclesia:
791 3113 856 3167 de
885 3113 1088 3170 Niceno
1109 3117 1338 3171 concilio
1367 3118 1774 3186 consuluerunt,

187 3215 313 3254 ctm
365 3216 466 3268 per
511 3200 728 3270 triginta
775 3211 826 3257 et
873 3219 938 3259 eo
967 3206 1197 3276 amplius
1241 3224 1410 3263 annos
1463 3210 1513 3263 in
1566 3219 1773 3265 tanttun

195 3289 433 3342 heretici
464 3290 754 3346 orientales
790 3294 1048 3350 ecclesias
1097 3299 1471 3364 dei-astabant,
1515 3310 1575 3353 ut
1619 3316 1778 3371 paruo

184 3381 400 3434 nullum
455 3381 652 3437 librum
699 3385 761 3440 dc
795 3387 897 3442 ﬁde
938 3389 1202 3444 catholica
1244 3390 1580 3447 dimittentes
1618 3409 1776 3464 quem

184 3489 292 3527 non
330 3473 664 3530 falsaverunt
699 3489 788 3531 aut
820 3496 924 3533 non
957 3481 1330 3537 incenderunt.
1356 3485 1577 3556 Insuper
1603 3487 1776 3556 ipsum

184 3564 491 3620 simbolum
515 3566 701 3623 Niccni
729 3572 944 3624 concilii
977 3585 1341 3645 conscriptum
1366 3578 1521 3644 pauci
1553 3578 1780 3632 abscon-

183 3654 319 3708 dere
356 3665 675 3724 potuerunt,
703 3661 839 3714 unde
869 3661 1114 3730 plurimae
1137 3676 1449 3725 memoratae
1485 3667 1777 3722 orientales

186 3747 442 3802 ecclesia:
483 3764 511 3802 a
563 3750 804 3806 Romana
851 3756 1078 3812 ecclesia
1119 3757 1294 3827 ipsum
1346 3759 1631 3814 simbolum
1675 3762 1775 3817 sibi

188 3839 468 3893 conscribi
496 3841 836 3908 petiverunt;
883 3853 938 3897 ct
981 3845 1314 3902 Athanasius
1340 3845 1779 3920 archiepiscopus
1809 3889 1814 3896 -

187 3929 626 3995 Alexandrinus,
655 3933 745 4000 qui
779 3933 831 3988 in
858 3935 1146 3989 diaconatu
1180 3940 1390 4006 positus
1427 3940 1543 4009 ipso
1573 3940 1778 3995 Niceno

187 4019 479 4086 interfuit,
530 4021 714 4083 Marco
761 4027 1036 4094 pontiﬁce,
1089 4039 1148 4082 ut
1184 4030 1232 4084 ei
1294 4031 1610 4103 dignaretur
1648 4049 1778 4086 cou-

187 4117 393 4179 scribi,
423 4118 777 4187 supplicando
820 4123 1116 4176 mandavit.
1169 4125 1236 4180 Et
1277 4127 1533 4194 quoniam
1588 4136 1777 4195 postea

190 4208 528 4276 temporibus
572 4211 878 4266 Constantii
928 4223 982 4268 et
1016 4213 1214 4269 Juliani
1248 4217 1361 4287 ipse
1392 4217 1617 4286 pestifer
1641 4234 1779 4272 mor-

185 4300 290 4354 bus
318 4317 490 4370 usque
538 4305 604 4357 ad
655 4304 953 4361 Romanam
994 4307 1300 4373 ecclesiam,
1346 4325 1464 4379 qure
1491 4319 1574 4364 est
1603 4310 1775 4382 capud

193 4388 267 4422 ³⁸⁸
301 4392 547 4447 omnium
601 4393 1010 4462 :rcelesiarum,
1063 4400 1348 4468 pervenit,
1403 4400 1631 4470 ideoque
1683 4416 1778 4470 per

186 4483 435 4539 diversas
487 4486 760 4542 Romanas
801 4489 1060 4545 ecclesias
1107 4492 1381 4561 dispersas
1426 4501 1535 4546 tam
1598 4493 1778 4562 predi-

187 4587 332 4629 ctam
402 4575 652 4631 sinodum
717 4594 876 4648 quam
954 4583 1119 4636 etiam
1172 4584 1386 4638 decreta
1455 4587 1772 4654 pontiﬁcum

187 4662 468 4732 predictus
493 4664 810 4724 Caelestinus
859 4668 913 4722 in
962 4685 1125 4724 unum
1157 4687 1494 4742 congregans
1539 4675 1775 4730 maxime

189 4769 218 4807 a
251 4753 559 4812 Melchiade
613 4773 772 4835 papa,
812 4758 952 4814 sicut
997 4761 1046 4816 ei
1094 4763 1361 4818 Damasus
1410 4765 1650 4834 pontifex
1689 4781 1775 4821 re-

186 4845 554 4913 promiserat,
587 4848 688 4917 ipsi
745 4849 967 4905 Aurelio
1017 4851 1354 4908 remandavit
1399 4856 1585 4910 eadem
1629 4871 1776 4926 quae;

189 4950 289 5003 que
340 4937 407 4973 ’⁸⁷
457 4938 692 4996 Isidorus
739 4941 937 4993 asserit
982 4943 1072 4996 ⁸⁸⁸.
1126 4943 1231 4999 Sed
1277 4960 1373 5000 vos
1429 4945 1543 5000 haec.
1595 4946 1775 5001 omni-

189 5028 348 5083 tnolo
397 5033 674 5088 reticendo
727 5032 950 5089 cetastis
999 5035 1089 5090 η’.
1165 5037 1241 5091 De
1291 5037 1590 5092 Antioceno
1643 5018 1774 5093 vero

190 5119 412 5175 concilio
455 5124 593 5191 quol
646 5123 990 5192 scripsistis,
1045 5127 1089 5181 si
1147 5143 1270 5182 cum
1306 5129 1376 5160 ²⁹⁰
1429 5129 1604 5200 ligatis
1667 5129 1775 5184 Ro-

1252 5222 1262 5232 .
1338 5223 1348 5234 .
1411 5204 1519 5234 ...‘.
1734 5223 1745 5234 .

194 5226 360 5242 mnam
415 5216 664 5242 ΜΑσ-Ιλρξι-σι
712 5216 921 5242 νοηθείη.
974 5229 1050 5242 Α-.
1149 5231 1195 5242 οι
1252 5222 1348 5242 τ..-ἕ

1885 1955 1940 2000 et
1993 1943 2354 2014 Stephanum,
2399 1957 2496 2010 per
2550 1939 2890 1998 defensorem
2938 1953 3096 1994 suum
3163 1933 3468 1988 Iohannem

1883 2039 2076 2094 audire
2105 2046 2159 2092 et
2186 2035 2400 2090 restitui
2440 2034 2569 2089 fecit
2601 2034 2653 2088 in
2681 2033 2892 2088 ordine.
2931 2032 3132 2090 Verum
3159 2027 3324 2083 etiam
3359 2039 3466 2080 non

1883 2131 2054 2187 solum
2084 2128 2378 2198 episcOpis,
2419 2128 2512 2181 sed
2549 2128 2716 2180 etiam
2746 2123 3110 2195 presbyteris,
3138 2119 3230 2190 qui
3260 2117 3467 2172 inordi-

1883 2231 2010 2277 nate
2035 2217 2264 2288 depositi
2296 2216 2362 2247 ³⁸³
2393 2215 2628 2282 fuerant,
2667 2215 2844 2270 ordini
2893 2213 3175 2284 pariteret
3199 2210 3252 2262 in
3290 2206 3468 2277 digni-

1885 2321 1995 2366 tate
2039 2288 2292 2364 restituit.
2325 2305 2447 2360 [Lee
2475 2307 2646 2360 etiam
2671 2306 2867 2374 partim
2897 2303 2952 2358 in
2985 2303 3094 2359 vita
3129 2299 3300 2363 illius,
3332 2311 3460 2364 par-

1887 2401 1978 2455 tim
2014 2401 2066 2454 in
2108 2409 2319 2470 regesto
2341 2395 2727 2459 eiusiuveuire
2779 2393 3048 2464 poteritis.
3093 2391 3279 2459 Itaque
3309 2384 3468 2440 Nico-

1882 2492 2024 2547 laum
2053 2507 2247 2562 papam
2287 2491 2353 2546 ad
2383 2499 2625 2544 vestrum
2677 2485 3048 2541 testimonium
3077 2477 3371 2542 deduxisti.
3403 2488 3470 2531 eo

1881 2582 2025 2651 quod
2057 2581 2346 2635 adversum
2377 2580 2678 2634 Romanam
2707 2575 2994 2631 ecclesiam
3035 2572 3088 2626 in
3128 2570 3472 2640 depositione

1880 2674 2258 2743 episcOporum
2329 2671 2592 2726 siluisset.
2675 2666 2922 2734 Qualiter
2970 2674 3161 2720 contra
3245 2660 3461 2715 Folium

1882 2762 2189 2817 invasorem
2213 2758 2833 2830 Constantinopolitanae
2857 2755 3102 2811 ecclesiae
3131 2752 3366 2805 asterius
3389 2751 3466 2816 η’,

1881 2852 2004 2918 fuit,
2033 2865 2315 2921 quousque
2357 2849 2620 2919 lgnatium
2648 2849 2700 2900 in
2743 2848 2870 2900 sede
2906 2845 3123 2914 propria
3162 2848 3464 2906 revocaret,

1882 2944 1936 2997 in
1986 2942 2230 3013 epistolis
2285 2941 2428 2994 illius
2490 2937 2737 2995 invenire
2781 2935 3052 3006 poteritis.
3102 2932 3277 2987 Etiam
3321 2932 3466 2986 etin

1880 3033 2130 3090 Mettensi
2186 3033 2394 3103 synodo
2454 3038 2644 3086 contra
2722 3041 2879 3097 reges
2950 3034 3006 3080 et
3079 3024 3364 3093 episc0pos
3411 3021 3467 3106 in

1883 3125 2408 3183 excommunicamlo
2434 3132 2488 3177 et
2517 3138 2624 3176 non
2673 3116 3078 3174 reconciliando
3128 3129 3290 3184 quam
3325 3123 3468 3167 aste-

1802 3187 1847 3248 ϐ
1881 3234 1973 3275 rus
2013 3217 2134 3279 fuit,
2198 3213 2508 3283 diligentius
2556 3211 2854 3282 prcridete.
2909 3207 3134 3276 Semper
3196 3206 3298 3260 hoc
3342 3220 3470 3273 pro-

1878 3310 2056 3381 prium
2093 3304 2282 3361 habuit
2313 3303 2556 3357 Romana
2611 3297 2863 3364 ecclesia,
2897 3296 3150 3366 utjustos
3181 3291 3466 3363 justiﬁcet,

1879 3408 1934 3455 et
1956 3397 2149 3468 impios
2172 3395 2552 3462 condcmpnet,
2576 3391 2764 3447 hostes
2787 3387 3039 3464 expellat,
3069 3385 3207 3440 ﬁlios
3233 3391 3466 3470 recreet.

1879 3489 1946 3542 Et
1972 3467 2229 3557 quoniam
2271 3473 2678 3553 improperasti,
2712 3482 2856 3549 quod
2904 3475 3198 3532 orientales
3226 3484 3282 3529 et
3305 3467 3470 3528 Afl'ri-

1879 3596 2044 3635 canas
2058 3595 2150 3633 seu
2169 3576 2555 3646 Hispanienses
2575 3573 2834 3630 ecclesias
2857 3572 2925 3626 ab
2948 3586 3008 3626 ea
3034 3585 3092 3625 se
3119 3575 3465 3639 separarent,

1879 3681 1933 3727 ct
1992 3673 2047 3727 in
2099 3671 2204 3727 hoc
2252 3683 2350 3724 vos
2395 3667 2530 3723 falsa
2590 3665 2797 3721 dixisse
2849 3662 3184 3732 cognoscite,
3213 3659 3468 3728 quoniam

1880 3779 2021 3819 nunc
2047 3762 2366 3816 Theodorus
2388 3750 2832 3826 archiepiscopus
2860 3754 3096 3824 Egypti,
3127 3761 3179 3806 et
3207 3751 3469 3806 llorestus

1880 3853 2418 3916 llicrosolimitanus,
2458 3849 2664 3918 legatos
2700 3863 2828 3903 suos
2851 3846 2921 3878 ¹⁹³
2948 3847 3013 3898 ad
3043 3845 3300 3898 domuum
3334 3857 3467 3911 apo-

1879 3945 2127 4000 stolicum
2158 3942 2419 4011 prclerito
2459 3938 2531 3970 m
2561 3953 2703 3991 anno
2731 3938 3070 3998 direxerant,
3111 3941 3166 3987 et
3189 3932 3254 3984 de
3285 3932 3467 3984 heresi

1878 4033 2246 4090 Jacobitarum
2283 4043 2596 4090 conversos,
2628 4039 2812 4080 utrum
2841 4026 2908 4079 ad
2932 4025 3251 4078 clericatum
3275 4020 3467 4074 venire

1880 4125 2131 4188 debeant,
2158 4120 2447 4176 consilium
2471 4117 2802 4188 petiverunt,
2833 4104 3165 4184 etquoniam
3191 4125 3289 4179 pro
3318 4119 3464 4164 metu

1880 4214 2312 4269 Sarracenorum
2344 4209 2396 4263 in
2434 4207 2580 4263 ontni
2603 4206 2834 4261 ecclesia
2861 4204 3034 4258 altare
3087 4201 3308 4255 minime
3331 4213 3461 4255 con-
3545 4209 3552 4214 ‘

1879 4317 2098 4362 secrare
2128 4288 2417 4372 poterant,‘
2445 4306 2504 4351 ut
2534 4297 2613 4350 eis
2648 4310 2886 4367 pannum
2917 4307 3246 4348 consecrare
3275 4289 3466 4344 liceret

1879 4394 2319 4466 postulaverunt.
2389 4388 2652 4445 Similiter
2707 4389 2773 4442 de
2816 4385 3001 4442 Africa
3075 4383 3466 4453 Cartagiuense

1883 4487 2060 4542 clerus
2081 4495 2138 4542 et
2174 4482 2408 4555 populus
2455 4479 2788 4548 temporibus
2832 4476 3016 4533 domni
3058 4473 3332 4530 Benedicti
3374 4487 3464 4528 se-

1880 4579 2034 4651 ptimi
2073 4593 2226 4650 papa:
2271 4591 2438 4632 unum
2486 4573 2844 4636 sacerdotem,
2904 4570 3164 4630 Jacobum
3215 4569 3460 4632 nomine,

1831 4662 1840 4676 ⁸
1882 4673 2168 4742 elegerunt
2218 4678 2274 4725 et
2296 4683 2419 4725 eum
2469 4665 2721 4728 Romam,
2777 4673 2838 4718 ut
2878 4662 2969 4717 ubi
3021 4667 3464 4723 consecraretur,

1883 4764 2304 4821 mandaverunt.
2337 4757 2597 4828 Epistola,
2631 4771 2793 4826 quam
2833 4768 3018 4808 secum
3055 4749 3274 4813 detulit,
3322 4749 3467 4803 inter

1881 4864 2063 4912 cetera
2139 4853 2212 4907 ita
2265 4849 2625 4906 continebat:
2681 4863 2700 4896 ‹
2751 4844 2961 4907 Domno
3029 4837 3346 4895 beatissimo
3413 4844 3470 4892 et

1885 4945 2181 5016 apostolico
2211 4957 2366 5013 papae
2410 4939 2670 4992 Romanae
2703 4952 2731 4989 a
2775 4935 2886 4990 Deo
2922 4939 3183 4999 protecta:
3229 4925 3468 4980 civitatis

1880 5038 2056 5094 clerus
2087 5045 2143 5090 et
2171 5033 2401 5104 populus
2447 5027 2874 5099 Cartaginensis.
2925 5022 3267 5081 Postutamus
3296 5017 3467 5069 beati-

1882 5127 2124 5182 tudinem
2184 5131 2450 5185 vestram,
2495 5128 2558 5175 nt
2610 5114 2944 5173 suecurratis
2997 5112 3204 5167 miserae
3226 5115 3280 5159 et
3305 5106 3465 5159 deso-

2597 5223 2715 5242 num
2738 5206 2810 5242 ita
2837 5205 2904 5242 ml
2949 5200 3208 5242 nit-hilum
3240 5195 3462 5242 redacta

1880 5218 1998 5242 I-..“
2039 5217 2060 5242 Δ
2081 5216 2301 5242 ruina-mm
2334 5208 2543 5242 Λῖιιῖιῆιῖ
