3948 5350
506 372 613 432 533

1820 371 2200 432 SILVESTER
2238 379 2280 436 ll
2320 378 2520 438 PAPA.

3656 366 3765 424 3η

507 497 722 546 vestros
770 486 1071 543 anterlores
1119 484 1499 555 confugerunt,
1547 483 1620 539 ita
1655 500 1796 540 nunc
1836 484 2087 556 quamvis
2115 497 2160 555 Α
2195 493 2396 548 habere
2416 489 2706 562 potuimus.
2736 484 2906 540 Nobis
2932 498 3064 539 vero
3090 484 3324 540 reversis
3352 483 3601 540 domum.
3635 497 3769 552 apo-

509 581 661 652 parvi
685 589 741 636 et
764 579 969 650 indigni
1001 579 1067 633 ad
1089 593 1186 634 vos
1223 577 1535 647 confugium
1583 575 1852 644 facimus;
1883 587 1938 633 et
1962 579 2086 636 ideo

508 679 566 726 et
613 670 948 724 sacerdotem
1001 666 1262 722 Jacobum
1319 669 1386 719 ad
1442 682 1542 721 vos
1589 667 1854 733 misimus,
1881 677 2086 725 uteum

507 759 664 814 nobis
690 758 990 812 ordinando
1040 757 1294 811 solatium
1349 755 1657 827 przebeatis.
1689 775 1709 808 ι
1757 756 1927 823 Quem
1959 775 2086 830 pre-

509 849 686 904 dictus
726 849 969 919 pontifex
1001 848 1053 902 in
1085 858 1272 904 nostro
1315 848 1668 912 monasterio,
1699 864 1984 918 quousque
2017 851 2084 906 de

512 936 619 993 ﬁde
653 937 918 993 catholica
959 939 1299 1008 probaretur,
1352 939 1549 1003 misit;
1603 947 1659 992 at
1710 938 1779 970 ³⁸³
1812 938 1902 994 ubi
1959 955 2083 996 eum

509 1029 874 1084 ortlmdoxum
925 1033 1181 1098 repperit,
1229 1045 1556 1086 eonsecrans
1595 1030 2082 1100 archiepiscopum,

507 1134 632 1177 eum
665 1134 787 1174 cum
821 1120 1102 1190 privilegio
1144 1121 1210 1174 ad
1262 1121 1479 1190 propria
1537 1121 1771 1175 remisit.
1801 1121 2084 1191 Simulque

508 1211 576 1266 de
613 1210 868 1280 Hispania
927 1212 1260 1281 temporibus
1305 1212 1568 1266 Johannis
1605 1229 1776 1282 papae,
1809 1213 1902 1266 ﬁlii
1931 1214 2088 1268 Albe-

506 1302 630 1368 rict,
659 1317 822 1372 quem
859 1317 955 1356 vos
999 1303 1295 1370 incongrue
1333 1303 1654 1372 derogastis,
1685 1303 1930 1357 Julianus
1951 1303 2088 1358 Cor-

509 1392 767 1448 dubensis
795 1393 1242 1462 archiepiscopus
1284 1393 1350 1447 de
1373 1392 1556 1447 multis
1583 1394 1727 1447 etde
1775 1393 2089 1448 diﬁicilioria

505 1481 607 1537 bus
657 1484 836 1539 causis
879 1484 1159 1554 epistolam
1207 1500 1328 1539 cum
1392 1486 1586 1554 legatis
1617 1493 1862 1552 mittens,
1906 1483 2089 1540 consi-

508 1571 642 1628 lium
721 1584 934 1644 petens,
987 1589 1093 1628 non
1155 1575 1519 1645 interrogans,
1591 1574 1714 1644 quis
1769 1583 1862 1628 aut
1911 1573 2090 1644 qualis

465 1705 486 1720 .
509 1665 724 1730 fuisset,
753 1666 847 1721 sed
876 1667 1283 1721 venerationem
1333 1669 1584 1737 praebens
1613 1666 1922 1736 apostolicae
1948 1664 2088 1731 sedi,

509 1759 654 1828 quod
686 1759 786 1814 sibi
819 1758 949 1813 utile
977 1768 1094 1814 erat
1121 1760 1392 1829 quaesivit.
1419 1760 1494 1814 Ex
1521 1775 1628 1830 qua
1669 1775 1728 1815 re
1754 1760 2087 1831 cognoscite,

2191 582 2415 638 stolicus
2443 595 2538 634 vos
2590 577 2818 631 Romam
2868 575 3119 630 invitavit
3150 592 3164 640 ;
3197 590 3298 630 nec
3329 583 3512 630 tamen
3545 572 3612 626 ad
3643 586 3767 626 eum

2185 675 2371 729 venire
2392 671 2638 727 voluistis
2660 669 2793 739 (44).
2810 668 3012 738 thuia
3039 668 3093 722 in
3114 668 3309 722 itinere
3327 665 3555 736 positus,
3579 678 3686 717 non
3713 669 3771 716 ut

2184 765 2476 828 voluimus,
2534 761 2628 816 sed
2675 767 2736 814 ut
2787 759 3079 828 potuimus,
3133 757 3468 827 scripsimus,
3525 769 3675 808 nunc
3704 752 3770 808 ad

2185 864 2422 910 vestram
2455 852 2706 908 sinodum
2733 849 3078 913 revertimur,
3099 863 3220 918 qua:
3242 862 3270 900 a
3296 847 3451 900 vobis
3498 853 3580 900 est
3606 857 3770 900 vene-

2187 955 2304 1001 rata
2334 955 2388 1000 et
2411 944 2645 1006 laudata,
2677 956 2705 995 a
2735 940 2948 995 cunctis
2980 953 3128 1001 vero,
3155 936 3245 1006 qui
3293 935 3540 998 audiunt,
3576 933 3770 1002 depra-

2187 1045 2311 1091 vata
2367 1043 2422 1088 et
2465 1034 2796 1102 vituperata.
2842 1028 2974 1095 Quis
3025 1026 3264 1081 ﬁdelium
3319 1039 3488 1092 aequis
3544 1021 3774 1075 auribus

2189 1132 2372 1182 audire
2399 1133 2595 1195 potest,
2640 1122 3110 1190 archiepiscopum
3157 1131 3254 1186 per
3281 1115 3438 1170 [idem
3478 1118 3771 1182 deceptum

2187 1229 2241 1274 et
2271 1221 2323 1274 in
2351 1233 2573 1274 carcere
2594 1215 2684 1270 diu
2710 1224 3066 1276 maceratum,
3087 1217 3142 1265 et
3167 1210 3245 1264 sic
3271 1209 3472 1262 nudum
3495 1206 3766 1267 vinctum,

2187 1328 2310 1367 cum
2347 1309 2687 1366 multitudine
2734 1304 3087 1375 strepentium
3140 1300 3369 1355 militum
3411 1297 3477 1351 ad
3503 1295 3770 1366 synodum

2188 1403 2431 1467 ductum,
2466 1417 2574 1456 uno
2617 1408 2752 1454 teste
2800 1394 3192 1466 dampnatum?
3221 1393 3351 1458 Quis
3378 1390 3506 1444 talia
3543 1388 3773 1442 audiens

2187 1501 2427 1547 vestram
2487 1488 2748 1561 synodum
2809 1500 2916 1539 non
2979 1481 3307 1538 maledicit?
3363 1479 3551 1547 Neque
3598 1485 3662 1529 ut
3717 1475 3772 1529 in

2187 1595 2369 1643 vestro
2399 1583 2579 1638 libello
2617 1581 2868 1644 habetur,
2899 1587 2983 1631 tcr
3011 1585 3314 1645 quaterque
3341 1571 3412 1606 ²⁹⁸
3442 1585 3500 1625 se
3530 1567 3776 1636 culpabi-

2189 1677 2296 1731 lem
2345 1681 2634 1744 negantcm
2691 1685 2836 1735 esse,
2889 1667 3068 1722 nullus
3119 1673 3358 1718 vestrum
3413 1676 3538 1715 eum
3589 1657 3778 1714 audire

2190 1766 2380 1830 voluit,
2406 1764 2498 1819 sed
2547 1778 2670 1818 cum
2719 1775 2827 1814 uno
2875 1757 3178 1828 presbitero
3218 1769 3340 1806 rum
3390 1748 3776 1819 dampnastis;

510 1849 814 1915 Romanam
861 1851 1148 1907 ecclesiam
1196 1852 1370 1908 adhuc
1421 1854 1489 1909 ab
1541 1854 1792 1908 omnibus
1842 1854 2087 1910 ccclesiis
2120 1871 2163 1930 Β
2191 1860 2336 1928 quod
2381 1854 2525 1912 omni
2573 1851 2901 1908 auctoritate
2951 1847 3290 1918 prohibetur.
3345 1841 3498 1909 Quod
3579 1837 3778 1930 nullius

508 1942 765 1997 honorari
794 1951 851 1997 et
886 1943 1158 2008 venerari,
1187 1942 1522 1999 solummodo
1544 1959 1575 1998 a
1606 1944 1761 1999 vobis
1789 1943 2002 1998 detrahi
2031 1953 2088 2000 et

509 2034 859 2090 dehonestari
897 2035 987 2089 ³⁸⁸.
1021 2034 1210 2090 Dicitis
1253 2035 1396 2104 quod
1443 2033 1576 2100 Deo,
1625 2050 1730 2090 non
1787 2035 2087 2105 apostolico

508 2126 860 2192 mandaretis,
895 2136 950 2182 et
977 2127 1131 2182 vobis
1175 2141 1491 2197 responsum
1526 2141 1634 2181 non
1686 2126 1944 2181 dedisset.
1986 2125 2093 2182 Νο-

512 2226 626 2282 tum
682 2225 769 2273 est
810 2220 1082 2286 omnibus,
1158 2221 1286 2290 quia
1338 2219 1394 2274 in
1438 2226 1587 2273 tanta
1636 2217 1986 2272 tribulatione
2035 2225 2092 2273 et

509 2308 863 2377 oppressione
889 2323 919 2363 a
945 2308 1282 2365 Crescentio.
1309 2347 1325 2362 .
1353 2348 1368 2362 .
1398 2346 1417 2363 .
1445 2308 1517 2342 '"
1555 2323 1700 2362 nunc
1725 2310 1934 2378 positus
1967 2306 2091 2375 fuit,

511 2391 570 2451 ut
592 2397 807 2466 quando
829 2398 999 2453 voluit
1019 2408 1074 2455 et
1093 2399 1326 2470 qualiter
1342 2397 1531 2464 voluit,
1548 2413 1650 2454 nec
1674 2397 1830 2452 vobis
1857 2413 1957 2453 nec
1970 2396 2094 2452 aliis

517 2505 837 2561 responsum
854 2496 984 2550 dare
1004 2494 1208 2564 potuit;
1233 2493 1328 2550 sed
1345 2502 1524 2548 tamen
1541 2493 1702 2549 citius
1717 2508 1876 2562 quam
1890 2493 2094 2563 potuit,

2187 1949 2434 2015 honoris,
2508 1944 2706 2000 nullius
2761 1939 3041 2012 dignitatis
3099 1938 3170 1991 sit
3218 1943 3410 1990 contra
3477 1929 3778 2001 quemlibet

2189 2040 2413 2103 laicum,
2446 2052 2612 2091 unum
2643 2032 3008 2090 testimonium
3031 2029 3258 2084 credere
3285 2024 3522 2079 debere:
3562 2028 3775 2090 quanto

2189 2131 2363 2201 magis
2399 2127 2659 2182 adversus
2705 2119 3212 2192 archiepiscopum!
3244 2116 3380 2184 Quia
3417 2129 3548 2168 vero
3575 2111 3776 2164 dicitis.

2191 2222 2368 2293 ipsum
2391 2234 2449 2275 se
2471 2230 2760 2274 accusasse
2782 2224 2835 2270 et
2857 2214 3164 2268 confessqu
3188 2209 3376 2272 fuisse,
3402 2204 3772 2266 considerate,

2197 2311 2242 2367 si
2287 2311 2384 2364 fuit
2426 2305 2736 2378 recipienda
2767 2302 2888 2356 talis
2917 2299 3190 2356 confessio
3216 2299 3239 2353 ἲ
3266 2295 3399 2351 Nam
3426 2304 3486 2348 ut
3516 2295 3573 2348 in
3599 2301 3780 2346 vestro

2199 2398 2383 2455 libello
2432 2397 2682 2458 habetur,
2725 2392 2990 2448 dicebatis
3035 2391 3124 2445 ei:
3161 2387 3288 2442 Pete
3326 2401 3531 2440 veniam
3581 2392 3638 2434 ut
3679 2391 3778 2434 vita

2196 2490 2291 2546 tibi
2315 2488 2650 2543 concedatur.
2683 2485 2727 2540 Ο
2757 2483 2964 2538 inutilis
2996 2479 3306 2536 confessio!
3339 2475 3462 2531 Acsi
3489 2475 3538 2527 ei
3573 2473 3775 2526 dicere-

519 2595 625 2653 nos
650 2582 718 2636 ad
751 2561 1184 2654 investigandam
1223 2591 1278 2638 et
1307 2581 1683 2653 inquirendam
1709 2561 1948 2637 vestram
1972 2597 2101 2636 cau-
2201 2588 2330 2635 tur:
2372 2576 2494 2631 Nisi
2537 2576 2734 2629 dixeris
2771 2589 2888 2644 qua:
2925 2581 3188 2633 votnmus,
3217 2582 3385 2623 maere
3420 2581 3523 2617 non
3562 2561 3776 2654 poteris.

507 2685 623 2728 sam
647 2673 867 2729 direxit.
893 2674 961 2728 At
984 2674 1072 2729 ubi
1094 2673 1269 2744 Aquis
1289 2674 1560 2740 venimus,
1581 2672 1696 2743 jam
1722 2688 1846 2727 eum
1874 2665 2093 2742 deposi-

510 2771 627 2830 tum
648 2763 975 2832 invenimus,
1005 2773 1060 2820 et
1088 2780 1267 2839 neque
1291 2765 1508 2836 aliquod
1540 2779 1862 2835 responsum
1890 2779 1920 2818 a
1939 2762 2094 2817 vobis

2197 2671 2338 2727 Ecce
2379 2667 2638 2728 Arnulfus
2670 2665 3110 2734 archiepiscopus
3132 2669 3190 2714 ut
3231 2655 3542 2729 patriarcha
3574 2650 3778 2720 Joscph

2199 2768 2390 2831 captus
2417 2759 2554 2816 etin
2584 2757 2759 2814 lacum
2777 2755 2998 2821 missus,
3029 2749 3225 2813 tim’cns
3253 2749 3392 2804 mori
3423 2746 3650 2814 negavit
3691 2743 3774 2802 ’⁸³η

1781 2877 2015 2936 ἾΑΒΙιΕ
2051 2871 2451 2932 LECTIONES.

589 2991 667 3024 '"
708 3001 803 3045 aut
832 3009 880 3047 c.
957 2994 1026 3026 "“
1052 2995 1325 3053 honestari
1349 3012 1398 3058 β.
1476 2996 1545 3028 ³³⁷
1575 2995 1681 3048 duo
1729 2993 1828 3048 vel.
1861 3003 1965 3049 tres
1984 2992 2174 3048 littera:
2198 3007 2407 3054 exesa;
2439 3005 2510 3043 an
2556 2987 2827 3058 consule?

2899 2987 2970 3018 ³η
3003 2985 3182 3039 littera
3207 2997 3235 3035 a
3262 2996 3417 3034 exesa
3440 2987 3533 3033 est.
3614 2976 3686 3008 η’
3714 2973 3759 3029 Η

511 3061 702 3128 desinit
729 3064 919 3134 pagina
941 3081 960 3129 ,'
990 3082 1205 3137 sequens
1231 3055 1424 3138 codicis
1449 3082 1565 3138 qua:
1590 3076 1665 3120 est
1691 3064 1895 3134 ultima,
1921 3062 2210 3132 theologica
2230 3061 2470 3132 qua’dam
2493 3060 2742 3124 continet,
2768 3057 2874 3111 alia
2896 3073 3052 3110 manu
3076 3055 3290 3124 scripta.

2086 3171 2266 3226 OTIE.

2086 3172 2174 3226 0T
2253 3212 2266 3226 .

587 3263 699 3335 (46)
727 3264 816 3321 Ct.
860 3265 1098 3339 iiugouis
1124 3267 1330 3322 litteras
1353 3267 1420 3324 ad
1459 3282 1655 3338 papam
1694 3282 1758 3324 ex
1805 3266 1927 3324 cod.
1956 3172 2300 3336 Lugdune?!“
2330 3265 2384 3321 in
2423 3265 2555 3321 edit.
2577 3262 3006 3329 Francol‘urtana
3046 3261 3236 3334 synodi
3275 3254 3563 3312 Remensis
3588 3267 3642 3325 p.
3678 3251 3776 3309 H9

533 3447 3772 3482 W

1075 3601 1440 3728 ACTA
1566 3606 2200 3773 CONCILII
2316 3606 3225 3724 MOSOMENSIS

1471 3824 1804 3895 AUCTORE
1841 3825 2215 3894 GERBERTO
2253 3824 2826 3883 ARCHIEPISCOPO.

1858 3982 2020 4052 (Ann.
2048 3982 2171 4049 995,
2208 3980 2338 4036 Jun.
2381 3981 2460 4052 2.)

1022 4100 1177 4206 Apud
1207 4134 1388 4203 Pertz,
1425 4135 1767 4192 Monumenta
1794 4135 2092 4191 Germania:
2135 4137 2404 4203 historica,
2433 4135 2635 4209 Seri'pt.
2667 4145 2796 4192 tom.
2840 4135 2904 4192 111
2924 4177 2939 4205 ,
2994 4150 3117 4208 pag.
3151 4133 3322 4209 690.5]

1923 4298 2123 4312 ———

831 4389 1198 4448 concuuun
1236 4393 1652 4452 nosounuse
1691 4397 1762 4437 εοα

578 4479 736 4535 Ληηο
762 4482 830 4535 ab
858 4482 1231 4538 incarnatione
1257 4484 1470 4540 Domini
1495 4488 1615 4547 995.
1641 4487 1940 4542 indictione
1966 4503 2090 4551 vm,

520 4586 551 4626 α
573 4585 709 4641 papa
747 4570 993 4626 Johanne
1022 4575 1256 4643 synodus
1284 4575 1598 4630 denuntiata
1629 4585 1714 4631 est
1755 4576 2003 4631 habenda
2035 4577 2090 4630 in

513 4663 822 4732 parrwchia
885 4663 1142 4720 Remensi
1205 4668 1511 4738 metropoli.
1574 4669 1761 4738 Itaque
1815 4685 1869 4723 ιν
1913 4668 2096 4724 Nonas

514 4749 663 4806 Junii
710 4753 1162 4809 convenientibus
1228 4755 1529 4812 Mosomum
1614 4757 2096 4814 venerabilissimis

514 4844 786 4914 episcopis
831 4844 1081 4900 Liodult‘o
1107 4847 1174 4878 ³⁰⁸
1205 4847 1548 4916 Treverensi,
1598 4851 1843 4920 Aymone
1869 4850 1938 4895 '°'.
1959 4848 2096 4905 Vera

514 4926 770 5000 dunenSi,
817 4934 1057 4992 Notkero
1086 4937 1156 4978 ⁸⁸³
1187 4935 1527 5001 Leodicensi,
1578 4938 1830 5008 Suitgero
1863 4939 1935 4972 ⁸⁸⁸
1963 4940 2096 4994 civi-

514 5026 648 5080 tatis
693 5025 1197 5098 Minigardevurdw,
1229 5029 1338 5085 Leo
1365 5030 1533 5084 abbas
1573 5030 1890 5093 monasterii
1919 5031 2092 5086 sancti

510 5113 792 5172 Bonel‘acii
825 5117 976 5172 urbis
998 5117 1184 5172 Romae
1227 5120 1399 5177 vicem
1431 5135 1597 5192 agens
1622 5121 1806 5176 domui
1828 5120 2092 5178 Johannis

2131 4297 2366 4310 ᾜ

2117 4403 2162 4465 C
2194 4398 2477 4467 ignobiles,
2517 4398 2608 4452 sed
2641 4397 2768 4460 vita,
2822 4397 3065 4451 moribus
3097 4404 3152 4450 et
3171 4395 3399 4450 scientia
3445 4393 3592 4448 inter
3635 4409 3768 4450 suos

2195 4489 2461 4559 prteclari.
2496 4489 2573 4541 Ex
2599 4487 2750 4541 laicis
2773 4501 2988 4555 quoque
3031 4486 3249 4540 admiSSI
3283 4492 3408 4539 sunt
3459 4483 3780 4539 Godefridus

2199 4593 2380 4632 comes
2426 4585 2482 4633 ct
2527 4577 2740 4646 reliqui.
2794 4576 2960 4630 Facto
3031 4577 3214 4645 itaque
3279 4574 3510 4638 silentio,
3560 4575 3768 4629 cunctis

2200 4668 2563 4722 residentibus
2596 4668 2685 4737 qui
2719 4667 2968 4722 aderant.
3022 4668 3196 4733 Aymo
3224 4666 3507 4734 episcopus
3535 4665 3772 4719 surrexit

2198 4767 2253 4814 et
2308 4758 2514 4814 Gallico
2571 4761 2923 4813 concionatus
2987 4767 3092 4822 est,
3147 4758 3403 4811 domuum
3479 4756 3779 4811 Johannem

2197 4864 2391 4920 papam
2419 4852 2700 4920 episcopos
2723 4850 3020 4905 Galliarum
3066 4864 3228 4903 causa
3260 4847 3448 4918 synodi
3475 4848 3542 4901 ad
3571 4847 3777 4916 Aquas-

2195 4943 2350 5013 grani
2406 4943 2594 5010 palatii
2643 4942 2927 5004 invitasse,
2977 4947 3031 4992 et
3064 4953 3158 4993 eos
3181 4937 3273 4992 illo
3307 4937 3495 4991 venire
3522 4935 3775 4990 noluisse.

2197 5034 2330 5088 ltem
2354 5035 2612 5088 invitasse
2640 5034 2705 5086 ad
2732 5030 2956 5093 Urbem,
2987 5039 3042 5085 et
3072 5044 3166 5084 eos
3216 5044 3324 5083 non
3355 5027 3594 5082 venisse.
3629 5025 3775 5079 Nunc

2196 5138 2294 5192 pro
2318 5139 2414 5178 sua
2461 5120 2825 5177 sollicitudine
2856 5120 2908 5172 in
2946 5118 3194 5172 Βουτεηεί
3251 5115 3518 5185 proviulia
3578 5114 3759 5168 conci-
3790 5163 3794 5178 ,
