3948 5350
190 344 275 401 335
915 334 1166 394 SPURIA
1210 333 1349 393 AUT
1384 334 1658 391 ALIENA.
1699 364 1729 377 «-

1832 330 1947 388 CT.
1989 331 2188 390 CONC.
2230 331 2632 390 CAUSEIENS.

3308 336 3414 392 5l6

190 454 434 511 habentem
458 466 471 502 :
496 447 767 503 Iohannes
800 448 1071 518 episcopus
1095 465 1273 502 aereus
1312 463 1578 502 servorum
1607 446 1722 512 Dei,
1755 453 1803 512 Α
1833 456 2103 512 reoueret,
2134 448 2186 501 in
2215 450 2502 517 praesentia
2554 449 2722 520 ipsius
2752 448 2947 505 Leonis
2969 459 3279 516 perventum
3311 462 3413 508 est.

190 545 388 601 omnibus
424 541 827 610 archiepiscopis
856 538 1156 594 Galliarum
1187 541 1410 594 salutem
1435 550 1482 593 et
1512 550 1727 603 aposto-

191 634 316 689 licam
337 632 765 695 benedictionem,
808 640 863 685 et
897 632 1125 701 reliqua.
1173 630 1287 686 Hac
1317 632 1547 699 epistola
1589 632 1727 685 reci-

192 737 295 789 tata,
334 724 564 779 surrexit
603 724 903 779 Gerbcrtus
929 722 1224 778 Remorum
1256 724 1724 795 archiepiscopus,

194 829 238 875 et
263 819 384 872 hanc
410 815 713 871 oralionem
743 816 1049 869 subintolit.

245 909 510 961 Exordium
540 925 554 960 :
590 907 811 975 Semper
828 906 1036 975 quidem
1062 906 1205 973 (vide
1234 904 1557 973 Patrologite
1593 913 1725 959 tom.

188 1000 479 1064 CXXXVIII,
504 1000 611 1055 col.
648 1000 793 1062 166),
818 1015 988 1069 usque
1020 1002 1073 1053 in
1112 1016 1384 1052 commune
1422 1015 1655 1051 oramus.

246 1091 373 1145 lianc
392 1091 696 1145 orationem
743 1089 1043 1145 Gerbertus
1093 1089 1310 1153 ﬁniens,
1356 1088 1521 1142 Leoni
1545 1087 1727 1142 abbati

190 1186 407 1253 scriptam
452 1182 683 1252 protulit
733 1182 828 1247 3°“,
876 1191 931 1235 et
984 1182 1271 1251 epistolam
1319 1196 1469 1249 papae
1506 1180 1727 1248 recepit,

190 1284 318 1342 atque
339 1274 406 1327 ita
438 1274 662 1328 resedit.
695 1274 829 1327 Tum
861 1273 1100 1343 episcopi
1134 1289 1162 1325 a
1192 1272 1425 1325 concilio
1448 1270 1726 1333 secedunt,

190 1377 231 1418 ct
251 1366 478 1420 comitem
509 1364 866 1420 Godcfridum
914 1364 1404 1419 consultationibus
1436 1363 1549 1417 suis
1577 1362 1731 1416 adhi-

188 1457 307 1513 bent.
329 1456 448 1510 Post
493 1458 612 1511 bare
641 1456 967 1511 Gerbertum
1002 1456 1066 1510 ad
1097 1471 1155 1510 se
1190 1464 1405 1515 vocant.
1439 1463 1495 1507 et
1534 1454 1731 1508 Leonis

191 1546 367 1601 abbatis
414 1563 704 1601 monacqu
752 1547 1055 1601 Jobaunem
1088 1548 1152 1599 ad
1182 1562 1335 1615 reges
1392 1545 1729 1599 Francorum

191 1653 288 1692 eum
313 1639 447 1693 omni
475 1641 684 1693 honore
719 1639 911 1694 deduci
972 1640 1158 1703 iaciat,
1203 1648 1437 1693 orantct
1461 1638 1726 1691 obtinent.

189 1729 355 1783 Deinde
397 1730 657 1784 Kalendis
703 1729 829 1784 Julii
883 1731 1067 1784 Remis
1122 1728 1427 1783 habendam
1462 1727 1726 1799 synodum

1828 538 2015 607 Ibique
2058 540 2297 595 breviter
2343 548 2754 601 commemorat.
2782 557 2887 595 non
2912 556 3033 597 esse
3064 543 3114 596 in
3146 553 3413 613 potestate

1830 630 2147 699 cujusquam
2198 632 2435 701 episcopi
2492 632 2574 686 vel
2621 634 2947 703 patriarchae
2985 634 3065 689 vel
3112 635 3417 705 apostolici,

1831 737 2154 790 quemquam
2196 723 2433 776 lideiium
2465 737 2492 777 a
2522 726 2903 779 communione
2958 742 3256 791 removere,
3314 725 3419 783 nisi

1830 825 2022 884 sponte
2076 816 2383 871 confossum
2412 818 2495 869 wl
2529 818 2862 881 convictum,
2894 818 2977 872 vel
3022 818 3086 871 ad
3118 818 3419 874 concilium

1834 907 2015 961 venire
2043 909 2333 962 nolentem.
2371 907 2484 961 Sibi
2511 918 2691 962 autem
2744 909 2910 963 nichil
2942 910 3134 963 horum
3175 911 3418 977 obstare,

1831 1000 2027 1068 quippe
2054 1001 2143 1068 qui
2197 1015 2296 1054 nec
2337 999 2617 1053 confessus
2656 1014 2755 1053 nec
2807 1001 3087 1055 convictus
3119 1002 3211 1066 sit,
3237 1012 3290 1056 et
3323 1000 3419 1071 qui

1832 1092 1979 1145 solus
2002 1094 2066 1146 de
2103 1092 2275 1145 Gallia
2321 1094 2387 1146 ad
2411 1092 2700 1147 concilium
2746 1092 2976 1146 venerit.
3037 1093 3153 1147 Non
3199 1109 3328 1162 ergo
3358 1108 3419 1149 se

1832 1200 1929 1239 suo
1949 1184 2147 1251 jumtio
2170 1185 2611 1254 dampnaturum,
2644 1184 2733 1254 qui
2763 1184 2815 1237 in
2843 1184 2990 1237 nullo
3018 1201 3215 1254 genere
3244 1201 3419 1255 oppo-

1832 1277 2060 1331 siturum
2133 1277 2233 1331 sibi
2302 1277 2442 1331 male
2501 1277 2752 1330 conscius
2819 1276 2908 1330 sit.
2981 1275 3088 1330 Sed
3150 1278 3420 1331 modestia

1831 1376 1885 1421 et
1931 1367 2201 1437 probitate
2247 1367 2429 1420 domni
2480 1366 2708 1420 Liodulli
2768 1365 3118 1419 Treverensis
3154 1364 3423 1435 archiepi-

1831 1457 1978 1524 sc0pi
2026 1465 2326 1510 conventus
2363 1466 2415 1510 et
2439 1456 2678 1511 fraterne
2724 1456 3111 1518 commonitus,
3161 1471 3227 1508 ne
3252 1472 3417 1510 occa-

1831 1548 2037 1602 sionem
2070 1549 2311 1602 scandali
2342 1549 2455 1602 suis
2480 1548 2675 1601 emulis
2699 1547 2873 1611 daret,
2908 1546 3060 1615 quasi
3084 1545 3421 1614 jussionibus

1830 1636 2013 1691 domui
2042 1638 2317 1707 apostolici
2362 1637 2630 1692 resultare
2680 1637 2865 1701 vellet,
2903 1636 3002 1691 sub
3042 1638 3259 1690 nomine
3285 1635 3419 1689 obe-

1831 1726 2069 1791 dientite,
2126 1738 2186 1782 ut
2237 1745 2267 1782 a
2324 1729 2613 1782 missarum
2666 1728 3042 1782 tantummodo
3098 1726 3421 1780 celebritate

190 1820 487 1874 denuntiant.
513 1821 634 1876 .Iam
662 1823 901 1891 synodus
924 1821 1097 1875 soluta
1122 1835 1241 1875 esse
1266 1821 1573 1882 videbatur,
1601 1834 1723 1873 cum
1758 1822 1801 1881 Β
1833 1818 2154 1882 abstineret,
2191 1818 2490 1887 adquievit,
2542 1832 2716 1887 usque
2739 1816 2805 1870 ad
2834 1816 3114 1886 proximas
3140 1813 3414 1869 Kalendas

190 1925 289 1966 ecce
348 1911 641 1969 Gerbertus
692 1915 764 1946 ³⁰⁶
822 1915 1109 1985 episcopus
1182 1913 1387 1982 legatos
1446 1912 1728 1980 episcopos

191 2004 349 2073 accipit
375 2015 627 2074 tanquam
670 2022 700 2059 a
735 2015 895 2075 parte
948 2006 1166 2069 Leonis,
1196 2015 1256 2058 ut
1285 2021 1313 2057 a
1338 2004 1523 2059 divino
1552 2002 1727 2057 oﬂicio

191 2107 328 2164 usque
356 2095 418 2149 ad
439 2096 814 2151 denuntiatam
842 2096 1109 2168 synodum
1153 2096 1440 2151 abstineat.
1470 2094 1571 2161 Qui
1597 2108 1718 2146 cum

1833 1908 2024 1971 .Iulias.
2072 1924 2179 1977 quo
2224 1918 2470 1978 tempore
2518 1908 2686 1963 altera
2741 1908 2980 1979 synodus
3026 1907 3228 1961 indicta
3277 1913 3419 1973 erat,

1835 2001 1901 2057 Et
1924 2002 2005 2057 sic
2031 2002 2329 2057 discessum
2354 2010 2461 2057 est.

1452 2209 1686 2267 YABIAS
1725 2203 2142 2277 LECTIONES,

245 2298 301 2333 '°'
324 2303 553 2371 porrexit
579 2304 637 2359 in
659 2318 826 2374 marg.
904 2302 976 2336 ⁸⁸⁸
1016 2303 1292 2374 girhcrlus
1320 2319 1368 2356 ε,

199 2481 2825 2512 W

2830 2471 3420 2501 -ιῌ

709 2648 1080 2767 ACTA
1198 2644 1839 2761 CONCILII
1935 2640 2859 2759 CAUSEIENSIS

1110 2845 1441 2904 AUCTOBE
1479 2840 1854 2901 GERBERTO
1890 2836 2468 2895 ARCHIEPISCOPO.

1559 2980 1736 3050 (Anno
1764 2976 1915 3048 995.)
2150 2934 2153 2935 ν

616 3121 810 3196 [Apud.
851 3119 1031 3185 I’ertz,
1068 3116 1408 3172 Monumenta
1449 3109 1746 3167 Germania:
1784 3109 2039 3167 historica
2060 3151 2077 3177 ,
2110 3107 2312 3179 Script.
2344 3116 2479 3163 tom.
2511 3106 2609 3174 IlI,
2640 3121 2765 3178 pag.
2798 3107 2946 3180 691.]

193 3401 354 3441 onum
390 3398 747 3439 EPISCOPORUI
786 3398 979 3437 HABITA
1036 3397 1090 3434 IN
1137 3394 1382 3435 coscruo
1410 3390 1634 3431 causam
1663 3390 1714 3431 IN
1746 3376 1792 3437 C
1822 3370 2017 3426 divinae
2038 3367 2338 3435 maiestatis
2368 3370 2546 3425 minus
2575 3372 2689 3426 est?
2713 3370 2854 3426 Non.
2888 3370 3126 3426 Proinde
3173 3384 3400 3443 pensate

248 3473 525 3512 PBESENTIL
546 3471 730 3510 LEONIS
756 3469 976 3509 ABBATIS
996 3467 1189 3509 LEGATI
1216 3466 1359 3505 PAP£
1378 3464 1648 3505 IOHANNIS.

249 3572 537 3628 Exordium.
568 3602 637 3612 —
665 3569 885 3641 Impleta
936 3576 1061 3623 sunt
1086 3574 1210 3621 vota
1239 3574 1445 3628 nostra,
1477 3577 1730 3618 reveren-

196 3666 355 3719 tissimi
384 3665 592 3729 Patres,
615 3663 742 3733 quia
769 3661 944 3716 tocius
971 3658 1158 3716 Gallias
1207 3656 1477 3727 episcopis
1505 3656 1559 3709 in
1590 3654 1732 3709 cari-

198 3765 287 3811 tate
307 3756 618 3827 conjunctis,
661 3753 953 3825 apostolica
994 3752 1150 3807 sedes
1183 3749 1347 3804 cmtui
1380 3757 1569 3801 nostro
1598 3760 1733 3815 pras-

196 3842 309 3895 sidet
338 3858 428 3912 per
459 3839 819 3896 venerabilem
868 3839 1116 3893 abbatem
1146 3848 1201 3891 et
1237 3835 1560 3889 monachum
1597 3832 1728 3886 Leo.

196 3930 243 3986 In
266 3948 357 4002 quo
376 3933 529 3988 simul
554 3932 680 3987 etin
705 3930 862 3985 nobis
890 3945 1011 3985 eam
1041 3928 1382 3998 prudentiam
1409 3937 1732 3991 morumque

198 4026 478 4093 probitatem
536 4041 652 4080 esse
699 4023 1039 4088 confidimus,
1104 4030 1161 4075 ut
1213 4035 1332 4089 qua:
1380 4017 1732 4087 probabiliter

198 4125 242 4171 et
264 4118 548 4173 necessario
620 4115 1150 4177 demonstravimus,
1226 4128 1332 4166 non
1399 4111 1452 4164 in
1524 4118 1731 4164 statera

200 4205 349 4260 dolosa
372 4215 422 4260 et
444 4207 620 4276 iniqua
644 4248 659 4269 ,
688 4206 781 4261 sed
810 4206 862 4260 in
907 4219 1046 4274 equa
1107 4211 1163 4258 et
1209 4200 1515 4255 rationabili
1576 4199 1734 4253 lance

201 4309 399 4363 appensa
427 4296 587 4351 fuisse
622 4296 981 4365 gaudeamus,
1008 4295 1162 4365 juxta
1194 4293 1321 4347 illud
1354 4292 1494 4345 beati
1549 4290 1735 4360 Augu-

202 4386 304 4440 stini
334 4388 380 4441 in
409 4390 638 4443 secundo
660 4388 801 4443 libro
831 4388 897 4442 de
918 4386 1190 4456 baptismo
1223 4399 1236 4437 :
1267 4382 1391 4438 Non
1424 4385 1731 4453 o/feramus,

203 4475 363 4547 inquit,
401 4490 616 4534 stateras
651 4480 885 4544 dolosas,
927 4480 1015 4532 ubi
1052 4477 1410 4547 appendamus
1455 4476 1593 4545 quod
1638 4491 1732 4527 vo-

205 4565 381 4633 luntas,
432 4581 474 4624 et
516 4572 765 4641 quomodo
812 4570 1049 4625 volumus
1104 4580 1215 4623 tota
1272 4568 1357 4621 die
1403 4568 1731 4622 dimittamus

205 4672 279 4723 pro
304 4661 506 4715 arbitrio
554 4673 745 4728 nostro,
779 4663 1009 4716 dicentes
1046 4674 1065 4712 .'
1096 4660 1210 4714 Hoc
1253 4676 1431 4730 grave,
1484 4662 1581 4713 hoc
1625 4661 1731 4715 lere

1826 3460 2120 3518 venerandi
2148 3469 2327 3533 patres
2357 3469 2412 3517 et
2442 3460 2666 3528 fratres,
2691 3466 2820 3536 quid
2854 3465 3011 3519 nobis
3036 3465 3086 3517 iu
3118 3480 3278 3519 causa
3301 3467 3412 3521 Ar-

1832 3556 1961 3611 nulti
1989 3556 2343 3625 judicandum
2369 3556 2554 3621 fuerit,
2581 3572 2739 3625 quem
2773 3565 2901 3617 ante
2927 3556 3019 3611 Dei
3049 3566 3104 3611 et
3130 3557 3415 3615 hominum

1832 3645 2022 3701 oculos
2048 3645 2101 3699 in
2151 3646 2449 3699 immanum
2478 3648 2795 3701 barathrum
2824 3647 3085 3703 cecidisse
3108 3651 3393 3705 constabat

1833 3736 1923 3806 qui
1958 3750 2016 3790 se
2041 3736 2213 3805 ipsum
2252 3736 2471 3805 proprio
2493 3752 2587 3790 ore
2621 3737 2985 3806 dampnabat,
3023 3736 3176 3807 cujus
3205 3755 3303 3808 pro
3334 3756 3411 3794 re-

1828 3824 2062 3879 bellione
2083 3832 2136 3879 et
2165 3824 2504 3879 contumacia
2545 3824 2801 3879 Africana
2851 3826 3081 3880 concilia
3128 3842 3289 3882 omne
3330 3826 3416 3897 jus

1831 3915 2169 3970 ademerant.
2217 3914 2468 3979 Pensate,
2516 3916 2769 3984 inquam,
2819 3915 2947 3984 quid
2996 3930 3094 3984 pro
3143 3918 3416 3985 pereuntis

1831 4006 2013 4077 populi
2050 4004 2248 4069 salute,
2278 4005 2369 4074 qui
2403 4006 2454 4058 iu
2496 4006 2669 4059 tocius
2709 4005 2861 4074 regni
2885 4004 3201 4059 discrimine
3228 4006 3415 4059 melius

1832 4106 1885 4171 et
1915 4095 2100 4150 utilius
2141 4095 2258 4149 ﬁeri
2300 4096 2559 4165 potuerit,
2588 4110 2748 4164 quam
2797 4104 2873 4158 ut,
2919 4094 3136 4149 tiranno
3175 4096 3397 4151 excluso

1830 4189 1978 4244 utilis
2029 4187 2225 4258 populo
2271 4196 2325 4242 et
2372 4203 2537 4257 regno
2564 4189 2989 4242 constitueretur
3020 4198 3224 4257 pastor.
3251 4189 3409 4256 Quod

1832 4289 1887 4336 et
1925 4280 2105 4351 pupuli
2128 4280 2283 4350 quies
2309 4288 2365 4335 et
2386 4281 2536 4350 regni
2563 4281 2809 4336 soliditas
2850 4291 3144 4336 consecuta
3176 4290 3277 4337 est.
3313 4282 3417 4336 Sed

1832 4390 1959 4430 ecce
1997 4389 2063 4429 ex
2098 4374 2326 4428 adverso
2365 4373 2539 4427 hostis
2580 4373 2800 4428 humani
2852 4374 3068 4443 generis
3096 4389 3194 4443 per
3217 4389 3416 4443 organa

1834 4482 1930 4520 sua
1987 4464 2333 4535 proloquitur
2390 4482 2403 4517 :
2452 4462 2569 4518 Non
2627 4465 2729 4519 hoc
2776 4463 2895 4518 fieri
2944 4464 3097 4518 licuit
3135 4464 3253 4519 sine
3281 4465 3415 4519 sedit

1835 4556 2148 4626 apostolica:
2192 4556 2539 4621 auctoritate,
2582 4571 2689 4610 non
2742 4556 2860 4609 sine
2906 4564 3175 4625 praesente
3215 4556 3397 4625 legato

1832 4648 2047 4719 nonnisi
2078 4649 2147 4703 ab
2171 4647 2401 4703 Arnull‘o
2432 4657 2651 4716 recepta
2683 4646 2937 4702 ecclesia.

208 4747 406 4805 ett!Sed
460 4753 733 4821 offeramus
763 4754 998 4808 divinam
1047 4763 1298 4807 stateram
1344 4752 1408 4805 de
1436 4751 1727 4822 Scripturis
1759 4744 1806 4803 D
1903 4740 2256 4809 Reme/censio
2306 4750 2353 4794 ει
2399 4738 2734 4806 conﬁrmatio
2770 4736 3073 4790 αίτθνηατίηι
3113 4738 3393 4806 (“993M5-

208 4843 368 4895 sanctit
392 4853 646 4915 tamquam
667 4847 733 4880 ³⁰⁷
758 4848 823 4901 de
853 4846 1113 4899 thesauris
1140 4845 1453 4910 Dominicis,
1478 4854 1524 4897 et
1556 4846 1609 4896 in
1639 4843 1733 4898 illa

211 4931 309 4996 quid
357 4935 417 4987 sit
461 4938 658 5003 gravius
698 4935 1091 5007 appendamus,
1130 4936 1288 4988 intuta
1326 4950 1428 4987 non
1472 4934 1736 5005 appenda—

211 5036 321 5089 ntus,
340 5028 419 5079 sed
440 5044 651 5096 appensa
671 5048 700 5083 a
720 5029 955 5083 Domino
982 5043 1430 5098 recognoscamus.
1468 5027 1733 5083 Nimirum

214 5112 283 5170 h':c
329 5118 401 5171 vir
454 5130 656 5178 sanctus
698 5133 752 5178 et
797 5121 1022 5192 sapiens
1078 5123 1183 5177 hoc
1239 5120 1541 5191 intelligere
1590 5121 1736 5179 vide-

215 5210 283 5236 ‘ll’
355 5222 449 5236 “An
497 5224 551 5236 Α..
602 5213 878 5236 ι.Α-ι.3..-.-νι
933 5209 1232 5236 ..διηυιιλκὲΑ
1290 5212 1381 5236 “At.
1435 5213 1581 5236 μασξ.-

1844 4832 2097 4888 liteccine
2120 4842 2205 4888 est
2231 4834 2560 4899 auctoritas,
2593 4843 2655 4888 ut
2685 4832 3101 4888 innumerabilis
3138 4833 3428 4886 multitudo

1843 4928 2126 4984 hominum
2152 4929 2370 4983 assidue
2410 4937 2607 4997 pereat
2633 4931 2656 4984 ?
2708 4926 2899 4982 Nullus
2924 4926 3223 4987 Romanus,
3256 4926 3429 4978 etiam

1843 5021 2105 5077 invitatus
2133 5022 2473 5091 multumque
2497 5032 2746 5093 rogatus,
2770 5020 3099 5075 subveniat?
3129 5019 3195 5072 Et
3219 5020 3308 5086 qui
3332 5035 3433 5087 po-

1843 5120 1972 5175 test,
1998 5110 2100 5164 nisi
2130 5122 2401 5180 praesente
2439 5111 2693 5170 Romano
2741 5125 2844 5166 nec
2875 5111 3075 5164 audeat
3105 5123 3202 5162 nec
3232 5123 3438 5175 praesu-
