3948 5350
516 364 615 422 5η

1053 367 1227 424 SlLV.
1266 366 1309 423 ll
1346 366 1451 423 PP.
1483 396 1551 408 -—
1580 365 1830 426 SPURlA
1864 365 2008 424 AUT
2045 363 2314 423 ALIENA.
2359 370 2607 427 —-ACT.
2638 370 2839 429 CONC.
2871 373 3276 432 CAUSEIENS.

3671 372 3805 436 368

516 481 621 538 boli
686 480 1010 537 membrum.
1062 482 1179 539 Non
1241 484 1420 555 ignota
1471 483 1766 554 loquimur.
1804 483 1959 555 Regii
2016 479 2410 554 acAejusque
2460 500 2665 542 sororis
2704 486 2816 543 filio
2868 487 3225 559 prreferendi?
3295 490 3415 558 Quo
3478 506 3611 563 ergo
3650 492 3797 565 jure

518 571 690 626 nostri
717 569 875 641 legati
906 570 1133 626 Romam
1160 574 1390 642 profecti
1421 574 1680 645 epistolas
1700 576 1942 647 pontifici
1969 592 2094 648 por-

516 671 802 727 rexerant,
831 670 885 717 et
914 662 982 717 ab
1002 678 1067 719 eo
1089 664 1246 733 digne
1275 667 1514 735 suscepti
1543 678 1691 723 sunt.
1724 668 1861 731 Sed,
1888 678 1948 725 ut
1970 685 2097 727 cre-n

520 755 719 823 dimus,
744 757 866 827 quia
891 756 1206 814 Crescentio
1238 760 1388 816 nulla
1412 763 1731 818 munuscula
1756 763 2092 830 obtulerunt,

515 863 618 920 per
656 850 890 904 triduum
922 865 953 904 a
992 851 1193 921 palatio
1225 853 1465 919 seclusi,
1512 854 1661 911 nullo
1697 871 1962 928 responso
2004 872 2099 911 ac.

517 948 676 1008 cepto
715 941 1010 996 redierunt.
1064 943 1218 1009 Quod
1268 948 1509 1014 peccatis
1560 949 1761 1003 nostris
1810 948 2098 1017 provenire

515 1044 622 1085 non
655 1032 874 1088 dubium
921 1042 1003 1089 cst
1025 1075 1040 1099 ,
1078 1045 1137 1090 ut
1169 1034 1414 1092 Romana
1441 1038 1671 1094 ecclesia
1700 1080 1716 1105 ,
1762 1055 1884 1111 qua:
1923 1049 2100 1095 mater

514 1132 570 1175 et
600 1131 760 1191 caput
790 1124 1031 1178 omnium
1071 1125 1428 1182 ecclesiarum
1461 1139 1564 1193 est,
1627 1144 1727 1199 per
1774 1131 2097 1185 tirannidem

513 1230 769 1285 oppressa
801 1258 815 1279 .
860 1219 1043 1274 omnia
1088 1224 1333 1277 membra
1363 1223 1757 1280 debilitentur?
1792 1225 1919 1280 llaec
1944 1267 1959 1291 ,
2018 1227 2103 1281 iu-

516 1320 704 1374 qnant,
734 1308 1054 1372 omittimus,
1081 1320 1135 1365 et
1163 1320 1343 1367 tamen
1387 1314 1440 1368 in
1476 1323 1620 1369 tanta
1648 1330 1828 1371 rerum
1874 1316 2102 1372 dillicnl-

519 1403 629 1451 tate
677 1398 849 1453 sacris
896 1398 1330 1470 obtemperatum
1379 1405 1588 1476 legibus
1646 1408 1977 1472 edocemus,
2039 1421 2100 1465 ut

515 1488 804 1556 apostolica
832 1493 991 1552 sedes
1020 1494 1074 1548 in
1103 1495 1311 1551 Amulli
1343 1511 1503 1552 causa
1535 1500 1762 1557 honeste
1795 1511 1850 1556 et
1897 1503 2104 1558 utiliter

514 1579 601 1633 vel
642 1580 843 1637 addere
893 1585 971 1642 vel
1019 1596 1231 1645 mutare
1275 1591 1443 1647 nichil
1472 1594 1749 1663 potuerit,
1778 1596 1863 1652 vel
1921 1598 2104 1654 adhuc

515 1672 706 1739 possit.
731 1672 787 1728 Si
815 1676 961 1733 enim
995 1680 1242 1752 qumdam
1270 1684 1585 1751 pontiﬁcum
1620 1687 1835 1743 decreta
1868 1689 1941 1743 ita
1971 1701 2105 1746 sunt

522 1774 663 1830 rata,
696 1775 751 1822 et
775 1770 1021 1839 quaedam
1047 1774 1280 1831 concilia
1309 1793 1338 1831 a
1369 1779 1498 1832 sede
1533 1780 1831 1849 apostolica
1876 1783 1947 1838 ita
1977 1799 2103 1838 cor—

2195 570 2459 630 Bonefatii
2512 592 2649 648 pape
2687 579 2965 634 decretum
3020 580 3074 635 in
3126 581 3340 638 irritum
3398 583 3794 648 devocabitur,

2196 665 2289 733 qui
2334 665 2561 734 intonat,
2606 679 2666 722 ut
2718 669 2764 724 si
2800 685 2927 725 reus
2965 670 3155 726 adesse
3189 671 3506 743 neglexerit,
3562 673 3823 745 dilatio-5

2197 770 2320 809 nem
2342 759 2627 814 sententiae
2653 760 2737 827 vel
2783 761 3043 818 absentiae
3080 778 3188 818 non
3220 763 3476 819 lucretur.
3508 764 3797 820 Nimirum

2198 848 2312 903 haec
2368 848 2585 905 decreta
2640 853 2935 922 apostolica
2978 869 3079 910 nec
3133 854 3427 925 fugientem
3457 862 3826 930 protegunt,‘

2196 953 2299 993 nec
2350 939 2655 996 confessum
2697 943 2779 997 vel
2838 945 3147 1000 convictum
3173 946 3417 1002 ecclesia:
3457 948 3798 1003 restituunt.

2198 1028 2317 1084 Non
2367 1030 2533 1102 igitur
2585 1032 2706 1103 jure
2762 1035 3025 1106 spoliatus
3055 1053 3174 1096 eam
3202 1039 3429 1109 recipiet
3465 1040 3800 1106 ecclesiam,

2200 1140 2362 1195 quam
2407 1141 2509 1181 nec
2554 1128 2696 1182 sicut
2723 1128 3015 1200 episcopus
3060 1132 3223 1196 rexit,
3265 1132 3359 1187 sed
3413 1132 3553 1191 sicut
3600 1134 3801 1204 praedo

2199 1215 2608 1271 crudelissimus
2634 1218 2955 1294 devastavit,
2983 1221 3077 1275 sed
3104 1222 3285 1276 dicant
3314 1224 3512 1277 summi
3566 1224 3803 1294 pontifi-

2201 1318 2294 1360 ces
2317 1306 2424 1360 Leo
2445 1316 2499 1362 et
2527 1291 2780 1364 Zozimus
2809 1326 3147 1381 magnusque
3183 1312 3512 1380 Gregorius,
3547 1291 3685 1384 quid
3724 1315 3804 1369 de

2202 1398 2505 1469 hujusmodi
2530 1402 2794 1459 confessis
2826 1404 2907 1458 vel
2964 1407 3232 1462 convictis
3280 1408 3613 1462 auctoritate
3651 1422 3797 1478 apo—

2203 1494 2396 1549 stolica
2427 1505 2757 1551 statuerunt.
2790 1515 2810 1549 ι
2849 1497 3194 1566 Hujusmodi,
3238 1501 3418 1571 inquit
3458 1502 3592 1566 Leo,
3623 1501 3804 1571 lapsis

2202 1585 2268 1639 ad
2298 1589 2715 1653 promerendam
2771 1587 2867 1644 Dei
2915 1591 3347 1647 misericordiam
3394 1592 3628 1648 ecclesia
3675 1592 3802 1662 pri-

2202 1689 2324 1733 vata
2356 1688 2458 1739 est,
2510 1678 2812 1748 expetenda
2866 1681 3121 1746 secessio,
3179 1683 3267 1736 ubi
3297 1682 3402 1738 illis
3450 1682 3801 1747 satisfactio,

2205 1770 2249 1824 si
2292 1768 2455 1823 fuerit
2474 1768 2656 1839 digna,
2684 1769 2753 1822 sit
2804 1769 2970 1822 etiam
2998 1767 3300 1828 fructuosa.
3342 1790 3360 1823 ›
3419 1771 3487 1826 Ει
3539 1771 3803 1835 Zozimus

517 1834 886 1924 roborata—ut
911 1864 1106 1921 exinde
1144 1870 1443 1935 permtuari
1473 1834 1637 1927 ηίοίιίι
1682 1883 1956 1943 omnem,
2009 1890 2103 1929 ρο-
2136 1834 2179 1895 Β
2209 1860 2445 1916 Lazarus
2476 1861 2679 1916 dudum
2715 1861 2767 1915 in
2815 1860 3138 1917 Taurinensi
3185 1863 3417 1919 concilio
3444 1864 3800 1935 gravissimo-

516 1962 640 2003 rum
711 1950 1058 2021 decretorum
1112 1965 1169 2013 et
1234 1961 1590 2018 conciliorum
1638 1974 1960 2031 executores
2005 1983 2103 2037 per

518 2043 700 2097 ontnia
726 2042 880 2101 laude
905 2056 961 2101 et
996 2052 1220 2118 praemio
1252 2051 1399 2123 digni
1428 2094 1442 2117 ,
1472 2055 1889 2125 perturbatores
1920 2069 2103 2114 autem

516 2134 864 2205 vituperandi
896 2148 953 2195 et
1000 2145 1244 2199 omnium
1291 2162 1557 2216 penarum
1600 2165 1801 2220 genere
1834 2149 2105 2206 alliciendi

516 2234 661 2280 sunt.
723 2227 854 2284 item
906 2232 950 2287 si
995 2234 1095 2288 sub
1154 2235 1486 2295 beatissimis
1523 2240 1875 2310 pontificibus
1923 2242 2107 2312 aliqua

517 2330 907 2386 provenerunt,
944 2339 1065 2394 qua:
1090 2341 1269 2384 causa:
1305 2330 1511 2385 Amulli
1557 2332 1756 2388 similia
1795 2335 1931 2401 sint,
1962 2335 2108 2405 quod

520 2407 1041 2481 exiudejudicatum
1065 2425 1170 2483 est,
1196 2419 1249 2472 in
1289 2434 1452 2476 causa
1493 2421 1704 2477 Arnulli
1748 2423 2108 2493 judicandum

521 2499 647 2556 fuit.
673 2501 746 2558 At
772 2504 1097 2564 Cresconius
1147 2511 1457 2584 episcOpus,
1483 2517 1610 2587 quia
1639 2519 1858 2576 rebellis
1895 2530 1948 2576 et
1975 2539 2110 2577 con-

525 2601 734 2662 tumax,
766 2613 869 2652 non
898 2611 1087 2656 contra
1113 2604 1415 2674 principem
1443 2608 1540 2664 sed
1571 2621 1762 2667 contra
1801 2613 2109 2686 episcopos,

524 2686 651 2753 fuit,
686 2689 755 2744 ab
778 2690 1036 2748 Africana
1060 2696 1585 2767 synodojudicatum
1609 2712 1715 2769 est,
1756 2714 1815 2761 ut
1841 2717 2112 2775 potestate

524 2780 789 2853 principis
831 2795 1180 2843 coerceretur
1221 2798 1278 2844 et
1315 2792 1384 2847 ab
1425 2794 1657 2850 ecclesia
1709 2797 2110 2857 excluderetur.

523 2869 592 2926 Et
617 2864 743 2928 item
789 2877 1167 2936 universaliter
1207 2883 1489 2955 cpiscopus
1538 2890 1923 2959 conspirantes
1957 2903 2012 2950 et
2043 2897 2112 2952 ad

527 2975 851 3022 conventum
924 2969 1154 3027 fratrum
1210 2991 1430 3033 suorum
1484 2981 1672 3036 venire
1717 2984 1966 3042 nolentes
2015 3004 2113 3044 sua

525 3056 668 3111 forte
714 3075 779 3114 ne
842 3063 1137 3129 prodantur
1200 3066 1402 3137 ﬂagitia
1469 3082 1776 3131 metuentes
1817 3118 1833 3144 ,
1919 3080 2111 3137 eadem

527 3148 765 3257 synodus
808 3161 1074 3218 potestate
1132 3157 1395 3228 principis
1445 3164 1834 3228 cohercendos.
1894 3185 1925 3225 a
1961 3173 2112 3241 prin.
2141 3195 2188 3257 ο

527 3235 794 3335 cipalibus
841 3244 1116 3299 cathedris
1164 3253 1521 3308 removendos
1566 3295 1582 3317 ,
1641 3267 1697 3311 et
1754 3268 1815 3313 ut
1880 3235 2119 3335 propriis

529 3328 694 3381 etiam
738 3343 982 3399 careant,
1015 3339 1340 3397 auctoritate
1386 3344 1598 3411 publica
1655 3358 1714 3403 ut
1756 3328 2117 3414 rebellcs'au-

532 3419 789 3478 étoritate
839 3427 1135 3494 apostolica
1184 3430 1448 3501 judicavit
1496 3451 1594 3506 per
1665 3440 1986 3504 Faustinum
2065 3460 2121 3507 et

526 3508 833 3581 Philippum
898 3525 954 3570 et
1019 3518 1259 3577 Asellum
1312 3527 1680 3599 presbyteros.
1732 3534 1886 3602 Quod
1935 3551 2118 3599 autem

530 3604 825 3672 apostolica
865 3609 1024 3664 sedes
1049 3611 1102 3666 in
1123 3612 1474 3673 Cresconium
1510 3620 1638 3677 fecit
1659 3635 1716 3680 ct
1748 3626 1799 3681 in
1830 3629 1967 3688 alios
1999 3634 2119 3691 fieri

530 3695 736 3792 docuit,
769 3699 873 3755 hoc
901 3702 1044 3757 idem
1074 3705 1129 3761 in
1169 3706 1400 3765 Arnulfo
1445 3728 1655 3772 summa
1691 3719 1969 3792 diligentia
2018 3727 2122 3785 fuit

528 3785 906 3858 observatum;
966 3793 1019 3849 id
1071 3805 1157 3852 est
1194 3801 1320 3870 quia
1362 3802 1427 3857 ad
1465 3805 1692 3862 fratrum
1729 3785 1953 3870 suorum
1980 3831 2112 3872 con-

528 3890 752 3936 ventum
799 3886 1031 3957 amplius
1076 3905 1240 3960 quam
1293 3909 1389 3964 per
1431 3900 1557 3954 anni
1589 3904 1823 3972 spatium
1858 3907 2118 3965 inritatus

529 3973 718 4029 venire
747 3980 1096 4049 contempsit,
1128 3992 1186 4037 et
1229 3983 1452 4058 insuper
1500 3991 1551 4045 in
1605 3993 1905 4065 principem
1961 3992 2123 4056 suum

530 4066 751 4122 rebellis
776 4078 827 4125 et
859 4073 1010 4129 urbis
1034 4090 1096 4131 ac
1125 4078 1317 4146 patriae
1352 4084 1597 4151 proditor
1618 4091 1823 4157 extitit,
1854 4093 2120 4165 principis

528 4164 799 4223 potestate
835 4165 1140 4219 necessaria
1189 4171 1397 4238 synodo
1446 4189 1869 4244 repraesentatus
1893 4193 1996 4237 est.
2025 4184 2121 4237 At-

530 4260 638 4348 que
657 4246 842 4305 habita
873 4255 1199 4323 cognitione,
1249 4262 1424 4331 qualis
1456 4262 1634 4321 fuerat
1656 4269 1967 4327 diffamatus
1998 4273 2119 4348 talis

531 4336 696 4433 etiam
750 4350 834 4395 est
877 4359 974 4398 sua
1032 4348 1369 4415 professione
1414 4354 1681 4412 detectus.
1764 4360 1871 4414 Sed
1942 4336 2119 4433 inquit

531 4427 746 4520 etuulus
779 4445 793 4520 ς
821 4431 935 4487 Non
962 4437 1485 4509 potuit-dijudicari;
1530 4447 1817 4503 ccciesiam
1868 4427 2115 4520 recipiat,

2207 1969 2325 2009 rum
2350 1954 2723 2025 episcoporum
2747 1953 3029 2008 sententiis
3050 1969 3149 2025 pro
3162 1955 3597 2025 calumpniatore
3617 1957 3800 2027 damp-

2207 2056 2390 2111 natus,
2421 2062 2543 2100 cum
2574 2045 2760 2102 Brictii
2808 2046 3112 2102 innocentis
3161 2047 3399 2118 episcopi
3425 2048 3595 2109 vitam
3634 2047 3798 2105 falsis

2206 2137 2603 2208 objectionibus
2657 2137 2975 2208 appetisset,
3024 2146 3148 2208 post
3196 2141 3409 2196 verotab
3432 2140 3628 2196 eodem
3667 2140 3801 2195 Pro-

2208 2233 2352 2298 culo,
2379 2234 2636 2303 quiintcr
2664 2242 2876 2288 ceteros
2896 2233 3269 2304 dampnationi
3313 2234 3431 2303 cjus
3477 2233 3530 2287 in
3590 2232 3797 2305 synodo

2210 2332 2542 2389 assenserat,
2569 2323 2934 2380 sacerdotium
2960 2332 3289 2381 consecutus
3318 2332 3423 2380 est.
3449 2325 3495 2378 Α
3523 2340 3636 2394 quo
3681 2325 3799 2402 ipse

2210 2417 2337 2471 vitae
2385 2432 2497 2471 suae
2548 2416 2821 2481 conscius,
2872 2416 3013 2473 datis
3056 2416 3255 2471 litteris
3305 2417 3357 2471 in
3388 2417 3795 2473 abdicationem

2212 2508 2297 2562 sui
2331 2522 2391 2562 se
2414 2514 2608 2576 sponte
2630 2506 3027 2561 submovitrEt
3059 2506 3354 2577 Gregorius
3384 2508 3453 2563 ad
3497 2506 3801 2565 Johannem

2214 2598 2686 2668 archiepiscopum
2713 2598 2902 2667 prinue
2929 2597 3290 2654 Justinianre:
3326 2616 3344 2649 ‹
3385 2597 3783 2653 Dilectissimus

2215 2693 2409 2763 inquit,
2448 2692 2590 2747 lator
2638 2693 2987 2762 prtescntium
3044 2689 3334 2749 Nemesi0u
3363 2694 3429 2748 ad
3455 2709 3555 2749 nos
3582 2694 3800 2751 veniens

2214 2784 2493 2850 indicavit,
2534 2784 2678 2839 sicut
2720 2796 2776 2839 et
2826 2792 3105 2855 gestorum
3163 2784 3494 2854 exemplaria
3520 2799 3644 2854 qum
3702 2784 3799 2839 bur

2215 2876 2411 2933 detulit
2439 2875 2815 2943 continebant,
2869 2874 3093 2930 Paulum
3131 2875 3389 2930 Diaclinte
3414 2874 3660 2931 civitatis
3692 2875 3799 2944 cpio

2214 2986 2442 3049 scopum
2473 2979 2527 3025 et
2552 2977 2675 3041 post
2704 2983 2876 3038 pauca
2913 2968 3076 3023 etiam
3106 2967 3371 3034 libellum,
3400 2967 3456 3021 in
3517 2982 3628 3043 quo
3652 2981 3717 3028 ea
3741 2966 3801 3025 de
3872 2986 3881 2995 ·

2216 3066 2412 3133 quibus
2466 3060 2752 3118 accusatus
2799 3060 2978 3117 fuerat
3033 3076 3159 3119 vera
3205 3066 3328 3116 esSe
3373 3058 3662 3115 confessus
3692 3068 3800 3123 est,

2215 3156 2498 3212 obtulisse.
2525 3155 2644 3223 Qua
2683 3154 2751 3209 de
2783 3169 2843 3209 re
2883 3152 3153 3211 sententia
3186 3151 3487 3222 episcopali
3521 3151 3616 3205 illo
3648 3152 3787 3219 depo

2223 3247 2328 3303 sito
2351 3260 2411 3301 se
2437 3244 2555 3315 ejus
2583 3244 2704 3300 loco
2731 3243 2801 3276 ³⁰⁸
2851 3258 2974 3298 cum
3016 3240 3376 3296 fraternitatis
3427 3249 3626 3294 vestra:
3683 3253 3785 3293 con

2222 3353 2385 3393 sensu
2431 3351 2551 3392 esse
2598 3338 2911 3406 episcopum
2962 3334 3295 3389 ordinatura.
3345 3351 3365 3385 ι
3419 3331 3487 3386 Et
3528 3329 3802 3392 Iohanne

2227 3444 2364 3501 papa
2423 3428 2693 3483 universis
2749 3424 2998 3482 ecclesiis
3044 3438 3144 3495 per
3216 3422 3419 3479 Gallias
3468 3421 3809 3481 constitutis.

2226 3543 2245 3575 ι
2282 3521 2629 3582 Praedictum,
2661 3518 2936 3590 inquiens,
2973 3515 3437 3573 Contumeliosum
3466 3515 3787 3585 episcOpum

2221 3623 2282 3670 ut
2326 3614 2524 3671 habeat
2579 3610 2879 3682 paenitendi
2936 3607 3240 3669 licentiam,
3294 3606 3612 3678 petitorium
3660 3603 3802 3659 νοω»

2222 3706 2354 3763 dare
2383 3719 2692 3769 censemus,
2725 3701 2815 3757 ubi
2845 3716 3093 3756 errorem
3147 3714 3302 3755 suum
3353 3697 3644 3753 evidenter
3697 3696 3787 3751 alli

2222 3818 2385 3875 gans,
2415 3802 2517 3858 sub
2546 3800 2635 3855 die
2672 3798 2995 3869 profiteatur
3024 3805 3081 3852 et
3101 3794 3345 3851 consule.
3383 3811 3404 3848 ι
3456 3792 3600 3860 Non,
3637 3793 3806 3864 inquit

2221 3894 2640 3964 caiumpniator,
2696 3888 2878 3960 potuit
2929 3884 3192 3941 Arnulfus
3218 3901 3278 3941 se
3303 3885 3476 3956 ipsum
3509 3885 3807 3955 dampnare

2222 3987 2339 4043 sine
2368 3983 2681 4056 apostolicae
2703 3981 2851 4038 sedis
2873 3980 3073 4049 legato.
3094 3977 3376 4046 Quomodo
3394 3991 3525 4048 ergo
3548 3975 3791 4031 Lazarus

2221 4077 2495 4149 quomodo
2522 4073 2724 4130 Paulus
2743 4081 2800 4129 et
2825 4070 3290 4134 Contumeliosus,
3311 4079 3386 4133 et,
3410 4077 3471 4122 ut
3491 4070 3721 4139 propius
3747 4068 3811 4122 ad

2222 4185 2443 4227 causam
2505 4166 2852 4230 accedamus,
2910 4163 3184 4235 quomodo
3239 4161 3355 4216 Ebo
3397 4159 3699 4217 Remorum
3726 4174 3813 4212 are

2222 4256 2648 4331 cbiepiscopus?
2684 4254 2743 4310 Si
2771 4254 2916 4310 enim
2955 4251 3183 4307 Arnulfo
3209 4266 3318 4305 non
3352 4250 3525 4315 licuit,
3559 4265 3663 4304 nec
3686 4249 3808 4307 illis.

2223 4354 2331 4410 Sed
2363 4351 2711 4408 manifestum
2742 4358 2827 4405 est
2856 4348 2965 4405 illis
3016 4347 3260 4402 licuisse.
3291 4345 3444 4407 Licet
3471 4358 3623 4401 enim
3666 4342 3805 4397 mala

2224 4446 2534 4515 relinquere
2581 4450 2637 4495 et
2688 4439 2830 4495 bona
2881 4438 3064 4496 facere
3128 4440 3247 4493 sine
3301 4434 3613 4508 apostolicae
3670 4433 3811 4489 sedis

533 4518 650 4622 suis
678 4519 886 4577 viribus
930 4529 1220 4598 resumptis
1247 4532 1466 4602 suisque
1497 4536 1587 4591 diu
1627 4540 1854 4596 retentis
1897 4518 2109 4610 amicis,
2145 4562 2192 4622 υ
2220 4546 2399 4609 tegam
2458 4543 2515 4590 θι
2556 4531 2904 4588 θυοίθτίίδίθ·
2957 4531 3031 4585 A"
3085 4528 3443 4585 criminosum
3509 4526 3811 4622 "homine

532 4607 882 4675 adjudicium‘
910 4626 1251 4682 provocetur.
1289 4619 1556 4688 Quidnam
1602 4635 1687 4681 est
1728 4638 1975 4685 armatus
1998 4649 2026 4685 a
2055 4607 2120 4688 ti-

531 4700 765 4753 raunide
790 4705 1093 4760 removeri?
1117 4708 1285 4765 lmmo
1326 4726 1432 4767 non
1464 4714 1625 4771 aliter
1654 4733 1817 4786 quam
1854 4699 2120 4790 spoliatus

528 4787 708 4856 potuit
732 4789 1039 4860 dijudicari.
1073 4795 1178 4851 Sed
1199 4813 1354 4869 aeque
1377 4802 1624 4860 tiranuus
1654 4808 1823 4864 armis
1848 4787 2119 4882 circump-

531 4889 717 4948 septus
755 4898 1030 4954 nunquam
1086 4888 1154 4943 ad
1198 4888 1464 4959 judicium
1508 4898 1686 4967 potuit
1735 4900 1953 4957 adduci.
1978 4902 2121 4971 Quid

532 4984 619 5029 est
673 4989 851 5035 autem
903 4984 1147 5041 ecclesiae
1199 4991 1439 5060 receptio
1471 5032 1486 5058 ,
1535 4993 1733 5050 virium
1787 5000 2118 5068 resumptio,

533 5069 834 5126 amicorum
864 5076 1131 5139 retentio,
1164 5077 1268 5135 nisi
1299 5081 1354 5136 in
1401 5098 1559 5155 reges
1585 5094 1802 5142 nostros
1833 5089 2123 5147 tirannidis

532 5160 787 5216 ειιίιιοιω
834 5168 1197 5216 resuscitatin-
1250 5171 1570 5216 iniuriarum

1639 5178 1773 5216 "hin
1852 5180 2119 5216 mnlnnlm

2221 4625 2522 4702 pontuicali
2568 4632 2717 4680 stare
2777 4622 2981 4677 malum
3009 4629 3115 4686 est,
3146 4629 3202 4675 et
3232 4619 3303 4675 ab
3351 4632 3416 4674 eo
3440 4616 3704 4673 recedere
3726 4616 3809 4671 bo-

2221 4739 2372 4781 num.
2425 4721 2574 4776 Bene
2632 4718 2800 4789 igitur
2848 4714 3112 4773 Arnnlfus
3173 4713 3328 4776 fecit,
3397 4712 3442 4768 si
3503 4711 3574 4766 ab
3620 4711 3809 4766 ordine

2224 4813 2523 4888 pontificali
2562 4809 2811 4874 recessit,
2867 4807 2920 4862 in
2966 4820 3075 4878 quo
3130 4805 3462 4861 criminosus
3524 4811 3675 4858 stare
3706 4817 3805 4863 non

2223 4908 2420 4981 potuit.
2445 4905 2591 4960 Bene
2626 4901 2869 4970 reliquit,
2896 4900 3040 4969 quod
3096 4907 3285 4953 contra
3342 4896 3557 4952 divinas
3604 4903 3663 4950 et
3709 4895 3803 4948 hu.

2224 4998 2573 5068 manasleges
2585 5010 2680 5066 per
2691 4990 2871 5049 dolum
2886 4990 3234 5062 accepit.Cur
3245 4998 3376 5061 ergo
3389 4987 3803 5057 calumpniator,

2228 5092 2426 5164 inquit,
2482 5090 2755 5145 detinetur
2800 5084 2951 5140 omni
3022 5091 3292 5154 potestate
3335 5091 3553 5148 exutus,
3578 5094 3668 5135 .ac
3703 5092 3803 5133 non

2222 5185 2403 5216 ..ηις-ιο
2440 5196 2550 5216 nun
2580 5179 2705 5216 unlil
2738 5176 2891 5216 ιιιιῖιιιι
2934 5175 3308 5216 nol-millium?
3337 5173 3607 5216 Vitiosum!
3681 5171 3799 5216 nnin
