3948 5350
186 314 289 375 διε

191 433 393 488 crebris
424 435 821 508 legationibus
856 450 1065 519 incitat,
1116 465 1171 511 ut
1201 471 1231 511 ιι
1260 472 1343 511 cm

192 527 476 585 desistant.
518 534 775 602 Videtis.
804 548 1236 603 reverendissitni
1268 551 1477 613 Patres.
1528 559 1805 618 nobiscum

190 624 329 671 stare
370 626 704 691 apostolica
732 642 786 687 et
824 636 1189 693 ecclesiastica
1230 643 1375 711 jura.
1427 645 1532 702 Sed
1563 652 1690 719 quid
1732 655 1811 709 fa-

190 716 389 767 ciemus
426 716 726 787 improbis
763 727 1097 796 hominibns,
1129 736 1325 802 quibus
1360 740 1502 796 nulla
1538 716 1673 798 ratio
1699 748 1811 801 suf-

188 802 313 895 ficit,
335 808 441 861 nisi
463 811 653 867 etiam
671 821 953 888 corporeis
975 825 1225 880 sensibus
1242 832 1469 885 satisfiat
1488 834 1510 886 ?
1542 837 1809 895 Cedamus

187 893 366 996 talium
412 899 987 977 importunitatibus,
1026 925 1080 969 et
1124 919 1289 973 nichil
1339 923 1456 977 sine
1518 931 1804 996 prtesenlia

184 982 339 1077 legati
373 996 723 1058 apostolicm
745 1003 890 1056 sedis
918 1004 971 1058 in
1012 1023 1173 1063 causa
1206 1010 1411 1068 Arnnlfi
1453 1014 1658 1073 factmn
1687 1037 1807 1077 esse

184 1075 504 1137 doceamus.
558 1088 740 1147 Certe
790 1095 1078 1165 Seguinus,
1126 1107 1447 1162 venerabilis
1480 1110 1604 1165 vitze
1641 1113 1810 1169 Seno-

180 1170 432 1267 ncnsium
504 1181 1013 1258 archiepisc0pus,
1068 1192 1277 1249 Domini
1336 1214 1483 1267 papae
1548 1200 1810 1263 Johannis

178 1261 324 1361 vices
357 1281 461 1331 per
494 1268 731 1329 Gallias
762 1278 862 1332 sibi
899 1282 1132 1338 creditas
1178 1285 1359 1343 Romae
1395 1291 1701 1361 innovavit,
1754 1311 1809 1355 et

176 1351 247 1451 ita
278 1369 309 1406 a
341 1355 533 1414 latere
570 1366 868 1432 apostolici
897 1385 1018 1425 cum
1048 1375 1264 1429 decreto
1289 1380 1553 1451 privilegii
1588 1387 1808 1443 veniens

175 1442 287 1546 Eius
316 1448 480 1505 vices
526 1469 721 1526 usque
770 1460 822 1514 in
860 1478 1096 1531 przesens
1144 1472 1384 1525 omnium
1431 1476 1807 1546 episcoporum

174 1533 359 1592 Galliae
392 1557 704 1601 consensu
734 1564 1051 1619 prosecutus
1082 1570 1183 1612 est.
1210 1560 1266 1614 In
1296 1562 1455 1633 hujus
1494 1533 1629 1637 ergo
1674 1587 1809 1639 prae-

170 1630 347 1726 sentia
390 1632 690 1695 Arnulfus
742 1657 801 1696 se
843 1645 1014 1715 ipsum
1065 1653 1370 1711 sacerdotio
1422 1660 1589 1725 exuit,
1645 1630 1807 1733 atque

169 1723 316 1784 juxta
346 1723 603 1782 decreta
632 1736 1055 1800 apostolicornm
1071 1742 1330 1809 virorum,
1358 1747 1578 1815 Zosimi,
1606 1723 1803 1810 Leonis

764 332 1233 397 PURCHARDUS
1280 343 1658 408 MONACIIUS
1707 356 2095 419 AUGIENSIS.
2152 397 2206 407 --
2242 363 2521 423 NOTlTlA
2564 368 2954 427 lIlSTORlCA.

3387 368 3494 431 530

1346 469 1437 530 pto
1487 462 1670 520 furore
1703 485 1808 524 non
1841 502 1883 561 Α
1914 475 2145 542 electos;
2167 480 2309 547 quod
2335 480 2446 551 ipse
2469 483 2905 555 subinfert:quiu
2929 496 2979 539 tu
3008 488 3189 541 reddes
3213 490 3495 561 umcuiquc

1903 568 2062 639 juxta
2095 587 2250 640 Opera
2273 590 2368 627 sua
2393 576 2557 645 (Ibid.
2584 579 2689 648 15).
2724 580 2773 632 id
2806 592 2887 633 est
2911 581 3061 649 juxta
3091 584 3191 637 hoc
3222 585 3363 651 quod
3389 593 3498 659 est,

1913 662 2107 731 inquit.
2132 680 2238 718 non
2264 666 2415 737 juxta
2450 669 2499 721 id
2524 671 2663 738 quod
2693 687 2795 723 non
2828 681 2931 735 est,
2954 673 3165 728 dicente
3195 675 3494 743 pr0phcta-:

1923 751 1991 805 Ve
2028 755 2108 809 his
2146 758 2235 825 qui
2277 758 2454 811 dicunt
2506 760 2692 813 bonum
2734 762 2929 816 malum
2953 774 2999 816 et
3037 764 3233 817 malum
3280 767 3493 831 bonum,

1910 856 2155 913 ponentes
2178 847 2343 901 lucent
2366 852 2599 903 :enebra:
2622 864 2666 903 el
2690 855 2926 908 tenebras
2950 855 3115 908 lucem
3133 855 3285 924 (1δηὶ.
3306 873 3357 923 v,
3378 856 3495 927 ‘20).

1911 937 1969 991 Si
2031 954 2162 1010 ergo
2211 942 2493 997 beatorum
2550 945 2901 1013 pontificum,
2943 946 3223 1017 Gregorii,
3275 948 3491 1013 Leonis,

1912 1028 2152 1096 Zosimi,
2205 1032 2423 1087 decreta
2480 1034 2716 1104 itemque
2769 1032 3024 1091 Africana
3076 1038 3305 1092 concilia
3373 1049 3493 1092 rata

1912 1120 2156 1177 habenda
2189 1133 2335 1190 sunt,
2374 1125 2709 1194 vituperandi
2747 1144 2809 1181 ac
2832 1131 3044 1198 penitus
3086 1140 3214 1184 sunt
3251 1140 3497 1185 contem-

1911 1213 2130 1280 pnendi,
2158 1215 2247 1283 qui
2281 1215 2566 1271 Arnulfum
2598 1217 2971 1289 irregulariter
2996 1220 3262 1289 dejectnm
3292 1222 3494 1275 inmur-

1913 1314 2147 1371 murant,
2179 1317 2527 1377 nostramque
2549 1310 2950 1379 simplicitatem
2974 1313 3115 1381 apud
3142 1312 3493 1381 apostolicam

1911 1398 2093 1449 se'em
2133 1397 2486 1462 insimulant,
2526 1401 2679 1470 quasi
2716 1416 2837 1455 eum
2892 1416 2991 1470 pro
3041 1416 3135 1455 sua
3187 1401 3494 1457 innocentia

1910 1487 2090 1541 scdmi
2116 1481 2465 1557 apostolicam
2498 1492 2859 1559 appellantem
2907 1493 3339 1561 deposuerimus,
3370 1506 3495 1546 cum

1911 1575 2024 1646 ipse
2056 1580 2230 1647 potius
2257 1580 2321 1632 ad
2352 1578 2552 1633 electos
2593 1598 2621 1633 a
2674 1597 2731 1635 se
2764 1582 2876 1650 ipse
2915 1581 3127 1649 judices
3170 1579 3493 1650 confugerit,

1909 1679 2072 1737 atque
2122 1670 2189 1725 ab
2230 1671 2308 1722 eis
2344 1681 2465 1740 post
2508 1672 2901 1727 confessionem
2944 1673 3159 1727 modum
3197 1670 3496 1740 ptrmtendi

1909 1760 2284 1825 postulaverit.
2309 1759 2461 1826 Quod
2486 1762 2709 1821 imponit
2730 1762 2890 1817 ﬁnem
2916 1761 3240 1832 litibusjure
3254 1760 3496 1816 Africani

170 1818 337 1923 atque
361 1814 649 1923 Gregorii
679 1865 694 1889 ,
740 1829 994 1895 petitorio
1038 1834 1118 1887 vel
1149 1837 1525 1907 confessionis,
1578 1862 1671 1899 seu
1726 1848 1796 1901 ita
1835 1864 1878 1923 Β
1909 1852 2146 1905 concilii.

166 1900 347 1996 placet
371 1905 525 1996 dici,
556 1913 927 1974 abdicationis
946 1935 1199 1989 porrecto
1225 1927 1423 1996 libello,
1441 1900 1798 1994 sacerdotalia

163 1988 430 2093 deposuit
464 1998 666 2068 signa.
703 2004 807 2060 Pro
846 2024 948 2077 qua
984 2026 1040 2066 re
1064 2014 1127 2066 ad
1153 2016 1415 2085 judicium
1448 2024 1793 2095 devocamur,

168 2086 325 2149 quasi
378 2086 761 2149 innocentem
810 2107 1281 2170 oppresserimus?
1332 2111 1441 2168 Nos
1481 2131 1606 2171 vero
1654 2120 1799 2175 lllllll

167 2188 277 2227 non
310 2177 512 2235 solum
548 2199 665 2240 non
704 2194 1093 2263 oppressimus,
1148 2202 1241 2255 sed
1280 2205 1442 2259 etiam
1476 2224 1572 2277 per
1599 2211 1801 2267 duode-

168 2268 364 2368 viginti
398 2290 649 2333 menses
673 2282 829 2348 bella.
874 2289 1186 2359 seditiones,
1236 2299 1383 2368 regni
1428 2300 1652 2356 discidia
1685 2320 1799 2359 mo.

167 2360 397 2421 lientem
431 2372 827 2443 toleravimus,
856 2397 977 2435 cum
1023 2385 1279 2443 Africana
1303 2393 1532 2447 concilia
1570 2409 1691 2464 post
1714 2415 1803 2453 se-

170 2459 419 2517 cundum
485 2480 745 2523 mensem
800 2476 1100 2531 vocationis
1151 2495 1274 2534 eum
1335 2499 1365 2537 a
1422 2491 1801 2547 communione

171 2554 557 2613 removerint.
598 2566 650 2611 et
682 2563 1056 2621 anniversario
1079 2572 1309 2627 concilio
1339 2592 1446 2631 non
1499 2594 1798 2638 occurren-

172 2647 281 2732 tem
334 2659 475 2700 eum
539 2650 601 2703 in
658 2666 716 2707 se
768 2656 968 2713 dixisse
1017 2662 1417 2732 dampnationis
1476 2675 1798 2729 sententiam

167 2727 351 2797 judiCa
363 2740 598 2804 verint;
624 2759 796 2813 neque
817 2758 939 2817 post
958 2754 1230 2821 expletum
1247 2772 1445 2812 annum
1471 2761 1587 2830 ejus
1610 2779 1798 2819 vacem

178 2826 402 2926 penitus
438 2832 802 2892 audiendam.
834 2840 994 2915 Sedjo
1024 2845 1333 2903 Christiana
1365 2826 1517 2917 fides,
1551 2870 1583 2908 o
1610 2857 1799 2926 religio

179 2914 545 2989 Christiana;
571 2929 693 2996 quis
716 2947 952 3003 unquam
979 2954 1179 2995 norcns
1202 2944 1513 3011 habebitur,
1544 2949 1587 3003 si
1612 2954 1801 3019 patria:

188 3012 443 3076 proditor
504 3018 674 3083 hodie
714 3024 857 3089 velut
904 3028 1165 3087 innocens
1204 3036 1553 3094 absolvitur?
1593 3012 1802 3098 Sileant

185 3106 446 3161 ammodo
477 3110 649 3181 leges,
674 3116 795 3185 jura
827 3135 1012 3189 regum
1042 3126 1428 3191 conticescant,
1451 3132 1494 3185 si
1518 3135 1791 3189 neminem

188 3191 477 3260 injudiciis
494 3206 763 3276 attingere
786 3208 865 3264 fas
882 3222 980 3279 est,
1017 3216 1117 3269 nisi
1147 3233 1307 3285 quem
1331 3219 1683 3279 Crescentius
1708 3236 1792 3296 ty-

193 3294 399 3383 rannus
420 3297 678 3350 mercede
699 3301 996 3360 conductus
1024 3306 1252 3363 voluerit
1275 3311 1553 3367 absolvere
1583 3314 1665 3368 vel
1696 3294 1795 3384 pu—

196 3372 312 3427 nire
324 3377 586 3474 ?-Patri:e
604 3390 843 3455 proditor
857 3393 991 3448 ferat
1006 3401 1310 3467 praemium,
1328 3413 1381 3459 et
1404 3407 1494 3474 qui
1514 3422 1631 3461 eam
1662 3372 1796 3464 libe—

200 3468 417 3563 raverit,
435 3477 1086 3548 propellaturinexilium.
1105 3489 1211 3545 Sed
1225 3510 1327 3548 non
1343 3468 1656 3553 sic-sanctus
1678 3499 1799 3569 Spi-

198 3564 330 3610 ritus
347 3576 532 3656 peros
547 3567 710 3625 David
727 3576 951 3633 cecinit:
971 3580 1163 3648 Semel,
1184 3586 1375 3656 inquit.
1411 3590 1465 3643 id
1486 3602 1567 3645 est
1586 3564 1794 3647 incom-

202 3651 566 3747 mutabiliter,
605 3660 804 3720 locutus
821 3681 893 3723 est
911 3651 1362 3745 Deus(Paa!.i.xr,
1397 3682 1486 3747 1'2)
1513 3700 1526 3747 ;
1554 3684 1661 3737 duo
1682 3684 1795 3739 halc

200 3744 308 3843 qua:
323 3752 382 3792 se
404 3745 644 3804 audisse
659 3768 1058 3829 commemorat,
1072 3767 1281 3823 scilicet
1295 3772 1419 3838 quia
1444 3771 1537 3827 Dei
1556 3784 1797 3843 potestas

200 3824 249 3873 in
275 3824 441 3898 damp
451 3839 642 3893 nando
655 3849 965 3916 reproboset
980 3824 1348 3913 misericordia
1366 3861 1415 3914 in
1439 3824 1794 3933 glorificando

251 4019 317 4055 m
339 4036 657 4097 Quanlam
693 4063 735 4100 ε,

1976 1939 2252 2011 Epilogus.
2278 1971 2349 1982 —
2376 1941 2528 1997 Nunc
2549 1943 2615 1998 ad
2657 1953 2707 1997 te
2741 1945 2831 2014 qui
2857 1944 3002 1999 vices
3023 1944 3203 2000 domui
3235 1943 3496 1999 Johannis

1904 2048 2056 2104 papa}
2099 2033 2151 2085 in
2184 2033 2285 2087 hac
2312 2034 2518 2103 synodo
2542 2035 2775 2101 retines,
2804 2037 2940 2090 abba
2966 2036 3092 2100 Leo,
3137 2035 3492 2101 recurrimus,

1904 2134 1958 2177 et
1989 2124 2031 2178 si
2058 2140 2163 2193 qua
2189 2134 2240 2178 te
2270 2125 2491 2192 pietatis
2519 2125 2727 2180 viscera
2759 2136 2999 2191 movent,
3031 2126 3405 2188 admonemus,
3436 2133 3499 2178 ut

1904 2213 2052 2282 pacis
2066 2214 2441 2269 exturbatores
2456 2216 2779 2269 auctoritate
2792 2216 3085 2285 apostolica
3100 2215 3496 2283 conquiescere

1906 2305 2093 2361 facias.
2136 2306 2320 2377 Neque
2353 2309 2495 2363 enim
2542 2308 2657 2363 zelo
2700 2308 2792 2363 Dei
2841 2320 2933 2362 aut
2977 2309 3217 2364 fraterna
3266 2308 3497 2362 caritate

1904 2398 2217 2451 conunoniti
2242 2414 2340 2466 pro
2374 2398 2581 2452 Arnulfi
2610 2400 3006 2453 restauratione
3032 2408 3306 2469 satagunt,
3330 2411 3494 2466 quem

1905 2486 1996 2540 Dei
2054 2496 2105 2542 et
2158 2489 2481 2544 universalis
2532 2490 2776 2544 ecclesiae
2819 2489 3016 2558 juditio
3062 2491 3115 2545 in
3174 2499 3493 2561 perpetuum

1903 2581 2227 2635 sacerdotali
2269 2580 2443 2636 otlicio
2464 2592 2687 2637 exutum
2713 2598 2834 2637 esse
2872 2584 3090 2650 sciunt;
3121 2582 3213 2637 sed
3255 2582 3495 2636 novitate

1904 2690 2195 2743 rerumque
2267 2674 2669 2743 permutatione
2746 2673 3045 2739 delectati,
3122 2682 3364 2727 sanctam
3438 2678 3495 2724 ct

1903 2764 2255 2834 apostolicam
2290 2763 2577 2818 ecclesiam
2609 2772 2797 2817 contra
2836 2778 2933 2817 nos
2976 2761 3223 2823 incitant,
3255 2769 3311 2814 ut
3362 2759 3492 2813 dum

1903 2872 2007 2910 non
2032 2856 2138 2910 crit
2164 2854 2254 2923 qui
2299 2854 2494 2907 audeat
2524 2854 2916 2916 contradicere,
2960 2852 3180 2920 impune
3232 2849 3391 2903 liceat
3414 2849 3497 2905 eis

1900 2964 2150 3018 peccare.
2188 2947 2341 3013 Quod
2369 2955 2629 3016 quantam
2662 2946 2730 2977 ³⁰⁹
2754 2944 3008 2998 Romamn
3030 2940 3277 2997 ecclesia:
3317 2938 3496 3011 pariat

1901 3042 2203 3105 invidiam,
2254 3050 2343 3093 tua
2398 3039 2659 3094 sanctitas
2700 3036 3059 3107 recognoscit.
3109 3036 3294 3103 Deque
3344 3032 3491 3087 enim

1894 3135 2087 3205 juditia
2118 3133 2301 3207 populi
2334 3134 2406 3187 ita
2452 3141 2635 3186 retusa
2685 3140 2831 3196 sunt,
2866 3140 2925 3184 ut
2957 3128 3229 3184 interdum
3266 3126 3393 3197 quid
3421 3126 3494 3180 sit

1822 3259 1866 3318 (ν
1899 3228 2093 3297 equitis
2142 3235 2196 3281 et
2227 3224 2428 3293 justius
2470 3242 2576 3279 non
2626 3224 2960 3295 intellegant.
3013 3222 3111 3277 Cui
3159 3221 3238 3275 rei
3288 3220 3415 3273 dum
3460 3233 3491 3272 a

1846 3298 1866 3319 Δ

1902 3317 2229 3389 quibuslibet
2255 3317 2523 3387 episcopis
2554 3316 2859 3371 inconsulte
2886 3314 3170 3374 resistitur,
3203 3308 3492 3365 sacerdotii

1900 3411 2140 3481 gravitas
2172 3417 2226 3465 et
2254 3410 2489 3479 dignitas
2510 3416 2698 3462 nostro
2738 3406 2868 3460 vitio
2893 3405 3196 3474 dispicitur.
3226 3401 3493 3469 Jungatur

1900 3502 2058 3556 nobis
2086 3517 2183 3570 per
2214 3511 2267 3555 te
2314 3500 2458 3555 beati
2502 3499 2646 3553 Petri
2688 3498 3043 3568 apostolatus,
3090 3494 3493 3561 rcdintegretur

1898 3610 1993 3667 per
2020 3604 2072 3650 te
2101 3595 2209 3663 jam
2236 3596 2465 3649 scissum
2511 3600 2623 3648 rete
2666 3591 2906 3646 ecclesia:
2934 3630 2948 3653 ,
2981 3597 3038 3641 ut
3077 3586 3206 3640 dum
3248 3599 3310 3637 re
3351 3583 3491 3636 bene

1898 3697 2051 3759 gesta
2100 3688 2326 3743 Romam
2372 3688 2632 3749 redieris,
2675 3700 2804 3753 spe,
2861 3692 2986 3736 volo
3027 3695 3091 3734 ac
3143 3674 3417 3732 desiderio
3455 3687 3491 3728 a

1899 3780 2194 3835 Galliarum
2226 3775 2494 3847 episcopis
2522 3779 2713 3831 iterum
2745 3774 3034 3829 revoceris.

2228 3866 2463 3936 Explicil
2498 3866 2778 3921 concilium
2819 3863 3122 3918 Causeium.

1484 3996 1720 4052 VARUE
1762 3999 2168 4057 LECTIONES.

1326 4297 1406 4340 ΛΝ
1417 4297 1500 4339 N0
1539 4297 1774 4341 DOMINI
1806 4298 2084 4342 DCCCCXC
2095 4300 2295 4344 ν-Μιιι
2306 4327 2321 4343 .

1194 4429 2463 4590 PURCHARDUS

841 4694 1618 4819 MONACHUS
1719 4704 2203 4821 AUGUE
2285 4705 2841 4824 DIVITIS

1188 5007 1699 5101 NOTITIA
1781 5011 2494 5103 HISTORICA.

300 5156 700 5230 (EXLJO-‘Inne
725 5164 916 5237 Egone,
961 5173 1055 5232 lib.
1086 5175 1165 5233 De
1193 5178 1318 5234 viris
1356 5178 1653 5306 illustrillius
1690 5182 1878 5304 suique
1926 5179 2145 5323 Déiggs),
2201 5181 2344 5252 apud
2384 5182 2723 5239 Bernardum
2756 5179 3002 5244 Pezium,
3038 5179 3340 5234 Tltesaurus

1596 5270 1688 5306 nec
1732 5292 1744 5305 .
1803 5293 1817 5316 ,
1849 5267 1934 5311 ιιι,
2077 5293 2088 5305 .

1596 5267 1744 5306 neca.
1774 5267 1817 5316 ι,
1849 5267 1934 5311 ιιι,
1966 5267 2088 5306 orso.
