3948 5350
533 325 635 385 551

1567 327 1968 387 PURCIIARD!
2026 326 2334 385 MONACIII
2371 324 2738 384 AUGIENSIS
3696 318 3805 380 3'}!

1556 588 2106 744 guno

2213 574 2985 705 bllilﬂblmé
3480 690 3505 699 ρ

1629 770 1745 857 ’τ
1897 748 2378 913 CARMEN

1252 1033 1382 1129 DE
1498 1030 1820 1132 GESTIS
1912 1018 2662 1131 WITIGOWONIS‘
2690 1031 3130 1164 ABBATIS,

1052 1237 1229 1310 (Apud
1251 1236 1436 1305 Pertz,
1470 1237 1815 1293 Monumenta
1842 1234 2140 1293 Germania:
2161 1235 2431 1323 historica,
2463 1235 2666 1309 Seript.
2700 1245 2832 1295 tom.
2860 1239 2951 1305 iV,
2978 1253 3103 1311 pag.
3141 1237 3293 1309 621.)

1499 1524 2203 1619 ΑΒΜΟΝΙΤΙΟ
2275 1526 2795 1621 ΡΒίΕνΙΑ.

601 1820 998 1897 Ἣίιῖᾳοςνοᾴζι)
1028 1822 1197 1897 abbas
1213 1820 1407 1897 ΔΛῃείτιξ
1429 1820 1614 1877 divitis
1632 1820 2107 1897 ‘postuituogman.
2138 1826 2189 1886 Α
2218 1822 2393 1897 notuit
2411 1820 2520 1897 fl),
2551 1828 2606 1875 et
2624 1821 2968 1897 serenissimj
2994 1820 3598 1897 'p_rincipis,g_Leopoldi
3627 1820 3801 1897 Magni

531 1910 685 1959 num,
717 1891 1159 1963 Sangalleusibus
1212 1891 1486 1955 infestum,
1519 1892 1675 1963 annis
1702 1891 1945 1948 985-997
1977 1906 2116 1961 prae-

532 1965 633 2039 fuit
665 1963 763 2035 (Ξ).
793 1962 961 2039 Cujus
987 1963 1413 2039 domi_forisqne
1435 1973 1590 2039 gesta
1639 1962 2114 2039 Purcbarttnona-

529 2032 682 2090 cbus'
716 2032 784 2089 ex
852 2032 1071 2089 decreto
1145 2032 1363 2088 Patrum
1421 2032 1772 2104 Augiensinm
1827 2032 2115 2104 scribenda

531 2107 791 2175 suscepit,
832 2115 887 2160 et
917 2120 1060 2159 anno
1096 2105 1201 2160 995
1274 2114 1368 2159 aut
1413 2101 1541 2166 994',
1587 2104 1799 2172 incepta
1851 2101 2113 2175 atquead

531 2175 637 2231 boc
691 2172 904 2245 tempus
948 2190 1120 2242 usque
1175 2175 1431 2245 perducta
1480 2189 1647 2245 anno.
1702 2176 1918 2245 denum
1981 2172 2111 2235 996,

531 2242 938 2300 continuatione
969 2246 1141 2306 auxit.
1177 2242 1282 2314 qua
1334 2245 1438 2300 iter
1464 2244 1680 2300 Oltonis
1713 2243 1778 2298 Ill
1809 2242 2111 2314 Romanum

530 2317 701 2370 verbo
723 2315 922 2386 attigit.
947 2315 1129 2378 Liber,
1154 2312 1253 2369 sub
1277 2314 1457 2386 forma
1484 2314 1679 2385 dialogi
1721 2315 1865 2368 inter
1890 2312 2113 2386 Poetatn

527 2395 582 2441 et
616 2382 850 2455 Augiaui
868 2386 1114 2439 versibus
1163 2385 1494 2440 hexametris
1533 2382 1797 2455 scriptus,
1818 2399 1979 2455 curas
2015 2382 2114 2455 ab-

528 2456 675 2510 batis
706 2453 774 2510 in
815 2456 1132 2526 colligendis
1180 2456 1336 2510 bouis
1384 2453 1701 2511 monasterii
1752 2454 2032 2523 dispersis,
2061 2453 2116 2508 in

528 2526 921 2595 construendis
978 2527 1416 2595 adornandisque
1475 2526 1761 2590 ecclesiis,
1812 2531 2115 2595 recenset,

528 2592 727 2666 itinera
751 2597 867 2662 ejus
895 2598 946 2650 in
972 2597 1234 2666 obsequio
1266 2592 1409 2666 regis
1434 2595 1574 2651 facta
1598 2604 1654 2649 et
1681 2597 1784 2650 iter
1811 2593 2115 2649 Romanum

529 2663 725 2721 leviter
743 2663 1162 2741 perstringitaet
1204 2663 1487 2738 privilegia
1534 2667 1659 2741 inde
1688 2675 1965 2741 reportata
2007 2678 2117 2741 me-

528 2734 1291 2808 morat;Versus'quisqtie,
1347 2734 1803 2808 quemadmodum
1852 2750 2023 2808 supra
2058 2734 2110 2787 in

527 2803 864 2879 Hrotsuitbm
927 2803 1185 2879 Oper-ibus
1247 2808 1527 2879 vidimus,
1596 2803 2112 2879 duabushpartibus

526 2886 760 2940 constat,
792 2878 842 2931 itt
874 2877 1121 2933 entitdem
1155 2877 1267 2933 fere
1297 2878 1374 2945 (5)
1403 2893 1595 2934 sonum
1622 2877 1965 2932 exeuntibus.

599 2947 780 3001 Codex
831 2951 1023 3003 unicus
1069 2964 1134 3002 ex
1187 2949 1519 3003 monasterio
1560 2948 1747 3017 Augiu:
1794 2948 1978 3002 divitis
2027 2945 2110 3017 bi—

526 3014 811 3072 bliotheca:
836 3018 1217 3074 Cat'lsruhante
1261 3019 1439 3075 ilhtns
1464 3061 1479 3086 ,
1533 3014 1805 3073 referente
1832 3018 1981 3073 socio
2010 3016 2108 3070 do-

527 3086 771 3140 ctissimo
793 3098 850 3143 et
879 3090 945 3144 de
970 3105 1028 3144 re
1054 3099 1236 3145 nostra
1266 3089 1469 3158 optime
1495 3089 1687 3143 merito
1713 3103 1764 3142 v.
1791 3088 1860 3143 cl.
1887 3086 2101 3158 Molter,

525 3157 837 3214 consiliario
864 3160 1052 3215 intimo
1077 3170 1128 3215 et
1158 3159 1500 3215 bibliotheca:
1526 3158 1807 3229 praefecto,
1834 3158 1993 3213 nobis
2021 3157 2102 3211 in-

2223 1892 2385 1947 Ducis
2411 1891 2689 1955 Itadensis,
2731 1891 2884 1959 jussu
2931 1891 3201 1960 ﬂagitanti
3250 1895 3382 1948 mibi
3432 1891 3803 1961 transmissus,

2214 1962 2330 2033 jam
2359 1962 2598 2016 editione
2629 1974 2815 2018 nostra
2844 1963 3327 2033 exprimetttr.’Est
3363 1964 3804 2021 membranaoeus

2222 2031 2402 2087 in-Uo
2430 2033 2821 2103 autograpbtts,
2851 2031 3014 2087 manu
3044 2032 3226 2086 saeculi
3256 2051 3289 2089 x
3337 2034 3591 2091 exeuntis
3614 2051 3803 2090 exara-

2221 2103 2424 2174 tus.‘ab
2452 2114 2675 2174 auctore
2725 2103 2840 2174 ipso
2866 2103 3011 2174 _binc
3038 2103 3164 2158 inde
3189 2112 3488 2166 correctus.
3518 2114 3574 2159 et
3598 2104 3802 2160 calamo

2221 2172 2389 2254 paulo
2412 2173 2689 2256 graciliori
2736 2172 3012 2256 adnlfiuetti
3040 2243 3054 2256 ‘
3062 2173 3377 2256 perductus.
3412 2174 3800 2256 [labeturcar-

2225 2243 2347 2314 men
2378 2244 2429 2314 in
2459 2243 2647 2300 codice
2693 2260 2750 2300 η.
2799 2243 2953 2309 CCV,
3005 2243 3134 2299 olim
3162 2244 3419 2314 isiguato,
3463 2245 3578 2300 folt.
3614 2245 3797 2301 71-84.

2218 2311 2349 2368 Post
2396 2313 2610 2369 Alcuini
2668 2314 2997 2383 qumstiones
3052 2314 3105 2368 in
3144 2311 3397 2369 Getiesim
3449 2324 3507 2371 et
3558 2316 3798 2379 Capitula

2218 2385 2654 2454 propositionum
2691 2385 2758 2439 ad
2808 2386 3081 2439 acuendos
3124 2384 3371 2453 juvenes,
3419 2394 3586 2454 atque
3632 2386 3797 2440 inter-

2220 2455 2581 2527 pretationem
2606 2455 2987 2524 parabolarum
3015 2454 3320 2509 Salomonis
3347 2456 3620 2527 praecedit,
3650 2456 3798 2527 ettjus

2219 2525 2410 2594 primm
2436 2525 2646 2595 pagina:
2688 2537 2896 2595 partem
2948 2527 3227 2581 adversam
3266 2526 3480 2596 explet;
3527 2528 3621 2580 sed
3666 2526 3797 2581 libro

2223 2610 2392 2668 pauca
2417 2604 2543 2650 ante
2574 2596 2769 2668 sarcula
2797 2596 2973 2668 denuo
3000 2603 3302 2668 compacto,
3325 2597 3461 2668 ordo
3480 2597 3796 2668 paginarum

2225 2667 2471 2721 turbatus
2494 2674 2596 2730 est,
2624 2667 2695 2720 ita
2722 2676 2780 2720 ttt
2810 2682 2931 2736 quae
2960 2666 3122 2721 bodie
3166 2667 3412 2721 numeris
3452 2666 3542 2732 7t,
3564 2666 3677 2733 '72,
3718 2666 3780 2719 73

2221 2735 2311 2807 84,
2341 2738 2613 2791 continuis
2637 2736 2776 2791 male
2802 2735 3105 2807 signantur.
3149 2743 3207 2807 ut
3224 2806 3231 2807 ί
3248 2736 3640 2807 sententiarum
3665 2738 3796 2807 ratio

2218 2805 2447 2871 indicat,
2482 2808 2722 2862 numeris
2760 2804 2875 2870 7l,'
2903 2808 2994 2869 72,
3041 2806 3132 2868 79.
3174 2806 3264 2867 80,
3314 2807 3405 2872 8i,
3443 2806 3534 2873 82,
3571 2806 3664 2871 77,
3715 2804 3794 2870 78,

2220 2875 2308 2948 73,
2338 2877 2425 2937 7-5,
2451 2877 2542 2939 75,
2576 2878 2667 2941 76,
2691 2877 2785 2941 85,
2815 2877 2905 2948 874,
2932 2876 3208 2948 signanda:
3222 2877 3337 2948 sint
3364 2892 3381 2941 ;
3424 2892 3659 2948 quarum
3693 2880 3779 2948 qui

2218 2947 2339 3003 dem
2389 2948 2555 3018 7lA-78
2609 2945 3043 3018 quaternionetit,
3088 2946 3246 3009 79-82
3290 2946 3665 3018 duerniopem
3695 2945 3794 3018 etil-

2215 3018 2397 3097 ciunt,
2551 3014 2830 3097 dimidiata
2855 3026 2958 3097 est,
2992 3017 3062 3071 84
3093 3026 3253 3097 parte
3292 3032 3483 3097 aversa
3510 3014 3793 3097 Parabola-

2214 3103 2335 3143 rum
2384 3088 2595 3153 initium
2637 3088 2879 3143 exhibet.
2907 3087 3047 3153 Jam,
3086 3087 3234 3157 justo
3273 3088 3468 3144 ordine
3524 3087 3791 3151 restituto,

2211 3168 2427 3229 poetam
2452 3168 2694 3215 nostrtun
2722 3159 3045 3233 audiamus”

1057 3309 1207 3397 DE
1283 3310 1689 3400 GESTIS
1769 3305 2662 3404 WITIGOWONIS
2728 3307 3264 3400 ABBATIS.

596 3455 1062 3512 Reverentissimo
1082 3456 1433 3527 Augiensium
1456 3456 1680 3512 Patrum
1703 3456 1934 3523 senatui,
1958 3457 2114 3527 spiri-
2144 3464 2185 3523 Β
2214 3456 2487 3527 possibilis
2517 3456 2865 3513 oboedientia.
2899 3455 3105 3526 Scripsi
3150 3456 3319 3522 enim,
3374 3448 3554 3513 vestra
3577 3464 3794 3513 coactus

527 3547 694 3603 talem
742 3549 910 3603 vitam
951 3548 1005 3602 in
1051 3547 1251 3605 Christi
1288 3549 1577 3605 dilectione
1621 3550 1939 3619 possidenti.
1980 3549 2114 3604 Pur-

527 3639 710 3704 cbart,
731 3639 887 3708 juxta
917 3648 1081 3695 tantae
1112 3642 1461 3698 sublimitatis
1488 3641 1624 3697 velle
1667 3656 1728 3697 se
1777 3651 1837 3697 ut
1887 3639 2110 3697 inferio-

530 3743 646 3785 rem
670 3729 723 3784 in
753 3731 1006 3787 omnibus
1029 3730 1274 3790 obedire.

607 3840 627 3873 ι
656 3821 787 3877 Cum
817 3823 982 3878 totius
1006 3822 1128 3879 fons
1166 3824 1446 3894 sapientize
1490 3822 1737 3879 videatur
1767 3822 2054 3879 derivatim
2080 3837 2113 3878 e

527 3912 695 3967 vestri
750 3914 996 3969 cordium
1043 3914 1260 3970 ﬂuentis
1307 3929 1608 3980 emanare,
1674 3925 1837 3984 atque
1882 3915 2111 3970 virentia

524 4014 683 4075 prata
727 4016 1035 4062 vestrorum
1086 4008 1383 4063 secundum
1432 4006 1787 4077 apostolicam
1821 4020 2112 4075 regenera-

526 4096 733 4154 tionem
765 4100 998 4157 filiorum
1027 4102 1345 4173 indaganter
1375 4101 1624 4174 irrigare,
1673 4102 1859 4165 miror,
1901 4118 1997 4155 cur
2023 4115 2111 4156 me

525 4185 719 4242 borum
749 4191 991 4246 omnium
1018 4193 1449 4257 stolidissimum,
1480 4193 1571 4261 qui
1603 4207 1703 4247 nec
1754 4192 1975 4246 ﬂuscnlo
2014 4207 2109 4246 cx~

530 4279 834 4335 arescentis
864 4280 971 4336 feni
1014 4281 1119 4335 ulla
1159 4282 1371 4337 ratione
1418 4297 1638 4352 possum
1665 4282 2008 4352 comparari,
2040 4280 2108 4335 ad

525 4377 637 4424 tam
665 4371 893 4427 sublime
919 4388 1054 4443 opus
1080 4374 1427 4430 scribendum
1466 4374 1608 4431 sicut
1661 4374 1715 4429 in
1759 4374 2109 4445 sequentibus

524 4470 750 4532 apparet
777 4461 977 4533 eligere
1027 4464 1407 4534 dignaremini.
1461 4464 1566 4521 Sed
1617 4479 1703 4520 me
1747 4474 1809 4520 ut
1855 4464 2107 4520 existimo

525 4550 689 4614 scire,
718 4562 897 4606 vestra
926 4554 1257 4623 pateruitas,
1300 4568 1519 4624 semper
1560 4555 1781 4624 pietatis
1806 4552 2107 4608 visceribus

521 4641 851 4707 redundans,
883 4642 1055 4699 doluit
1078 4660 1164 4700 me
1214 4660 1405 4700 somno
1433 4646 1666 4717 pigritiae
1693 4645 1934 4701 deditum
1982 4642 2107 4697 imis

521 4729 857 4802 incumbere,
878 4750 943 4791 ac
965 4752 1261 4807 numquam
1297 4738 1366 4793 ad
1408 4737 1639 4793 aliorum
1681 4748 1893 4793 matura
1925 4736 2103 4791 studia

2210 3547 2476 3618 jussione,
2504 3550 2721 3618 quando
2745 3548 2911 3617 cepit,
2941 3548 3025 3604 vel
3050 3548 3320 3619 quomodo
3341 3548 3595 3603 dominus
3615 3558 3793 3605 noster

2213 3642 2541 3698 venerabilis
2569 3644 2738 3698 abbas
2761 3641 3053 3712 Witigowo
3078 3641 3340 3696 virtutum
3372 3641 3569 3696 studiis
3600 3641 3655 3696 in
3700 3643 3791 3697 hac

2212 3732 2396 3790 ﬂoruit
2416 3743 2704 3805 potesmte,
2738 3734 3009 3804 quomodo
3035 3733 3199 3788 etiam
3238 3733 3292 3787 in
3340 3748 3453 3787 sua:
3478 3731 3791 3803 prelationis

2213 3825 2369 3882 initio
2398 3826 2599 3898 praedia
2647 3836 2856 3885 nostra,
2910 3834 3153 3893 tempore
3200 3823 3543 3883 Ruodmannl
3587 3822 3791 3879 abbatis

2212 3918 2484 3987 captivata
2514 3931 2671 3987 pace,
2719 3918 2786 3971 ab
2824 3914 3167 3970 invasoribus
3215 3915 3427 3986 direpta
3466 3914 3789 3985 penitusque

2212 4016 2449 4072 vastata,
2482 4006 2535 4060 in
2569 4006 2838 4074 integrum
2870 4004 3205 4075 adquirenda
3231 4004 3490 4069 restituit,
3512 4012 3571 4059 et
3593 4011 3789 4075 quanto

2212 4100 2409 4156 ardore
2441 4101 2494 4155 in
2525 4099 2747 4155 servitio
2778 4098 2871 4153 Dei
2906 4097 3160 4172 ﬂagrans,
3205 4098 3271 4154 ad
3318 4099 3432 4169 ipsa
3464 4097 3647 4153 divina
3674 4095 3787 4157 ofﬁ-

2209 4194 2293 4249 cla
2325 4191 2648 4248 celebranda
2680 4189 2857 4261 qualia
2896 4190 2978 4244 vel
3014 4199 3216 4261 quanta
3254 4189 3626 4246 mcclesiarum
3658 4199 3790 4244 tem-

2207 4285 2295 4355 pla
2338 4285 2390 4339 in
2427 4282 2750 4353 quibusdam
2786 4280 2851 4334 ad
2885 4295 2984 4335 nos
3010 4280 3406 4352 pertinentibus
3432 4279 3568 4334 locis
3595 4279 3789 4335 consti-

2210 4377 2330 4440 tttit,
2362 4376 2581 4443 suisque
2627 4373 2693 4427 de
2730 4374 2891 4429 rebus
2935 4370 3343 4443 opulentissime
3392 4370 3617 4424 dolavit.
3656 4368 3788 4437 Quid

2205 4467 2350 4523 enim
2380 4481 2476 4536 per
2503 4465 2690 4519 decem
2720 4477 2892 4518 annos
2952 4461 3109 4530 bnjus
3153 4460 3267 4530 jam
3297 4460 3617 4531 prelationis
3647 4461 3782 4532 regi-

2206 4573 2330 4615 men
2363 4555 2642 4611 subeundo
2669 4554 2723 4609 in
2755 4555 2860 4609 boc
2893 4554 3011 4609 loco
3048 4551 3241 4607 fecerit
3289 4551 3391 4605 sub
3421 4550 3783 4606 azcclesiarnm

2206 4646 2513 4710 structuris,
2540 4654 2596 4700 et
2625 4645 2677 4699 in
2708 4643 2874 4698 variis
2894 4642 3095 4697 diversi
3121 4641 3301 4713 operis
3327 4656 3554 4697 arcuum
3579 4640 3781 4697 colum-

2206 4752 2508 4808 uarumque
2537 4734 2814 4799 celaturis,
2863 4734 2915 4788 in
2967 4733 3228 4788 altaribus
3249 4747 3468 4802 quoque
3502 4734 3636 4788 etin
3666 4746 3781 4787 cru-

520 4840 609 4879 me
639 4825 809 4897 ipsum
838 4831 1181 4898 provocando
1207 4831 1458 4903 erigere;
1500 4848 1564 4886 ac
1596 4829 1667 4884 ob
1710 4830 1785 4895 id,
1822 4837 1882 4883 ut
1917 4828 2102 4895 credo,
2134 4843 2179 4906 ο
2209 4833 2363 4893 cibus
2396 4844 2530 4885 auro
2572 4836 2734 4897 atque
2779 4835 3005 4897 argento
3049 4824 3385 4889 fabrefactis,
3445 4823 3551 4879 illis
3594 4824 3780 4893 quippe

518 4931 625 4969 non
661 4932 762 4987 pro
801 4920 1008 4976 idoneae
1061 4922 1197 4978 artis
1245 4922 1473 4993 peritia,
1516 4921 1610 4977 sed
1635 4929 1691 4974 ut
1715 4920 1828 4976 otio
1867 4919 2085 4973 vacanti

517 5006 744 5078 alicujus
775 5011 959 5081 operis
996 5014 1359 5084 preberentur
1408 5012 1805 5076 medicamina,
1855 5010 2097 5079 injuncta

511 5104 595 5151 est
624 5100 752 5154 mibi
781 5117 809 5155 a
831 5103 984 5160 vobis
1015 5103 1355 5173 sequentium
1403 5119 1584 5159 rerum
1624 5103 1691 5158 ad
1721 5098 2095 5172 explicandam

512 5189 732 5261 seriem,
758 5192 886 5250 licet
910 5195 1120 5264 herilis,
1155 5196 1288 5250 mibi
1339 5204 1519 5251 tamen
1548 5195 1727 5250 minus
1757 5195 1961 5251 diserto
1996 5195 2096 5251 im-

2200 4920 2463 4995 preciosis
2512 4916 2803 4973 monilibus
2851 4914 2988 4969 mira
3045 4928 3382 4985 gemmarum
3436 4922 3653 4969 textura
3706 4914 3780 4967 in-

2202 5012 2385 5076 sertis,
2414 5025 2520 5066 non
2564 5005 2917 5078 pretermittit
2960 5006 3223 5060 intactum
3259 5004 3418 5060 stilus
3463 5004 3580 5059 bzec
3606 5004 3777 5059 omnia

2202 5102 2510 5158 scribentis.
2544 5099 2611 5154 Et
2635 5098 2778 5170 quod
2807 5112 2904 5167 per
2929 5096 3173 5170 singulos
3214 5111 3395 5155 annos
3442 5094 3639 5153 fecisse
3662 5110 3777 5176 pro—

2199 5196 2362 5252 batur
2390 5235 2406 5263 ,
2457 5192 2514 5250 in
2582 5188 3005 5261 uniuscujusque
3079 5189 3258 5262 operis
3318 5190 3777 5246 consummatione

2056 5332 2193 5350 nunc“
2220 5334 2262 5350 η
