3948 5350
154 314 239 371 533
963 303 1249 362 CARMEN
1290 303 1375 358 DE
1415 299 1658 358 GESTIS
1697 300 2183 358 Wl'l'lGOWONlS
2220 300 2528 357 ABBATIS.
3265 302 3372 358 δδι

156 421 467 495 singulariter
491 418 819 475 declaratur.
870 414 1037 485 Igitur
1077 418 1178 470 sub
1224 416 1453 485 quadam
1503 412 1702 484 apella-
1729 420 1778 475 Α
1809 412 2008 481 ingenii
2042 412 2448 481 expavescendo
2497 409 2805 479 neglexerc,
2865 424 3019 479 rogo,
3069 417 3127 464 ut
3175 410 3226 464 in
3276 420 3385 467 tam

158 522 278 574 tione
303 514 397 568 loci
425 525 711 581 personam
752 506 852 562 feci
901 508 1034 561 meis
1079 505 1471 559 assertionibus
1511 517 1702 557 occur-
1807 503 2103 557 audacibus
2130 503 2299 570 ceptis
2337 518 2442 555 non
2493 499 2779 570 superbam
2812 501 3225 555 aestimationem
3250 517 3385 557 mete

156 624 285 671 rere;
332 606 681 671 scribensque
736 601 835 654 sub
880 598 1173 653 exametris
1203 596 1447 649 versibus
1484 594 1534 647 in
1574 608 1702 662 pro-
1806 593 2193 663 protervitatis,
2232 593 2324 644 sed
2359 593 2546 660 pocius
2598 592 2796 644 intueri
2831 592 3007 646 velitis
3041 593 3143 646 mei
3190 591 3387 647 luunilc

157 717 260 760 num
301 696 662 753 currentibus,
725 691 907 745 omnia
951 688 1169 751 studui,
1226 688 1335 740 Deo
1394 685 1700 753 adjuvante,
1806 681 1993 734 limam
2046 682 2060 710 ¹
2122 682 2474 735 intentionem
2534 681 2875 735 oboedientis.
2940 680 2995 735 Si
3057 697 3162 750 qua
3220 682 3385 736 etiam

154 789 419 853 vestrisque
447 784 789 838 orationibus
812 822 825 844 ,
854 782 956 833 line
991 790 1144 833 tenus
1192 778 1472 847 perlicere.
1496 806 1565 815 —
1596 773 1703 828 Sed
1808 774 2177 841 reprehensio,
2207 790 2367 843 quam
2401 773 2621 826 multam
2651 788 2768 825 csse
2791 788 2894 826 non
2928 787 3081 841 nego,
3121 772 3385 827 latitantis

155 882 258 949 Quia
280 888 474 941 vestro,
510 875 702 929 Patres
740 870 1163 926 reverentissimi
1186 910 1201 935 ,
1254 868 1504 938 alligatus
1535 865 1702 933 impe-
1808 864 1923 917 vitii
1954 864 2005 917 in
2039 865 2141 918 huc
2165 864 2423 933 opusculo
2455 880 2484 917 a
2511 864 2661 919 vobis
2702 865 2868 933 possit
2901 864 3088 928 videri,
3128 864 3289 931 hanc,
3317 879 3385 919 ue

155 974 247 1035 rio,
285 969 404 1022 licet
452 982 539 1021 me
594 981 692 1035 per
746 964 950 1018 nullum
1005 960 1258 1015 utilitatis
1307 961 1700 1013 incrementum
1809 954 2135 1009 ollendiculo
2166 956 2257 1008 liat
2286 971 2409 1008 vera
2447 971 2773 1025 cognoscere
2796 954 3118 1021 volentibus,
3153 954 3383 1010 latenter

156 1062 295 1115 sciam
335 1058 654 1119 subsistere,
702 1064 757 1108 et
806 1064 981 1107 tamen
1035 1059 1260 1105 conatus
1307 1049 1408 1103 sim
1437 1063 1521 1102 me
1547 1046 1610 1099 ad
1638 1061 1701 1106 ea
1811 1046 2102 1100 emendare
2134 1044 2426 1115 dignamiui
2459 1046 2534 1097 ’.ι

156 1147 585 1217 ψιθδίνειυάειειθι·
615 1143 870 1212 objirerc,
927 1157 1046 1210 qiue
1101 1142 1263 1194 etiam
1324 1137 1414 1191 alii
1457 1134 1697 1190 fortioris

683 1274 917 1317 lNClPlT
960 1273 1065 1313 HIC
1110 1270 1355 1311 TEXTL'S
1400 1270 1518 1309 PER
1561 1264 1746 1308 DICTA
1793 1260 2056 1303 POETICA
2100 1260 2391 1302 SCRIPTUS
2419 1284 2435 1314 ,

691 1353 978 1396 FLOREAT
1023 1352 1081 1393 IN
1134 1348 1406 1402 QUANTIS
1451 1344 1806 1389 ORNATIBUS
1851 1341 2041 1382 AUGIA
2083 1341 2273 1381 PF.le

691 1433 816 1475 HAG
859 1432 917 1472 ΙΝ
965 1429 1375 1475 δτιιυοτυηΑ,
1424 1426 1597 1478 QUAM
1647 1422 1831 1465 FECIT
1872 1420 2116 1461 NOBILIS
2162 1419 2325 1459 ABBA

694 1512 853 1554 DANS
898 1510 1171 1552 STL’DlL‘M
1215 1506 1529 1560 CHRISTO,
1574 1504 1679 1556 QUI
1723 1500 1939 1543 NOMEN
1990 1499 2201 1539 ΠΑΒΕΤ
2245 1495 2593 1540 “‘ITIGOWO.

822 1613 1038 1667 roma’.
1737 1608 1785 1667 B
1814 1600 1881 1657 55
1956 1601 2305 1671 Plasphemas
2332 1577 2499 1654 au‘dcs
2533 1612 2617 1652 me
2648 1609 2834 1654 contra
2864 1602 3078 1657 mittere
3116 1616 3296 1657 voces.

269 1709 518 1781 Inquisita
548 1706 718 1771 refer,
749 1704 872 1775 quid
898 1702 1096 1772 plores,
1129 1700 1296 1770 Augia
1330 1706 1519 1759 mater,
1952 1693 2069 1749 Non
2104 1703 2282 1748 tamen
2314 1694 2415 1748 hoc
2466 1693 2657 1759 miror,
2696 1710 2818 1748 cum
2850 1710 3047 1765 sponso
3091 1704 3271 1763 spreta
3309 1708 3393 1750 re-

274 1801 489 1855 Auclrix
514 1806 860 1859 cunctorum,
880 1792 1107 1845 Domino
1135 1792 1385 1847 donante,
1408 1789 1701 1850 bonorum;
3058 1785 3312 1858 [unquor’

272 1889 476 1944 Yertice
505 1889 812 1957 crispantes
841 1893 933 1936 aut
957 1882 1082 1951 quid
1115 1879 1368 1933 divellere
1395 1878 1573 1931 crines
1950 1878 2032 1932 Me
2062 1877 2221 1931 vilem
2249 1877 2414 1946 preeii
2444 1876 2675 1931 retinent
2702 1891 2808 1945 quo
2832 1875 3011 1945 judice
3039 1878 3243 1931 cuncti.

274 1980 347 2037 Tu
374 1997 602 2045 (tonare,
626 1994 787 2047 genus
817 1986 907 2030 aut
935 1973 1195 2029 (“laniare
1228 1969 1485 2024 tenellam?
1951 1969 2058 2023 Sed
2090 1984 2193 2021 non
2223 1984 2339 2021 smn
2371 1968 2523 2020 vanis
2568 1968 2762 2021 mulier
2791 1966 3028 2022 clamosa
3060 1966 3322 2037 querelis,

160 2073 187 2127 ὅ
274 2072 467 2139 Quidve
492 2073 683 2141 rigans
716 2067 951 2122 lacrimis
982 2065 1149 2118 malas
1178 2063 1417 2117 residere
1448 2059 1669 2125 videris,
1949 2057 2211 2112 Perfecta:
2242 2058 2362 2110 lidei
2394 2057 2514 2109 volo
2541 2057 2667 2126 qui’
2703 2057 3057 2111 succumbere
3086 2055 3223 2125 legi,

276 2163 425 2218 Vultu
454 2161 780 2224 summisso,
812 2156 974 2210 veluti
1006 2157 1104 2209 sub
1135 2170 1373 2207 carceris
1399 2152 1591 2205 antro?
1811 2148 1880 2204 40
1953 2150 2187 2203 Pulcher
2214 2148 2510 2216 apostolico
2540 2163 2700 2216 quam
2730 2148 2911 2201 laudat
2939 2148 3189 2216 dogmate
3214 2157 3396 2200 sermo

277 2255 406 2323 Quid
438 2255 529 2323 pia
580 2262 787 2314 mater,
834 2250 1019 2314 habes,
1055 2247 1198 2315 quod
1230 2246 1307 2300 sic
1346 2254 1433 2298 tua
1467 2255 1707 2313 tempora
1953 2242 2147 2294 Dicens
2179 2258 2191 2292 :
2232 2260 2247 2290 ι
2286 2240 2382 2293 Vir
2412 2240 2531 2293 talis
2574 2240 2665 2307 qui
2701 2254 2803 2292 non
2834 2240 2992 2292 datur
3026 2253 3146 2293 esse
3179 2236 3394 2303 ﬁdelis,

1428 2337 1638 2410 [dellcs,
1952 2333 2118 2386 Debet
2147 2331 2345 2385 salvari
2380 2331 2549 2385 fretus
2577 2330 2805 2383 muliere
2834 2327 2973 2381 fideli
3001 2328 3103 2397 (5).
3144 2346 3163 2378 ι

278 2442 515 2496 Aureolzc
546 2439 573 2472 ³
607 2438 752 2509 pacis
781 2451 992 2506 semper
1023 2432 1304 2489 vernantia
1332 2429 1532 2485 ramis?
1953 2424 2021 2478 Et
2049 2424 2224 2476 veniet
2256 2433 2467 2492 tempus
2495 2421 2708 2490 quando
2740 2421 2984 2475 devictus
3013 2419 3220 2473 amicus

276 2538 347 2591 An
369 2537 525 2590 donis
550 2533 763 2588 Domini
793 2532 872 2585 vis
893 2531 969 2584 sic
996 2530 1203 2598 ingrata
1235 2524 1426 2589 videri,
1953 2515 2194 2583 Languet
2228 2530 2415 2569 amore
2458 2530 2609 2580 meo;
2657 2521 2895 2578 remeat,
2927 2510 3245 2579 stabilisque
3282 2523 3399 2564 ma-

166 2610 217 2683 l0
275 2628 419 2682 Anne
450 2624 764 2681 recordaris
792 2623 965 2675 niteas
994 2636 1100 2690 quo
1129 2627 1415 2673 stemmate
1442 2615 1608 2669 lucis?
3124 2598 3325 2672 [uendo

282 2717 390 2785 Ipse
426 2716 521 2769 lilsi
563 2714 727 2768 talem
751 2712 1001 2781 quoniam
1031 2708 1297 2763 concessit
1323 2708 1606 2769 honorem,
1812 2700 1841 2754 4

1812 2700 1881 2754 45
1954 2697 2351 2768 Congaudcndo
2379 2712 2487 2750 sua:
2512 2711 2603 2750 sua
2641 2694 2776 2748 tollit
2807 2693 2999 2762 gaudia
3033 2705 3260 2761 sponsa).

279 2779 455 2863 Semel
483 2806 539 2859 in
577 2804 709 2858 orbe
741 2779 889 2857 locus
920 2802 985 2855 de
1015 2814 1121 2868 quo
1148 2814 1253 2852 non
1270 2797 1483 2867 jactitat
1514 2795 1673 2849 ullus.
1956 2790 2145 2858 Tuque
2179 2790 2252 2842 tui
2282 2787 2519 2851 similes,
2546 2795 2666 2854 post
2694 2785 2897 2838 hedera
2937 2791 3118 2847 tanta,
3157 2779 3393 2848 calones,

280 2898 403 2955 Nam
432 2900 640 2970 pietate
671 2912 765 2951 sua
800 2895 878 2950 sic
910 2893 1255 2961 disponente,
1293 2898 1501 2943 remota
1957 2878 2073 2932 Non
2101 2878 2231 2931 estis
2254 2876 2371 2929 ausi
2403 2891 2488 2929 me
2518 2889 2647 2927 voce
2679 2873 2942 2927 lacessere
2978 2869 3143 2940 turpi.

281 2994 533 3052 Omnibus
560 3007 593 3046 e
619 2991 811 3054 terris,
850 2987 1060 3058 spetiali
1106 3001 1238 3056 pace
1264 2984 1532 3053 quiescis,
1733 2963 1783 3028 C

1181 3001 1238 3040 ce
1264 2984 1500 3053 quiescis
1517 3023 1532 3049 ,
1733 2963 1783 3028 C
2503 2977 2695 3017 roma.
2738 2970 2740 2973 '

169 3087 224 3141 l5
281 3085 553 3140 Libertate
586 3093 776 3153 potens
799 3121 813 3142 ,
847 3088 1062 3133 terrena
1094 3077 1309 3145 negotia
1346 3074 1635 3144 spernens,

1587 3087 1635 3138 ε,
1957 3058 2057 3125 Qui
2087 3058 2187 3111 sub
2208 3056 2329 3127 jure
2359 3063 2453 3109 tuo
2491 3054 2674 3108 servili
2700 3051 2960 3121 compede
2990 3050 3146 3115 vivo,

283 3178 453 3233 Solius
481 3173 703 3229 Domini
732 3180 938 3225 tantum
971 3168 1199 3238 sociaris
1226 3164 1432 3229 amori,

1956 3148 2169 3213 Debeo,
2198 3147 2241 3200 si
2271 3146 2475 3209 merui,
2509 3154 2561 3197 te
2587 3143 2918 3213 precipiente
2945 3140 3127 3205 feriri;

282 3228 721 3335 Qnod‘libertatis
748 3262 863 3317 laus
894 3236 1134 3315 creditur
1174 3272 1295 3313 esse
1325 3250 1599 3324 perennis.
1814 3244 1883 3298 50
1954 3242 2087 3296 Nam
2116 3242 2271 3294 decet
2301 3247 2360 3293 ut
2388 3237 2629 3307 propriis
2655 3235 2958 3289 dicionibus
2993 3234 3104 3302 ipsa
3136 3228 3359 3299 fruaris,

284 3357 621 3427 Servilioque
650 3368 817 3409 sacra:
846 3351 1060 3407 fervens
1096 3350 1290 3403 devota
1321 3345 1531 3408 Mariae,
1952 3332 2129 3401 AtQue
2156 3329 2390 3399 regenda
2420 3342 2577 3396 regas
2604 3336 2657 3378 tu
2679 3364 2695 3391 ,
2723 3340 2830 3381 non
2855 3324 3030 3379 aliena
3056 3329 3324 3391 potestas.

284 3447 503 3517 Dignius
528 3448 584 3500 in
618 3445 779 3498 terris
812 3443 928 3512 ejus
964 3440 1153 3494 thorus
1179 3437 1293 3507 ipsa
1323 3434 1565 3498 vocaris;
2505 3432 2691 3472 sucu.

166 3537 223 3591 80
280 3537 424 3604 Quod
448 3536 685 3606 speciale
710 3535 874 3589 decus
905 3532 999 3586 tibi
1029 3529 1260 3585 contulit
1281 3529 1397 3597 ipse
1421 3526 1707 3596 benignus,

1661 3540 1707 3590 ε,
1956 3510 2071 3567 Non
2105 3509 2277 3564 aliena
2306 3509 2437 3563 mihi
2468 3518 2695 3578 possunt
2720 3505 2835 3561 hmc
2864 3504 2988 3572 jura
3024 3502 3217 3566 videri,

285 3595 542 3697 [inspira-ta
576 3641 735 3680 sacro
758 3623 941 3695 genuit
971 3636 1129 3690 quem
1158 3595 1453 3674 Pncumate
1489 3595 1677 3685 Virgo.
1954 3603 2012 3657 ιιι
2063 3602 2260 3671 quibus
2304 3600 2421 3668 ipsa
2457 3607 2648 3667 potens
2679 3612 2797 3653 sum
2817 3595 2999 3665 sponsi
3045 3599 3258 3661 sceptra
3293 3604 3392 3648 ca-

281 3719 381 3774 Cnr
405 3736 511 3775 non
546 3717 754 3773 exultas
774 3758 788 3780 ,
818 3717 1011 3786 opibus
1040 3728 1162 3783 qua:
1190 3713 1348 3783 plena
1399 3706 1710 3765 redundas?
3051 3685 3323 3757 [Ρθδυθηει

282 3809 423 3876 Quod
454 3825 619 3880 super
662 3816 804 3863 astra
844 3806 1020 3871 volat,
1059 3802 1316 3874 quicquid
1369 3800 1536 3855 maris
1568 3798 1709 3851 unda
1956 3783 2188 3837 Τίιηῑιιιη
2220 3780 2265 3837 εἰ
2303 3780 2549 3835 Slabilem
2582 3793 2793 3834 mecum
2826 3777 3063 3833 retinere
3090 3775 3326 3831 valerem

1322 3892 1641 3965 [minis-irai,
1814 3874 1884 3929 55
1958 3872 2113 3927 Hunc
2142 3879 2545 3941 prcccptorem,
2577 3870 2834 3923 virtutum
2869 3866 3002 3921 ﬂore
3030 3866 3310 3933 nitentem,

284 3990 337 4050 Si
358 3994 486 4063 quid
512 3990 682 4063 gignit
704 3989 919 4054 humus,
946 3986 1048 4042 list
1071 3958 1445 4057 δυρρεάίιξιιυι-
1475 3982 1528 4035 in
1557 3994 1706 4035 usus.
1958 3962 2059 4029 Qui
2081 3963 2211 4016 mihi
2231 3970 2377 4016 totus
2394 3975 2549 4014 amor
2568 3974 2721 4013 sacer
2736 3968 2791 4013 et
2809 3958 3195 4013 moderaminis
3211 3963 3400 4014 auctor

824 4047 1002 4129 me”.
1139 4047 1192 4057 ”
1958 4055 2169 4118 Claret,
2202 4061 2492 4123 propterea
2522 4052 2641 4105 sine
2668 4064 2776 4118 quo
2812 4064 2917 4103 non
2949 4057 3033 4103 est
3063 4047 3193 4101 mihi
3217 4047 3361 4112 vita;

168 4165 227 4218 95
288 4165 383 4223 Fili
408 4209 422 4233 ,
453 4168 583 4237 quid
610 4166 879 4236 loqueris?
909 4179 1046 4234 puer
1071 4177 1130 4217 es
1152 4201 1168 4227 ,
1197 4158 1421 4231 puerilia
1451 4156 1608 4213 dicis.
1957 4144 2092 4200 Nam
2122 4145 2243 4199 sitis
2271 4144 2392 4213 igne
2415 4143 2505 4213 pio
2528 4143 2702 4211 magis
2726 4156 2853 4194 uror
2880 4151 3112 4207 eumque
3141 4136 3397 4193 bibendo.

288 4256 420 4323 Quid
448 4274 535 4312 me
566 4256 749 4311 vexari
780 4255 921 4308 luctu
955 4252 1203 4307 mentiris
1225 4248 1415 4304 inani?
2514 4247 2706 4287 roma.

286 4322 411 4402 Cum
436 4363 524 4402 me
545 4345 839 4415 despiciat“
860 4357 1091 4414 sponsus
1115 4341 1395 4409 solamque
1417 4338 1710 4408 relinquat,
1742 4325 1794 4385 D
1959 4330 2091 4386 Cum
2119 4328 2282 4384 stulte
2322 4327 2457 4381 fusis
2494 4343 2522 4380 a
2556 4341 2642 4381 me
2672 4326 2748 4381 sis
2785 4324 2897 4380 lesa
2926 4322 3187 4393 loquelis,
3221 4382 3225 4387 ,

289 4437 406 4494 Acsi
437 4436 737 4507 captivam,
770 4435 914 4490 nullo
941 4432 1202 4488 solamine
1228 4431 1442 4485 fultam.
1820 4420 1889 4476 60
1963 4419 2209 4474 Territus
2236 4418 2359 4471 inde
2390 4430 2541 4470 meus
2574 4416 2739 4485 cmpil
2769 4415 3083 4469 decrescere
3109 4427 3325 4480 sensus,

596 4508 601 4519 ’
827 4539 1020 4579 roma.
1960 4511 2040 4567 Ac
2070 4510 2135 4565 ad
2168 4526 2286 4580 quae
2313 4507 2551 4577 loqueris
2580 4508 2709 4561 mihi
2735 4506 2898 4561 surdo
2920 4520 3027 4559 non
3057 4513 3205 4574 patet
3229 4504 3397 4560 auris.

288 4614 355 4670 Ut
382 4633 502 4672 mos
518 4624 600 4671 est
620 4631 786 4685 puero
806 4615 849 4668 si
878 4628 1020 4667 nunc
1042 4610 1268 4682 puerilia
1294 4610 1444 4673 dico,
1958 4601 2089 4666 Fac,
2119 4617 2272 4671 rogo,
2290 4606 2640 4668 quapropter,
2661 4597 2755 4651 tibi
2778 4595 2918 4664 quod
2941 4596 3202 4664 sapientia
3226 4604 3402 4649 mater

168 4704 225 4760 30
291 4709 382 4763 Est
407 4710 538 4763 mihi
570 4707 879 4767 dicendum,
922 4703 1065 4758 nulla
1096 4703 1311 4757 racionc
1337 4700 1600 4755 silendum
1622 4738 1638 4766 ,
1958 4693 2246 4748 Suadendo
2266 4690 2477 4758 jubcat,
2508 4689 2648 4742 sonti
2678 4696 2766 4740 tua
2805 4688 3025 4742 dextera
3057 4694 3277 4755 pareat;

292 4800 584 4870 Numquam
615 4798 858 4853 femineis
884 4794 1028 4850 credi
1058 4794 1251 4847 debere
1278 4790 1546 4862 querelis;
1960 4785 2019 4839 lu
2050 4784 2218 4839 veniae
2248 4783 2405 4837 donis
2438 4782 2566 4835 mihi
2595 4782 2666 4835 sit
2688 4780 2959 4849 correptio
2988 4779 3177 4835 dulcis.

292 4889 391 4945 Sed
416 4891 480 4946 de
511 4904 617 4961 quo
651 4887 831 4958 Sperni
865 4884 1095 4938 videaris
1124 4882 1287 4951 prode
1312 4878 1549 4949 roganti.
2515 4888 2701 4926 sucu.

846 4990 1025 5031 auom.
1818 4969 1888 5024 65
1958 4968 2089 5023 Esto
2110 4980 2364 5031 securus,
2401 4962 2655 5033 quoniam
2693 4960 2954 5031 patientia
2983 4959 3155 5012 virtus

293 5067 486 5137 Credo,
514 5071 586 5126 tui
623 5068 799 5125 cordis
830 5082 938 5121 non
966 5074 1047 5119 est
1070 5061 1403 5134 presumptio
1435 5059 1591 5116 talis:
1667 5120 1671 5123 _
1964 5061 2046 5114 Me
2074 5058 2254 5115 docuit
2288 5055 2466 5111 verse“
2498 5055 2732 5109 convitia
2763 5067 3018 5121 spernere
3053 5060 3310 5116 queque;

295 5158 479 5215 Nescio
504 5161 596 5217 sed
620 5159 770 5229 cujus
800 5155 1059 5213 solamine
1086 5163 1231 5208 tutus
1261 5152 1420 5216 alius,
1964 5149 2146 5203 Rebus
2162 5148 2213 5200 in
2229 5145 2474 5202 adversis
2487 5159 2588 5199 nec
2606 5145 2854 5198 abessent
2870 5134 3161 5208 prospera“
3181 5136 3427 5199 mentis,

1431 5239 1656 5295 VARLE
1693 5238 1988 5295 LECTION
1998 5239 2080 5294 ES
2093 5277 2109 5293 .

1109 5341 1166 5350 —-
1240 5339 1276 5350 is
1357 5339 1367 5350 ο
1692 5337 1703 5348 ο
1764 5336 1776 5346 ο
1819 5346 1828 5350 -
2033 5346 2039 5350 .
2133 5334 2185 5350 ΙΙ.
2388 5334 2472 5350 ..1-
2516 5346 2527 5350 -
2570 5329 2788 5350 -...-ιῖ-ιιο
2829 5334 2999 5350 μΛιιιΙ-
3032 5341 3046 5350 ι
3088 5329 3102 5350 θ

2455 5345 2472 5350 Α
2516 5346 2527 5350 -
2570 5335 2788 5350 -...-ιΖ-ιιο
2829 5335 2999 5350 ΑΑΑιιιΙ-
3032 5341 3046 5350 ι
3088 5335 3253 5350 ,ιιι-οι·-
3280 5338 3426 5350 ...ι-Α-
