3948 5350
535 364 644 423 εὲὶΰ

536 496 538 498 '
684 462 742 531 Si
767 460 998 546 sponsus
1022 458 1193 526 Solum
1224 463 1388 520 vellet
1413 463 1514 518 sibi
1545 463 1726 515 vivere
1763 471 1976 512 mecum

684 567 1017 630 Continuus,
1049 559 1289 624 stabilis,
1323 571 1591 626 nusquam
1617 551 1890 624 pergendo
1916 546 2121 604 localis.

1237 664 1428 702 POETA.

541 751 611 804 70
687 749 760 800 De
794 749 996 816 pietate
1028 751 1114 795 tua
1141 739 1450 800 conlidens,
1485 735 1688 790 obtima
1719 732 1947 795 domna,

684 839 762 892 Ex
802 837 886 891 his
913 849 1032 904 qua!
1064 833 1172 888 dixi
1201 831 1411 884 veniam
1452 841 1723 896 mc-posse
1748 822 1980 886 mereri,

687 929 815 994 Qua:
845 943 989 981 nunc
1016 926 1204 993 ignoro
1235 923 1299 977 de
1332 930 1384 973 te
1416 917 1730 988 perquirere
1762 923 1984 983 tempto.

685 1020 782 1074 Dic
803 1017 959 1082 mihi,
976 1013 1312 1069 Ruodmanni
1329 1021 1452 1081 post
1465 1009 1674 1071 funera,
1694 1009 1863 1078 patris
1883 1004 2124 1070 amandi,

684 1111 785 1178 Qui
813 1110 1150 1163 diversorum
1183 1106 1278 1159 tibi
1315 1106 1469 1159 dotes
1497 1102 1648 1156 auxit
1677 1103 1940 1156 honorum
1965 1138 1981 1164 ,

541 1201 610 1255 75
683 1201 788 1255 Sed
822 1216 918 1268 pro
948 1208 1123 1253 morte
1153 1213 1248 1252 sua
1280 1195 1516 1249 viduatis
1547 1194 1786 1247 vestibus
1815 1207 1907 1244 usa
1929 1230 1945 1256 ,

684 1291 822 1358 Quid
858 1291 930 1345 sit
955 1289 1099 1358 quod
1129 1287 1382 1342 thalamis
1429 1286 1627 1338 iterum
1663 1282 1866 1337 sociata
1904 1277 2124 1334 fruaris.

686 1383 820 1450 Quis
875 1381 958 1437 vel
1012 1389 1248 1452 quantus
1277 1379 1414 1444 erit,
1461 1393 1622 1448 quem
1671 1376 1752 1431 sic
1811 1383 1935 1429 tuus
1985 1372 2128 1442 ignis

1827 1465 2027 1537 [adurit
2041 1503 2055 1528 ,

684 1563 791 1618 Aut
819 1561 1038 1632 quando
1075 1559 1241 1616 tmdas
1265 1557 1552 1614 cclehrasti
1593 1557 1698 1623 dic,
1729 1572 1882 1628 rogi,
1916 1554 2128 1609 tantas?
2213 1549 2217 1560 ’

686 1653 816 1721 Qua:
845 1655 924 1708 sic
944 1655 1188 1709 obscura:
1213 1667 1300 1706 me
1330 1661 1456 1705 tunc
1483 1659 1704 1704 tenuere
1730 1648 1934 1702 latebre
1953 1687 1966 1710 ,

547 1745 619 1802 80
693 1745 846 1813 Quod
873 1762 977 1801 non
1008 1760 1096 1800 me
1126 1745 1291 1799 tantis
1315 1744 1523 1798 licitum
1552 1741 1655 1796 fuit
1688 1738 1873 1796 adfore
1899 1739 2090 1795 festis?

1247 1850 1426 1890 AUGIA.

688 1929 815 1986 Ηίεε
843 1929 889 1985 si
917 1945 1078 1985 nosse
1101 1927 1265 1992 velis,
1302 1924 1578 1997 penetrale
1605 1925 1845 1980 revisere
1874 1921 2072 1977 mentis

692 2021 986 2090 Tejubeo;
1021 2029 1206 2092 pateat
1234 2021 1329 2076 tibi
1366 2024 1507 2090 quod
1535 2035 1653 2073 mea
1687 2018 1854 2073 dictio
1880 2016 2080 2070 firmat.

690 2111 843 2179 Quod
875 2127 960 2166 me
990 2111 1255 2181 conjugiis
1283 2111 1479 2165 iterato
1515 2109 1722 2163 foedere
1751 2107 1932 2163 cernis

691 2203 950 2260 lnnexam
970 2244 985 2269 ,
1017 2204 1132 2258 vita
1168 2211 1454 2274 postquam
1491 2201 1748 2272 privabar
1779 2207 1958 2252 amata

551 2297 620 2352 85
690 2296 1034 2351 Ruodmanni
1076 2296 1281 2367 patris,
1323 2293 1452 2349 mihi
1485 2295 1574 2362 qui
1610 2293 1836 2362 largitor
1867 2288 2090 2346 honoris

695 2389 942 2458 Augebat
978 2391 1132 2442 dotes
1156 2387 1256 2442 sub
1283 2401 1413 2457 gaza
1455 2385 1620 2439 divite
1653 2383 1891 2453 pollens,

694 2478 766 2533 Ut
796 2493 863 2533 ne
889 2478 1106 2532 mireris
1133 2492 1230 2546 per
1255 2477 1400 2531 dicta
1434 2472 1614 2529 futura
1652 2473 1914 2528 moneris.

695 2566 829 2621 Nam
860 2583 946 2622 me
972 2583 1095 2622 cum
1123 2566 1294 2621 solam
1313 2605 1329 2632 ,
1360 2565 1506 2620 nullo
1530 2565 1754 2640 custode
1773 2604 1788 2630 ,
1826 2563 2075 2619 relictam

701 2658 981 2713 Sentirent
1009 2658 1255 2712 homines
1285 2657 1384 2711 sub
1417 2656 1598 2725 iniqua
1634 2664 1788 2725 peste
1819 2654 2079 2715 latentes,

556 2751 626 2807 90
699 2751 754 2805 in
780 2765 884 2815 me,
914 2749 1092 2803 nullus
1115 2756 1234 2803 erat
1261 2747 1386 2816 quia
1412 2747 1632 2810 vindex,
1656 2762 1808 2800 arma
1831 2745 2138 2809 movebant,

699 2840 881 2896 Rebus
910 2855 995 2894 me
1025 2838 1250 2909 patriis,
1279 2837 1485 2892 eversis
1511 2836 1758 2891 funditus
1789 2835 1962 2900 arvis,

696 2934 1014 2996 Privantes,
1044 2940 1220 2986 tractu
1251 2931 1352 2986 sub
1381 2929 1590 3001 predaz,
1615 2928 1794 2983 ﬂebile
1825 2928 2005 2982 dictul

698 3024 1084 3094 [Equahatque
1125 3021 1240 3077 solo
1267 3037 1354 3077 me
1381 3033 1632 3077 sternens
1661 3020 1778 3074 dira
1807 3019 2004 3088 cupido

699 3115 918 3170 l-llorum
937 3155 952 3179 ,
985 3113 1254 3183 quondam
1285 3113 1398 3168 caeli
1431 3127 1596 3184 super
1619 3120 1766 3166 astra
1795 3111 2049 3166 levatam.

560 3205 632 3260 95
702 3204 1021 3260 Ambicione
1045 3203 1163 3273 pari
1190 3217 1398 3258 necnon
1431 3203 1484 3257 in
1509 3212 1732 3274 pectore
1760 3201 1927 3271 capti,

703 3294 897 3349 Predia
931 3295 1034 3348 sub
1057 3294 1262 3363 scripto
1289 3295 1419 3350 mihi
1446 3295 1641 3349 tradita
1674 3303 1913 3364 tempore
1942 3292 2142 3364 prisco.
2209 3316 2216 3324 -

706 3387 791 3442 Nil
822 3388 923 3442 sibi
943 3387 1175 3458 justieia:
1202 3397 1482 3444 servantes
1500 3426 1515 3452 ,
1541 3387 1847 3442 obtinuere.

707 3481 927 3537 Talibus
955 3482 1006 3535 in
1041 3481 1196 3536 furiis
1221 3483 1437 3552 impune
1470 3481 1774 3537 furentibus
1803 3484 1931 3550 illis,

709 3572 836 3644 sedi
865 3572 1154 3642 deplorans
1173 3613 1187 3638 ,
1215 3582 1406 3643 pectus
1430 3574 1789 3644 manibusque
1819 3582 2144 3640 cruentans;

561 3662 670 3719 100
707 3662 842 3718 Nam
875 3662 979 3716 fuit
1010 3673 1363 3734 augmentum
1384 3663 1560 3718 luctus
1582 3664 1854 3733 geminata
1883 3663 2148 3718 maiorum

711 3753 875 3819 Sors,
908 3753 1068 3809 funus
1095 3753 1300 3824 patris,
1333 3753 1659 3824 funestaque
1685 3755 1851 3824 preda
1897 3755 2149 3811 latronis.

711 3846 818 3902 Sed
847 3855 1026 3901 tamen
1055 3860 1086 3900 e
1124 3854 1274 3901 tanto
1305 3846 1604 3902 tractabant
1633 3845 1865 3916 plurima
1895 3847 2112 3902 damno.

711 3938 859 3994 inter
881 3946 961 3992 tot
995 3953 1156 3993 casus
1184 3937 1439 3993 defensor
1474 3952 1597 3992 cum
1625 3937 1755 3991 mihi
1785 3937 1964 3993 nullus

713 4029 930 4095 Staret,
953 4046 1063 4102 quo
1093 4030 1254 4085 talem
1283 4046 1499 4101 possem
1527 4047 1783 4100 superare
1815 4031 2079 4093 laborem.

572 4122 676 4180 105
716 4123 990 4178 Devenere
1027 4123 1130 4177 mei
1161 4121 1379 4178 turbato
1411 4123 1574 4177 corde
1598 4123 1773 4177 coloni

717 4215 889 4269 Acciti
922 4215 987 4268 de
1026 4213 1193 4276 me”,
1233 4213 1363 4268 mihi
1395 4214 1793 4282 consiliumque
1822 4214 2018 4268 dedere

717 4305 893 4370 Utile,
925 4306 1067 4373 quod
1105 4306 1274 4374 signis
1303 4306 1444 4359 ratio
1477 4305 1729 4359 firmabat
1762 4307 1980 4374 apertis.

716 4394 971 4450 Nostrum
989 4410 1331 4449 communem
1348 4412 1468 4448 nam
1488 4411 1572 4448 me
1585 4397 1880 4464 replicante
1897 4395 2157 4463 laborem,

718 4486 1043 4555 lllorumque
1069 4487 1170 4540 mei
1220 4501 1316 4554 per
1344 4500 1506 4539 casus
1535 4487 1727 4539 damna
1761 4486 1927 4540 videri
1964 4499 1979 4538 :

579 4579 685 4634 110
725 4578 900 4632 Mater
928 4577 1193 4642 consiliis,
1224 4577 1476 4632 dicebant
1495 4618 1508 4641 ,
1543 4588 1686 4632 utere
1714 4578 1924 4631 nostris.

485 4654 494 4663 ’
727 4668 1006 4740 Exugitent
1035 4669 1149 4722 lites
1184 4670 1228 4722 si
1256 4679 1303 4722 te
1337 4668 1554 4739 bellique
1584 4665 1787 4737 furores
1806 4709 1820 4732 ,

724 4757 837 4813 Nec
867 4761 958 4813 tibi
987 4776 1076 4813 nec
1100 4759 1246 4813 nobis
1281 4759 1477 4813 nullius
1503 4776 1707 4812 summa
1737 4758 1922 4812 salutis

723 4851 906 4917 Adsit,
944 4851 1166 4920 [autoris
1193 4869 1284 4905 nec
1307 4869 1420 4921 spes
1445 4850 1635 4905 solatia
1664 4851 1841 4904 dantis
1865 4890 1881 4913 ,

731 4943 801 4996 Te
819 4943 981 5012 magis
997 4942 1411 5013 obtamus,-qued
1436 4942 1698 4994 honestius
1719 4957 1828 4995 esse
1856 4941 2160 5010 probamus,

583 5027 686 5087 1ιὸ
722 5030 862 5087 Huic
893 5034 1224 5102 desponsari,
1253 5032 1406 5102 cujus
1437 5031 1643 5083 dicione
1671 5030 1806 5083 tueri

2157 1807 2206 1867 B

1531 338 1930 403 PURCiiABDi
1962 334 2268 396 MONACHI
2307 321 2672 393 AUGiENSiS
2719 375 2726 378 .
3695 327 3797 384 εδδ

2146 457 2197 514 Α

2366 448 2647 510 Inventus,
2683 444 2878 500 mundo
2899 443 2990 516 qui
3018 453 3345 500 conversetur
3378 461 3432 499 in
3461 454 3587 504 isto.

2371 538 2514 591 Talis
2542 537 2622 591 vel
2643 546 2850 600 tantus,
2879 536 3152 589 virtu.‘ibus
3191 538 3421 605 undique
3454 547 3630 605 septus
3653 573 3668 598 .

2376 626 2440 680 Ut
2465 642 2642 697 pacem
2673 628 2898 694 capiam,
2923 625 3006 679 cui
3035 636 3172 678 certe
3195 626 3385 693 fwdere
3417 625 3634 688 nubant,

2371 721 2538 790 Atque
2560 717 2749 788 [rigans
2780 717 2948 770 hostes
2988 717 3134 770 nobis
3169 718 3435 787 hucusque
3468 725 3736 785 nocentes,

2228 804 2333 864 1‘23
2373 807 2555 862 Robur
2581 809 2787 862 virtutis
2812 806 2988 875 sponsi
3008 819 3150 875 gerat
3174 809 3281 875 ipse
3300 807 3515 875 prioris.

2373 899 2524 953 Tunc
2539 899 2966 961 monstrabatur,
2981 898 3072 966 qui
3099 914 3242 952 nunc
3263 913 3548 967 superesse
3563 897 3786 962 videtur,

2371 989 2466 1043 Vir
2496 989 2676 1060 magni
2709 987 2908 1053 meriti,
2938 987 3243 1042 laudamine
3267 1003 3538 1057 congruas
3563 988 3736 1052 omni,

2373 1081 2588 1137 Christo
2611 1081 2858 1144 dilectus,
2895 1080 3126 1139 domnus
3154 1081 3442 1149 Witigowo
3476 1091 3734 1144 vocatus,

2368 1171 2531 1226 Utilis
2558 1171 2610 1225 in
2648 1170 2847 1238 lingua,
2871 1169 2955 1223 cui
2985 1178 3172 1223 sancta
3206 1170 3408 1239 sophya
3437 1170 3719 1238 magistra.

2230 1266 2332 1320 150
2368 1265 2593 1320 Fecerat
2617 1264 2762 1317 hunc
2787 1261 2932 1316 omni
2963 1263 3238 1316 doctorem
3271 1262 3461 1316 celitus
3483 1263 3631 1324 orbi,

2367 1358 2587 1412 Etbona
2609 1369 2731 1426 qua:
2749 1354 2926 1409 verbis
2946 1356 3123 1419 docet,
3139 1355 3251 1409 haec
3275 1355 3401 1408 colit
3423 1354 3610 1408 Omnia
3632 1351 3796 1407 factis.

2371 1446 2581 1501 Nullius
2613 1446 2878 1516 plectrum
2901 1442 3118 1514 liugum,
3149 1460 3252 1497 non
3274 1458 3474 1513 organa
3508 1456 3724 1506 vocum,

2371 1537 2481 1593 Nec
2501 1553 2622 1607 quae
2650 1537 2716 1590 de
2738 1535 2895 1589 factis
2931 1542 3148 1589 resonat
3170 1534 3436 1602 scripzura
3472 1531 3671 1596 beatis,

2370 1629 2640 1684 Euarrare
2667 1627 2809 1681 valet
2831 1626 3002 1695 pietas
3024 1640 3185 1694 quam
3218 1625 3457 1678 maxima
3487 1630 3706 1678 constet

2233 1722 2335 1779 155
2372 1722 2510 1776 Iiuic
2530 1720 2748 1775 domino
2770 1719 2932 1788 patri,
2955 1717 3047 1788 qui
3076 1714 3665 1785 templuml’neumatis
3691 1713 3804 1768 almi

2374 1815 2593 1877 Factus,
2616 1811 2811 1866 divina:
2839 1808 2997 1864 sedes
3021 1816 3105 1864 est
3139 1819 3298 1877 atque
3321 1807 3546 1876 sophian

2375 1908 2515 1962 Ilinc
2545 1922 2760 1976 quoque
2782 1902 2992 1958 consilii
3015 1902 3237 1972 capiens
3268 1901 3568 1955 munimina
3603 1899 3758 1961 tanti,

2375 1999 2479 2054 Per
2509 1997 2689 2070 regale
2718 1998 2927 2060 datum,
2955 2009 3051 2065 per
3073 1993 3502 2065 pontiﬁcumque
3538 2002 3805 2057 senatum,

2317 2150 2320 2153 Α
2376 2087 2792 2144 Τιιιὶδυεοειεειο
2825 2085 3034 2142 meritis
3057 2100 3176 2140 sum
3208 2084 3405 2138 tradita
3435 2099 3672 2154 sponso,

2236 2183 2341 2240 “0
2375 2181 2476 2248 Qui
2501 2181 2665 2235 decus
2689 2193 2850 2234 omne
2879 2177 3013 2231 mihi
3037 2176 3222 2231 retulit
3251 2191 3374 2232 mox
3409 2177 3536 2230 dote
3560 2173 3790 2239 recenti;

2377 2271 2509 2340 Ejus
2531 2271 2659 2340 quin
2686 2277 2855 2323 totum
2878 2267 2978 2322 sub
3018 2264 3348 2333 destrojure
3369 2267 3662 2321 sinistrum

2379 2364 2665 2428 Deficiens,
2697 2361 2748 2416 in
2783 2375 2866 2415 me
2895 2359 3098 2414 nullam
3125 2361 3228 2414 vim
3259 2369 3446 2430 posset
3474 2358 3701 2425 habere,

2378 2456 2498 2526 Ipse
2523 2453 2668 2510 domi
2699 2467 2910 2507 mecum
2938 2451 2984 2506 si
3011 2450 3171 2505 vellet
3196 2451 3378 2504 vivere
3404 2459 3646 2514 tantum,

2384 2545 2451 2601 Ut
2470 2545 2585 2616 jam
2605 2543 2872 2616 precinui,
2897 2558 3117 2598 cessans
3151 2543 3277 2597 hinc
3313 2542 3438 2597 inde
3466 2539 3681 2612 vagari.

2939 2651 3132 2691 POETA.

2243 2732 2348 2789 145
2381 2733 2512 2800 Quae
2535 2731 2694 2787 modo
2719 2729 2972 2786 dicuntur
2999 2728 3064 2783 de
3089 2732 3163 2788 te.
3189 2726 3232 2781 si
3268 2724 3424 2780 lirma
3464 2723 3779 2796 probantur,

2383 2823 2652 2879 Tristibus
2683 2820 2910 2889 abjectis
2937 2819 3363 2888 decetut‘magis
3396 2818 3512 2888 ipsa
3550 2817 3749 2871 fruaris

2388 2913 2634 2978 Lmticia,
2665 2912 2907 2967 munitur
2933 2909 3086 2978 cujus
3117 2919 3300 2964 manet
3331 2908 3432 2962 iste
3455 2916 3699 2971 senator,

2386 3007 2588 3062 Tantas
2613 3006 2698 3060 vel
2723 3004 2856 3060 tales
2883 3002 3036 3072 cujus
3063 3001 3165 3056 fert
3192 3002 3332 3056 actio
3355 3001 3566 3054 laudes.

2389 3100 2496 3156 Sed
2521 3115 2655 3169 quos
2676 3096 2850 3152 ﬂendo
2878 3095 3031 3151 canis
3057 3093 3244 3166 grandi
3264 3094 3582 3164 gemituque
3604 3088 3812 3145 revolvis

2169 3168 2215 3230 C
2249 3193 2354 3249 150
2399 3168 2576 3246 Motus
2599 3189 2882 3245 instabiles
2904 3185 3021 3256 ejus
3040 3200 3365 3256 gressusque
3403 3192 3689 3254 vagantes,

2345 3339 2351 3346 ,
2393 3283 2456 3339 Ni
2484 3282 2661 3348 fallor,
2694 3282 2877 3345 credo,
2907 3279 3065 3334 dubia
3095 3292 3196 3333 nec
3223 3286 3400 3332 mente
3430 3275 3692 3342 recondo,

2390 3377 2519 3448 Ejus
2549 3374 2823 3446 pergentis
2842 3387 2950 3428 non
2971 3387 3030 3426 se
3058 3385 3144 3425 res
3163 3369 3310 3424 ducit
3337 3368 3543 3431 inanis;

2393 3471 2493 3534 Tu,
2524 3480 2636 3523 tam
2657 3467 2946 3522 continuus
2970 3477 3077 3534 quo
3100 3463 3284 3519 tendat
3313 3463 3579 3517 transitus
3611 3456 3723 3528 ejus

2394 3560 2489 3616 Dic
2524 3558 2818 3629 inquirenti
2858 3561 3066 3611 tantum
3106 3555 3315 3610 ratione
3345 3553 3586 3623 patenti,

2252 3650 2356 3708 155
2393 3651 2679 3719 Menteque
2701 3663 2808 3722 qua
2844 3647 2991 3701 vadit
3017 3661 3106 3700 res
3135 3646 3383 3715 protinus
3413 3644 3526 3713 ipsa
3559 3639 3812 3714 probabit.

2956 3751 3137 3792 ΑυοιΑ.

2397 3833 2582 3892 Pulsat
2607 3846 2733 3902 sepe
2763 3831 2908 3887 viam
2939 3830 3154 3887 diverso
3186 3827 3401 3882 tramite
3436 3828 3623 3881 tritam

2398 3928 2828 3996 Circumquaqne
2843 3935 3010 3992 vagus
3032 3936 3186 3976 meus
3206 3921 3292 3976 hic
3307 3935 3404 3990 per
3419 3920 3570 3973 devia
3587 3931 3812 3988 sponsus.

2400 4018 2594 4086 Sepius
2615 4016 2680 4070 ad
2703 4027 2884 4083 regem
2905 4027 3121 4066 cursum
3148 4019 3293 4065 tenet
3311 4025 3437 4065 ecce
3466 4008 3813 4080 frequentem;

2402 4107 2520 4175 Quo
2549 4122 2644 4176 per
2682 4104 2973 4160 multorum
3009 4102 3248 4158 morulas
3278 4102 3546 4156 tardando
3576 4101 3775 4156 dierum

2260 4202 2365 4258 160
2399 4199 2716 4270 Congaudet
2746 4196 2884 4266 regi,
2916 4195 3042 4264 quia
3079 4195 3381 4250 colltetatur
3409 4202 3466 4248 et
3495 4192 3592 4247 illi.

2405 4291 2536 4347 Nam
2560 4305 2680 4344 cum
2702 4287 3068 4356 doctiloquum
3091 4285 3353 4355 sapientia
3368 4286 3630 4340 conderet
3645 4284 3816 4353 ipsum,

2406 4383 2696 4437 Dicitur‘os
2729 4378 2894 4449 regis,
2919 4375 3237 4446 populorum
3267 4374 3449 4445 lingua
3488 4373 3736 4435 salubris,

2409 4473 2554 4527 inter
2583 4469 2878 4525 catholicas
2904 4468 3108 4539 primas
3138 4467 3408 4522 rutilando
3439 4465 3742 4525 columnas;

2404 4565 2610 4636 Regum
2643 4571 2905 4627 rectores,
2927 4560 3186 4617 comitum
3209 4561 3363 4614 docet
3386 4567 3549 4626 atque
3569 4556 3815 4610 cohortes.

2267 4659 2370 4715 165
2408 4657 2553 4728 Rege
2573 4655 2820 4724 jubente,
2854 4653 2969 4707 suis
3007 4660 3199 4722 parent
3224 4648 3382 4704 simul
3426 4649 3606 4703 omnia
3661 4643 3817 4699 dictis.

2406 4750 2608 4805 Contra
2638 4744 2777 4800 velle
2800 4759 2958 4798 suum
2985 4757 3046 4797 se
3074 4742 3234 4796 vertit
3273 4756 3432 4795 nemo
3471 4749 3790 4797 retrorsum;

2411 4841 2543 4896 Esse
2556 4852 2770 4892 manum
2783 4834 2926 4904 regis
2941 4847 3064 4886 nam
3077 4833 3228 4902 plebs
3241 4834 3382 4886 hunc
3395 4823 3816 4901 predicatomnis.

2410 4929 2611 4985 Taliter
2642 4927 2729 4981 hic
2757 4926 3006 4986 tardaus,
3041 4923 3273 4993 sceptris
3317 4921 3591 4992 regalibus
3634 4924 3816 4976 astans,

2418 5025 2554 5080 Ecce
2584 5023 2725 5077 domi
2750 5035 2961 5092 sponsa:
2981 5033 3087 5073 non
3111 5017 3223 5072 vult
3247 5031 3455 5071 memor
3483 5027 3600 5068 esse
3621 5010 3816 5066 relictte.

3735 5117 3741 5119 _
3756 5112 3795 5120 ..ο
