3948 5350
2970 110 3038 120 Β.-

159 136 266 225 ³δδτ
994 165 1276 224 omnes
1315 165 1403 222 DE
1441 161 1684 223 casus
1717 165 2202 223 WITIGOWONIS
2239 162 2552 220 annuis.
3301 149 3425 219 533

174 277 268 334 175
306 275 433 332 Oret
459 270 793 346 apostoiieas
813 283 875 330 ut
910 291 1079 346 prona
1105 284 1282 331 mente
1307 274 1584 342 lucernas;
1773 278 1824 338 Α
1996 274 2079 329 Me
2108 275 2198 329 sed
2230 277 2404 329 adhuc
2431 283 2668 328 teneram
2697 287 2820 326 cum
2847 269 3021 341 primo
3041 269 3169 326 [lore
3192 271 3425 342 puellam

297 367 383 423 Ad
416 367 832 436 persolvendum
858 367 1086 422 Romam
1125 367 1240 421 vult
1262 367 1436 421 visere
1465 377 1669 420 votum.
1985 363 2173 419 Presnl
2197 365 2488 419 Pirminius
2511 365 2743 432 cepisset
2783 377 2967 416 amare
2988 363 3207 428 beatus,

304 457 499 527 Nilque
527 468 773 512 moratur
802 460 920 520 iter.
953 455 1117 513 veluti
1149 475 1244 529 per
1268 460 1439 514 tristia
1473 472 1686 528 semper
1988 455 2185 509 Norma
2209 454 2432 522 justiti:e
2461 457 2560 509 sub
2591 455 2904 508 sobrietatis
2937 470 3154 519 amore;

302 548 388 603 Me
417 550 639 618 paciens
671 549 846 604 solitis
871 558 991 618 post
1019 565 1075 604 se
1097 549 1336 604 clamare
1365 547 1622 616 querelis.
1846 546 1954 601 230
1996 545 2148 601 llunc
2176 543 2466 615 Witigowo
2497 563 2647 600 meus
2675 562 2771 616 pro
2801 547 2955 617 cujits
2990 547 3068 619 (8)
3099 562 3284 603 amore
3313 562 3434 602 ma-

303 635 482 693 Cursu
511 639 772 692 continuo
807 639 1026 692 tardans
1050 638 1138 694 hic
1164 648 1402 706 tempore
1435 637 1614 705 longo,
3264 637 3430 710 [ritus

176 729 270 786 180
304 728 503 784 Clauso
529 729 822 784 multorum
855 738 1058 784 remeat
1083 729 1184 782 sub
1210 728 1315 782 ﬁne
1343 727 1552 780 dierum
1589 742 1603 778 :
1992 728 2175 800 Diligit
2205 729 2256 782 in
2285 736 2522 793 tantum,
2553 745 2604 782 tu
2641 727 2798 783 fallor
2834 728 3078 800 protinus
3110 728 3283 799 ipsum

303 819 373 872 Et
403 819 629 873 veniens
653 819 720 872 ad
750 834 856 883 me,
884 819 1014 873 dicit
1045 837 1058 872 :
1105 837 1123 869 ί
1153 818 1466 882 Carissima,
1499 815 1675 871 salve!
1723 833 1743 867 ι
1993 816 2064 874 Ut
2097 819 2224 872 mihi
2250 820 2530 888 preferret,
2557 820 2600 873 si
2635 835 2721 874 res
2747 821 3064 890 fortunaque
3095 820 3283 886 vellet;

305 908 419 963 Hoc
448 910 616 963 etiam
641 910 806 976 dicto,
833 910 962 964 dicit
989 927 1002 963 :
1035 928 1051 960 ι
1090 908 1246 964 Celer
1293 909 1416 961 inde
1443 906 1645 960 valeto!
1691 923 1709 955 ι
1991 907 2255 962 l’neciuui
2281 909 2482 962 deﬂens
2504 924 2626 962 nam
2662 926 2747 963 me
2777 910 2922 963 velut
2951 919 3076 965 ante
3098 910 3430 981 relinquens,

303 1001 490 1056 Primo
517 1003 687 1072 ﬁtque
718 1003 870 1067 V'ale,
913 1019 1072 1071 quam
1115 1002 1330 1071 signent
1359 999 1541 1054 oscula
1571 997 1749 1050 Salve.
1993 998 2295 1054 Perdurare
2320 999 2436 1054 loco
2463 1016 2566 1053 non
2598 1016 2812 1069 semper
2847 1010 3024 1055 cessat
3052 1002 3102 1055 in
3142 1003 3252 1056 illo.

309 1092 515 1147 Circuit
542 1094 670 1147 hinc
696 1110 911 1147 omnem
943 1094 1106 1147 variis
1134 1092 1468 1147 discursibus
1493 1091 1701 1154 orbem,
1851 1089 1958 1144 255
1995 1091 2074 1144 Ac
2117 1091 2186 1144 ibi
2217 1107 2336 1144 cum
2375 1092 2643 1145 modicum
2677 1101 2948 1160 spectaret
2974 1103 3120 1147 stare
3148 1094 3427 1162 sacellum,

183 1184 276 1238 185
318 1183 489 1238 Caute
519 1184 864 1254 prospiciens
891 1184 1044 1254 cujus
1072 1183 1142 1238 sit
1182 1183 1404 1252 cespitis
1434 1182 1635 1244 haeres,
1995 1180 2146 1247 Quod
2185 1182 2394 1251 sigmun
2429 1181 2564 1235 tituli
2591 1198 2692 1236 vox
2716 1182 2912 1236 clamat
2939 1183 3151 1252 garrula
3181 1184 3322 1255 vulgi

303 1271 519 1326 Invenit
539 1280 595 1325 et
624 1272 690 1325 de
716 1286 801 1326 me
832 1287 888 1326 se
911 1272 1094 1342 predia
1132 1271 1299 1325 multa
1336 1279 1538 1324 tenere.
1991 1270 2231 1325 Presulis
2259 1271 2328 1324 ob
2359 1272 2608 1325 meritum
2637 1274 2950 1337 venerandi,
2975 1273 3062 1342 qui
3086 1274 3229 1327 dedit
3261 1275 3434 1342 illum,

305 1363 460 1417 Tunc
485 1362 739 1418 faciendo
759 1381 962 1426 moras,
994 1364 1146 1417 sedet
1171 1364 1279 1417 illic
1310 1363 1412 1418 rite
1447 1363 1756 1432 gubernans
1996 1364 2152 1418 Esset
2178 1373 2234 1416 ut
2262 1365 2327 1417 ad
2359 1379 2551 1418 munus
2581 1365 2710 1418 mihi
2737 1365 2878 1420 dotis
2917 1366 2968 1419 in
2995 1366 3184 1420 ordine
3207 1366 3436 1436 primus,

302 1454 1478 1524 Omuequodestfractumdinoscituratque
1495 1453 1754 1516 solutum,
1999 1452 2109 1506 llas
2147 1453 2396 1506 minimas
2415 1455 2558 1507 :edes
2587 1468 2651 1506 ex
2681 1453 2890 1507 cunt-tis
2928 1455 3172 1522 partibus
3197 1469 3404 1523 augens

300 1546 477 1601 δρύες
501 1549 753 1602 desertas
780 1547 1164 1616 destructaque
1198 1557 1334 1600 tecta
1363 1546 1684 1602 reformatis.
1855 1542 1962 1598 240
1999 1543 2118 1598 Alte
2149 1552 2514 1597 constructum
2553 1543 2779 1612 perfecit
2806 1544 2982 1598 nobile
3014 1542 3288 1612 templum.

183 1639 274 1693 190
310 1637 521 1708 Colligit
549 1648 604 1692 et
632 1638 842 1694 fructus
871 1650 1096 1711 generat
1127 1655 1262 1709 quos
1296 1640 1518 1693 herbida
1575 1638 1751 1705 tellus,
1784 1617 1832 1678 Β
2002 1633 2105 1689 Per
2132 1635 2412 1704 girumque
2437 1633 2538 1687 loci
2570 1635 2772 1690 faciens
2804 1635 3107 1690 habitacula
3137 1635 3382 1704 claustri,

313 1729 513 1784 Nolens
541 1731 761 1786 inculta:
800 1731 838 1762 "
871 1733 985 1784 sine
1020 1731 1194 1785 fructu
1221 1747 1346 1784 rura
1373 1732 1574 1799 jacere.
2001 1727 2257 1794 Adjunxit
2292 1727 2452 1781 cellas
2483 1728 2706 1782 Domino
2738 1729 3124 1784 famulantibus
3155 1741 3328 1800 aptas,

308 1820 470 1874 Dives
501 1823 772 1890 possessis
795 1822 866 1874 ita
898 1838 1112 1890 semper
1138 1822 1335 1891 gaudet
1360 1823 1411 1874 in
1442 1821 1616 1885 arvis;
1996 1815 2097 1871 Hic
2128 1825 2186 1870 ut
2223 1817 2396 1870 securi
2431 1817 2614 1870 vivant
2638 1818 2756 1871 siue
2797 1819 3008 1872 turbine
3048 1820 3257 1884 mundi,

307 1909 389 1963 Ex
422 1925 658 1979 quorum
688 1920 904 1980 sumptu
940 1910 1165 1963 desudat
1199 1909 1367 1964 divite
1402 1910 1549 1962 cultu
2000 1906 2217 1960 Addeus
2240 1921 2302 1959 ex
2329 1907 2519 1975 opibus
2539 1921 2890 1975 quacumque
2919 1917 3239 1978 poposcerat
3282 1923 3434 1964 usus.

186 2006 240 2037 ν’
311 1999 576 2070 Pervigii,
598 1999 878 2054 arcelcsias
911 1999 1120 2052 Domini
1166 1999 1264 2054 sub
1316 2000 1520 2053 honore
1555 1998 1760 2052 dicatas
1858 1998 1966 2053 245
2006 1996 2133 2052 Tale
2165 1999 2552 2052 monasterium
2582 1999 2779 2054 Christi
2809 2001 2908 2055 sub
2935 2001 3134 2056 honore
3160 2003 3397 2057 dicatum

188 2090 283 2146 I95
318 2089 562 2146 Geminis
585 2093 772 2145 ornari
802 2093 1007 2144 varium
1037 2109 1121 2160 pet
1155 2101 1380 2144 stemma
1408 2090 1634 2153 metalli,
2003 2091 2106 2144 Iste
2129 2105 2278 2142 meus
2311 2089 2486 2143 studio
2513 2091 2744 2158 patravit
2773 2091 2855 2144 vir
2885 2090 3196 2161 Witigowo.

318 2181 384 2235 Et
410 2197 508 2250 per
537 2190 845 2235 structuras
882 2181 1061 2235 studet
1084 2182 1181 2235 has
1211 2195 1407 2248 augere
1431 2180 1658 2248 politas;
2004 2184 2099 2238 Est
2126 2193 2301 2237 tamen
2335 2184 2436 2238 hoc
2461 2198 2682 2254 operum
2715 2185 2886 2240 tenuis
2910 2184 3055 2239 velut
3090 2186 3278 2240 umbra
3309 2202 3436 2242 suo-

317 2273 483 2342 Cujus
505 2289 645 2343 opus
668 2273 830 2327 studii
865 2273 958 2326 tibi
988 2273 1173 2342 paucis
1204 2273 1413 2332 intimo,
1445 2271 1542 2325 ﬁli.
1629 2270 1758 2343 [tor,
3207 2275 3370 2349 [rpm,

319 2360 676 2416 Purchardus
697 2363 890 2417 ductor
914 2362 1013 2434 (6),
1041 2377 1265 2416 summa:
1294 2362 1582 2432 probitatis
1603 2378 1759 2414 ama-
2004 2364 2138 2420 Nam
2166 2363 2418 2436 graviora
2461 2363 2678 2434 quidem
2713 2373 3020 2436 perterrent
3069 2381 3335 2436 quemque
3369 2367 3447 2424 io-

319 2451 581 2522 Regalem
601 2452 1107 2516 ﬁscutn,Sleithciut
1133 2454 1510 2520 "cognomine
1534 2454 1759 2518 dictum,
3056 2453 3331 2526 [quentcm

189 2541 289 2598 200
321 2544 399 2596 Ad
429 2543 651 2598 laudem
691 2545 882 2598 matris
911 2545 1069 2599 nobis
1098 2545 1241 2598 dedit
1264 2543 1690 2608 Omuicreautis,
2006 2547 2093 2602 Sit
2119 2546 2369 2615 quamvis
2393 2547 2630 2614 sapiens,
2664 2545 2748 2599 his
2770 2555 2855 2600 est
2878 2546 3200 2600 tractatibus
3223 2561 3443 2618 expers.

319 2632 410 2688 Sic
442 2643 630 2688 tamen
646 2634 789 2688 hunc
809 2635 1072 2702 tribuens,
1094 2645 1216 2706 post
1237 2633 1354 2704 ejus
1376 2635 1558 2690 vivere
1580 2634 1622 2664 “
1645 2649 1765 2702 pre-
1863 2636 1972 2692 250
2009 2636 2238 2692 Finibus
2278 2636 2330 2688 in
2361 2635 2562 2700 multis,
2607 2651 2711 2705 qua
2741 2635 2882 2689 latus
2908 2635 3146 2690 tenditur
3170 2637 3336 2700 orbis,

1607 2724 1764 2798 [sens
2006 2728 2298 2784 Servitiqu
2336 2727 2546 2782 Domini
2581 2727 2890 2782 celebratur
2924 2728 3085 2782 corde
3123 2727 3265 2783 ﬁdeli

321 2813 586 2886 Conjugis
617 2824 778 2886 atque
810 2831 920 2870 sua:
943 2825 1063 2886 post
1094 2826 1340 2872 nostrum
1387 2816 1594 2871 dixerat
1620 2829 1759 2869 esse.
2008 2819 2065 2873 In
2093 2818 2262 2874 sacris
2289 2818 2563 2882 domibus,
2597 2833 2732 2888 quas
2761 2816 2980 2872 ﬁecerat
3015 2818 3129 2888 ipse
3159 2819 3444 2890 benignus.

325 2905 480 2960 Tunc
504 2907 657 2960 stetit
675 2908 760 2962 hic
776 2907 971 2962 multos
995 2908 1112 2961 sine
1133 2909 1334 2962 nostris
1351 2907 1538 2962 usibus
1559 2920 1761 2970 annos;
1796 2931 1860 2983 _-
2560 2943 2753 2983 NE“.

325 2994 459 3049 Nam
490 3007 777 3064 postquam
805 2997 930 3050 vitae
957 2996 1114 3051 ﬁnem
1146 2998 1250 3049 dux
1280 2996 1552 3050 clauserat
1579 2995 1692 3064 ipse
1712 2969 1754 3054 ,ί
1790 2969 1836 3032 C

193 3085 292 3140 205
324 3084 486 3140 Juxta
510 3087 822 3140 condictum
854 3086 1047 3155 eonjux
1075 3087 1150 3157 (7)
1174 3086 1487 3157 possederat
1516 3085 1689 3149 illum,

324 3173 457 3242 Quae
494 3183 618 3244 post
643 3175 784 3230 hunc
807 3177 989 3230 multis
1013 3178 1063 3230 in
1093 3177 1288 3232 mundo
1312 3177 1521 3230 vixerat
1552 3176 1728 3230 annis.

325 3265 396 3319 At
426 3266 646 3334 quando
671 3266 895 3331 domini,
936 3276 1180 3335 superest
1211 3268 1299 3336 qui
1320 3308 1334 3331 ,
1359 3266 1482 3335 jura
1532 3266 1729 3330 subivi,

326 3353 596 3424 Congruit
624 3366 680 3409 ut
707 3357 862 3411 donis
892 3367 1175 3426 promptus
1202 3358 1426 3412 servivit
1456 3357 1510 3411 in
1538 3358 1734 3428 amplis

326 3445 588 3500 Matrona:
617 3448 710 3501 tali
743 3449 905 3518 regali
937 3451 1105 3520 stirpe
1132 3451 1343 3514 fluenti,

197 3532 298 3589 9.10
330 3536 482 3602 Quod
515 3538 682 3606 gessit
707 3540 884 3592 studio
914 3554 1136 3609 sperans
1161 3540 1225 3593 de
1257 3539 1464 3594 faenore
1493 3549 1660 3606 tanto,

329 3629 601 3693 Quatinus
637 3628 752 3682 haec
802 3630 987 3683 eadem
1020 3627 1286 3700 ﬁaglando
1317 3629 1359 3661 ¹⁸
1380 3629 1460 3685 sic
1492 3647 1590 3701 per
1621 3645 1771 3683 amo-

1624 3719 1766 3793 [rem

331 3807 489 3864 Hune
541 3809 642 3863 sibi
684 3811 942 3864 continuo
987 3810 1222 3865 sociarct
1285 3811 1489 3866 findere
1537 3809 1712 3864 ﬁrmo.

331 3900 397 3954 Et
419 3900 634 3956 devicta
667 3902 780 3956 suis
803 3917 896 3971 per
925 3903 1065 3958 dona
1091 3905 1363 3958 mouentia
1393 3905 1555 3970 votis,

2010 3021 2204 3087 Mater,
2236 3021 2370 3076 mira
2402 3018 2577 3074 refers
2613 3017 2860 3074 muliebri
2889 3028 3108 3089 pectore
3137 3034 3372 3075 merens.

2011 3117 2217 3172 Gaudia
2246 3115 2447 3170 laetitia:
2477 3115 2572 3169 tibi
2605 3121 2816 3184 tergant
2838 3115 3021 3169 vivere
3051 3114 3203 3168 triste
3230 3129 3245 3177 ;

1869 3208 1978 3266 ἳῧῦ
2015 3207 2278 3262 Convenit
2315 3206 2416 3259 hoc
2443 3205 2630 3275 pocius
2660 3205 2759 3259 sub
2788 3205 2963 3274 patris
2993 3204 3238 3257 laudibus
3267 3202 3446 3272 hujus.

2015 3300 2070 3354 ld
2103 3315 2207 3353 neu
2236 3305 2612 3365 contemptus,
2653 3295 2746 3350 sed
2794 3295 2969 3350 honor
3007 3293 3097 3347 tibi
3129 3293 3326 3346 dicitur
3351 3309 3451 3346 au-

3213 3379 3377 3452 [ctus.

2017 3477 2246 3534 .ntendit
2274 3485 2417 3531 recte
2443 3491 2629 3546 regum
2660 3483 2866 3529 secreta
2898 3483 3101 3533 tenere,

2020 3569 2090 3624 Ut
2116 3569 2186 3624 sit
2210 3567 2541 3637 principibus
2572 3568 2775 3636 pariter
2798 3563 3066 3634 perfectus
3094 3562 3339 3628 amicus;

2013 3661 2139 3715 Inde
2170 3672 2358 3728 potens
2383 3673 2506 3712 vere
2535 3666 2658 3711 tuus
2688 3667 2771 3711 est
2801 3655 3050 3710 defensor
3071 3655 3292 3722 ubique.

1871 3751 1977 3806 260
2018 3751 2134 3811 Dic,
2174 3751 2216 3802 si
2247 3748 2479 3818 regiﬁcis
2504 3763 2756 3816 umquam
2790 3745 3049 3800 solamina
3089 3743 3244 3798 donis

2020 3840 2110 3894 llle
2145 3839 2235 3892 tibi
2270 3839 2452 3903 ferret,
2483 3837 2698 3908 quando
2721 3837 2785 3891 de
2811 3850 2935 3901 rege
2971 3833 3187 3888 rediret.

330 3991 386 4045 In
415 3991 656 4060 suajura
683 3993 854 4047 locum
879 3996 1108 4064 proprize
1125 3996 1167 4027 ¹⁸
1183 3998 1329 4049 dedit
1350 4006 1472 4050 ante
1501 4005 1766 4050 notatum.
2013 4062 2046 4069 _
2204 4060 2215 4069 _
2579 3963 2760 4002 “om
2822 4066 2830 4069 _
2936 4058 2966 4069 η
2994 4057 3005 4069 _

197 4075 299 4134 215
330 4058 569 4136 Plurima
599 4083 729 4150 quid
762 4058 933 4138 refero
947 4058 1297 4140 {Confestim
1335 4097 1556 4140 venerat
1585 4087 1693 4151 illo,

2013 4062 2115 4116 Prc
2144 4060 2339 4115 tulerat
2382 4069 2566 4125 certe;
2613 4074 2716 4113 non
2753 4066 2836 4113 est
2879 4058 3006 4112 mihi
3047 4071 3206 4127 posse
3233 4071 3452 4128 negare.

333 4171 608 4227 limitibus
638 4181 694 4225 et
719 4175 928 4228 cunctis
955 4177 1163 4230 uoviter
1186 4178 1446 4246 docteque
1472 4181 1692 4246 paratis,

333 4265 384 4300 In
413 4273 615 4300 nnrloc.
634 4264 814 4300 val-ima
838 4282 953 4300 nn-n
977 4266 1200 4300 cnlunmn
1246 4269 1357 4300 ἷηοη
1400 4277 1636 4300 ινηιηοιηο

2014 4155 2146 4208 Nam
2189 4163 2563 4207 testamentum
2595 4153 2733 4220 quod
2760 4166 2853 4221 per
2885 4150 3061 4221 regale
3085 4150 3316 4219 sigillum

2016 4245 2277 4300 hinnitum
2306 4242 2504 4300 fuerat.
2528 4243 2728 4296 dudum
2760 4241 3030 4296 redeundo
3065 4240 3295 4300 ferebat.

329 4265 386 4318 ιη
413 4273 615 4324 partes,
634 4264 817 4318 varias
838 4282 953 4324 mm
977 4266 1208 4321 solverat
1246 4269 1358 4324 ipsa
1400 4277 1658 4324 vetustas.
2016 4260 2277 4300 Mllfillllm
2306 4260 2504 4308 luerat,
2528 4260 2728 4296 uuuum
2760 4260 3030 4296 reucunuo
3065 4260 3295 4306 terebat,

335 4281 386 4318 tn
413 4281 615 4334 partes-
634 4281 817 4318 varias
838 4282 953 4335 quae
977 4281 1208 4321 sou'erat
1246 4285 1358 4337 ipsa
1400 4281 1658 4335 vetustas,
2016 4281 2277 4300 "'“"'“""
2306 4281 2504 4308 “‘"'“"
2529 4281 2728 4296 “““""'
2761 4281 3030 4296 '°""""“"
3065 4281 3291 4306 "ww"

335 4354 572 4410 ﬁdibus
602 4357 897 4411 προιεδίωη
920 4360 1122 4429 gemuit
1145 4377 1418 4430 censuque
1448 4362 1767 4432 negjecmm.
1799 4324 1845 4383 υ
1873 4336 1979 4391 265
2019 4336 2070 4390 iu
2109 4351 2216 4406 quo
2244 4335 2465 4389 libertas
2490 4349 2607 4388 mea
2646 4335 2997 4403 ﬁrmaturque
3028 4342 3291 4404 potestas.

111 4507 158 4550 α
334 4448 510 4513 Quam
541 4447 970 4519 circumcingens
1000 4461 1052 4504 et
1083 4450 1302 4506 fundum
1341 4454 1510 4509 lacius
1542 4471 1766 4525 augens,
2574 4463 2766 4502 POETA-

205 4536 304 4592 220
340 4538 494 4593 Fecit.
531 4553 666 4607 opus
692 4539 918 4605 clarum,
937 4541 1156 4596 Domino
1181 4545 1456 4612 pernobile
1492 4548 1766 4616 templum,
2021 4559 2124 4614 per
2150 4575 2269 4627 qua,
2293 4558 2451 4612 debet
2475 4559 2520 4612 ei
2554 4558 2684 4612 dare
2715 4565 2895 4628 grates
2919 4558 3099 4610 contio
3135 4557 3306 4611 nostri
3333 4572 3348 4619 ς

341 4632 652 4702 Αάὶυηεεηε
673 4648 884 4687 υηηιθιη
917 4634 1007 4702 ‘1“i
1046 4638 1312 4711 congruit.
1339 4653 1466 4691 ecce
1496 4640 1766 4696 decorem.
2022 4649 2153 4702 Nam
2186 4658 2313 4703 sunt
2349 4649 2654 4702 communis
2701 4647 2974 4702 liberrima
3015 4649 3212 4717 scripta
3240 4647 3452 4700 salutis.

337 4720 524 4775 Rebus
547 4731 601 4776 et
625 4723 790 4792 ipsius
814 4739 959 4778 nunc
982 4725 1396 4780 :ccclesiasticus
1426 4744 1552 4783 usus

2021 4741 2133 4794 lloc
2163 4742 2226 4793 ad
2265 4739 2624 4808 gaudendum,
2657 4755 2760 4792 non
2794 4737 2932 4790 tristi
2965 4753 3112 4791 more
3146 4737 3454 4797 dolendum,

346 4811 553 4867 δυΠῘεῙι
580 4830 702 4870 CCCC
731 4816 880 4879 100οὲ
907 4816 1146 4871 laudetur
1167 4819 1415 4874 Christus
1445 4821 1495 4875 in
1523 4823 1630 4878 illo.
2026 4830 2121 4894 Te,
2157 4847 2300 4902 rogo,
2336 4842 2673 4886 commoveat
2711 4829 2837 4900 quia
2881 4829 2958 4882 sic
3005 4838 3090 4882 tua
3124 4837 3333 4896 sceptra
3363 4842 3457 4879 eo-

348 4905 441 4958 Est
467 4906 704 4978 alterque
735 4923 912 4978 pagus
935 4917 1116 4963 uoster
1145 4912 1419 4984 Funginga
1453 4929 1696 4982 vocatus,
3121 4917 3386 4988 [ruscanL

212 4992 316 5049 225
353 4994 576 5051 Pulcher
603 5000 650 5053 in
675 5007 922 5069 aspectu,
955 5000 1052 5052 sub
1081 5002 1252 5059 cultus
1277 5004 1464 5064 fertilis
1487 5025 1583 5067 usu
1603 5053 1619 5078 ,

1878 5011 1987 5066 270
2027 5014 2121 5068 Dic
2152 5022 2226 5078 et,
2261 5010 2584 5080 apostolicos
2607 5025 2732 5066 cum
2757 5009 2954 5063 viseret
2988 5006 3075 5060 ille
3097 5014 3354 5075 patronos

353 5088 518 5154 Quem
543 5091 678 5146 dedit
707 5089 966 5162 inprimis
1002 5091 1124 5146 mihi
1155 5107 1304 5151 certo
1331 5097 1528 5160 findere
1555 5104 1700 5161 dotis
2030 5109 2232 5173 Romae,
2267 5118 2388 5177 post
2417 5102 2656 5159 reditum
2697 5103 2789 5158 tibi
2825 5100 2987 5153 ferret
3017 5098 3170 5150 utinh-
3203 5097 3436 5140 dativum

1464 5213 1708 5292 unus:
1755 5214 2136 5268 i.ECT”‘"”‘

288 5289 324 5316 “
353 5289 390 5340 i-
422 5305 465 5340 ει
493 5291 692 5350 inculte.
775 5294 820 5325 “
849 5293 906 5344 in
929 5309 1087 5350 mrra.
1115 5297 1412 5350 Scitinvlcrn
1441 5289 1592 5350 ιέιηηη
