3948 5350
536 242 646 316 3‘59
1523 253 2272 332 PURCBARDLMONACHI
2308 255 2691 315 auersus”
3688 267 3785 326 ιω

1248 380 1430 422 aucta.
2145 373 2196 432 Α
2223 365 2328 422 520
2367 367 2484 423 Una
2512 368 2671 424 beate
2701 366 2794 424 tibi
2818 379 3204 445 protomartyr,
3234 370 3529 446 Stephano,
3563 376 3755 436 Christi

684 456 836 525 Quod
867 455 1013 513 dedit
1039 455 1153 528 ipse
1176 456 1329 522 mihi,
1360 456 1486 512 licet
1509 470 1685 513 essem
1706 463 1926 526 pectore
1952 453 2116 520 tristi,
2364 458 2462 515 Est
2488 469 2693 525 erecta,
2724 477 2914 532 preces
2931 472 2994 517 ιιι
3018 464 3258 521 clemens
3284 466 3398 536 ipse
3433 477 3693 539 receptes,

683 548 816 603 Tale
842 546 943 602 fuit
974 548 1197 614 donum,
1228 563 1335 617 quo
1365 564 1469 603 non
1506 548 1803 619 preciosius
1828 549 2033 616 ullum;
2366 547 2515 615 Quas
2544 549 2857 605 devotorum
2895 552 2990 608 tibi
3031 554 3204 610 fundit
3228 556 3411 611 contio
3438 551 3667 614 fratrum

678 640 734 695 In
772 655 878 709 quo
914 638 1161 708 ponendo
1187 655 1358 708 spem,
1394 638 1536 693 nulla
1562 639 1761 709 pericla
1789 638 2065 710 pavesco:
2362 639 2569 705 Altera,
2600 639 2880 707 Laurenti,
2921 644 3012 698 tibi
3043 645 3286 700 cernitur
3308 656 3472 715 atque
3500 641 3690 714 dirarl,

535 730 642 788 275
675 731 786 788 Vas
813 729 1191 797 cristallinum,
1221 729 1425 784 Christi
1453 730 1519 785 de
1547 728 1812 801 sanguine
1835 729 2077 800 plenum.
2364 727 2442 783 Tu
2473 730 2635 784 simul
2666 739 2723 786 ιιι
2757 734 2895 788 votis
2922 743 2973 788 te
2998 735 3101 790 rite
3127 737 3475 806 precantibus
3498 754 3662 793 ausus.

734 833 742 839 '
1106 888 1109 891 Α
1231 837 1424 876 poma.
2219 818 2326 875 325
2361 818 2419 875 ln
2448 821 2627 877 medio
2657 836 2891 893 quarum
2923 824 3236 896 Witigowo,
3271 844 3460 883 norma
3496 829 3783 900 bonorum,

673 912 805 969 Dico
828 912 1114 968 laetantur:
1141 911 1326 969 Gaude
1363 927 1528 977 nunc,
1556 908 1728 984 Augia
1759 920 1951 980 mater,
2356 911 2545 967 Erexit
2582 913 2782 967 celsam
2821 915 3013 971 studiis
3040 915 3372 975 ferventibus
3398 933 3573 983 aram,

674 1000 892 1058 Munere
916 1020 1014 1074 pro
1039 1002 1162 1067 tali,
1192 1018 1314 1058 cum
1345 1002 1421 1058 sis
1450 1001 1660 1058 felicior
1695 1002 1845 1057 omni
2364 1001 2516 1059 Hauc
2550 1020 2750 1059 ornans
2782 1006 2961 1061 tabula
2994 1008 3220 1078 gemmis
3246 1024 3491 1079 auroque
3517 1019 3704 1081 parata

672 1092 912 1161 Mundo;
943 1111 1105 1164 quam
1138 1094 1264 1150 felix
1302 1106 1385 1150 est
1412 1104 1466 1149 et
1500 1106 1621 1149 tuus
1645 1095 1732 1150 ille
1761 1094 1953 1165 fidelis,
2361 1093 2476 1162 Qua
2501 1094 2746 1150 Januarii
2784 1098 3261 1155 concluseratossa
3288 1100 3454 1156 beati.

674 1183 900 1240 Subtilis
924 1184 1083 1241 talem
1112 1185 1207 1239 tibi
1236 1185 1322 1241 cui
1353 1183 1631 1255 conjunxit
1655 1185 1950 1255 honorem,
2359 1182 2417 1236 lu
2449 1181 2539 1236 Iuli
2574 1185 2806 1253 primum
2839 1188 3015 1241 studio
3044 1189 3371 1259 perduxerat
3396 1205 3622 1244 annum.

527 1272 634 1331 280
671 1273 730 1329 1n
754 1291 882 1345 quo,
918 1275 1139 1342 domna,
1174 1279 1322 1331 vales
1347 1276 1625 1346 culparum
1655 1287 1866 1346 tergere
1901 1277 2111 1344 sordes,
2214 1268 2321 1326 550
2359 1270 2527 1327 Voces
2541 1274 3065 1349 omnigeuaadicant;
3082 1276 3200 1331 Tibi
3215 1276 3781 1351 gloria,Christel(t")

672 1364 867 1422 Hostes
894 1382 956 1422 ac
974 1368 1176 1439 gemini
1206 1369 1302 1423 tibi
1332 1384 1438 1423 non
1470 1378 1617 1439 sunt,
1646 1371 1829 1436 crede,
1864 1369 2109 1425 timendi.
2432 1361 2503 1418 Ut
2524 1381 2718 1421 cursus
2752 1367 2880 1421 anni
2909 1377 3034 1423 tunc
3061 1370 3328 1424 advenere
3347 1370 3574 1425 secundi
3599 1369 3750 1443 (986).

665 1456 737 1513 Ει
758 1457 978 1529 reliquis
997 1460 1190 1530 opibus
1216 1460 1260 1517 si
1296 1472 1347 1516 te
1371 1471 1526 1531 pater
1555 1462 1669 1532 ipse
1692 1462 1885 1517 beatus
2358 1453 2536 1510 Divini
2561 1456 2737 1512 cultus
2766 1474 2873 1513 non
2904 1459 3194 1515 immemor
3220 1459 3311 1515 ille
3337 1461 3554 1526 beatus,

666 1546 785 1605 Non
817 1550 1020 1605 claram
1053 1550 1288 1619 faceret,
1322 1560 1502 1607 tamen
1531 1553 1646 1608 haec
1671 1554 1796 1608 data
1834 1554 1991 1608 dona'
2016 1569 2113 1610 no-
2357 1543 2591 1599 PUlChl‘e
2619 1547 2902 1602 formulam
2933 1549 3077 1619 cepit
3107 1549 3331 1606 fundare
3352 1550 3637 1621 capellam.

1807 1642 2031 1716 ﬂarent,
2354 1634 2518 1691 Porta
2550 1639 2866 1694 monasterii
2900 1654 3005 1709 qua
3031 1640 3218 1709 pandit
3246 1641 3429 1711 pervia
3459 1642 3700 1711 claustri,

669 1731 741 1789 Ut
770 1748 1125 1805 praecessores
1153 1735 1359 1791 meritis
1387 1735 1706 1807 precelleret
1752 1751 1962 1791 omnes.
2138 1741 2184 1802 Β
2211 1727 2317 1783 555
2354 1728 2626 1786 Omnibus
2650 1745 2963 1802 aggressum
2992 1731 3372 1788 demonstrans
3392 1742 3556 1802 atque
3586 1746 3779 1805 regreso

526 1824 632 1883 285
671 1824 965 1884 Tantorum
989 1827 1173 1884 laudes
1195 1844 1442 1899 operum,
1468 1830 1609 1885 Deus
1631 1829 1815 1900 accipe
1837 1830 2103 1886 clemens!
3561 1824 3704 1898 [sum

666 1915 802 1971 Nam
829 1918 971 1988 quod
994 1916 1048 1985 in
1078 1917 1164 1974 his
1192 1919 1408 1974 canitur
1438 1930 1526 1974 tua
1550 1920 1719 1991 gloria
1745 1918 1971 1990 lausque
1992 1935 2110 1991 pro-
2353 1912 2524 1981 Qllam
2554 1914 2654 1969 sub
2680 1913 2926 1970 Pirminii
2958 1915 3192 1970 sacravit
3223 1915 3432 1970 honore
3456 1915 3641 1983 beali,‘

650 1993 661 2006 ⁸
1832 2009 2036 2083 [batnr,
2350 2005 2450 2073 Qui
2481 2016 2666 2077 pastor
2695 2009 2871 2078 primo
2902 2025 2987 2064 me
3012 2010 3151 2064 rexit
3178 2025 3361 2065 amore
3389 2018 3645 2080 paterno.

674 2098 746 2153 Es
771 2098 862 2169 qui
889 2112 986 2170 per
1011 2107 1219 2170 patrem
1246 2099 1500 2173 dignatus
1528 2101 1746 2156 mittere
1769 2100 1931 2156 talem
2346 2097 2477 2153 lude
2508 2115 2730 2153 ntorans
2757 2099 2908 2169 operi
2933 2100 3029 2165 ttil,
3051 2099 3232 2169 junxit
3259 2115 3463 2156 moenia
3491 2101 3727 2169 claustri,

665 2189 903 2259 Angensi
935 2191 1114 2256 matri,
1156 2207 1264 2262 quo
1295 2192 1554 2263 plaudant
1582 2207 1806 2248 munere
1844 2191 1983 2248 nati.
2347 2187 2446 2244 Hic
2490 2191 2582 2245 ubi
2623 2191 2881 2246 circuitus
2906 2190 3082 2246 fuerat
3115 2208 3220 2247 non
3252 2192 3353 2248 rite
3382 2202 3659 2263 peractus,

669 2276 835 2336 Nobis
859 2281 1084 2338 alternis
1119 2291 1201 2338 est
1231 2299 1410 2339 sermo
1436 2284 1529 2340 sed
1561 2286 1685 2356 quia
1711 2285 1893 2351 dictis.
2207 2278 2314 2337 540
2351 2280 2465 2336 Hac
2492 2280 2735 2337 Januarii
2767 2298 2963 2353 supera
2992 2284 3059 2340 de
3086 2295 3240 2354 parte
3272 2285 3417 2340 beati

525 2368 631 2428 290
668 2370 871 2426 llorum
904 2371 1226 2442 templorum
1259 2383 1588 2429 structuram
1611 2416 1627 2441 ,
1654 2391 1860 2446 quaeso,
1892 2368 2107 2432 tuorum
2352 2373 2621 2431 Culminis
2646 2374 2926 2439 recole-site,
2956 2390 3118 2445 quem
3151 2386 3263 2430 tum
3284 2375 3589 2446 perfecerat
3615 2375 3747 2447 ipse,

665 2464 746 2519 Ad
770 2463 983 2519 laudem
1020 2464 1229 2519 Domini
1255 2465 1377 2534 quis
1399 2464 1610 2533 fecerit,
1640 2468 1739 2522 ede
1768 2467 1996 2538 roganti.
2354 2462 2535 2535 Atque
2564 2465 2764 2535 gradus
2788 2480 2924 2521 saxo
2950 2465 3078 2520 fecit
3103 2475 3226 2537 post
3253 2466 3353 2521 ista
3385 2465 3579 2536 polito,

665 2555 914 2628 Pingitur
942 2565 1212 2611 astrorum
1241 2554 1392 2611 vario
1420 2556 1567 2612 velut
1594 2556 1788 2612 ordine
1811 2556 2006 2613 coelum
2023 2596 2041 2625 ,
2351 2556 2643 2613 Scanditnr
2668 2556 2928 2614 tecclesite
2955 2573 3051 2629 per
3074 2574 3212 2629 quos
3235 2560 3303 2615 ad
3328 2558 3516 2614 limina
3538 2569 3721 2630 portat.

664 2649 757 2704 Sic
792 2650 1041 2705 redimita
1068 2650 1174 2704 tuis
1202 2649 1436 2705 stellaris
1458 2657 1514 2705 et
1544 2650 1658 2719 ipsa
1688 2650 1926 2706 sacellis.
2351 2646 2502 2703 Picta
2529 2659 2711 2703 manet
2734 2636 3135 2705 muro'necnon
3164 2648 3460 2705 Genitricis
3480 2649 3685 2721 imago,

661 2738 776 2796 Hoc
804 2740 970 2796 decus
993 2754 1114 2795 esse
1147 2740 1242 2795 tibi
1273 2754 1373 2796 nec
1415 2741 1596 2810 prisco
1636 2750 1877 2811 tempore
1903 2741 2035 2808 vidi,
2207 2739 2315 2796 355
2353 2740 2410 2795 ιιι
2437 2740 2645 2810 gremio
2665 2740 2942 2796 Christum
2970 2742 3257 2813 gestantis,
3299 2743 3497 2813 pignus
3522 2757 3772 2807 amorum,

521 2830 626 2888 £95
663 2831 798 2888 Cum
829 2841 984 2902 pater
1008 2832 1062 2887 in
1090 2834 1292 2889 mundo
1319 2828 1710 2903 Ruodmanuus
1736 2835 1946 2891 vixerat
1967 2834 2107 2901 isto,
2350 2832 2522 2897 Quom
2546 2829 2813 2902 graduum
2830 2829 3033 2887 fratres
3048 2832 3206 2902 proni
3226 2846 3390 2903 super
3403 2830 3771 2901 allaiacenles.

661 2920 920 2988 Quamvis
940 2929 997 2975 et
1024 2922 1195 2991 ipsius
1216 2931 1393 2978 stares
1420 2922 1683 2978 ditissima
1711 2924 1893 2979 rebus.
2214 2928 2283 2961 -κ
2353 2920 2574 2976 Orando
2608 2929 2859 2991 tangunt,
2888 2935 2954 2977 ac
2980 2929 3166 2977 sancta
3193 2935 3292 2993 per
3315 2922 3504 2977 oscula
3527 2921 3771 2977 lambunt.

662 3008 859 3066 Maenia
895 3018 1044 3065 tanta
1075 3011 1248 3065 virum
1277 3012 1460 3083 peragi
1491 3028 1571 3068 sm
1604 3029 1760 3085 posse
1782 3029 1880 3085 per
1904 3032 2102 3087 unum,
2349 3012 2424 3067 At
2447 3011 2590 3067 latus
2618 3012 2686 3066 ad
2710 3012 2963 3068 dextrum
2989 3013 3170 3083 signat
3196 3014 3410 3083 pictura
3436 3012 3660 3069 beatum

664 3100 853 3168 Miror,
883 3103 966 3158 bis
991 3102 1173 3173 quinis
1196 3110 1303 3158 tam
1327 3104 1479 3174 parvi
1504 3106 1764 3176 temporis
1788 3107 1969 3175 annis,
2133 3096 2181 3163 C

2133 3096 2181 3163 C
2358 3102 2761 3172 Evangelistam
2787 3101 3052 3168 Marcum,
3079 3101 3383 3173 faciemque
3406 3104 3663 3158 decoram

584 3206 587 3207 '
666 3194 747 3250 Ex
775 3193 927 3250 obitu
956 3210 1213 3250 numerus
1247 3211 1383 3266 quos
1410 3197 1601 3252 ordine
1628 3199 1870 3254 continet
1898 3199 2032 3270 eius.
2205 3194 2313 3253 350
2349 3194 2480 3250 Fert
2500 3193 2791 3248 Januarius
2807 3193 2929 3250 levo
2955 3195 3055 3249 sub
3082 3195 3327 3267 margine
3352 3195 3555 3264 pictus,

520 3284 630 3344 300
663 3284 723 3341 ln
750 3282 971 3341 meliora
1012 3285 1191 3342 locum
1222 3287 1450 3342 mutavit
1474 3288 1615 3357 quis,
1646 3304 1799 3360 rogo,
1826 3298 1997 3345 totum
2348 3285 2484 3343 Orat
2510 3300 2648 3356 quos
2673 3284 2865 3341 ambos
2891 3285 3108 3341 devotio
3133 3294 3320 3341 nostra
3343 3292 3639 3354 pa‘ronos;

662 3376 821 3433 Hunc
864 3377 1086 3448 pulchre
1115 3393 1385 3435 renovaus
1412 3379 1747 3451 gemmisque
1776 3370 2104 3439 micantibus
2347 3373 2502 3445 Piugi
2524 3390 2663 3445 quos
2689 3374 2810 3429 ideo
2830 3373 3002 3430 voluit
3022 3376 3253 3431 domnus
3279 3374 3594 3445 Witigowo,

1345 3482 1351 3493 '
1770 3469 2035 3544 [ornansr
2351 3463 2422 3520 Ut
2443 3463 2757 3520 defensores
2788 3462 3084 3520 defendant
3113 3465 3352 3535 undique
3377 3464 3512 3519 tales

1227 3575 1407 3616 AUGIA.
2343 3555 2454 3611 Nos
2474 3571 2541 3610 ex
2566 3554 2776 3610 insidiis
2799 3554 2886 3611 his
2914 3554 3331 3610 adversantibus
3354 3554 3550 3609 hostis.

664 3649 949 3707 Pulchrius
971 3659 1031 3707 ut
1065 3652 1245 3708 cernis
1271 3653 1416 3722 quod
1445 3650 1611 3724 fulget
1662 3669 1697 3709 ιι
1725 3653 1930 3711 aedibus
1959 3656 2102 3726 istis,
2203 3647 2310 3704 355
2348 3645 2599 3702 Iusserat
2619 3654 2676 3699 ct
2707 3653 2877 3699 totum
2900 3645 3141 3715 pictores
3161 3644 3386 3716 pinsere
3404 3643 3726 3708 claustrum;

667 3741 783 3797 Hoc
815 3751 984 3797 totum
1015 3741 1164 3809 fecit,
1195 3742 1352 3798 modo
1384 3744 1476 3814 qui
1507 3743 1785 3814 proximus
1816 3742 1992 3801 hmsit.
2348 3737 2488 3792 Sum
2510 3735 2615 3791 illa:
2638 3735 2837 3790 labllli!‘
2858 3750 2980 3815 quae
3000 3751 3099 3806 per
3123 3734 3399 3805 laquearia
3428 3735 3608 3805 υἱοικ.

663 3832 799 3887 Nam
827 3833 975 3889 velut
1003 3833 1327 3904 ipsecanis,
1375 3833 1578 3889 domini
1609 3836 1675 3889 de
1704 3847 1876 3892 morte
1906 3837 2105 3906 prioris
2346 3828 2638 3898 Signanles
2666 3835 2880 3896 patrum
2909 3825 3037 3881 facti
3062 3826 3393 3882 monimenta
3423 3827 3698 3896 priorum;

518 3927 627 3986 305
659 3928 917 3984 Ascendit
945 3928 1215 3984 decimum
1249 3942 1392 3983 nunc
1426 3927 1600 3983 orbita
1630 3926 1758 3982 solis
1786 3927 1839 3982 in
1875 3943 2099 3996 annum,
2345 3919 2543 3975 Vivere
2573 3918 2717 3989 quod
2749 3917 2928 3987 bellis,
2951 3934 3073 3988 qua:
3096 3919 3446 3973 conversatio
3464 3919 3620 3990 pacis

662 4020 809 4089 Quos
845 4036 932 4077 me
965 4020 1235 4091 predoctzc
1261 4018 1304 4051 “
1333 4018 1623 4089 Witigowo
1653 4026 1867 4074 rexerat
1908 4020 2028 4074 iste.
2346 4014 2460 4069 lllis
2486 4022 2614 4068 tunc
2635 4012 2837 4078 fuerat,
2864 4021 3035 4067 totum
3060 4013 3271 4083 pictura
3299 4012 3499 4083 figurat

660 4113 742 4170 Ac
766 4124 825 4168 ut
846 4113 1089 4185 prccinui
1107 4155 1122 4177 ,
1151 4113 1278 4168 licet
1305 4112 1412 4168 huc
1449 4111 1679 4182 illucque
1704 4112 1887 4182 vagari
2203 4106 2309 4165 360
2346 4104 2631 4160 lntroitum
2664 4102 2912 4169 claustri,
2937 4118 3097 4172 quem
3121 4102 3300 4157 verbis
3321 4111 3450 4157 ante
3475 4100 3675 4168 notavi,

661 4203 965 4274 Numquam
992 4215 1254 4268 cessaret,
1278 4204 1408 4265 mihi
1445 4218 1603 4257 rarus
1623 4217 1839 4270 semper
1861 4210 1914 4256 et
1934 4210 2100 4270 esset,
2348 4194 2459 4251 Sub
2481 4192 2654 4248 forma
2686 4201 2903 4262 patrum
2928 4192 3095 4263 jussit
3112 4192 3327 4246 variare
3352 4206 3623 4260 meorum,

662 4294 891 4366 impigre
910 4294 1124 4348 nullum
1155 4303 1334 4349 tamen
1362 4293 1730 4349 intermiserat
1757 4307 1992 4359 annum,
2342 4284 2490 4351 QUOS
2519 4282 2650 4336 mihi
2679 4281 2917 4352 Prelalos
2939 4280 3071 4337 ῖθείι
3093 4280 3324 4352 Ρΐθιίιιίο
3347 4281 3563 4352 diem.

519 4385 626 4442 3l0
663 4385 817 4441 Hunc
851 4384 1030 4455 operis
1065 4385 1208 4439 facto
1242 4383 1370 4452 quin
1401 4382 1653 4438 claudere
1682 4381 1843 4437 vellet
1871 4382 1925 4438 iu
1950 4398 2096 4451 uno;
2128 4449 2159 4455 _
2347 4376 2404 4432 In
2435 4388 2781 4445 quocumque
2803 4372 2923 4429 loco
2939 4371 3085 4428 soliti
3112 4380 3239 4427 sunt
3268 4386 3497 4427 cernere
3527 4383 3700 4442 primo

659 4480 729 4536 Et
753 4449 967 4549 quando
997 4478 1139 4546 cepit
1167 4477 1246 4531 vel
1263 4449 1491 4546 quando
1516 4483 1669 4545 cepta
1692 4475 1917 4545 peregit,
2083 4449 2088 4451 γ
2126 4449 2159 4511 Ῑ
2345 4467 2449 4536 Qui
2479 4465 2706 4523 veniunt
2740 4462 3001 4535 templum
3041 4462 3272 4518 Domino
3314 4461 3389 4517 sit
3422 4461 3583 4532 quale
3619 4474 3757 4533 para.

660 4570 813 4627 Nunc
844 4569 939 4625 tibi
966 4568 1251 4640 colloquiis
1277 4584 1306 4623 a
1337 4581 1424 4633 me
1454 4576 1784 4623 monstratur
1810 4567 2033 4638 apertis.
3547 4549 3572 4628 [
3581 4563 3689 4633 tum
3720 4566 3735 4603 :

736 4658 966 4731 Ceperat
999 4658 1054 4714 in
1089 4658 1265 4730 primo
1297 4656 1426 4713 mihi
1469 4672 1592 4712 cum
1629 4657 1963 4713 dominarier
2001 4673 2098 4713 an—
2200 4652 2308 4711 565
2346 4671 2366 4705 ‹
2394 4649 2474 4707 Tu
2496 4648 2610 4723 (10)
2632 4662 2847 4720 quoque
2872 4645 3094 4703 vilescis
3117 4643 3253 4700 tanti
3284 4644 3500 4716 privata
3518 4642 3738 4731 decoris.

1752 4748 1845 4822 [no
1860 4749 2030 4822 (955),
2344 4742 2427 4800 Un
2448 4756 2553 4796 non
2585 4756 2689 4793 una
2716 4738 2811 4793 tibi
2838 4738 3031 4793 domus
3054 4744 3160 4800 est,
3189 4750 3312 4804 quae
3335 4734 3511 4803 possit
3537 4729 3715 4789 haberi

662 4841 757 4900 Est
780 4841 855 4915 (9)
883 4842 1027 4898 latus
1046 4839 1301 4898 recclesia:
1329 4840 1507 4896 levum
1530 4840 1808 4911 genitricis
1827 4842 1893 4896 ad
1923 4840 2097 4908 almae,

2065 4856 2097 4908 ξ,
2341 4833 2482 4901 Apta
2512 4829 2819 4886 ministerio
2839 4827 3066 4893 Christi,
3093 4824 3372 4915 p0pttlaris
3393 4833 3450 4881 et
3470 4825 3624 4915 ordo.

517 4934 624 4993 515
660 4914 914 4992 Fundans
940 4933 1198 4990 eximium
1227 4934 1418 4989 devota
1441 4941 1620 4987 mente
1645 4931 1919 4996 sacellum,

2340 4920 2451 4977 Nec
2467 4929 2650 4976 teneat
2666 4919 2921 4989 spatium,
2939 4917 3039 4973 sub
3055 4929 3162 4986 quo
3176 4914 3510 4986 glomeretur
3522 4914 3578 4969 in
3589 4925 3754 4969 unum.

660 5026 813 5095 Quod
841 5025 1082 5082 Januarii
1110 5023 1280 5080 voluit
1307 5024 1407 5079 sub
1438 5023 1645 5078 honore
1678 5023 1882 5089 dicari,
2339 5014 2499 5071 Juxta
2521 5013 2664 5084 quod
2690 5026 2931 5083 possum,
2971 5023 3114 5065 nunc
3151 5014 3238 5064 est
3277 5006 3412 5063 mibi
3444 5006 3583 5063 velle
3626 4999 3757 5060 beni-

3488 5095 3509 5126 f'
3525 5110 3680 5126 ...ιι-..η
3710 5107 3725 5123 ο
