3948 5350
160 333 243 388 561
952 328 1232 384 CARMEN
1269 329 1356 384 DE
1390 316 1633 385 GESTI‘S
1674 323 2157 382 WlTlGOWONIS
2195 327 2502 383 ABBATIS.
3294 322 3401 378 601

283 438 529 509 Equalis
550 438 708 509 spatii
727 438 983 507 junctura
1009 442 1227 495 circiter
1248 443 1431 506 omni;
1747 440 1796 503 Α
1968 438 2137 509 llujus
2166 440 2218 494 in
2246 441 2502 496 aecclesize
2528 438 2726 503 medio,
2754 452 2917 509 quam
2952 436 3081 494 fecit
3106 446 3159 496 et
3192 438 3327 508 ipse,

280 531 400 585 Fiat
429 533 814 585 obulnbratum
849 533 1054 599 pariter
1098 542 1405 603 tectumque
1436 548 1532 602 per
1552 548 1719 586 unum
1966 529 2021 582 lu
2056 530 2309 597 gradibus
2340 531 2567 599 positam
2597 530 2879 584 sublimem
2911 529 3132 584 sustulit
3153 546 3325 592 aram,

281 621 413 674 Illud
453 636 590 690 opus
633 629 911 686 nostrum,
960 632 1215 692 superest
1260 633 1316 677 et
1364 624 1505 693 quod
1562 626 1721 677 modo
1964 618 2165 672 Fronte
2192 621 2291 673 sub
2320 622 2542 674 adversa
2575 636 2691 688 quae
2718 620 2940 690 respicit
2968 621 3106 673 ostia
3131 629 3341 684 contra,

1407 715 1689 785 [pi-iscum,
1820 708 1926 763 420
1966 708 2034 763 Ut
2064 726 2183 765 mos
2208 720 2307 775 cst,
2336 712 2568 765 tabulam
2586 713 2670 765 cui
2697 721 2825 766 tunc
2853 710 2966 781 pre!

1820 708 1926 763 420
1966 708 2034 763 Ut
2064 726 2183 765 mos
2208 720 2307 775 est,
2336 712 2568 765 tabulam
2586 713 2670 765 cui
2697 721 2825 766 tunc
2853 709 3156 781 prefecerat
3182 725 3345 765 unatn

188 801 245 854 75
280 803 343 855 Et
364 803 445 857 sic
471 802 731 859 {ecclesiae
760 804 1038 860 firmemus
1067 806 1305 861 culmina
1334 824 1561 879 magnze.
1594 825 1613 859 ι
1961 799 2281 869 Fulgentem
2315 802 2504 856 solidis
2535 804 2649 855 auri
2680 804 2745 856 de
2777 803 2915 857 mole
2941 803 3178 857 talentis.

275 892 484 947 Gaudia
519 904 647 948 tunc
675 896 859 950 animo
890 896 1063 950 ratem
1094 914 1179 951 me
1201 914 1452 965 promere
1476 899 1606 963 ιριο,
1962 889 2066 942 Per
2088 890 2491 957 cujusmedium
2516 891 2789 959 speculum
2809 900 2955 960 patet
2976 906 3104 946 ecce
3118 907 3396 959 serenum,

277 983 402 1053 Ejus
432 986 581 1054 quod
604 986 748 1040 dulci
781 987 945 1041 verbo
969 1004 1054 1041 me
1074 990 1304 1058 contigit
1324 990 1433 1054 uti;
1960 979 2114 1045 Quod
2141 981 2347 1048 pariter
2372 982 2562 1035 viridis
2584 983 2740 1035 vitrei
2771 992 2955 1036 manet
2982 992 3146 1051 atque
3176 984 3394 1051 coloris,

276 1074 484 1127 Mecum
511 1090 636 1128 nam
669 1090 796 1128 raro
819 1077 1042 1130 verbum
1067 1078 1391 1146 permusitat
1421 1077 1682 1131 ullunl.—-
1960 1068 2016 1123 lu
2038 1085 2146 1137 quo
2168 1071 2398 1139 quisque
2420 1087 2575 1124 suum
2606 1071 2747 1125 valet
2772 1084 2895 1141 apte
2914 1088 3140 1127 cernere
3162 1073 3395 1128 vultum.

281 1180 299 1211 ι
327 1163 543 1225 Gratia,
569 1165 789 1230 domne,
820 1168 948 1222 tibi:
988 1177 1098 1220 tum
1123 1168 1263 1221 ηυχο
1288 1169 1489 1238 ρυριίιε
1513 1168 1644 1234 dixi,
1817 1158 1924 1213 425
1962 1159 2020 1214 Si
2044 1162 2167 1227 quis
2190 1161 2243 1214 in
2270 1162 2570 1216 :ecclesiam
2597 1162 2841 1232 graditur
2867 1162 2947 1216 vel
2980 1163 3195 1231 pervius
3225 1163 3393 1233 ipsam

152 1253 242 1307 580
270 1254 402 1307 Miro
430 1256 525 1323 qui
555 1256 710 1309 cultu
745 1273 927 1311 rerum
958 1260 1219 1328 varioque
1243 1268 1433 1328 paratu
1808 1280 1809 1283 ‘
1958 1251 2156 1307 Coram
2181 1267 2240 1306 δε
2268 1267 2489 1320 ρτοηιιε.
2514 1262 2722 1306 "illum
2748 1254 2924 1321 P05Cit
2953 1262 3009 1305 ιιι
3030 1268 3181 1315 “Sus.

274 1344 353 1397 Me
383 1347 556 1399 decus
589 1362 713 1401 esse
747 1349 884 1404 facis
914 1352 1146 1405 diversis
1172 1354 1417 1421 partibus
1438 1354 1605 1407 orbis.

1956 1341 2098 1397 Ecce
2131 1352 2276 1396 retro
2302 1345 2533 1411 positum
2560 1344 2746 1398 rutilat
2779 1344 3074 1424 spectabile
3107 1354 3298 1400 totum.

273 1432 465 1489 omnia
490 1452 613 1505 qua;
629 1437 903 1507 placeam,
924 1441 1019 1493 tibi
1044 1442 1187 1508 quod
1206 1442 1468 1509 sapientia
1492 1442 1713 1511 pandat,
1960 1429 2181 1484 Tallnus
2202 1431 2255 1484 in
2278 1433 2472 1485 studiis
2494 1447 2578 1485 me
2596 1432 2675 1485 sic
2698 1432 2928 1486 senioris
2950 1435 3187 1487 amantis

272 1524 400 1593 Fac,
447 1542 604 1598 rogo,
651 1528 736 1585 {ac
774 1531 1037 1601 gaudens,
1078 1547 1145 1586 ex
1196 1532 1328 1602 ipszs
1367 1533 1514 1587 ηυηα
1555 1534 1716 1587 mli"-
1958 1519 2070 1577 lloc
2108 1523 2410 1593 pergrande
2448 1525 2614 1579 decus
2651 1540 2710 1579 se
2756 1524 2953 1579 clausit
2992 1526 3257 1594 septimus
3298 1541 3395 1579 au-

1323 1621 1541 1692 [qucns.
1575 1640 1592 1673 ι
1612 1652 1684 1663 -

3022 1614 3177 1688 [nus.
3219 1614 3362 1685 (νη.)

273 1705 515 1762 Plurima
544 1710 676 1780 quid
712 1710 887 1765 refero
910 1713 1136 1767 nimium
1160 1713 1273 1783 jam
1298 1715 1452 1769 tarda
1484 1714 1710 1783 loqueri-
1815 1703 1832 1753 ⁴

1836 1701 1919 1755 i59
1956 1702 2160 1757 Auctor
2186 1712 2461 1758 tantorum
2493 1705 2585 1759 tibi
2618 1705 2689 1760 sit
2722 1705 2860 1769 laus,
2884 1705 3104 1760 Christe
3133 1707 3201 1771 ",
3224 1706 3395 1761 bono—

1515 1803 1651 1876 [doi
1752 1793 1795 1851 Β

1762 1793 1795 1851 Β
3142 1800 3321 1869 γη]ῐηῖ

151 1887 238 1941 385
270 1886 459 1944 Omnia
492 1906 616 1959 qius
646 1892 802 1956 dixit,
835 1894 1006 1948 tribus
1027 1896 1183 1950 annis
1209 1896 1326 1965 ipse
1353 1898 1586 1968 peregit,
2029 1882 2099 1939 Ut
2119 1882 2198 1939 sol
2225 1886 2399 1939 οειιινῖ
2426 1895 2624 1941 metam
2654 1896 2781 1941 tunc
2804 1886 3049 1941 volverat
3069 1888 3195 1942 anui
3222 1885 3391 1959 (992).

267 1976 483 2047 Equali
516 1980 691 2034 forma
726 1982 929 2037 faciens
955 2000 1216 2055 compage
1247 1995 1475 2040 venusta
1955 1974 2069 2030 Hoc
2098 1977 2453 2047 paradisyaco
2476 1992 2663 2032 coram
2693 1977 3010 2032 fundaverat
3032 1979 3190 2033 horto

270 2068 397 2123 Tale
423 2072 538 2125 Deo
562 2072 846 2141 templum,
874 2090 981 2144 quo
1004 2091 1109 2129 non
1133 2077 1426 2144 spatiosius
1452 2076 1639 2132 ullum.
1954 2066 2248 2122 z‘Eclesiam
2277 2070 2450 2123 sancti
2478 2069 2818 2137 propulcmm
2848 2069 3237 2134 Barlholomei.

266 2157 419 2215 Omni
444 2170 725 2218 structura
760 2167 970 2221 diverso
998 2176 1280 2221 stemmate
1302 2168 1457 2234 fulta,
1959 2159 2137 2227 M‘l“e
2163 2159 2500 2215 εθιυιίίοτυη)
2525 2158 2680 2227 luna
2707 2161 2945 2213 sacrari“
2972 2160 3233 2230 [emplum

267 2250 336 2306 Ut
365 2255 606 2310 domnus
636 2257 826 2320 voluit,
857 2256 1120 2313 festinans
1144 2258 1257 2327 ipse
1287 2259 1504 2327 pgmvi;
1813 2248 1917 2301 £35
1958 2248 2125 2314 Fecit,
2154 2250 2498 2317 Ilerasme",
2524 2252 2641 2317 tibi,
2666 2252 2897 2307 simulet
2923 2253 3042 2317 tibi,
3068 2250 3393 2322 martyrlle-

151 2338 242 2395 590
273 2341 403 2398 lluic
432 2359 606 2400 arcus
646 2361 897 2416 camyros
937 2347 1050 2419 (ll)
1100 2358 1155 2402 et
1193 2349 1433 2403 subdidit
1474 2350 1713 2417 nudique
3071 2343 3316 2415 [mcli‘a-

1411 2439 1676 2511 [sculptus
1952 2433 2066 2487 lloc
2090 2437 2509 2491 statuitcausam
2536 2438 2767 2491 domnus
2784 2437 3072 2507 Witiguwo
3089 2453 3184 2507 per
3207 2438 3385 2491 istam.

266 2522 454 2593 Gipso,
480 2526 587 2581 sub
609 2527 775 2582 variis
803 2538 857 2583 et
887 2544 1056 2586 verno
1087 2530 1217 2587 ﬂore
1244 2531 1450 2602 ﬁguris,
1954 2522 2183 2579 Edibus
2204 2526 2257 2578 ill
2282 2527 2451 2580 sacris
2476 2525 2780 2597 prefulgens
2803 2536 2860 2579 ut
2882 2527 3030 2580 locus
3054 2525 3231 2579 omnis

267 2610 492 2667 Fecerat
521 2615 623 2669 hos
652 2626 824 2671 sectas
847 2627 901 2672 et
922 2629 1227 2674 sustentare
1255 2621 1533 2675 columnas
1956 2616 2111 2671 Esset
2146 2618 2476 2688 confugium,
2521 2633 2645 2688 spes
2665 2658 2680 2683 ,
2718 2628 2831 2671 tuta
2868 2618 3121 2687 salusque
3163 2631 3391 2685 precan-

273 2701 526 2758 Pulchrae
553 2707 620 2760 de
651 2709 796 2763 saxis
818 2710 1088 2765 distinctis
1108 2720 1272 2780 atque
1296 2712 1497 2781 politis.
3177 2707 3319 2781 [lum
3338 2746 3355 2770 ν

270 2790 420 2847 Tune
455 2809 600 2865 opus
637 2812 798 2852 omne
831 2798 1049 2869 quidem
1092 2816 1215 2855 cum
1258 2800 1603 2870 perduxisset
1639 2800 1709 2856 ad
1950 2798 2168 2853 Illorum
2199 2799 2388 2855 sordes
2411 2809 2469 2853 ut
2493 2798 2742 2854 Christus
2771 2799 2939 2852 diluat
2962 2815 3171 2864 omnes,

1392 2890 1671 2965 [unguem
1809 2886 1915 2941 440
1955 2887 2278 2942 Sanctorum
2310 2889 2516 2942 meritis
2544 2890 3025 2943 intervenientibus
3047 2890 3198 2957 ipsis,

149 2971 238 3026 305
273 2973 479 3029 Laetitia
513 2979 701 3045 grandi
728 2980 985 3050 templum
1017 2980 1275 3037 sollemne
1297 2982 1464 3037 dicari
1948 2977 2152 3033 Nomen
2182 2994 2280 3049 per
2305 2994 2535 3048 quorum
2567 2980 2731 3032 micat
2760 2980 3181 3048 unumquodque
3212 2977 3386 3032 sacel-

268 3064 501 3118 Fecerat
533 3068 584 3119 iu
613 3078 817 3122 sancta:
838 3071 1061 3124 devotus
1081 3072 1287 3125 honore
1308 3072 1386 3125 Ma
1398 3074 1508 3135 rite,
1700 3060 1773 3142 °_
3136 3069 3156 3142 [
3179 3069 3311 3125 lum.

268 3152 623 3224 Virgineique
648 3158 819 3221 chori,
857 3175 952 3227 pro
976 3159 1134 3214 nobis
1165 3161 1216 3215 in
1245 3176 1405 3229 prece
1433 3162 1609 3230 proni,
1730 3130 1777 3192 ε
2020 3158 2111 3213 Sic
2138 3173 2203 3213 ex
2233 3167 2426 3214 octavo
2446 3159 2644 3215 florens
2670 3161 2960 3215 virtutibus
2982 3176 3123 3215 anno
3151 3161 3292 3231 (viil)

268 3243 332 3295 Et
353 3244 454 3297 sub
486 3247 803 3314 apostolicis
837 3248 977 3303 Petri
1004 3250 1263 3320 Paulique
1291 3254 1526 3307 coronis.
1948 3248 2209 3304 Ascendit
2249 3267 2451 3306 nonum
2489 3252 2656 3323 (995),
2691 3268 2851 3321 quem
2886 3253 3029 3321 cepit
3064 3254 3265 3309 ducere
3302 3262 3385 3307 to-

270 3332 531 3404 Largitor
560 3338 721 3391 studii
752 3339 873 3394 talis
898 3341 1013 3404 tibi,
1042 3341 1257 3397 Christe
1286 3344 1349 3407 ι’,
1380 3344 1576 3399 volenti
3148 3343 3315 3416 ilum.

142 3418 235 3474 400
267 3421 395 3477 Jura
422 3428 718 3493 potestatis
745 3444 837 3482 sex
862 3430 1041 3484 taliter
1063 3432 1257 3487 indidit
1282 3435 1457 3487 annis.
1485 3435 1607 3504 (γι.)
1948 3430 2159 3486 Ornans
2182 3432 2416 3487 aureolis
2441 3433 2633 3488 altaria
2665 3434 2875 3504 singula
2906 3434 3155 3505 gemmis.

332 3517 457 3573 Mox
497 3528 556 3570 ut
582 3521 789 3587 septeni
812 3522 1025 3575 devenit
1047 3524 1282 3578 circulus
1306 3526 1429 3578 anni
1462 3525 1630 3596 (99l),
1808 3522 1913 3577 445
1947 3524 2105 3588 Ante,
2140 3523 2332 3589 Maria,
2357 3535 2523 3588 tuam,
2547 3527 2699 3593 virgo
2723 3526 3049 3593 prmuobilis,
3086 3539 3234 3578 aram

263 3607 443 3662 Altius
466 3618 741 3663 arrectam
768 3624 979 3664 sursum
1008 3622 1385 3667 construxerat
1413 3615 1615 3681 aulam,
1950 3610 2068 3665 Una
2102 3614 2201 3665 sub
2229 3628 2454 3667 ascensu
2485 3614 2744 3681 graduum
2778 3614 3023 3667 miranda
3055 3626 3280 3683 paratu,

261 3697 486 3763 Sancte,
544 3698 721 3752 dicata
765 3701 882 3769 tibi,
929 3700 1193 3758 Michahel
1239 3704 1284 3735 ²⁶
1345 3706 1669 3776 archangele
1951 3703 2194 3756 Gemmis
2222 3718 2285 3756 ac
2317 3719 2451 3757 auro
2481 3704 2672 3756 vestita
2703 3704 2923 3757 nitescit
2952 3705 3021 3759 ab
3052 3705 3165 3760 illo.

1359 3792 1596 3865 [Christi
1615 3835 1629 3860 ,
1948 3792 2095 3846 Fecit
2117 3802 2171 3846 et
2194 3794 2401 3861 argenti
2426 3792 2631 3861 plectro
2661 3793 2901 3847 tabulata
2931 3796 3131 3862 parari,

262 3875 390 3941 Qum
412 3876 836 3934 micatOtmaro
865 3882 1103 3949 pulchrae
1133 3883 1443 3953 pariterque
1468 3888 1647 3939 beato.
1950 3879 2084 3934 Cum
2130 3881 2328 3949 quibus
2369 3890 2453 3935 est
2497 3880 2725 3934 laterum
2779 3882 3103 3952 precingens
3146 3882 3385 3952 undique

137 3958 231 4016 405
265 3964 435 4031 Quam
459 3983 566 4037 per
596 3978 885 4039 utrumque
909 3971 1049 4027 latus
1075 3974 1385 4029 firmaverat
1434 3977 1521 4030 ille
1547 3976 1703 4031 beni-
3087 3972 3347 4043 [textum,
3422 3990 3423 3993 ‘

1465 4064 1636 4135 [ειιυε
1806 4060 1913 4115 450
1946 4060 2071 4114 Arm
2102 4074 2262 4128 quem
2285 4059 2407 4114 lecti
2436 4060 2631 4128 speciae
2649 4059 2695 4090 “
2721 4059 3049 4113 circumtulit
3080 4062 3202 4129 ipsi,

259 4145 394 4199 Cum
431 4150 572 4202 turri
598 4150 836 4219 gemina,
868 4152 1026 4205 tereti
1058 4152 1158 4206 sub
1180 4153 1414 4223 imagine
1440 4155 1602 4220 facta,
1949 4152 2201 4221 Voeeque
2224 4153 2289 4207 de
2312 4161 2498 4206 nostra
2528 4151 2805 4206 Confessio
2831 4153 3031 4206 dicitur
3052 4154 3213 4207 alma.

262 4235 592 4293 Fornieibus
620 4241 803 4294 curvis
832 4258 930 4310 per
957 4242 1353 4313 circuitumque
1374 4246 1631 4310 reductis,
1949 4244 2135 4297 llidria
2160 4252 2280 4311 post
2306 4244 2475 4312 ipsam
2492 4243 2701 4296 Domini
2723 4254 2871 4296 stans
2884 4245 3188 4298 comminus
3206 4259 3377 4312 aram,

262 4326 342 4379 Ad
371 4344 515 4397 quas
540 4343 825 4383 ascensum
862 4341 1131 4386 monstrat
1169 4334 1369 4401 gradus
1409 4350 1529 4389 esse
1559 4350 1705 4406 supl-
1947 4334 2062 4400 Qua
2096 4333 2211 4387 ﬁeri
2240 4335 2421 4386 vinum
2462 4322 2663 4387 ﬂuxum
2693 4338 2944 4403 prmcepit
2969 4350 3250 4403 aquosuln,

1448 4424 1629 4495 [num.
1727 4477 1777 4495 ἢ
1945 4427 2207 4481 Orantum
2258 4427 2399 4480 votis
2428 4435 2484 4481 ct
2519 4428 2694 4480 adhuc
2732 4425 2833 4480 fert
2857 4427 2993 4479 dona
3024 4427 3235 4481 salutis.

264 4505 371 4562 llas
411 4509 581 4573 inter,
610 4511 769 4578 pretii
808 4522 1081 4568 mercatus
1114 4515 1352 4583 pondere
1390 4477 1594 4586 magni,
1725 4477 1780 4538 Β
1803 4516 1909 4571 455
1952 4517 2087 4569 llint:
2110 4518 2306 4568 iterum
2329 4515 2510 4569 Marco
2540 4517 2779 4584 gaudens
2818 4514 2986 4567 altare
3014 4514 3170 4569 beato

143 4586 233 4647 £10
263 4596 519 4667 Cymbala
546 4602 824 4670 signorum
846 4605 1121 4670 suspendit
1149 4606 1303 4660 dulce
1330 4607 1370 4637 ²¹
1390 4619 1696 4664 sonantum.
1946 4611 2012 4663 Et
2040 4607 2200 4662 simul
2230 4608 2280 4661 in
2311 4615 2510 4660 sancta:
2543 4606 2734 4661 Crucis
2766 4621 2930 4659 unum
2981 4606 3110 4659 fecit
3154 4607 3376 4672 honore,

264 4688 401 4741 Ante
429 4691 623 4744 domus
648 4702 853 4744 sancta
879 4692 1041 4746 limen
1064 4705 1180 4761 post
1209 4696 1307 4749 ista
1336 4694 1517 4750 Mariae
1944 4699 2192 4755 Pulchra:
2218 4712 2336 4766 qua:
2373 4706 2531 4751 cocto
2555 4697 2770 4751 vestivit
2801 4695 3042 4750 funditus
3069 4711 3202 4750 auro

265 4776 833 4849 Exeoluitpulcbrum,
853 4781 1006 4848 parvi
1038 4783 1159 4839 licet
1186 4787 1692 4855 tequoris,liortum.
1943 4791 2010 4846 Et
2039 4790 2215 4858 pinxit
2250 4790 2415 4842 varia:
2468 4788 2515 4819 ³⁸
2552 4804 2649 4856 per
2679 4801 2924 4857 gemmas
2973 4797 3134 4855 atque
3161 4786 3375 4842 monile.

140 4868 183 4888 "
266 4866 434 4929 Quem
461 4870 678 4936 cingens
704 4870 879 4920 inuris
900 4883 965 4920 ac
987 4873 1213 4928 arcubus
1236 4876 1470 4944 undique
1492 4879 1695 4943 curvis,
2426 4893 2595 4932 ros-ra
2620 4878 2684 4930 ".

270 4952 414 5008 Fecit
448 4964 758 5010 terrestrem
786 4956 1113 5024 paradysum
1138 4962 1256 5017 luce
1277 4965 1587 5034 micantem,
1947 4969 2115 5037 llujus
2140 4970 2206 5024 de
2232 4984 2358 5023 cura
2384 4984 2505 5022 cum
2528 4969 2603 5023 sis
2632 4972 2697 5023 tle
2740 4976 2985 5022 stercore
3011 4966 3167 5030 fulta,

150 5037 235 5092 “5
265 5044 371 5108 Qua
396 5045 550 5115 longe
572 5046 825 5115 ερίθηίίθῑ
858 5048 1037 5114 lemi)“
1070 5051 1235 5108 decus
1266 5066 1430 5125 atque
1472 5062 1697 5127 relucet,
1803 5063 1909 5118 460
1949 5063 2044 5116 Dic
2076 5062 2283 5128 pocius,
2308 5060 2433 5113 vitae
2458 5060 2557 5113 sibi
2586 5062 2693 5115 sint
2726 5067 2781 5113 ut
2811 5067 3057 5123 tempora
3081 5058 3275 5125 longae.

270 5133 377 5189 "uc
405 5138 706 5191 adventanti
739 5150 889 5188 οονει
916 5137 1045 5193 dans
1068 5140 1392 5211 {spectacula
1428 5153 1589 5221 plebi.
1946 5150 2165 5204 Talibus
2197 5151 2249 5203 in
2282 5150 2420 5203 velis
2446 5150 2725 5217 appellans
2760 5147 2883 5214 jura
2913 5144 3202 5199 Tonantis-

1411 5287 1645 5348 VARle
1683 5283 2087 5344 LECTIONES.
