3948 5350
575 294 683 352 365
1424 299 1819 359 PURCHARDI
1869 301 2193 371 MONACHI,
2221 301 2583 363 AUGIENSIS
2623 303 2925 370 CARMEN,
2968 288 3147 359 Ε’ῙἙ.⁸
3723 300 3815 358 5N

720 405 857 463 Nam
883 406 981 462 tibi
1003 421 1123 463 cum
1148 414 1355 479 patrem
1386 410 1620 468 retinere
1645 411 1864 468 licentia
1888 413 2049 469 talem
2183 416 2237 477 Α
2401 417 2575 488 Ipsius
2603 418 2816 488 augusti
2843 406 3098 488 (lucinam
3139 413 3443 471 construxit
3473 412 3689 468 honori.

719 498 962 565 Constat,
997 501 1194 570 regina:
1224 515 1444 572 semper
1468 502 1765 559 dominaris
1804 505 1857 559 in
1884 521 2048 572 arce;
2220 558 2223 563 .
2401 510 2498 565 Est
2522 525 2624 565 nec
2652 509 2942 565 multorum
2971 508 3141 564 series
3171 504 3411 561 revoluta
3434 505 3664 571 dierum,

717 589 808 653 At,
831 593 973 660 quod
1013 606 1118 646 non
1144 591 1272 647 ﬁat!
1312 593 1357 648 si
1389 602 1443 647 te
1479 594 1600 664 pius
1630 594 1718 650 ille
1745 596 2038 665 relinquat,
2258 598 2362 655 διο
2399 598 2500 655 llic
2523 598 2668 670 quod
2688 614 2813 654 cum
2847 597 3056 670 primis,
3079 595 3220 666 quod
3244 594 3417 649 nutrit
3441 593 3639 651 Suevia
3659 590 3816 654 dulcis

576 678 684 735 £65
723 679 920 750 Turpis
946 695 1163 752 semper
1191 682 1323 745 eris,
1362 681 1511 738 velut
1554 692 1639 738 est
1668 684 1919 739 ancillula
1938 684 2082 739 vilis.
3599 683 3786 756 {(995}.

1252 770 1484 826 AUGIA-
2398 780 2481 835 Ad
2507 778 2723 836 Latium
2750 792 2928 850 regem
2960 777 3168 848 primus
3193 777 3522 846 perduxerat
3553 777 3758 833 orbem.

713 860 851 917 Cum
878 861 1003 931 quis
1031 862 1301 939 tristatur,
1334 863 1428 931 qui
1473 870 1664 933 captus
1693 870 1875 918 mente
1923 871 2155 929 tenetur,
2399 868 2544 924 Illius
2574 870 2718 924 hunc
2741 867 2849 937 juri
2882 870 3102 922 l'renans
3132 876 3341 921 terrore
3372 866 3592 920 minaci.

716 955 823 1011 Per
866 955 1237 1013 consolantem
1283 956 1386 1012 sibi
1430 956 1628 1027 quaerit
1673 956 1945 1026 habetque
2005 956 2159 1026 qnie-
2398 956 2712 1025 Romulidas
2747 974 2901 1012 arces
2922 957 3186 1011 audenter
3212 965 3268 1012 et
3298 956 3423 1011 inde
3451 966 3696 1026 petentes

1949 1044 2079 1117 [tem
2105 1062 2121 1113 ;
2402 1047 2566 1103 Milite
2587 1065 2707 1104 cum
2739 1049 2926 1113 multo,
2975 1065 3135 1117 quem
3179 1064 3364 1104 secum
3395 1049 3620 1105 contulit
3651 1047 3761 1115 illo,

717 1138 811 1195 Sic
838 1154 962 1210 ego,
989 1140 1152 1195 crede
1178 1138 1338 1204 mihi,
1387 1146 1477 1193 tua
1503 1153 1602 1208 per
1631 1137 1918 1203 solamina,
1951 1139 2048 1204 ﬁli,
2260 1138 2362 1194 515
2398 1139 2761 1195 Accumulans
2787 1141 2934 1195 acies
2959 1139 3082 1194 latm
3109 1139 3213 1208 fuit
3247 1138 3574 1209 imperiales.

727 1228 997 1284 Tristibus
1020 1227 1246 1299 abiectis
1273 1227 1472 1282 extollo
1497 1228 1694 1298 gaudia
1742 1228 1978 1295 mentis;
2401 1229 2664 1284 Dicebant
2702 1230 2817 1285 Itali
2850 1231 3026 1287 subita
3053 1229 3343 1286 formidine
3373 1229 3485 1285 laesi
3510 1246 3525 1283 :

568 1319 680 1378 470
715 1320 852 1376 Nam
881 1320 1147 1391 promissa
1181 1320 1256 1374 tui
1288 1318 1471 1374 ﬁrmat
1505 1320 1773 1375 sententia
1803 1320 1941 1374 veri.
2400 1318 2442 1372 Τ
2445 1330 2584 1374 antae
2607 1320 2812 1391 virlntis
2847 1337 2997 1388 quem
3036 1336 3126 1374 vos
3145 1323 3302 1373 ~Imnc
3328 1337 3438 1373 esse
3465 1318 3713 1388 putatis}

722 1413 860 1467 Dum
889 1392 977 1467 me
1002 1410 1194 1466 norma
1230 1411 1372 1481 regit
1416 1411 1646 1467 senioris
1675 1411 1768 1481 qui
1813 1412 1973 1467 modo
2004 1411 2157 1479 \ivit,
2399 1408 2502 1462 Isti
2523 1412 2835 1480 sceptrigero
2865 1427 2968 1464 non
2998 1410 3353 1463 contradicere
3377 1425 3530 1462 nemo

715 1502 940 1557 Florent
976 1502 1207 1565 inlcrea,
1241 1500 1655 1557 stantﬁrmiter
1681 1511 1736 1556 et
1767 1516 1886 1571 mea
1903 1500 2062 1571 jura;
2403 1498 2595 1566 Debet,
2635 1502 2724 1573 qui
2770 1510 2945 1555 tantas
3001 1502 3268 1579 hominum
3315 1500 3413 1553 veil
3443 1499 3519 1564 ”,
3557 1514 3709 1565 ecce,
3744 1515 3822 1551 co-

706 1594 848 1649 .Post
894 1594 1043 1659 haec,
1079 1592 1136 1647 ni
1165 1591 1346 1659 fallor,
1373 1590 1566 1662 capitis
1600 1606 1722 1646 cum
1774 1590 2011 1647 culmine
2048 1590 2163 1662 pri-
3529 1589 3801 1664 [lumnasl

2001 1680 2125 1754 [vor
2262 1683 2368 1740 520
2404 1684 2518 1740 Hoc
2550 1685 2902 1748 utdixerunt,
2940 1685 3028 1739 alii
3062 1698 3315 1754 responsa
3350 1683 3613 1739 dederunt
3645 1699 3661 1738 :

710 1775 906 1841 ’Tanti,
952 1774 1209 1832 continuo
1231 1775 1470 1846 vulgaris
1500 1774 1675 1831 fabula
1707 1775 1798 1840 lio,
2179 1763 2229 1825 Β
2397 1776 2569 1842 Quam
2599 1778 2743 1830 docet
2780 1785 2933 1846 alque
2957 1776 3102 1843 regit,
3129 1774 3275 1827 nobis
3298 1773 3436 1826 hunc
3464 1773 3634 1841 Augia
3654 1771 3822 1832 misit;

577 1865 687 1921 ‘75
729 1866 931 1921 Errans
958 1865 1098 1921 sicut
1118 1865 1237 1921 ovis
1265 1874 1415 1936 tergo
1441 1864 1691 1935 prolapsa
1720 1862 1976 1935 regentis.
2401 1868 2693 1922 Sacrorum
2737 1868 2935 1936 primas
2975 1867 3073 1920 erit
3119 1865 3199 1919 hic
3228 1863 3385 1919 simul
3414 1879 3611 1917 aureus
3653 1862 3822 1924 abbas,

722 1955 932 2011 Mecum
963 1963 1252 2025 propterea
1285 1963 1398 2020 tua,
1430 1943 1505 2009 ﬁli
1535 1955 1601 2019 ⁸⁷,
1647 1952 1869 2007 fundere
1891 1960 2017 2007 Vota
2399 1956 2617 2011 Utilitas
2654 1957 2821 2011 nostri
2848 1964 3019 2009 manet
3044 1956 3173 2020 hoc,
3200 1952 3522 2023 {aniulemur
3568 1961 3625 2005 ut
3662 1952 3761 2006 illi.

724 2045 800 2100 Da
825 2046 1064 2101 studium
1099 2045 1336 2112 Clll‘iSlO,
1362 2059 1431 2100 ne
1459 2059 1558 2099 nos
1580 2042 1799 2099 fortuna
1827 2042 2050 2097 sinistro
2396 2048 2628 2105 Romani
2673 2060 2931 2118 proceres
2976 2058 3104 2101 tunc
3134 2061 3193 2102 se
3222 2060 3320 2100 sua
3353 2052 3663 2113 cunctaque
3700 2043 3824 2098 dan.

716 2135 853 2191 Cum
879 2136 1014 2204 pede
1039 2142 1371 2204 prosternat,
1402 2135 1559 2189 nobis
1589 2143 1642 2188 et
1666 2132 1860 2204 gaudia
1887 2131 2070 2186 demat
3673 2131 3793 2206 (tes.

721 2223 887 2285 Tanti
913 2223 1171 2295 pastoris,
1196 2223 1341 2295 pleni
1375 2222 1605 2278 caelestis
1630 2220 1835 2276 amoris
1863 2220 1877 2274 !
2256 2233 2280 2289 ε

2256 2233 2363 2290 525
2400 2232 2532 2304 Regi
2560 2246 2849 2289 casaream
2881 2244 3003 2285 mox
3032 2230 3336 2300 imposuere
3371 2241 3669 2292 coronam;

568 2316 685 2376 480
722 2314 924 2372 Sancta
945 2315 1042 2371 Dei
1067 2323 1264 2382 mater,
1289 2314 1495 2385 'Virgo,
1530 2314 1596 2367 da
1625 2321 1749 2368 vota
1772 2312 2088 2382 frequenter

2400 2324 2581 2381 Caesar
2603 2331 2659 2379 et
2680 2330 2942 2391 angustus
2964 2330 3087 2392 post
3108 2320 3210 2375 hac
3249 2328 3332 2374 est
3362 2318 3451 2372 ille
3486 2325 3735 2372 vocatus.

723 2406 880 2469 Nato,
908 2420 1009 2475 pro
1032 2404 1207 2467 nobis,
1241 2418 1339 2474 pro
1372 2404 1484 2458 vita
1514 2417 1721 2472 nosque
1766 2399 2047 2469 regentis!

2398 2417 2496 2473 His
2523 2417 2595 2471 ita
2625 2414 2915 2470 transactis
2951 2413 3217 2468 remeavit
3252 2418 3434 2481 pastor
3464 2409 3656 2464 herilis

709 2497 805 2552 .Ac
835 2511 1023 2551 omnes
1052 2496 1246 2559 sancti,
1277 2509 1509 2565 quorum
1554 2494 1655 2549 sub
1686 2493 1890 2548 honore
1917 2489 2088 2546 dicari
2401 2507 2483 2563 Ad
2529 2505 2793 2574 gremium
2847 2517 3058 2573 sponsae
3084 2541 3099 2569 ,
3150 2515 3408 2557 recreans
3452 2513 3551 2555 sua
3594 2496 3824 2552 membra

714 2587 939 2656 Templa
971 2586 1067 2640 Dei
1104 2583 1256 2650 fecit,
1310 2599 1432 2656 quae
1472 2583 1898 2652 circumquaque
1924 2580 2158 2650 paravit,
3465 2586 3677 2658 [quiete
3702 2583 3796 2657 (ιι)

706 2678 846 2748 Ejus
888 2677 1029 2748 ³1)υά
1083 2676 1371 2743 Dominum
1419 2688 1690 2730 memores
1755 2674 1873 2728 Sine
1921 2671 2028 2725 “ne
2063 2683 2164 2741 ρει·
2473 2682 2607 2750 Quis
2649 2681 2734 2738 vel
2777 2687 3010 2752 quantus
3055 2677 3195 2744 erit,
3236 2677 3410 2749 pietas
3435 2690 3535 2731 sua
3567 2673 3675 2729 rite
3715 2687 3830 2744 pro-

1913 2761 2123 2835 [evum,
3586 2761 3762 2835 [habit
3782 2776 3795 2823 ς

582 2860 689 2917 ιεὸ
723 2859 855 2916 Jura
887 2858 1170 2929 potestatis
1198 2856 1479 2912 vernantia
1510 2855 1643 2911 ﬂore
1679 2854 1883 2925 quietis

2265 2865 2368 2922 550
2404 2864 2576 2932 Quam
2606 2862 2651 2918 si
2681 2862 2824 2918 scire
2852 2860 2984 2915 velis
3038 2873 3180 2914 nunc
3205 2856 3427 2912 auribus
3452 2854 3613 2910 ebibe
3636 2852 3824 2908 cordis.

724 2952 1028 3021 Adquirant
1055 2950 1155 3015 illi,
1182 2963 1282 3019 pro
1313 2948 1683 3005 consolamine
1705 2946 1905 3002 Christi
1931 2960 1946 3012 ;
2048 2956 2053 2961 '

2407 2955 2552 3010 Vivit
2586 2953 2730 3008 enim
2757 2959 2908 3006 caste
2932 2988 2946 3015 ,
2984 2947 3198 3019 gemino
3224 2959 3520 3001 succensus
3549 2955 3762 3007 amore,

720 3042 789 3095 Et
816 3049 937 3110 post
973 3039 1274 3108 depositam
1302 3037 1547 3092 mortalis
1572 3028 1816 3105 corporis
1842 3035 2089 3090 umbram
2200 3042 2237 3112 ξ
2408 3045 2488 3100 Ac
2515 3042 2825 3112 evangelica
2857 3038 3095 3093 munitus
3117 3035 3280 3093 corde
3305 3032 3503 3105 sigillo.

714 3116 839 3185 Fit“
866 3130 947 3185 Bis
972 3130 1151 3184 SOCiUS
1183 3128 1394 3184 (ιωιοεῑὶ
1423 3128 1552 3184 εθάθ
1578 3128 1817 3183 1008105!
2192 3102 2238 3164 C
2330 3190 2335 3201 ,
2409 3102 2724 3205 Serpentem
2753 3133 2907 3187 nivea
2930 3129 3071 3185 fovet
3108 3128 3309 3196 absque
3337 3102 3529 3181 timore
3571 3122 3828 3185 columba,

730 3217 848 3274 Hoc
901 3218 1031 3273 velit
1083 3218 1199 3288 ipse
1260 3218 1440 3284 Deus.
1494 3217 1589 3288 qui
1635 3225 1847 3273 constat
1894 3216 2068 3272 ιτῖπιιε
2110 3225 2166 3271 ει
2414 3226 2602 3284 Omnis
2629 3235 2683 3281 et
2711 3225 2924 3281 invidiae
2954 3222 3092 3292 fugit
3120 3221 3265 3276 illum
3288 3219 3462 3289 pallor
3494 3218 3721 3287 ubique.

1948 3305 2130 3377 [ηηιιεν
2267 3321 2372 3376 555
2408 3318 2593 3390 Iurgia
2622 3331 2836 3387 semper
2881 3315 3018 3379 odit,
3046 3311 3334 3381 tranquilla
3383 3308 3507 3364 siler

2269 3321 2372 3376 5'55
2408 3318 2593 3390 Iurgia
2622 3331 2836 3387 semper
2881 3315 3018 3379 odit,
3046 3311 3334 3381 tranquilla
3383 3308 3600 3364 silentia
3629 3308 3828 3380 poscit;

581 3394 697 3454 490
732 3396 805 3454 Ut
832 3395 1122 3468 Witigowo
1149 3404 1301 3467 pater
1337 3396 1513 3451 valeat
1559 3396 1853 3467 jubeatque
1893 3404 2140 3465 potenter

2411 3409 2515 3465 Sed
2541 3409 2685 3464 velut
2719 3406 2979 3475 exemplis
3004 3418 3092 3459 res
3123 3411 3205 3459 est
3229 3403 3367 3456 bene
3391 3399 3605 3470 cognita
3637 3396 3828 3458 muitis,

726 3488 806 3545 ΑΟ
836 3488 1026 3557 ἱρείιιεο
1053 3488 1249 3551 Amen:
1291 3486 1441 3541 Vivat
1474 3501 1571 3556 Per
1606 3486 1787 3542 Sticula
1814 3501 2009 3541 "omen
2044 3488 2057 3540 ἶ
2310 3558 2311 3565 η
2409 3501 2588 3557 Gloria
2612 3501 2902 3571 justorum,
2930 3484 3081 3552 furor
3105 3498 3194 3551 est”
3209 3510 3274 3550 ac
3298 3495 3376 3549 ira
3420 3492 3725 3547 malorum!

724 3579 989 3635 Carminis
1015 3580 1060 3611 ’⁸
1084 3579 1168 3634 hic
1196 3578 1356 3647 ﬁnem
1381 3579 1469 3633 dat
1502 3577 1763 3645 clausula,
1787 3576 1989 3649 fertque
2016 3578 2166 3649 quie-

2163 3609 2166 3617 '
2409 3589 2566 3645 Hunc
2591 3590 2663 3644 ita
2691 3586 2939 3657 temptari
2965 3586 3170 3656 patitur
3196 3581 3478 3654 permissio
3513 3578 3722 3635 Christi

2013 3667 2138 3739 [tem
2408 3678 2590 3734 Rebus
2618 3678 2671 3733 in
2700 3676 2963 3742 adversis,
3008 3674 3232 3729 minima
3272 3674 3366 3729 sed
3402 3680 3559 3742 parte
3613 3669 3833 3725 nocivis.

705 3760 877 3833 Cura:
897 3759 1187 3825 scribentis,
1217 3759 1342 3830 quia
1373 3757 1547 3813 labilis
1586 3766 1662 3813 est
1709 3757 1862 3812 labor
1905 3761 2094 3822 omnis,

2273 3771 2372 3827 540
2408 3769 2543 3825 Nam
2565 3785 2692 3826 cum
2718 3784 2814 3842 per
2837 3769 3092 3823 damnum
3121 3765 3305 3822 tulerit
3330 3764 3457 3836 quid
3491 3771 3677 3818 mente
3725 3774 3832 3815 mo-

728 3850 951 3907 ~Premia
987 3852 1078 3906 sed
1111 3867 1312 3921 semper
1332 3850 1545 3905 stabunt
1573 3851 1684 3904 sine
1716 3849 1821 3918 ﬁne
1842 3858 2077 3920 potenter
2098 3848 2166 3905 ”.
3564 3853 3802 3926 [lestum,

582 3942 696 4003 £95
732 3944 772 4013 -ι-
804 3943 958 4011 Post,
986 3951 1048 3996 ut
1070 3941 1124 3996 in
1145 3941 1490 3997 undecimum
1511 3941 1662 3996 venit
1683 3938 1916 3996 feliciter
1940 3954 2141 3993 annum

2014 3954 2167 4005 num»
2411 3955 2669 4010 Armatur
2697 3951 2817 4008 telis
2844 3967 2965 4022 qua:
2986 3951 3077 4006 dat
3110 3946 3369 4021 patientia
3391 3945 3571 4017 fortis,

726 4035 1063 4094 Commissas
1097 4035 1304 4089 animas
1328 4049 1485 4104 aequo
1524 4032 1898 4088 moderamine
1916 4029 2166 4089 frenans.
2411 4045 2629 4100 ιιινοαιι
2681 4050 2843 4112 atque
2898 4039 3097 4104 Deum,
3162 4035 3378 4093 redimit
3439 4033 3531 4104 qui
3590 4028 3833 4102 protinus

726 4131 984 4202 Martyris
1023 4128 1287 4186 aecclesiae
1330 4126 1537 4183 Christi
1585 4126 1687 4182 sub
1724 4126 1930 4180 honore
1952 4122 2164 4187 dicatae,
3608 4118 3803 4193 [ξιιωη.

725 4220 826 4277 Est
845 4220 937 4291 qui
960 4218 1241 4290 Pelagius,
1281 4216 1433 4272 canit
1476 4222 1536 4269 ut
1583 4214 1875 4283 scriptura,
1921 4218 2164 4275 vocatus,

2032 4218 2164 4275 illis.
2413 4222 2620 4292 Samius
2648 4222 2791 4277 hunc
2817 4227 2964 4275 tanto
2990 4217 3097 4273 vidi
3125 4215 3335 4271 ﬂuitare
3356 4211 3559 4284 periclo
3575 4251 3591 4277 ,

730 4310 897 4368 Edes
926 4310 1166 4365 inclusas
1195 4322 1261 4363 ac
1303 4316 1424 4361 arto
1450 4307 1622 4361 limite
1643 4314 1850 4374 septas,

2411 4312 2483 4370 Ut
2508 4326 2702 4367 manus
2730 4308 2942 4365 hostilis
2982 4314 3204 4363 caneret
3234 4319 3356 4358 cum
3398 4316 3534 4357 voce
3570 4296 3834 4368 iocantis:

589 4400 699 4456 500
732 4400 883 4466 Quas
946 4405 1223 4453 structura
1280 4394 1432 4465 prius
1490 4406 1600 4448 non
1654 4406 1892 4462 congrua
1947 4388 2148 4445 sustulit

2194 4442 2244 4471 η
2267 4403 2372 4460 545
2406 4402 2510 4468 Qui
2531 4402 2707 4471 sapias
2733 4398 2935 4469 gaude!
2957 4398 3114 4451 miser
3140 4404 3213 4449 est
3226 4394 3344 4463 jam
3368 4392 3605 4461 perditus
3632 4387 3739 4449 ille,

1939 4478 2125 4550 [ίηῑυει
2190 4442 2271 4508 D‘
2407 4442 2669 4547 1ἱιοσιὶὐμιη
2686 4442 2920 4553 -ειυιίτιὶδ,
2943 4487 3001 4556 ﬁt
3028 4485 3198 4540 luctus
3226 4442 3441 4537 amarrus
3466 4478 3687 4534 amicis!

733 4579 964 4637 Lumine
999 4593 1163 4650 quam
1206 4589 1366 4631 nemo
1388 4574 1701 4645 sapientum
1749 4570 1963 4626 Viderat
1988 4583 2165 4639 εεψιο»
2414 4584 2625 4639 Interea
2650 4580 2872 4637 Domino
2897 4578 3138 4632 clamans
3171 4576 3236 4630 de
3261 4581 3478 4643 pectore
3507 4574 3775 4638 prompto,

732 4672 950 4735 Dicens,
976 4671 1115 4724 hanc
1142 4667 1336 4723 studiis
1365 4665 1557 4719 fultam
1595 4663 1777 4719 minus
1810 4675 1931 4717 esse
1953 4659 2167 4730 peritis,
2416 4671 2609 4728 omnia
2640 4667 2916 4732 ευειίιιιιίι,
2946 4679 3126 4721 secum
3160 4663 3430 4732 patienter
3454 4670 3509 4714 cl.
3529 4658 3661 4726 egit.

734 4760 893 4816 Nunc
921 4760 1000 4815 sic
1043 4757 1328 4813 informem
1362 4764 1519 4826 pater
1561 4754 1963 4809 instauraverat
2003 4750 2167 4814 idem,
2415 4762 2549 4817 Ροει
2575 4758 2847 4815 modicum
2891 4754 3147 4810 Dominus
3190 4750 3356 4813 venit,
3407 4748 3468 4801 ﬁt
3515 4756 3571 4801 et
3618 4746 3720 4799 iste
3758 4751 3839 4793 ηδ

731 4848 983 4921 Equans
1025 4847 1297 4916 pulvereae
1333 4845 1689 4917 glomeratum
1716 4842 1924 4912 pondus
1950 4839 2171 4894 harenas
3509 4838 3808 4911 [demptum

580 4942 698 5000 505
733 4941 891 5003 F80":
917 4938 1278 4996 Ῑὶοηοτίίίουιιι
1306 4936 1555 5006 ερπίοεο
1583 4934 1828 5001 margin
1851 4930 2131 5001 ιθηιΡΙυῐη·
2272 4944 2379 5002 550
2409 4941 2598 4999 Gloria
2622 4938 2769 4994 venit
2793 4936 2842 4992 ei
2864 4975 2880 4999 ,
2907 4948 3028 4988 mox
3060 4932 3329 4988 erubuere
3354 4927 3597 4999 superbi.

802 5031 956 5087 Haud
972 5028 1166 5101 procul
1192 5028 1320 5083 hinc
1335 5019 1537 5083 domus
1557 5034 1661 5091 est,
1690 5022 1856 5095 regali
1879 5027 2170 5077 stemmate
2414 5035 2515 5091 mc
2539 5041 2623 5088 es;
2650 5030 2716 5085 de
2750 5041 2975 5084 numero
2992 5024 3300 5096 pacientum
3324 5022 3522 5077 damna
3550 5019 3733 5086 beato,

1879 5112 2135 5187 [fulgens,
2412 5125 2554 5183 Cum
2603 5118 2832 5177 Domino
2876 5128 3107 5186 quorum
3155 5118 3284 5169 sunt
3337 5125 3438 5181 reg:

2412 5125 2554 5183 Cum
2603 5118 2832 5177 Domino
2876 5128 3107 5186 quorum
3155 5118 3284 5169 sunt
3337 5124 3504 5181 regna
3552 5111 3709 5165 beata
3755 5121 3845 5177 po-

731 5228 916 5289 Rcbus
938 5236 994 5283 et
1018 5236 1140 5283 arte
1168 5241 1263 5282 sua
1295 5225 1425 5281 satis
1464 5223 1841 5294 augustissima
1876 5220 2040 5286 facta,
3595 5199 3810 5274 Horum.
