3948 5350
564 318 689 379 δθτ,

1547 314 1892 374 GOZPERTI
1926 314 2216 371 ABBATIS
2248 314 2817 376 TEGERNSEENSIS
3704 320 3788 379 368

616 424 972 484 Fidelissima:
994 422 1295 480 devotionis
1317 421 1602 489 exercitia,
1661 438 1781 493 quae
1806 430 1932 497 tam
1980 422 2125 493 longi
2156 429 2205 487 Α
2232 440 2352 480 mus
2375 425 2535 491 scire,
2561 425 2689 496 quid
2737 433 2921 482 essent
2962 426 3138 498 pisces
3174 441 3311 498 quos
3359 427 3584 483 husones
3636 434 3788 487 nomi-

548 518 808 589 temporis
836 516 991 571 nobis
1016 531 1080 571 ac
1104 515 1305 571 nostris
1329 530 1359 568 a
1402 515 1558 571 vobis
1600 514 2004 586 infatigabiliter
2054 515 2135 569 'di-

547 610 807 665 versitate
861 607 1104 661 laborum
1160 605 1642 674 magnitudineque
1705 605 2134 660 ministeriorum

546 707 677 757 sunt
706 697 1012 769 impertita,
1043 703 1361 751 cunctorum
1392 682 1781 769 remunerator‘
1802 684 2135 751 DebS‘Sanc’ti

543 790 707 846 testis
728 789 811 843 sui
844 786 1054 855 Quirini
1083 784 1358 856 precibus,
1387 776 1733 843 mercedibus
1758 785 1963 839 centies
2002 799 2133 839 cen-

544 879 827 949 tuplicatis
856 876 1193 932 remunerari
1221 876 1478 945 dignetur
1506 890 1689 930 coram
1711 875 1945 945 canibus
1968 875 2133 931 coele-

542 970 740 1027 stibus.
772 969 962 1023 Merito
988 982 1088 1039 pro
1116 967 1272 1023 vobis
1294 967 1406 1022 Deo
1430 965 1816 1036 supplicamus,
1844 964 1933 1034 qui
1955 965 2132 1020 locum

446 1051 457 1058 ’
541 1067 791 1114 nostrum
821 1058 1018 1112 talibus
1039 1056 1293 1129 operibus
1320 1056 1585 1110 honorum
1608 1055 1962 1120 sublimastis,
1989 1070 2128 1124 qua.

545 1151 688 1207 libus
734 1165 835 1205 nec
883 1150 1185 1220 priscorum
1232 1147 1564 1218 temporibus
1609 1148 2130 1227 compertiﬁsumns,

544 1255 647 1296 nec
674 1255 772 1293 nos
797 1240 1006 1293 visuros
1049 1253 1170 1293 esse
1216 1238 1585 1306 sperabamus.
1622 1226 1891 1321 ‘ECelesize
1933 1248 2153 1321 nostras,

542 1326 795 1385 fenestra:
824 1328 1095 1382 veteribus
1117 1326 1311 1396 pannis
1335 1341 1504 1394 usque
1519 1312 1661 1381 nunc
1676 1322 1896 1380 fuerunt
1913 1323 2129 1380 clausae.

542 1416 754 1473 Vestris
778 1416 1022 1473 felicibus
1054 1416 1385 1485 temporibus
1410 1416 1721 1489 auricomus
1766 1414 1863 1470 sol.
1893 1416 2135 1484 primum

545 1509 754 1564 infulsit
785 1507 1034 1564 basilica:
1078 1514 1280 1562 nostra:
1334 1505 1644 1577 pavimenta
1688 1496 1794 1574 per
1846 1502 2131 1560 discoloria

523 1601 879 1670 picturarum
906 1595 1076 1661 vitra;
1101 1603 1527 1664 cunctarumque
1549 1593 1946 1664 inspicientium
1967 1593 2130 1646 corda

526 1693 853 1756 apertentant
878 1683 1196 1753 multiplicia
1221 1683 1437 1753 gaudia,
1469 1682 1559 1751 qui
1588 1682 1731 1737 inter
1777 1696 1835 1735 se
1863 1681 2133 1734 mirantur

2239 524 2391 582 nant,
2426 515 2532 571 nisi
2580 517 2923 587 eleemosyna
2972 518 3159 573 vestri.
3217 518 3471 574 Vol‘tmus
3521 520 3678 574 etiam
3710 537 3790 578 vos

2235 621 2394 663 nosse
2407 607 2546 677 quod
2565 607 2709 662 nullo
2725 622 2867 683 anno
2897 608 3360 677 praetermittimus
3380 624 3601 665 censum
3614 612 3789 667 oratio-

2234 698 2322 755 nis
2351 710 2511 768 quem
2537 700 3086 768 vobtstpromisimus,
3111 701 3353 771 exceptis
3400 702 3488 756 his
3537 718 3670 772 quas
3712 719 3791 774 pro

2234 788 2606 860 eleemosynas
2636 791 2791 845 nobis
2819 789 3145 845 facientibus
3171 792 3538 846 communiter
3577 792 3789 849 celebra-

2240 892 2363 931 mus
2387 893 2403 944 ;
2450 877 2755 948 specialiter
2770 893 2870 947 pro
2891 879 3047 933 vobis
3071 879 3364 949 amicisque
3383 879 3582 934 vestris
3610 882 3694 949 qui
3716 881 3791 934 ad-

2234 970 2341 1025 huc
2368 970 2556 1024 vivunt
2579 970 2663 1025 vel
2693 971 2805 1041 jam
2837 972 2890 1026 in
2935 971 3155 1027 Christo
3204 971 3474 1036 obierunt,
3540 986 3607 1026 ac
3648 971 3791 1027 felicis

2235 1060 2510 1116 memorize
2534 1059 2760 1132 conjuge
2789 1070 2968 1117 vestra
3004 1077 3138 1117 XL!!!
3187 1063 3382 1117 missas
3413 1070 3469 1117 ct
3495 1061 3736 1133 psalteria
3758 1080 3786 1118 ι

2230 1151 2604 1209 decantamus.
2634 1151 2963 1225 Quinetiam
2992 1153 3212 1207 nomina
3242 1163 3419 1208 vestra
3460 1154 3663 1223 scripta
3688 1164 3791 1210 sunt

2233 1243 2376 1311 apud
2418 1256 2519 1298 nos
2545 1250 2768 1315 propter
2787 1241 2976 1313 iugem
2999 1242 3339 1298 memoriam.
3374 1242 3588 1299 Valete.

2743 1450 2747 1463 η
2797 1378 3139 1463 ΕΡιδτοιΑ
3165 1379 3254 1467 Vl.

2850 1507 2920 1547 AD
2948 1507 3190 1548 EUMDEII.

2238 1602 2370 1659 Petit
2392 1602 2492 1657 sibi
2522 1604 2756 1675 suisque,
2809 1621 2927 1658 cum
2977 1605 3227 1659 carnibus
3267 1605 3647 1675 monachorum
3676 1620 3795 1661 more
3886 1596 3887 1647 ἶ

2646 1674 2962 1739 abstineant,
2993 1676 3217 1728 husoues
3245 1674 3402 1728 mitti.
3886 1698 3887 1707 ι

524 1751 746 1830 Δξηεοιῑιί
777 1773 959 1844 operis
988 1751 1299 1826 varietates.
1344 1771 1610 1838 Quocirca
1647 1783 1927 1847 quousque
1968 1769 2134 1825 'loces
2165 1757 2212 1816 Β
2310 1751 2520 1819 Damno
2550 1765 2619 1819 Μ.
2652 1765 2779 1819 boni
2805 1766 3042 1820 nominis
3080 1765 3250 1836 gloria
3277 1765 3476 1835 ubique
3523 1763 3794 1829 diﬂ'amato,
3886 1814 3887 1817 η

544 1864 648 1918 iste
676 1863 920 1918 cernitur
942 1861 1034 1916 tali
1064 1862 1353 1916 decoratus
1387 1870 1609 1924 ornatu,
1659 1868 1903 1913 vestrum
1935 1874 2133 1913 nomen

543 1953 633 2010 die
661 1962 934 2022 noctuque
959 1951 1415 2006 celebrationibus
1466 1950 1775 2005 orationum
1822 1949 2131 2004 ascribitzzr.

543 2045 613 2101 Et
664 2052 724 2099 ut
774 2043 1015 2099 omnium
1069 2043 1441 2113 proximorum
1502 2050 1806 2095 vestrorum
1874 2038 2135 2095 memoria

541 2136 801 2205 deinceps
827 2134 917 2190 hic
943 2143 1155 2205 agatur,
1199 2132 1362 2189 facile
1414 2132 1684 2188 conscribi
1738 2131 1958 2186 nomina
2000 2145 2138 2201 quo-

535 2242 881 2298 trumcunque
908 2226 1072 2281 vultis
1095 2226 1148 2279 in
1178 2225 1512 2290 membrana,
1544 2225 1806 2292 nobisque
1840 2221 2134 2276 transmitti

532 2331 641 2389 'per
669 2323 991 2386 praesentem
1028 2313 1299 2368 nuntium.
1324 2311 1531 2367 Vestra
1552 2310 1929 2367 deliberationi
1953 2312 2137 2367 dimit-

547 2406 711 2460 timus
737 2403 856 2458 illos
881 2417 1077 2474 pueros
1122 2401 1452 2472 probandos,
1499 2402 1547 2457 si
1595 2401 1720 2456 illud
1773 2416 1908 2471 opus
1958 2402 2136 2456 adhuc

544 2494 620 2548 ita
647 2496 756 2548 sint
777 2493 953 2548 edocti
1001 2491 1080 2546 uti
1129 2491 1285 2547 vobis
1324 2500 1410 2547 est
1462 2490 1820 2547 honorificum
1875 2491 2136 2560 nobisque

549 2585 942 2649 necessarium;
972 2583 1054 2636 vel
1077 2622 1094 2649 ,
1121 2583 1165 2637 si
1194 2582 1399 2653 aliquid
1423 2581 1503 2637 eis
1531 2582 1717 2637 deesse
1740 2581 2032 2644 inveniam,
2075 2580 2139 2635 li-

527 2681 666 2728 .ceat
692 2686 789 2728 eos
812 2671 1089 2727 remittere
1117 2670 1271 2725 vobis
1296 2684 1461 2725 causa
1492 2668 1900 2739 meliorationis.
1927 2669 2133 2726 Valete.

1112 2780 1443 2837 EPISTOLA
1467 2780 1558 2837 IV.

943 2906 1013 2950 ΑΒ
1043 2907 1427 2950 κεςιιιιιειιιωι
1463 2907 1724 2949 σοιιιτειι.
1814 2910 1817 2913 “

538 2986 719 3058 'Rogat
750 2995 808 3041 ut
841 2985 939 3039 sibi
969 2985 1480 3058 nonnihilfrunzenti
1508 2985 1981 3058 invictum‘eorum
2036 2986 2132 3057 qui

616 3055 672 3113 in
700 3058 913 3111 Austria
943 3057 1259 3111 monasterio
1303 3071 1401 3109 suo
1444 3057 1700 3119 serviunt,
1753 3055 2061 3125 elargiatur.

618 3145 712 3211 6.,-
746 3145 915 3200 abbas
943 3143 1264 3200 monasterii
1295 3143 1356 3201 S.
1385 3144 1477 3213 Q.,
1504 3143 1585 3199 ill.
1611 3145 1801 3200 comiti
1830 3145 2137 3201 venerando

549 3236 779 3293 salutem
806 3236 862 3293 in
900 3234 1150 3289 Domino.

620 3326 678 3380 ln
709 3324 945 3379 maxima
975 3324 1298 3380 necessitate
1327 3323 1514 3380 fideles
1557 3324 1716 3380 amici
1746 3328 1942 3381 merito
1989 3339 2138 3398 qua:-

534 3422 768 3478 ‘runtur,
794 3422 871 3476 et,
900 3423 958 3467 ut
985 3414 1246 3483 scriptum
1272 3422 1376 3473 est,
1408 3414 1525 3469 sine
1551 3414 1714 3470 dubio
1738 3423 1864 3471 tunc
1893 3430 2138 3485 compro-

549 3504 752 3559 bantur
775 3502 991 3571 quando
1019 3501 1270 3556 solatium
1313 3502 1568 3572 adjutorii
1617 3503 1942 3574 largiuntur.
1999 3505 2134 3571 Quia

551 3593 976 3649 consolationem
997 3601 1234 3647 vestram
1258 3605 1471 3662 semper
1494 3594 1778 3649 habuimus
1805 3596 1858 3649 in
1885 3596 2137 3650 omnibus

553 3683 718 3739 rebus
747 3682 967 3748 nostris,
998 3682 1200 3737 idcirco
1223 3682 1387 3737 etiam
1418 3699 1580 3749 nunc,
1606 3686 1760 3754 quasi
1792 3685 1950 3740 unico
1994 3686 2137 3756 patri

553 3783 608 3828 et
633 3773 852 3843 pmprio
875 3773 1113 3838 domino,
1144 3773 1332 3844 pietati
1372 3783 1570 3829 vestrae
1612 3775 2003 3844 querimoniam
2057 3774 2142 3829 fa-

551 3862 727 3918 cimus
761 3864 828 3919 de
868 3862 1071 3917 familia
1104 3875 1484 3933 nostraquam
1527 3865 1584 3919 in
1616 3864 1828 3920 Oriente
1858 3864 2135 3929 habemus,

534 3966 671 4022 qua:
700 3967 810 4022 prae
838 3951 1062 4020 penuria
1092 3942 1245 4022 grani
1270 3952 1527 4023 praesenti
1554 3969 1696 4008 anno
1725 3953 1968 4021 subiacet
1989 3954 2139 4023 gravi

548 4042 795 4111 periculo
824 4042 1003 4106 famis,
1040 4045 1125 4097 cui
1163 4043 1228 4098 de
1259 4053 1412 4114 parte
1460 4053 1646 4100 nostra
1694 4062 1801 4100 non
1852 4059 2139 4115 possumus

530 4134 841 4190 subvenire
862 4135 1005 4189 sicut
1035 4133 1343 4200 debuimus,
1370 4137 1496 4205 quia
1535 4138 1587 4192 in
1627 4138 1735 4191 isto
1783 4153 1926 4191 anno
1973 4137 2139 4193 Ceres

553 4238 660 4276 non
680 4222 817 4278 bene
846 4221 1191 4278 fructificavit
1218 4224 1374 4279 nobis
1405 4226 1457 4279 in
1489 4225 1622 4281 locis
1651 4226 1873 4280 nostris.
1903 4225 2009 4280 Sed
2039 4240 2136 4295 pe-

553 4314 718 4367 timus
749 4322 803 4367 ut
834 4314 989 4369 nobis
1027 4315 1287 4382 aperiatis
1340 4332 1560 4370 manum
1615 4318 1788 4372 solitae
1836 4317 2137 4387 largitionis

2234 1852 2552 1910 Gozrenrss
2587 1853 2755 1909 abbas
2779 1870 2903 1910 cum
2937 1855 3050 1910 suis
3070 1854 3440 1910 coafratribus
3489 1856 3714 1914 salutem
3751 1855 3794 1909 in

2234 1943 2483 1998 Domino.
2910 1954 2913 1955 ⁷
2938 1934 2941 1938 ’
3886 1950 3887 2009 ἓ

2288 2024 2511 2088 Nullius
2537 2033 2744 2091 servitii
2771 2049 2967 2091 munus
2992 2048 3104 2104 prae
3127 2033 3376 2090 manibus
3400 2032 3680 2098 habentes,
3724 2049 3795 2087 ac-
3886 2050 3887 2099 ί

2231 2125 2477 2180 cedimus
2505 2124 2576 2179 ad
2599 2139 2696 2180 vos
2725 2139 2953 2195 magnas
2980 2141 3068 2181 res
3095 2125 3457 2195 postulantes,
3511 2126 3610 2180 sed
3641 2134 3794 2179 tamen
3886 2132 3887 2139 ‘

2234 2215 2508 2280 audacter,
2532 2216 2623 2284 qui
2651 2215 3033 2270 conﬁdentiam
3064 2217 3390 2271 resumimus
3408 2216 3474 2269 de
3491 2214 3796 2269 conscientia

2234 2305 2399 2359 totius
2436 2300 2695 2359 bonitatis
2720 2303 2775 2360 in
2817 2320 2934 2361 vos.
2992 2303 3050 2360 In
3100 2306 3306 2375 regione
3356 2304 3638 2368 Australi,
3682 2302 3798 2357 sicut
3886 2352 3887 2355 η

2232 2394 2409 2457 scitis,
2438 2394 2769 2459 habitantes,
2823 2409 2973 2449 more
3004 2396 3412 2460 monachorum,
3470 2402 3532 2448 ut
3571 2393 3734 2453 decet.
3771 2406 3797 2443 ι

2233 2483 2489 2538 carnibus
2514 2483 2869 2549 abstinentes,
2921 2492 3146 2553 captura
3192 2483 3424 2553 piscium
3473 2497 3604 2537 raro
3648 2478 3798 2550 pasci-

2234 2589 2376 2638 llilll',
2414 2574 2539 2643 quia
2566 2574 2807 2644 piscosos
2833 2588 3003 2644 aquas
3030 2572 3252 2629 mmime
3280 2574 3567 2629 habemus.
3622 2570 3720 2628 Sed
3760 2569 3797 2624 si

2234 2665 2377 2720 Deus
2400 2680 2541 2720 anno
2572 2666 2824 2734 priesenti
2860 2666 3172 2722 fecundavit
3212 2674 3497 2736 capturum
3528 2666 3796 2725 busonam,

2234 2756 2516 2812 nobiscum
2566 2758 2799 2826 petimus
2834 2766 2895 2811 ut
2932 2757 3170 2825 iubeatis
3201 2757 3476 2828 largiendo
3520 2753 3798 2812 communi-

2234 2846 2369 2912 cari,
2402 2857 2460 2901 ut
2486 2847 2807 2902 memoriam
2846 2848 3014 2902 vestri
3070 2847 3330 2915 deinceps
3382 2860 3571 2902 coram
3610 2844 3713 2900 Deo
3752 2841 3796 2897 in

2232 2934 2577 2990 orationibus
2601 2935 2804 2991 nostris
2833 2936 3153 2990 habeamus.
3180 2935 3387 2991 Valete.

2794 3056 3131 3113 EPISTOLA
3174 3055 3286 3113 Vi].

2451 3183 2521 3227 AD
2551 3184 2872 3228 GEBBLBDUI
2906 3186 3197 3249 Εριερορωι
3224 3185 3609 3227 ΑυϐυετΔΝυΙ.

2237 3270 2376 3346 Ejus
2404 3267 2704 3346 religionem
2756 3281 2820 3320 ac
2847 3267 3093 3334 pietatem
3133 3263 3337 3346 laudat,
3383 3265 3705 3346 spondetqu
3752 3278 3797 3316 se

2306 3344 2377 3397 ad
2417 3339 2675 3404 eumdem,
2726 3351 2845 3391 cum
2880 3352 2974 3407 per
3018 3335 3147 3390 anni
3200 3344 3400 3405 tempus
3448 3334 3681 3400 licuerit,
3722 3349 3798 3389 ac-

2306 3423 2596 3468 cessurum.
2762 3426 2771 3435 ”

2308 3504 2517 3559 Domno
2545 3499 2783 3570 pontiﬁci
2811 3497 2900 3562 G.,
2938 3506 3249 3555 sanctorum
3275 3505 3682 3554 antecessornm
3702 3507 3798 3548 me-

2236 3596 2356 3650 ritis
2382 3592 2677 3664 apostolica
2708 3592 2835 3648 sede
2873 3592 3035 3661 digne
3084 3590 3393 3656 sublimato,
3417 3589 3509 3653 ϐ..
3538 3602 3795 3644 servorum

2237 3685 2334 3740 Dei
2360 3684 2603 3747 ultimus,
2634 3682 2964 3750 humilisque
2987 3681 3307 3737 monachica
3335 3679 3685 3750 congregatio
3710 3676 3795 3732 sbi

2238 3776 2551 3840 commissa,
2577 3772 2984 3829 famulaminum
3026 3785 3357 3842 precumque
3386 3769 3726 3825 sedulitatem
3751 3765 3796 3818 in

2236 3865 2475 3921 Christo.

2309 3957 2614 4013 Virtutibus
2651 3963 2846 4010 vestra:
2875 3952 3162 4008 laudabilis
3187 3950 3340 4005 fama:
3366 3991 3381 4017 ,
3421 3965 3559 4021 quas
3586 3950 3705 4019 pius
3724 3962 3799 4000 ru-

2238 4028 2582 4115 mor‘matris
2610 4044 2865 4101 Ecclesiae
2914 4042 3110 4111 ubique
3155 4039 3426 4105 ditlundit,
3473 4036 3799 4109 congratulao

2239 4154 2382 4204 mur,
2409 4152 2651 4208 quosque
2674 4136 2976 4204 .sa‘pissime
3004 4132 3264 4201 comperti
3304 4146 3515 4194 sumus,
3564 4130 3801 4198 frequen-

2240 4230 2362 4284 tiori
2394 4229 2708 4287 narratione
2729 4225 3018 4283 venerandi
3043 4224 3303 4279 antistitis
3329 4223 3502 4278 nostri
3534 4221 3599 4277 G.
3637 4220 3799 4291 (Gate-

2236 4319 2467 4375 sclmlclti
2514 4335 2595 4388 ep.
2649 4316 2938 4387 Frising.),
2984 4315 3074 4384 qui
3119 4306 3218 4369 vos
3281 4313 3507 4367 multum
3564 4316 3712 4365 amat
3752 4308 3799 4360 in

553 4412 769 4487 vestras,
804 4410 857 4456 et
879 4403 1116 4473 jubentis
1145 4406 1299 4461 nobis
1323 4407 1438 4461 dari
1467 4407 1853 4477 aliquantulum
1877 4409 2129 4464 frumenti
2164 4442 2211 4502 υ
2238 4410 2477 4473 Christo,
2516 4422 2640 4462 cum
2669 4407 2971 4477 priscorum
3002 4406 3462 4474 prmdeeessorum
3492 4400 3661 4456 vestri
3694 4398 3798 4467 cpi-

542 4480 629 4548 ob
654 4492 1047 4563 eloemosynam
1077 4496 1241 4549 vestri
1274 4496 1327 4549 in
1353 4496 1552 4550 victum
1577 4512 1764 4551 eorum
1813 4498 1868 4551 in
1928 4499 2133 4568 regione

556 4588 818 4654 orientali,
842 4604 946 4657 qua
970 4604 1063 4645 vos
1088 4590 1464 4655 dominamini,
1491 4606 1556 4645 ne
1584 4590 1727 4646 fame
1779 4588 1995 4661 penitus
2040 4606 2133 4647 eos

543 4688 611 4736 .e:
633 4680 809 4736 inedia
831 4682 1193 4735 consummari
1225 4681 1306 4735 vel
1336 4684 1471 4735 mori
1499 4683 1795 4737 videamus.
1830 4680 2032 4736 Valete.

1129 4789 1462 4846 EPISTULA
1498 4790 1558 4845 V.

1156 4893 1224 4933 AD
1249 4894 1487 4933 Εωωειι.

538 4989 764 5036 Tir/uin:
792 4994 897 5036 nni!
922 5008 1014 5036 nm
1037 4991 1345 5036 Immnihmt-
1372 4991 1590 5036 nisrimn
1623 5008 1822 5036 uenere-
1851 5000 2131 5036 mmnmm-

2227 4514 2525 4570 scoparum
2563 4499 2737 4568 gratia
2764 4512 2857 4552 seu
2882 4495 3251 4550 familiaritate
3275 4495 3566 4548 admodum
3587 4490 3802 4562 pleniter

2240 4594 2311 4649 ob
2338 4593 2736 4661 elecmosynam
2762 4589 2846 4643 sui
2885 4586 3054 4641 functi
3082 4602 3290 4649 sumus,
3329 4586 3420 4655 qui
3464 4599 3568 4639 nos
3611 4580 3799 4637 dilexe-

2239 4692 2364 4740 runt
2391 4698 2488 4754 pro
2510 4680 2799 4737 amore’Dci
2823 4678 3105 4747 sanctique
3126 4675 3356 4742 Quirini,
3380 4673 3594 4745 patroni
3618 4669 3797 4729 nostri.

2239 4788 2302 4829 eo
2327 4772 2606 4829 ardentius
2632 4770 2792 4823 etiam
2810 4766 3216 4838 gratiamvestri
3240 4780 3352 4836 prae
3378 4764 3589 4820 caeteris
3614 4761 3799 4816 habere

2248 4864 2474 4934 spiritus
2501 4861 2771 4917 desiderio
2793 4860 3027 4923 sitimus,
3058 4873 3164 4928 quo
3186 4872 3284 4912 vos
3305 4870 3503 4910 nomen
3539 4850 3799 4921 religiosi-

2242 4963 2512 5023 tatemque
2532 4950 2882 5006 Benedictina:
2907 4950 3024 5002 vita:
3050 4947 3285 5015 positum
3312 4945 3366 4999 in
3396 4942 3693 5014 apostolica
3728 4937 3800 4992 di-
