3948 5350
518 340 626 397 571

527 470 650 509 eum
716 449 1009 521 negatione,
1067 463 1247 508 contra
1295 443 1504 508 sensum
1567 451 1638 506 sit
1691 450 1889 506 domno
1938 449 2107 505 nostri
2136 464 2185 520 Α

532 544 658 601 duci
686 544 752 600 de
791 544 892 599 hac
921 545 1373 613 requerimouiam
1417 537 1615 597 facere.
1672 574 1677 579 α

1083 633 1418 689 EPISTOLA
1449 633 1568 688 XV.

977 742 1045 781 AD
1074 743 1123 781 Ρ.
1162 740 1445 781 COGNATUII
1484 739 1646 779 ευυιι.

483 874 487 877 ,
533 813 601 871 Ut
629 817 684 870 in
706 815 913 885 egregio
939 814 1367 881 Teqernseensem
1387 813 1656 936 [nmiliam
1685 811 1909 881 jnvandi
1936 811 2117 862 animo

601 889 862 936 nersistat.
886 895 930 936 et
957 886 1210 936 anosdam
1240 883 1384 936 {antu
1407 900 1464 936 os
1519 882 1723 936 civitate
1743 879 1944 936 vulsos.
1966 892 2116 933 tuea-

600 879 862 959 ρενεὶἓιαῖ,
886 895 930 939 et
957 879 1210 955 quosdam
1238 879 1464 953 [amulos
1519 879 1723 936 civitate
1743 879 1944 950 pulsos,
1966 892 2116 933 tuea-

602 968 691 1009 tur

601 1048 690 1113 G.,
716 1048 770 1102 in
789 1046 1044 1102 omnibus
1066 1056 1249 1102 vester
1277 1047 1503 1101 devotus
1527 1045 1780 1109 servitur,
1809 1042 1871 1097 P.
1899 1040 2117 1095 amicis-

533 1144 677 1197 simo
712 1141 1116 1211 consanguineo
1163 1141 1467 1208 donmoque
1512 1137 1832 1192 charissimo
1873 1132 2117 1190 sedulam

532 1234 838 1289 orationem
866 1232 1230 1301 devotumque
1261 1228 1613 1283 famulamcn.

604 1323 769 1387 Deus,
797 1322 888 1390 qui
912 1320 1117 1375 nullum
1156 1320 1291 1374 bene
1319 1327 1635 1389 cperantem
1677 1317 1996 1372 indonatum
2028 1329 2116 1369 re—

533 1412 763 1484 linquet,
789 1412 1045 1467 restituat
1081 1410 1236 1465 vobis
1273 1409 1730 1469 remunerationis
1756 1409 1953 1463 donum
1975 1409 2121 1477 quod

534 1520 639 1577 pro
668 1506 827 1560 nobis
876 1512 1208 1569 constanter,
1242 1503 1433 1557 devote
1470 1501 1807 1571 ﬁdeliterque
1836 1496 2123 1555 laborastis

537 1594 594 1650 in
618 1610 685 1650 eo
710 1595 851 1664 quod
883 1596 950 1649 ad
979 1604 1218 1648 vestrum
1247 1592 1495 1648 solatium
1526 1591 1866 1660 confugimus
1892 1592 2006 1661 (l2)
2031 1591 2123 1661 ju-

537 1687 743 1741 stitiam
777 1686 872 1740 Dei
900 1687 1072 1741 nostri
1105 1685 1416 1739 monasterii
1441 1685 1853 1753 exquirendum.
1880 1682 2126 1736 Petimus

536 1788 671 1831 vero
697 1785 757 1828 ut
785 1790 883 1843 pro
909 1790 1094 1829 amore
1118 1775 1211 1829 Dei
1238 1774 1518 1843 sanctique
1547 1772 1756 1839 Quirini
1790 1772 1966 1826 adhuc
1993 1786 2119 1841 per-

541 1865 882 1921 sistatistido
912 1866 1201 1936 adjutorio,
1237 1874 1299 1919 ut
1324 1865 1590 1934 coepistis,
1620 1874 1673 1918 et
1699 1877 1867 1932 usque
1898 1862 1963 1916 ad
1992 1861 2123 1915 ﬁde-

538 1956 645 2013 lem
668 1957 850 2020 ﬁnem,
892 1965 954 2010 ut
989 1957 1142 2012 vobis
1188 1955 1531 2021 conﬁdimus,
1575 1954 1906 2025 perdueatis.
1959 1952 2125 2019 Quid-

540 2048 670 2118 quid
704 2065 804 2104 nos
843 2049 925 2104 vel
956 2049 1133 2103 nuntii
1161 2050 1332 2103 nostri
1359 2048 1512 2103 vobis
1540 2049 1670 2100 dare
1707 2064 1805 2116 pro
1834 2047 1938 2100 hoc
1966 2059 2127 2115 nego.

544 2140 623 2194 tio
650 2140 1025 2208 promisimus,
1047 2141 1263 2209 quando
1318 2140 1401 2194 vel
1434 2139 1524 2192 ubi
1567 2138 1752 2200 vultis,
1807 2135 1925 2191 sine
1973 2149 2124 2188 mora

544 2241 960 2300 praesentamus,
1006 2230 1077 2282 ita
1124 2238 1301 2283 tamen
1343 2229 1386 2282 si
1438 2237 1616 2282 vestro
1648 2224 1925 2294 juvamine
1971 2224 2128 2279 nobis

544 2320 739 2376 curtlia
766 2318 1140 2374 restituantur.
1174 2317 1313 2372 lstos
1349 2316 1583 2370 famulos
1609 2325 1827 2369 nostros
1865 2314 2133 2368 mittimus

543 2411 734 2484 pietati
779 2421 994 2474 vestrae,
1042 2424 1179 2479 quos
1205 2409 1292 2463 isti
1341 2407 1531 2462 urbani
1561 2406 1628 2461 de
1652 2406 1872 2460 civitate
1914 2402 2133 2473 expule-

544 2513 672 2563 rant
699 2512 922 2573 propter
947 2500 1275 2571 deSpoliatos
1300 2499 1571 2563 homines,
1601 2498 1745 2566 quod
1771 2498 1909 2551 bene
1934 2495 2130 2559 nostis,

545 2595 676 2666 quia
706 2594 779 2647 illi
814 2594 881 2649 de
907 2595 1006 2647 hac
1027 2608 1087 2647 re
1109 2591 1311 2660 aliquid
1346 2606 1453 2643 non
1475 2573 1932 2659 przes'umpserant
1958 2586 2131 2656 prius-

548 2703 714 2758 quam
751 2694 985 2741 vestram
1014 2693 1076 2738 et.
1120 2682 1303 2738 domni
1338 2680 1588 2750 Taginini
1638 2679 1916 2734 licentiam
1969 2675 2134 2731 habe-

548 2777 702 2833 bant.
759 2777 1027 2844 Quocirca
1090 2787 1344 2844 rogamus
1372 2786 1439 2825 ne
1487 2785 1583 2825 eos
1618 2777 1772 2823 extra
1808 2773 2132 2837 potestatem

548 2877 788 2924 vestram
843 2865 1151 2930 dimittatis,
1179 2864 1351 2917 donec
1404 2860 1524 2915 illos
1577 2859 1803 2930 paciﬁce
1828 2866 1886 2912 et
1914 2856 2033 2912 sine
2068 2856 2136 2911 ti-

551 2973 703 3013 more
732 2959 784 3012 in
808 2958 1027 3013 civitate
1052 2970 1272 3011 manere
1308 2952 1539 3009 faciatis.
1570 2949 1778 3006 Valete.

641 3092 755 3164 (l2)
797 3092 1022 3149 Videtur
1056 3092 1247 3148 deesse
1269 3088 1494 3161 aliquid.

1117 339 1457 399 GOZPERTI
1495 337 1784 397 ABBATIS
1822 335 2385 393 TEGEBNFEEKSIS
2410 325 2790 397 EPISTOLE.
2815 374 2873 384 —
2902 342 3192 401 APPEND.

3677 346 3780 403 372

2745 434 3081 511 msr'o’LA
3122 454 3261 511 xvr.

2820 562 2888 603 AD
2926 562 3147 603 Ευιιοειι

2211 634 2655 712 Conqueriturob
2688 638 2779 712 sui
2796 639 3083 712 neglectum
3110 653 3155 692 et
3176 639 3511 712 obliuionem,
3544 650 3785 712 rogatque

2284 706 2343 759 ut
2378 706 2580 777 aliquid
2627 709 2798 776 cnpri,
2840 706 3016 762 stonni
3055 723 3100 762 et
3132 710 3330 777 plumbi
3361 711 3430 762 ad
3471 706 3783 780 fundendum

2284 792 2618 849 campanam,
2643 788 2689 849 et
2725 779 2963 849 nonnihil
2992 780 3353 849 thymiamatis
3380 781 3451 833 ad
3473 780 3672 835 cultum
3693 781 3786 836 Dei

2283 856 2330 899 et
2358 845 2418 900 S.
2445 848 2656 911 Quirini
2679 848 2874 901 mittat.

2232 972 2233 975 η
2283 935 2467 990 Abbas
2502 935 2569 991 ϐ.
2596 938 2886 1006 cretei-ique
2913 936 3114 993 fratres
3139 937 3202 993 P.
3226 939 3486 1010 quidquid
3514 949 3699 1011 patres
3716 942 3789 996 di-

2217 1024 2355 1081 lecto
2389 1025 2541 1080 fratri
2575 1026 2789 1096 ﬁlioque
2822 1028 3163 1083 charissimo.
3306 1080 3307 1083 η
3808 1023 3819 1034 ’

2287 1116 2477 1171 Plures
2523 1117 2653 1170 anni
2704 1129 3089 1188 computantur
3134 1120 3277 1189 quod
3330 1122 3576 1176 nativum
3631 1122 3790 1177 solum

2218 1205 2583 1275 dereliquistis
2601 1248 2616 1273 ,
2644 1214 2701 1261 et
2741 1208 2989 1279 regiones
3016 1209 3210 1265 adistis
3239 1211 3472 1281 ignotas,
3503 1212 3558 1264 in
3585 1211 3795 1281 quibus,

2218 1304 2278 1349 ut
2316 1294 2549 1351 libenter
2588 1298 2930 1365 audivimus,
2973 1299 3136 1354 etiam
3181 1301 3316 1354 satis
3360 1301 3578 1355 abunde
3606 1302 3797 1357 ditatus

2218 1387 2375 1441 estis.
2420 1386 2527 1441 Sed
2555 1388 2817 1442 miramur
2842 1397 2902 1442 et
2932 1389 3180 1446 dolemus
3207 1392 3349 1459 quod
3384 1393 3562 1446 nostri
3592 1391 3799 1462 penitus

2221 1475 2297 1531 ita
2331 1475 2531 1531 oblitus
2574 1478 2729 1544 estis,
2760 1486 2821 1531 ut
2858 1493 2958 1533 nec
2988 1494 3084 1549 per
3111 1480 3351 1545 nuntios,
3385 1480 3514 1536 hinc
3552 1481 3682 1537 inde
3705 1497 3797 1537 sa:-

2222 1567 2343 1637 pius
2373 1567 2723 1635 cursitantes,
2754 1568 2922 1623 ullum
2947 1570 3292 1627 salutaminis
3316 1571 3543 1626 verbum
3570 1588 3801 1643 unquam

2224 1656 2380 1712 nobis
2415 1657 2807 1725 demandastis;
2839 1675 2961 1714 cum
2996 1660 3161 1714 menti
3198 1670 3414 1725 nostrae,
3468 1671 3528 1716 ut
3559 1661 3804 1733 puerulus

2225 1748 2416 1813 eratis,
2449 1749 2614 1803 corde
2655 1758 2814 1805 tenus
2852 1765 3065 1820 semper
3101 1766 3285 1806 amore
3319 1753 3441 1808 sitis
3475 1753 3803 1823 coagulatus.

2231 1837 2312 1893 0b
2339 1839 2770 1894 recordationem
2800 1855 2905 1895 non
2928 1840 3315 1905 obliviscenda:
3342 1843 3653 1914 priorisque
3680 1843 3806 1896 ami-

2228 1930 2372 1984 citite
2418 1945 2675 2000 rogamus
2713 1931 2869 1986 nobis
2912 1932 3205 1987 transmitti
3250 1932 3589 2003 aliquantum
3642 1932 3802 2001 capri.

2230 2024 2434 2085 stanni,
2482 2024 2599 2078 sive
2634 2024 2797 2077 etiam
2837 2023 3062 2094 plumbi.
3112 2022 3372 2079 Volumus
3399 2016 3571 2088 enim,
3606 2024 3656 2079 si
3680 2023 3809 2079 Deus

2231 2113 2467 2182 praeibit,
2505 2112 2764 2182 grandem
2804 2113 3032 2170 fundere
3077 2131 3397 2185 campanam
3440 2116 3512 2170 ad
3556 2116 3808 2171 honorem

2234 2200 2329 2256 Dei
2365 2211 2420 2256 et
2453 2201 2510 2256 S.
2538 2202 2783 2270 Quirini.
2803 2203 2899 2258 His
2927 2204 3072 2259 enim
3103 2204 3355 2261 omnibus
3387 2205 3671 2261 exhausta:
3697 2213 3810 2259 sunt

2234 2299 2432 2345 nostrae
2483 2292 2676 2361 patria:
2730 2293 3026 2359 civitates,
3077 2310 3177 2349 nec
3230 2295 3340 2351 ullo
3390 2296 3567 2365 pretio
3621 2294 3809 2364 aliquid

2232 2378 2543 2434 istiusmodi
2586 2397 2873 2451 possumus
2916 2397 3256 2452 comparare.
3287 2384 3372 2437 Ad
3401 2383 3810 2438 thuriﬁcandum

2233 2471 2398 2525 etiam
2427 2473 2609 2526 domui
2641 2473 2735 2528 Dei
2774 2473 3044 2545 altarique
3082 2474 3141 2529 S.
3169 2474 3379 2541 Quirini
3406 2474 3649 2544 petimus
3673 2473 3814 2527 nobis

2238 2563 2635 2633 aliquantulum
2693 2564 2867 2619 thuris
2911 2564 2998 2620 vel
3047 2565 3277 2636 alicujus
3325 2566 3545 2637 generis
3594 2564 3815 2635 thymia-

2241 2666 2386 2709 mata
2437 2657 2752 2710 transmitti.
2810 2655 2869 2711 Si
2919 2657 3122 2727 aliquid
3176 2656 3332 2711 nobis
3384 2672 3483 2727 per
3531 2664 3815 2726 prmsentes

2239 2745 2458 2800 nuntios
2506 2747 2836 2802 remandatis
2875 2748 3015 2819 quod
3045 2748 3112 2802 ad
3148 2748 3425 2803 servitium
3463 2755 3709 2801 vestrum
3742 2744 3812 2796 ra-

2239 2850 2366 2892 cere
2403 2853 2710 2905 possumus,
2738 2839 2888 2895 omni
2920 2840 3224 2897 devotionis
3250 2840 3430 2895 studio
3456 2838 3696 2895 libenter
3728 2836 3817 2890 imo

2244 2924 2534 2995 plebimus.
2565 2926 2773 2984 Valete.

567 3175 3813 3264 __________________________'.__.___————-—-————————-—-—

1311 3340 1686 3434 GOZPE
1707 3337 1900 3427 BTI
2008 3323 2635 3421 EPISTOLJE
2726 3315 3091 3407 ALIAE.

1492 3513 1688 3587 (Apud
1717 3507 1945 3573 Mabill.,
1980 3504 2215 3561 Analect.
2247 3516 2373 3556 nov.
2407 3498 2538 3554 edit.
2583 3510 2706 3566 pag.
2746 3488 2910 3560 434.)

1979 3648 2321 3666 —-—

1052 3697 1384 3757 EPlSTOLA
1424 3692 1661 3752 PRIMA.

949 3811 1018 3851 ID
1058 3810 1272 3850 UTONEM
1313 3806 1560 3847 NEPOTI-EH
1601 3802 1762 3843 SUUM.

636 3884 818 3946 Abbas
848 3880 1211 3948 'Gozrsnrus,
1256 3882 1475 3938 lmmilis
1519 3879 1618 3934 Dei
1661 3876 1922 3937 famulus,
1972 3872 2149 3931 UTONI

568 3987 765 4044 dilecto
792 3982 971 4053 nepoti
1000 3980 1227 4037 salutem
1261 3978 1312 4031 in
1337 3976 1468 4031 Deo.

640 4079 882 4135 Petimus
925 4091 1024 4131 vos
1069 4088 1166 4145 per
1211 4087 1453 4126 amorem
1484 4068 1576 4123 Dei
1628 4075 1683 4120 et
1733 4063 1906 4120 sancti
1941 4060 2153 4128 Quirini

568 4149 829 4241 martyris
863 4166 968 4231 sui,
1002 4173 1062 4219 ut
1090 4163 1247 4218 nobis
1272 4160 1536 4216 decimam
1575 4157 1801 4210 reddere
1826 4148 2154 4222 praecipiatis

570 4276 733 4333 quam
773 4261 973 4315 debent
1012 4258 1253 4327 hospites
1293 4253 1469 4308 sancti
1511 4248 1722 4317 Quirini
1776 4246 1830 4299 in
1873 4243 2154 4299 servitium

571 4353 797 4416 habere,
834 4357 891 4405 ct
928 4363 1193 4419 pauperes
1221 4347 1272 4399 in
1299 4344 1503 4397 victum
1535 4340 1627 4410 qui
1658 4336 1900 4408 quotidie
1931 4333 2156 4389 veniunt

575 4440 643 4495 ad
681 4440 797 4509 ejus
838 4436 1244 4492 monasterium.
1291 4431 1614 4485 Timendum
1664 4427 1807 4480 enim
1852 4424 2008 4478 valde
2050 4432 2153 4484 est,

573 4544 699 4586 cum
741 4527 1139 4596 eleemosynam
1172 4523 1428 4578 Ecclesia:
1457 4520 1553 4574 Dei
1597 4518 1927 4588 pauperibus
1955 4514 2155 4569 Christi

571 4614 771 4686 injuste
799 4614 1006 4678 tollitis,
1034 4623 1095 4668 ut
1147 4612 1365 4667 tollatur
1388 4609 1545 4664 vobis
1578 4623 1608 4662 a
1634 4606 1743 4661 Deo
1765 4605 1907 4675 quod
1934 4603 2160 4657 licenter

571 4714 631 4762 et
672 4705 789 4760 sine
830 4703 1037 4772 peccati
1081 4700 1325 4772 periculo
1362 4699 1567 4753 habere
1603 4695 1857 4768 potestis;
1891 4693 2033 4765 quod
2062 4708 2158 4747 vos

575 4796 721 4852 Deus
748 4794 921 4849 vitare
952 4794 1233 4848 concedat.
1272 4788 1481 4845 Valete.

1146 4879 1481 4937 EPISTULA
1521 4878 1584 4934 ll.

1075 4987 1144 5029 AD
1179 4986 1419 5029 COHITEM
1458 4984 1650 5025 ADALP.

2174 3691 2220 3753 ε
2253 3699 2395 3748 mus,
2440 3694 2634 3735 nomen
2669 3682 2912 3732 vestrum
2956 3673 3011 3728 in
3052 3671 3191 3726 libro
3225 3669 3350 3724 vitae
3388 3665 3530 3736 apud
3574 3679 3679 3721 nos
3704 3677 3824 3719 con-

2257 3774 2520 3843 scriptum
2562 3771 2829 3826 habemus
2867 3778 2924 3824 et
2963 3764 3207 3837 quotidie
3250 3758 3621 3831 supplicamus
3661 3771 3693 3809 a

2254 3863 2409 3918 vobis
2454 3860 2934 3923 remunerandum,
2976 3870 3077 3925 pro
3114 3852 3268 3922 cujus
3300 3862 3488 3903 amore
3519 3846 3651 3900 talia
3684 3840 3827 3898 nobis

2251 3955 2562 4023 nostrisque
2606 3953 2804 4007 facitis.
2844 3951 2899 4005 In
2944 3949 3164 4010 talibus,
3200 3952 3259 3999 ut
3297 3940 3672 4013 prtediximus,
3710 3933 3828 3990 locis

2256 4044 2541 4112 degentes,
2587 4038 2906 4111 piscationis
2949 4050 3199 4105 magnam
3246 4030 3534 4102 penuriam
3575 4026 3826 4112 patimur.

2255 4110 2523 4197 Quocirca
2553 4110 2807 4198 petimus,
2835 4128 2881 4181 si
2911 4126 2966 4181 in
2994 4140 3154 4180 manu
3186 4131 3367 4176 vestra
3405 4131 3550 4172 anno
3586 4110 3829 4187 praesenti

2255 4218 2531 4287 piscatura
2558 4227 2641 4272 est
2662 4224 3001 4286 prosperata,
3045 4213 3327 4268 nobiscum
3358 4207 3519 4264 solita
3551 4200 3832 4261 clementia

2256 4311 2443 4381 partiri
2470 4309 2819 4382 prmcipiatis.
2851 4308 3061 4363 Valete.-

2814 4439 3149 4498 EPISTOLA
3189 4438 3274 4494 Ill.

2604 4574 2672 4612 AD
2713 4569 3002 4612 ARNOLDU“
3039 4567 3286 4609 NEPOTEI
3323 4566 3485 4607 SOU”.

2330 4672 2650 4727 Gozrenrus
2676 4668 2844 4724 abbas
2888 4666 3221 4732 nominatus,
3267 4662 3516 4734 quamvis
3568 4657 3833 4728 indignus,

2261 4763 2461 4817 seniori
2505 4762 2790 4823 Annoeoo,
2840 4758 3094 4827 neptique
3142 4764 3339 4810 nostra:
3385 4752 3600 4823 conjugi
3650 4756 3837 4804 vestra:

2262 4853 2575 4908 Adalhaidte
2602 4851 2831 4905 salutem
2864 4849 2915 4903 in
2937 4849 3047 4902 Deo
3074 4860 3306 4901 summo.

2335 4943 2671 4998 Necessitate
2709 4942 2942 4995 maxima
2982 4937 3267 5008 compulsi,
3307 4948 3605 4990 amicorum
3634 4934 3840 4987 nostro-

649 5066 997 5126 Nobilissimo
1032 5066 1217 5121 comiti
1247 5065 1449 5118 Amer.
1480 5061 1801 5116 Gozrenrus
1831 5056 1999 5111 abbas
2039 5070 2134 5108 cun

2268 5050 2385 5089 rom
2432 5034 2535 5087 ﬁda
2587 5032 2894 5102 ﬂagitamus
2945 5030 3141 5085 auxilia
3169 5067 3184 5093 ,
3231 5028 3357 5097 quia
3405 5023 3663 5096 praesenti
3707 5033 3839 5075 anno

577 5161 862 5218 monachis
899 5159 1001 5215 sibi
1043 5155 1369 5221 commissis,
1405 5154 1597 5225 pignus
1636 5149 1861 5221 superni
1888 5145 2166 5202 salutami-

581 5255 671 5308 nis
701 5249 753 5308 in
779 5252 1017 5308 Christo.

2268 5126 2493 5180 minime
2522 5123 2793 5180 suﬁiciunt
2829 5123 2986 5178 nobis
3013 5122 3256 5176 victuum
3291 5117 3546 5173 alimonia
3575 5115 3840 5169 fructuum

2265 5215 2567 5282 fertilitate,
2592 5229 2845 5284 agrorum
2875 5214 3162 5269 sterilitate
3191 5209 3470 5266 sul'locata.
3508 5208 3568 5262 In
3598 5205 3841 5259 omnibus

2271 5306 2429 5350 rebus
2460 5320 2744 5350 snornmns
2769 5320 2866 5350 vns
2896 5303 3049 5350 nobis
3074 5317 3194 5350 esse
3220 5297 3607 5350 comnalientes
3630 5290 3841 5348 visceri-
