3948 5350
178 281 261 337 373
666 308 679 317 '
1053 282 1456 341 THIETPALDI
1494 282 1707 338 EPIST.
1744 282 1811 337 Al

1827 291 1836 331 ι
1874 280 1929 336 S.
1970 279 2455 337 ADELBERTUM.

3260 274 3378 329 δτι

1884 443 3348 471 -Μ

287 597 1076 729 APPENDIX
1159 599 1365 728 AD
1460 597 2322 728 EPISTOLAS
2417 601 3252 801 GOZPEBTI.

1425 853 2039 882 —_

877 995 1951 1090 TEGERNSEENSIUM
2019 991 2681 1087 EPISTOLIE.

928 1190 1108 1262 (Apud
1145 1186 1477 1245 Bernardum
1499 1185 1744 1249 Pezium,
1774 1180 2029 1238 Thesaur.
2073 1184 2268 1243 Anecd.
2296 1184 2362 1253 ν,
2387 1200 2425 1252 l,
2454 1186 2602 1256 150.)

628 1452 965 1507 EPISTOLA
1002 1451 1230 1505 PRIMA.

467 1558 539 1597 ΑΒ
579 1560 903 1599 GOZPEBTUM
942 1559 1183 1598 ABBATEI
1224 1557 1381 1597 SUUM.

166 1632 229 1689 De
249 1633 385 1686 ducis
413 1635 598 1686 animo
621 1636 865 1703 qmedam
900 1634 1075 1686 ablata
1108 1631 1639 1703 restituerevolentis,
1669 1638 1717 1684 et

282 1704 341 1756 de
360 1704 715 1756 decimatione
742 1706 946 1756 cuidam
979 1704 1193 1756 inclusw
1215 1702 1337 1755 olim
1361 1702 1573 1754 donata.

220 1794 419 1848 Seniori
460 1805 657 1851 nostro
691 1796 885 1849 domno
925 1794 1105 1849 abbati
1145 1793 1209 1851 G.
1236 1794 1431 1849 fratres
1456 1793 1557 1849 sibi
1589 1792 1717 1847 sub-

158 1884 288 1954 jeﬂi,
313 1886 576 1954 quidquid
616 1886 814 1940 dilecto
835 1885 1000 1939 Patri.

221 1975 401 2029 Frater
444 1985 640 2029 noster
674 1974 898 2030 Nonnus
927 1977 1137 2046 Eigino,
1177 1977 1242 2032 de
1273 1976 1465 2031 itinere
1497 1991 1604 2045 quo
1642 1976 1723 2030 di-

164 2078 320 2119 rectus
348 2076 467 2119 erat
497 2069 893 2122 monasterium
936 2084 1233 2138 regressus,
1262 2069 1447 2123 retulit
1475 2070 1631 2123 nobis
1658 2069 1722 2121 de

163 2158 335 2210 domno
365 2168 556 2213 nostro
590 2160 726 2213 duce
750 2160 887 2229 quod
916 2161 1203 2229 sponderat
1239 2176 1297 2215 se
1340 2160 1569 2215 libenter
1588 2160 1722 2214 velle

164 2247 427 2303 restituere
464 2264 594 2317 qua:
625 2250 949 2304 monasterio
986 2260 1172 2305 nostro
1208 2251 1477 2305 abstracta
1514 2259 1639 2305 sunt
1669 2252 1721 2305 in

164 2335 381 2397 Oriente,
409 2338 689 2407 iussitque
714 2338 933 2395 fratrem
965 2340 1199 2411 Meginh.
1232 2342 1361 2396 inibi
1388 2352 1719 2412 exspectare,

164 2432 214 2476 ut
247 2440 301 2479 se
341 2430 802 2484 commonefaciat
848 2430 915 2485 de
962 2433 1047 2486 his
1089 2447 1419 2502 quaecunque
1462 2435 1570 2489 sint
1617 2435 1725 2489 illic

168 2515 493 2581 requirenda,
536 2526 595 2571 et
636 2519 736 2573 hoc
776 2522 990 2589 quando
1035 2539 1175 2577 nunc
1215 2525 1459 2592 proxime
1499 2526 1726 2582 domnus

168 2606 489 2659 noster-dux
544 2606 672 2661 illuc
718 2619 1040 2665 revertetur.
1102 2612 1236 2666 Nam
1281 2615 1449 2668 frater
1490 2616 1721 2686 Meginh.

170 2690 325 2745 adhuc
372 2693 486 2747 illic
537 2706 834 2765 exspectat,
881 2708 935 2753 et
985 2701 1036 2755 in
1090 2703 1399 2759 maturitate
1446 2706 1727 2761 vindemiae

1743 1450 1796 1511 Α
1823 1448 2142 1516 S.Quirinl,
2188 1449 2508 1519 paupercula
2556 1448 3004 1519 eleemosynatrix
3050 1457 3243 1514 vestra,
3294 1449 3375 1503 ln~

1721 1550 1729 1573 τ
1817 1542 2071 1595 stantiam
2134 1543 2397 1597 orationis
2444 1556 2543 1612 pro
2590 1540 2848 1610 sospitate
2910 1550 3090 1597 vestra
3152 1542 3242 1596 diu
3290 1556 3385 1595 no-

1817 1640 2032 1701 ctuque.

1886 1723 2083 1777 Beatus
2116 1720 2278 1778 Pater
2312 1731 2495 1777 noster
2530 1721 2827 1792 Gozpertus
2856 1738 2930 1776 xu
2959 1720 3077 1775 Kal.
3105 1721 3264 1775 Febr.
3294 1735 3385 1775 so-

1819 1828 1944 1866 mno
1974 1814 2123 1882 pacis
2154 1813 2417 1881 requievit
2451 1813 2502 1866 in
2532 1812 2777 1877 Domino,
2804 1826 2903 1880 pro
2929 1827 3036 1881 quo
3071 1810 3248 1865 miseri
3287 1825 3383 1863 ne—

1817 1919 2086 1972 quaquam
2116 1898 2399 1972 possumus
2430 1902 2718 1968 consolari,
2748 1902 2850 1956 nisi
2876 1916 2985 1962 vos,
3019 1901 3161 1954 sicut
3190 1898 3387 1953 unicis-

1819 1993 1986 2047 simus
2015 2002 2132 2061 post
2162 1994 2327 2047 Deum
2366 1994 2521 2047 nobis
2556 1993 2688 2047 estis
2722 1993 2969 2053 domnus,
3004 1991 3076 2045 ita
3106 1990 3270 2044 etiam
3301 1988 3387 2041 vi.

1820 2080 2057 2135 secribus
2086 2082 2187 2151 pim
2216 2082 2556 2150 paternitatis
2588 2082 2756 2135 nostri
2793 2080 3035 2136 misereri
3073 2077 3384 2149 dignemini.

1820 2177 2056 2233 Primum
2097 2179 2321 2248 pedibus
2361 2178 2557 2233 vestris
2588 2175 2700 2231 solo
2726 2183 2879 2230 tenus
2904 2172 3158 2243 prostrati
3201 2168 3387 2224 humili

1821 2276 2037 2337 precatu
2103 2269 2463 2336 supplicamus
2526 2282 2593 2321 ne
2658 2265 2832 2320 locum
2897 2262 3391 2328 monasteriumque

1823 2355 1879 2409 S.
1908 2355 2119 2422 Quirini
2159 2357 2318 2410 ullius
2357 2356 2493 2409 alius
2526 2369 2761 2422 unquam
2792 2352 3042 2421 potestati
3084 2348 3390 2403 concedatis

1823 2446 1924 2501 nisi
1958 2455 2169 2510 vestrae,
2201 2462 2269 2499 ne
2300 2446 2495 2500 vestris
2526 2443 2854 2512 temporibus
2899 2440 3032 2513 [res]
3075 2455 3209 2508 quas
3237 2448 3390 2505 pater

1821 2544 2000 2590 vester
2048 2535 2334 2603 cmterique
2384 2542 2634 2603 parentes
2678 2531 2844 2585 vestri
2892 2530 2960 2584 ob
2998 2529 3389 2598 elecmosynam

1822 2627 1904 2679 sui
1946 2625 2071 2679 huic
2109 2624 2436 2678 monasterio
2480 2628 2882 2684 concesserunt,
2919 2618 3161 2673 subtrahi
3201 2615 3284 2670 vel
3313 2615 3391 2668 di-

1824 2715 2012 2768 stribui
2062 2714 2129 2767 ab
2159 2713 2423 2781 aliquibus
2454 2712 2728 2773 videntes,
2769 2723 2865 2762 nos
2890 2706 3197 2777 posterique
3222 2701 3393 2757 nostri

170 2791 371 2872 coactus
420 2794 479 2838 et
522 2801 615 2855 spe
654 2791 1005 2858 regressionis
1045 2793 1224 2847 domni
1266 2796 1438 2850 ducis.
1491 2797 1724 2852 Reman-
1753 2783 1799 2841 Β
1826 2820 2037 2872 semper
2065 2804 2316 2871 deinceps
2340 2803 2458 2855 haec
2485 2801 2679 2855 damna
2714 2796 3010 2851 doleamus.

173 2870 299 2935 date,
320 2888 534 2939 precor,
559 2878 690 2931 mihi
720 2895 876 2934 servo
903 2890 1080 2936 vestro
1107 2884 1434 2951 Froumund,
1459 2889 1502 2942 si
1518 2890 1725 2943 domum

175 2960 377 3017 inclusa:
418 2967 487 3018 ad
520 2966 801 3037 Niunpurc
838 2971 1243 3030 decimationem
1277 2977 1525 3042 dedistis,
1562 2996 1722 3048 quam

178 3058 318 3103 antea
356 3054 425 3107 ab
468 3056 657 3111 abbate
702 3071 891 3114 nostro
925 3062 1130 3117 habuit.
1180 3065 1365 3121 Timeo
1408 3085 1639 3138 namque
1669 3081 1725 3125 ut

178 3142 374 3205 penitus
406 3144 529 3198 hinc
558 3158 781 3214 pereat,
811 3154 935 3218 quia
975 3169 1251 3222 nunquam
1297 3155 1409 3229 [ad]
1445 3159 1727 3215 investitu-

182 3240 284 3313 ram
314 3240 545 3288 nostram
568 3248 812 3305 venerat,
842 3242 934 3296 sed
961 3257 1172 3313 semper
1198 3260 1295 3313 per
1316 3247 1575 3304 beneﬁcia
1601 3250 1726 3307 hinc

184 3312 295 3370 inde
319 3322 626 3390 vagabatur.

728 3417 1055 3475 EPISTOLA
1092 3423 1155 3477 ll.

517 3518 587 3556 AD
622 3520 885 3562 HENRICU!
924 3526 1151 3566 BOJARl/E
1190 3528 1384 3569 DUCEM.

190 3575 255 3631 De
283 3582 513 3675 ξξξξίιξεηξ
538 3589 773 3675 ςξριρενιί
806 3599 948 3675 obitu
976 3602 1189 3675 novique
1224 3605 1425 3675 abbatis
1461 3606 1726 3675 electione,

278 3665 428 3745 quam
454 3668 507 3709 ut
542 3660 749 3716 liberam
773 3668 868 3720 sibi
904 3660 1173 3736 concedat,
1207 3674 1393 3728 obnixe
1418 3660 1621 3745 rogant.

250 3732 448 3792 Semori
510 3759 694 3803 nostro
739 3753 857 3808 duci
912 3757 977 3810 Η.
1020 3762 1363 3829 congregatio
1415 3766 1729 3821 monasterii

1894 2894 2026 2948 Cum
2056 2892 2121 2946 de
2159 2890 2471 2944 inﬁrmitate
2517 2886 2726 2942 abbatis
2763 2885 2931 2939 nostri
2965 2881 3167 2938 causati
3208 2895 3399 2934 sumus

1828 3000 2006 3039 coram
2056 2983 2227 3047 vobis,
2264 2982 2405 3050 quod
2446 2983 2510 3034 de
2544 2978 2806 3033 electione
2843 2974 2997 3030 nobis
3040 2972 3390 3043 promisistis,

1827 3075 1975 3143 quasi
2000 3072 2095 3126 Dei
2126 3088 2219 3127 ore
2245 3071 2511 3141 prolatum
2542 3069 2717 3123 adhuc
2750 3066 2959 3119 ﬁrmum
2994 3073 3259 3125 tenemus,
3290 3062 3389 3113 ite-

1828 3177 2053 3231 rumque
2095 3161 2327 3230 petimus
2370 3173 2467 3228 pro
2514 3170 2696 3210 amore
2741 3154 2832 3207 Dei
2880 3160 2934 3207 et
2980 3151 3038 3205 S.
3069 3150 3299 3216 Quirini,
3329 3162 3395 3201 ne

1831 3250 2345 3319 extravpetitionem
2382 3254 2621 3300 uestram
2658 3242 2890 3311 aliquem
2934 3240 3088 3294 nobis
3145 3237 3393 3291 abbatem

1832 3342 2192 3398 constituatis.
2225 3338 2447 3406 Quando
2479 3336 2710 3405 denique
2749 3333 2889 3388 felici
2934 3329 3265 3401 regressione
3297 3342 3394 3396 pa-

1833 3435 1990 3489 triam
2035 3433 2251 3493 venitis,
2286 3445 2469 3485 coram
2496 3428 2647 3482 vobis
2677 3424 3010 3494 congregati,
3035 3421 3189 3488 jussu
3218 3426 3404 3471 vestro

1833 3537 1888 3581 et
1910 3525 2125 3579 licentia
2163 3522 2308 3577 illum
2340 3520 2616 3590 eligemus,
2647 3531 2803 3586 quem
2836 3512 3095 3583 regularis
3128 3506 3400 3576 religionis

1834 3624 2086 3685 putamus
2132 3621 2486 3673 servatorem,
2538 3606 2809 3673 vestrique
2856 3600 3091 3666 servitii,
3137 3603 3399 3668 quantum

1836 3704 2051 3768 sulIicit,
2080 3702 2226 3757 nullo
2258 3700 2416 3755 modo
2444 3700 2837 3753 immemorem.

1391 4007 1574 4051 CIBCA
1619 4008 1888 4053 EUMDEM
1931 4006 2152 4051 ANNUM

975 4107 2558 4268 THIETPALDUS

1265 4373 1834 4432 TEGERNSEENSIS
1864 4372 2261 4430 MONACllUS.

486 4626 1203 4733 THIETPALDI
1278 4645 1862 4738 EPISTOLA
1922 4647 2070 4734 AD
2135 4646 2226 4735 S.
2297 4641 3096 4732 ADELBERTUM

1297 4850 1623 4892 raussrsusrs
1660 4826 1925 4892 metusne.
1961 4848 2276 4890 Episcopum

169 4910 240 4977 Sc,
285 4919 656 4984 Aristotelia:
678 4934 974 5007 ρΙιίιοεορΙιὶα
1008 4954 1301 5017 contempta
1322 4986 1337 5013 ,
1362 4948 1510 5000 rebus
1536 4949 1700 5003 sacris
1728 4948 1935 5027 studere
1958 4947 2187 5011 nuntiat,
2222 4953 2462 5015 aptatque
2493 4952 2549 4997 ut
2570 4946 2617 5000 ei
2646 4944 2822 5000 omnia
2850 4956 2913 4996 ex
2939 4941 3103 4996 animi
3148 4934 3403 4993 sententia

1659 5024 1896 5074 eveniant

1036 5164 1388 5232 (Bernartius
1418 5168 1629 5239 Pezius,
1665 5170 1819 5227 Thes.
1845 5165 2041 5219 Anecd.
2074 5182 2212 5232 nov.,
2243 5164 2306 5231 Υ,
2335 5180 2376 5232 t,
2407 5163 2563 5232 151.)

1552 5321 2005 5350 _______.__._
