3948 5350
566 354 672 410 575

1621 356 1681 415 S.
1718 359 1896 431 ᾼΒΒΟ
1932 359 2426 420 FLORIACENSIS
2456 363 2693 420 ABBAS.

3671 368 3766 425 εἶθ

632 468 788 532 Novi,
813 469 1009 538 prtesul
1045 470 1292 534 verende,
1330 470 1465 526 nihil
1508 474 1848 530 sanctitatem
1894 484 2131 532 vestram
2162 482 2206 536 A
2238 477 2338 533 tias
2367 493 2508 549 ago:
2541 487 2593 533 et
2627 478 2678 533 id
2705 477 2925 548 quidem
2954 476 3170 542 merito,
3198 478 3488 534 dummodo
3526 479 3774 549 refociM

562 559 946 630 philosophica:
988 561 1380 631 compilationis
1422 577 1451 616 a
1496 566 1599 619 mei
1649 566 1984 634 pauxillitate
2019 569 2124 623 ein

563 663 714 717 gere;
750 649 842 703 sed
874 649 917 702 si
953 664 1057 719 qua
1089 650 1140 703 in
1172 665 1230 704 re
1259 657 1403 714 sunt,
1441 652 1669 722 simplici
1703 655 1881 724 potius
1908 657 2134 712 veritate

565 736 765 792 cudere
800 737 955 801 velle,
998 738 1217 792 minime
1254 741 1546 795 recordans
1584 742 1709 810 quia
1746 741 1960 797 stultam
2005 743 2136 799 fecit

568 828 710 882 Deus
745 829 1060 897 sapientiam
1101 830 1286 884 mundi
1313 831 1499 899 hujus,
1522 842 1809 903 postquam
1840 836 2132 891 exsiccavit

562 912 752 970 ﬂuvios
778 916 974 970 Ethan.
1010 916 1128 971 Prze
1157 918 1485 974 dulcitudine
1519 921 1662 974 enim
1691 922 1874 978 decem
1904 924 2135 980 chorda-

561 1016 682 1056 rum
726 1004 979 1070 Davidis,
1034 1006 1546 1077 intromitteutisque
1592 1010 1709 1076 Dei,
1755 1020 2014 1079 quantum
2065 1027 2133 1067 ex

564 1104 669 1154 me,
713 1091 848 1155 suis,
889 1106 1027 1161 pene
1065 1094 1263 1149 oblitus
1299 1111 1417 1149 sum
1467 1097 1687 1152 totidem
1728 1096 2134 1168 Categoriarum

562 1177 891 1234 Aristotelis.
929 1180 1195 1246 Quocirca
1233 1182 1366 1252 elegi
1408 1183 1616 1254 abjecta
1648 1186 1801 1255 quasi
1841 1195 1897 1241 et
1932 1188 2134 1242 medio-

562 1267 706 1330 cria,
760 1269 846 1322 cui
884 1270 950 1323 ad
980 1285 1212 1338 unguem
1252 1272 1406 1328 labra
1445 1289 1551 1329 non
1588 1277 1847 1333 maduere
1896 1277 2134 1350 Pegaseo

561 1355 732 1423 fonte,
772 1359 999 1414 Domino
1026 1376 1143 1416 meo
1163 1373 1511 1433 praesentare,
1547 1369 1717 1437 magis
1743 1385 1902 1439 quam
1928 1370 1979 1424 in
2007 1370 2131 1439 qui-

560 1442 664 1499 lius
708 1455 916 1502 tantum
957 1448 1296 1507 inhonestius
1331 1454 1607 1521 caderem,
1649 1458 2014 1527 scrupulosius
2048 1460 2131 1514 in-

562 1534 781 1592 sudare.
819 1536 875 1592 Si
910 1537 1093 1595 fatuus
1121 1540 1273 1596 dicor
1302 1544 1618 1599 remordens
1645 1546 1966 1613 circuitum,
2009 1564 2130 1619 gra-

2235 573 2349 618 tum
2388 580 2473 619 me
2511 565 2685 619 fatear
2722 564 2929 620 furfure
2958 566 3196 620 Platonis
3213 554 3238 628 ,’
3264 576 3319 622 et
3365 576 3416 621 te
3449 566 3658 623 Patrem
3693 587 3771 627 co-

2232 667 2486 719 gnoscant
2529 655 2780 709 satiatum
2823 669 2985 723 super
3012 653 3272 709 ferculum
3294 654 3612 711 Salomonis.
3649 657 3771 725 Quid

2231 742 2420 813 plura?
2459 744 2513 798 In
2541 746 2726 814 primis
2758 762 2853 801 vos
2887 747 3070 802 valere
3100 757 3154 801 et
3183 747 3236 802 in
3267 749 3517 803 omnibus
3540 765 3774 818 prospere

2232 846 2414 901 agere,
2448 850 2623 888 meum
2666 851 2766 905 pro
2801 847 2948 891 certo
2995 837 3180 891 sciatis
3225 839 3459 907 gaudere
3495 855 3509 890 :
3542 841 3682 908 quia,
3725 851 3775 895 ut

2231 923 2385 977 decet
2419 923 2471 976 in
2498 922 2743 991 Domino,
2772 942 2839 980 ex
2863 936 3057 982 vestra:
3082 929 3499 992 commoditatis,
3522 929 3625 994 vel,
3650 931 3772 998 quod

2235 1013 2405 1067 absit!
2448 1013 2681 1082 ineptiae,
2722 1026 2990 1085 utcunque
3030 1033 3088 1071 se
3117 1018 3332 1081 habeat,
3371 1020 3585 1073 cumulo
3617 1035 3773 1073 meum

2234 1103 2570 1158 commodum
2616 1103 2697 1157 vel
2739 1105 3089 1161 infortunium
3138 1117 3342 1177 specto.
3391 1109 3467 1163 De
3499 1109 3775 1163 voluntaria

2233 1202 2364 1243 vero
2404 1191 2682 1246 servitutis
2717 1208 2850 1247 mete
2885 1194 2938 1249 in
2978 1209 3071 1249 vos
3100 1196 3361 1264 qualitate
3397 1197 3528 1264 quid
3555 1212 3686 1264 opus
3709 1205 3779 1250 est

2231 1277 2439 1342 verbis,
2464 1278 2757 1334 cum‘ultra
2795 1295 3007 1336 omnem
3031 1293 3224 1337 vestra:
3260 1284 3614 1350 subjectiouis
3641 1286 3779 1339 cleri-

2234 1382 2356 1422 cum
2403 1368 2481 1421 vel
2533 1368 2785 1424 clientem
2824 1369 2975 1438 juxta
3021 1372 3277 1440 majorem
3327 1389 3505 1428 rerum
3558 1390 3776 1428 mearum

2234 1458 2545 1512 facultatem
2589 1476 2673 1514 me
2726 1461 2780 1513 in
2819 1450 2963 1515 omni
3008 1461 3124 1517 loco
3164 1462 3315 1534 [non]
3354 1464 3572 1534 possitis
3603 1464 3779 1520 habere

2232 1549 2618 1617 promptiorem
2648 1550 2805 1604 simul
2835 1560 2888 1605 et
2918 1552 3247 1607 devotiorem
3284 1554 3310 1608 ?

566 1689 1163 1710 ..η-Μ
1230 1691 1264 1712 ἶ
1490 1689 1511 1690 η
1526 1689 2277 1699 ίῄ--ι--ν--ιτ--υ--ξ
2296 1689 3769 1705 -ν--ῄ--ῄ-ᾐ-νὴ-*Ὗ
3318 1698 3741 1724 =._._.

1866 1783 2034 1861 ANNO
2077 1786 2309 1830 DOMINI
2362 1780 2503 1833 Μιν.

1031 1959 2362 2176 SANCTUS
2550 1966 3310 2177 ABBO

1723 2249 1977 2312 ABBAS
2035 2249 2625 2315 FLORIACENSIS.

835 2574 1378 2718 VITA
1576 2571 2355 2714 SANGTI
2500 2526 3527 2773 {ra‘enoms
3600 2720 3607 2725 ,

2668 2747 2789 2783 ,ρῐῗ

2309 2784 2405 2853 \UL
2570 2744 2619 2803 ait
2648 2784 2653 2799 ⁸

1403 2866 1871 2947 AUGTORE
1901 2818 2405 2976 amomo"
2429 2818 2951 2951 Messene.

1074 3043 1289 3117 (Apud.
1314 3043 1545 3112 Mabill.,
1571 3045 1704 3100 Acta
1733 3012 2035 3101 sanctorum
2062 3046 2179 3100 ard.

2240 3044 2278 3099 ἶ.
2309 3044 2598 3111 Benedicti,
2627 3054 2759 3120 toto,
2790 3044 2923 3102 VIII.
2947 3059 3071 3117 pag.
3099 3044 3314 3116 30-58.)

2006 3137 2399 3154 ..ι-*-

1370 3213 2356 3308 OBSERVATIONES
2441 3217 2999 3309 PRIEVI/E.

643 3517 693 3569 1.
729 3514 843 3572 Non
892 3516 1048 3573 facile
1094 3523 1178 3571 est
1211 3514 1483 3570 aestimare
1529 3520 1650 3567 uter
1692 3510 1901 3568 felicior
1943 3513 2128 3582 fuerit,
2160 3515 2205 3574 Β
2235 3510 2364 3567 teris
2391 3510 2717 3566 excellentes
2740 3513 2908 3581 viros,
2937 3514 2993 3569 in
3017 3511 3265 3585 Angliam
3310 3523 3596 3582 evocatos,
3629 3516 3785 3571 muni-

573 3605 879 3671 Aimoinus,
910 3608 1051 3676 quod
1087 3606 1403 3676 magistrum
1429 3619 1492 3659 ac
1517 3613 1905 3675 pmceptorem
1940 3606 2141 3662 halzue-

575 3695 646 3747 rit
672 3694 967 3760 Abbouem,
995 3710 1063 3748 an
1088 3694 1242 3748 Ahbo
1262 3708 1357 3747 seu
1376 3691 1494 3747 Abo
1520 3692 1657 3761 ipse,
1675 3693 1817 3763 quod
1835 3694 2143 3749 Aimoinum

575 3785 979 3843 Floriaccnscm
997 3787 1314 3843 monachum
1330 3826 1347 3854 ,
1374 3801 1637 3857 suumque
1661 3787 2004 3858 discipulum,
2020 3790 2144 3846 vita:

578 3892 691 3932 suae
727 3879 1045 3949 scriptorem
1088 3881 1313 3934 sortitus
1340 3879 1431 3933 sit.
1457 3878 1690 3933 Aimoini
1721 3881 1917 3950 quippe
1943 3881 2010 3936 de
2036 3880 2144 3938 Ab.

574 3967 716 4021 bone
747 3967 1046 4024 lucubratio
1074 3969 1335 4039 ejusmodi
1362 3978 1447 4025 est
1472 3977 1531 4023 ut
1560 3968 1713 4024 nobis
1736 3969 2017 4026 Abbanem
2064 3971 2145 4041 ip-

577 4073 697 4113 sum
727 4060 929 4116 referat
951 4059 1172 4131 ejusque
1193 4061 1346 4116 dotes
1374 4075 1438 4115 ac
1468 4070 1614 4115 recte
1645 4061 1781 4116 facta
1813 4060 2029 4130 egregie
2060 4075 2146 4117 re-

576 4158 882 4217 praesentet.
919 4150 1046 4206 llaec
1081 4165 1111 4204 a
1148 4150 1358 4206 Joanne
1396 4149 1461 4205 de
1496 4150 1665 4205 Bosco
1703 4149 1995 4204 Caelestino
2034 4149 2147 4219 pri-

578 4253 725 4291 mum
760 4249 898 4309 typis
927 4242 1070 4295 edita
1114 4248 1200 4294 est
1239 4254 1303 4293 ex
1344 4254 1446 4294 ms.
1481 4239 1665 4294 codice
1691 4238 2046 4304 Floriacensi,
2075 4237 2144 4293 ad

576 4343 738 4395 quem
780 4330 957 4384 denuo
992 4330 1158 4385 libros
1188 4331 1363 4385 editos
1397 4329 1751 4392 contulimus,
1795 4328 2146 4385 restituendis

582 4420 904 4489 quibusdam
933 4421 1084 4484 locis,
1117 4436 1234 4489 quae
1279 4421 1417 4489 apud
1463 4414 1709 4474 Boscium
1739 4432 1803 4474 ex
1831 4418 2145 4473 difﬁcultate

578 4508 862 4576 scriptura:
890 4523 994 4561 nou
1016 4523 1207 4577 parum
1234 4508 1442 4562 detrita;
1485 4516 1578 4561 aut
1619 4507 1810 4561 vitiosa
1844 4513 2023 4573 erant,
2052 4512 2146 4560 aut

580 4611 774 4653 vacua.

650 4689 703 4742 2.
741 4688 942 4744 Prmter
985 4686 1313 4753 Aimoinum,
1359 4687 1495 4741 varii
1565 4694 1815 4742 auctores
1866 4684 2141 4741 Ahbonem

580 4778 829 4833 laudibus
874 4780 1201 4844 extulerunt,
1252 4778 1365 4832 sive
1414 4778 1706 4841 viventem,
1749 4785 1808 4832 ιιι
1856 4776 2144 4833 Fulbertus

2245 3599 2469 3656 a’ic:.nter
2501 3616 2710 3665 curare,
2738 3617 2805 3656 ne
2831 3602 2918 3656 illo
2949 3604 3092 3658 bono
3119 3602 3399 3659 fraudaret
3425 3607 3657 3674 patriam
3687 3604 3787 3660 sine

2242 3705 2352 3761 quo
2388 3698 2582 3745 cattera
2620 3690 2759 3744 bona
2791 3706 2926 3760 pene
2962 3692 3090 3745 mihi
3121 3693 3372 3748 videntur
3414 3694 3620 3749 inania.
3663 3693 3788 3761 Quo-

2243 3794 2364 3834 rum
2395 3794 2531 3835 unus
2570 3778 2674 3833 fuit
2708 3779 2888 3846 Ahbu,
2938 3782 3301 3838 Floriacensis
3346 3785 3665 3851 monachus,
3710 3783 3788 3853 qui

2241 3871 2465 3923 multam
2495 3868 2735 3924 scientia:
2765 3869 2971 3941 frugem
2998 3871 3204 3943 Angiiae
3230 3873 3460 3943 Invexit,
3486 3874 3578 3944 qui
3607 3873 3789 3943 passio-

2240 3974 2364 4014 nem
2393 3959 2658 4014 Edtnundi
2688 3962 2961 4033 martyris,
2987 3960 3211 4031 jubente
3236 3964 3517 4020 Dunstano
3540 3961 3789 4029 archiepi-

2242 4063 2425 4119 scopo,
2452 4048 2769 4118 plenitudini
2800 4049 3106 4106 litterarum
3128 4052 3342 4122 adjecit.
3373 4054 3446 4118 Is,
3477 4053 3694 4109 domum
3722 4065 3793 4104 re-

2243 4151 2430 4191 versus
2454 4145 2635 4206 postea
2657 4145 2710 4192 et
2737 4138 2936 4192 ibidem
2958 4140 3124 4195 abbas
3146 4141 3493 4205 constitutus,
3533 4138 3789 4196 severitati

2243 4228 2519 4299 religionis
2563 4228 2783 4284 sedulus
2827 4229 3055 4283 exstitit.
3118 4229 3287 4296 Quem
3340 4245 3547 4287 morem
3601 4245 3717 4284 cum
3745 4228 3790 4280 iu

2242 4318 2374 4373 cella
2396 4318 2626 4389 quadam
2662 4318 2895 4376 canabii
2927 4319 3308 4386 Floriacensis,
3343 4336 3463 4390 qua
3497 4321 3552 4375 in
3588 4319 3792 4374 Wasco—

2244 4408 2332 4465 nia
2365 4408 2539 4479 posita
2566 4409 2833 4479 hodieque
2872 4411 2938 4464 ad
2977 4409 3239 4481 Regulam
3290 4412 3509 4477 dicitur,
3554 4424 3792 4468 exercere

2243 4498 2623 4563 contenderet;
2660 4513 2765 4552 non
2800 4498 2921 4552 tulit
2954 4496 3276 4564 'Wasconia,
3313 4500 3407 4554 sed
3438 4500 3625 4554 lancea
3675 4513 3789 4553 exa-

2245 4589 2506 4642 nimatum
2554 4586 2761 4656 superis
2821 4588 3186 4642 transmisere.
3232 4606 3253 4641 θ
3311 4587 3434 4642 Ηωο
3485 4588 3553 4642 de
3609 4586 3801 4651 studiis,

2241 4676 2544 4733 Willcimus
2572 4694 2586 4730 :
2626 4686 2682 4730 at
2716 4677 2781 4731 de
2828 4677 3124 4731 monastica
3173 4677 3451 4746 disciplina
3485 4678 3558 4731 ita
3590 4676 3793 4746 scripsit

2244 4768 2534 4824 Ordericus
2565 4766 2751 4822 Vitalis
2779 4766 2831 4819 in
2860 4765 2953 4819 lib.
2989 4780 3063 4830 tv,
3088 4780 3207 4836 pag.
3237 4764 3371 4820 517:
3402 4785 3421 4818 ι
3452 4765 3653 4820 Horum
3682 4778 3792 4833 pre-

582 4878 704 4937 post
731 4870 1013 4939 episcOpus
1040 4869 1408 4933 Carnutensis,
1448 4870 1562 4923 sive
1590 4878 1886 4942 mortuum,
1912 4879 1970 4923 ut
2008 4868 2146 4923 Wil-
2170 4855 2214 4915 C
2245 4860 2416 4922 cibus,
2461 4876 2479 4910 ι
2517 4872 2725 4927 nempe.
2749 4856 3030 4919 Duttstani,
3069 4855 3366 4910 Adelwoldi
3391 4895 3405 4916 .
3453 4864 3507 4908 et
3550 4851 3790 4913 Oswaldi.

581 4957 775 5016 lelmus
801 4961 1290 5016 Malmesburiensis
1318 4961 1639 5022 monachus.
1674 4959 1963 5016 0rdericus
1996 4959 2167 5033 Vita:

582 5050 652 5090 ιῖει
718 5060 968 5090 «lupini-aa
996 5055 1063 5090 (In
1088 5052 1265 5090 ﬁnali:
1296 5053 1465 5090 cnnnli
1494 5050 1724 5090 ηδιυηῖδῖ
1752 5052 1990 5090 ρηῖειιηηῖ
2029 5050 2143 5090 Ὡιη-

2253 4968 2271 5002 ι
2294 4950 2653 5005 Floria-censis
2674 4948 2843 5012 Abbo,
2876 4947 3090 5015 sapiens
3107 4961 3170 5000 ac
3198 4946 3481 5015 religiosus
3510 4944 3787 5005 cmoobita,
3846 4940 3851 4953 ‘

2246 5039 2442 5090 missus
2468 5049 2548 5090 est
2578 5049 2728 5090 trans
2761 5052 2934 5090 mare.
2961 5050 3013 5090 et
3045 5039 3402 5090 monasticum
3437 5050 3589 5090 usum
3622 5032 3790 5088 docuit
3878 5048 3883 5061 ι
