4036 6328
261 395 363 453 577

969 391 1330 450 PROIEMIA.
1367 423 1438 432 —
1475 391 1632 446 V'lTA
1673 391 1730 447 S.
1773 390 1841 446 AI

1947 389 2082 446 'NIS.
2111 421 2179 430 —
2200 389 2491 447 OBSERV.
2523 385 2849 448 ΡΠᾹΞΥΙέΕ.

3423 396 3526 449 578

264 508 574 581 praestituta
620 520 715 576 per
763 505 1151 574 Lanl‘rancum,
1195 507 1534 573 Anselmum,
1583 508 1842 576 aliosque,
1875 509 1922 569 Α
1956 506 2089 559 tanti
2125 507 2224 559 viri
2253 509 2496 562 auditum
2527 519 2699 564 esset:
2732 509 2824 578 qui
2853 509 3181 564 auctoritate
3211 510 3362 579 quasi
3394 511 3533 566 alter

263 615 452 655 omnes
483 598 695 652 ordinis
726 597 899 652 sancti
932 598 1210 653 Benedicti
1241 600 1663 653 commilitones.

331 693 387 746 5.
423 690 612 759 Neque
658 707 790 746 vero
839 691 1014 746 Gallia
1066 693 1198 746 tanti
1253 693 1492 757 luminis,
1527 691 1668 761 quod
1699 691 1851 744 Alibo

266 796 377 839 tum
406 783 680 843 doctrina.
708 793 817 836 tum
855 784 1052 852 pietate
1082 783 1508 852 circumquaque
1539 782 1848 850 spargebat,

265 875 532 942 petiorem
581 874 681 926 sibi
740 882 949 942 partem
1006 889 1110 926 non
1153 874 1466 927 vindicavit.
1521 873 1637 926 Non
1678 871 1849 925 solum

265 965 407 1019 enim
437 963 809 1025 Floriacense,
845 965 939 1018 sed
970 964 1074 1017 alia
1106 966 1270 1018 etiam
1309 965 1700 1034 circumposita
1733 979 1850 1016 uio-

266 1055 506 1108 nasteria
537 1056 606 1109 ab
636 1071 701 1108 eo
734 1055 1002 1109 illustrata
1037 1067 1182 1110 sunt.
1219 1055 1373 1110 Unde
1409 1055 1700 1109 Fulbertus
1738 1055 1852 1123 cpi-

264 1145 537 1200 stolaniii
579 1146 827 1200 inscribit
864 1146 1016 1215 pleno
1039 1148 1245 1200 virtutis
1260 1157 1306 1200 et
1335 1147 1505 1215 gratia
1536 1145 1852 1213 circumfuio

263 1237 579 1292 charissima
604 1237 757 1292 [atri
785 1238 1025 1303 Abboni;
1059 1250 1222 1308 atque
1250 1239 1368 1309 ejus
1395 1253 1552 1307 opem
1601 1236 1856 1306 implorat

264 1326 330 1379 ad
367 1327 770 1396 componendas
805 1326 1069 1380 factiones
1113 1341 1230 1396 qua:
1274 1328 1324 1380 in
1370 1325 1691 1380 Carnutensi
1733 1339 1856 1377 san-

263 1417 332 1470 cti
358 1417 511 1471 Petri
544 1419 798 1473 coenobio
828 1430 964 1472 orta:
995 1428 1151 1473 erant
1179 1419 1244 1473 de
1289 1417 1554 1472 electione
1607 1415 1848 1482 abbatis;

265 1515 371 1559 tum
405 1508 461 1560 iii
495 1508 602 1562 line
631 1509 746 1562 haec
775 1509 968 1562 habet:
999 1527 1016 1560 ι
1058 1508 1210 1563 Unde
1234 1507 1348 1576 jam
1376 1507 1442 1560 ad
1475 1517 1526 1559 te
1554 1513 1850 1570 revertens,

263 1599 573 1651 venerande
598 1597 783 1665 Pater,
811 1614 972 1668 quem
1013 1615 1114 1670 ego
1147 1599 1310 1653 credo
1335 1606 1390 1652 et
1415 1596 1571 1650 video
1609 1595 1674 1649 ad
1715 1595 1855 1648 nito-

260 1700 372 1742 rem
399 1705 432 1742 a
465 1688 696 1744 Domino
746 1692 902 1746 nobis
945 1707 1068 1747 esse
1107 1692 1424 1762 provisum,
1463 1705 1585 1745 cum
1635 1687 1854 1742 domino

259 1790 380 1830 meo
411 1786 617 1847 tuoque
663 1779 806 1834 fideli
836 1782 1087 1847 ltodull‘o,
1119 1782 1384 1851 deprecor
1411 1788 1466 1835 et
1490 1779 1730 1834 obtestor
1758 1794 1854 1850 per

1954 596 2209 650 Salomon
2237 600 2597 666 princellebat.
2635 600 2698 653 Et
2725 601 2767 652 si
2801 610 2945 654 esset
2984 600 3227 654 liabitatu
3273 600 3358 654 vel
3401 593 3530 656 natu

1949 687 2216 750 Francus,
2250 689 2466 758 eloquio
2501 700 2680 743 tamen
2711 689 2955 743 Romano
2985 689 3185 754 clarus,
3235 705 3298 743 ac
3321 689 3365 744 si
3394 689 3533 744 alter

1945 777 2293 847 judicahatur
2332 780 2558 833 'l‘ullius.
2607 780 2662 833 In
2707 781 2950 835 conciliis
2981 789 3193 850 patrum
3236 797 3418 834 coram
3448 795 3532 835 re-

1951 871 2106 938 gibus
2131 880 2186 924 et
2212 871 2544 941 principibus
2574 873 2720 926 solus
2749 874 3021 942 proposita
3051 871 3420 935 discernebat,
3451 886 3532 926 so-

1951 961 2035 1014 lus
2063 962 2304 1015 omnium
2329 963 2584 1032 magister
2606 967 2790 1031 paucis
2813 965 2990 1018 verbis
3011 962 3336 1016 dubitationi
3369 961 3533 1016 finem

1951 1052 2136 1111 dabat.
2165 1055 2389 1118 Omnes,
2423 1055 2551 1108 licet
2596 1054 2892 1123 peritorum
2943 1054 3288 1122 peritissimi,
3333 1067 3401 1108 ex
3439 1066 3536 1106 ore

1953 1152 2068 1221 ejus
2101 1151 2431 1221 pendebant,
2485 1164 2550 1202 eo
2599 1155 2865 1216 prmscnte
2905 1147 3128 1217 digitum
3161 1146 3240 1200 ori
3273 1159 3535 1214 superpo-

1953 1243 2174 1294 nebant.
2231 1239 2304 1292 lta
2360 1253 2589 1307 magnus
2637 1235 2924 1305 sapientia,
2987 1244 3350 1304 praeterquam
3390 1234 3532 1304 quoi'

1953 1341 2160 1400 septem
2207 1329 2474 1384 columnis
2527 1326 2826 1381 liberalium
2878 1326 3074 1378 artium
3126 1325 3343 1379 fiileitus
3385 1335 3524 1388 erat,

1953 1422 2148 1491 plenus
2179 1418 2523 1475 auctoritatis
2560 1427 2614 1471 et
2642 1417 2858 1487 gratias,
2885 1416 3032 1469 omni
3071 1415 3330 1469 Ecclesiae
3373 1429 3534 1468 orna-

1955 1523 2200 1570 mentum
2250 1521 2388 1567 erat.
2427 1510 2740 1565 Conventus
2791 1507 3167 1577 episcoporum
3217 1503 3536 1568 decorabat,

1954 1605 2133 1659 omnia
2158 1619 2254 1657 sua
2284 1603 2427 1656 dicta
2452 1599 2773 1654 auctoritate
2790 1596 3099 1652 divinarum
3124 1594 3534 1662 Scripturarum

1954 1695 2326 1766 approbabat;
2373 1703 2430 1748 ct
2476 1690 2736 1762 quidquid
2767 1704 2835 1743 ex
2883 1701 2980 1742 ore
3022 1686 3139 1756 ejus
3187 1683 3539 1755 procedebat,

1955 1788 2112 1858 quasi
2141 1787 2374 1856 quodam
2427 1783 2586 1838 modo
2638 1797 2742 1835 non
2789 1781 3109 1842 humanum,
3152 1779 3246 1832 sed
3296 1777 3539 1830 divinum

257 1879 472 1934 εδ-ίιιιω
513 1869 609 1922 libi
641 1870 766 1924 dam
802 1883 927 1925 sum
956 1873 1234 1942 sapientiae
1261 1881 1464 1926 5309-133
1490 1872 1846 1936 ειιίιΐίεῐιιίιιὶιο
1881 1871 1924 1927 Β
1953 1880 2200 1935 sonabat.
2241 1877 2338 1930 llic
2368 1876 2418 1928 in
2451 1890 2548 1928 suo
2577 1873 2806 1942 quodam
2835 1877 3068 1924 tractatu
3102 1866 3364 1922 Martialis
3392 1865 3535 1919 veri-

255 1970 354 2025 ρει·
382 1957 728 2013 dulcedinem
759 1961 1012 2017 fraterna:
1064 1963 1381 2027 charitatis,
1413 1961 1458 2016 si
1503 1961 1633 2030 quid
1664 1971 1848 2029 potes,

256 2045 518 2118 inipugiia
554 2050 742 2106 hostes
769 2053 1008 2118 Domini,
1041 2053 1241 2107 fratres
1289 2053 1472 2108 allisos
1505 2037 1713 2117 refove,
1752 2066 1853 2105 nec

255 2139 444 2203 perire
491 2143 643 2198 sinas
695 2145 876 2213 inopia
933 2145 1110 2200 solatii
1151 2146 1251 2212 tui,
1291 2161 1390 2216 pro
1426 2145 1626 2214 quibus
1676 2145 1853 2199 credis

253 2251 377 2292 ese
409 2235 592 2289 fusum
619 2237 941 2305 sanguinem
971 2237 1192 2292 Christi.
1227 2255 1246 2290 ι
1273 2238 1404 2291 Eam
1431 2238 1502 2292 ob
1548 2253 1659 2292 rem
1692 2235 1847 2293 Odol-

253 2329 402 2382 ricus
418 2325 591 2379 abbas
615 2325 802 2380 Sancti
819 2325 1078 2381 Martialis
1095 2327 1518 2389 Leniovicensis.
1542 2329 1595 2382 iii
1618 2327 1850 2382 concilio

254 2418 636 2473 Lemovicensi
673 2419 740 2472 de
767 2419 940 2473 sancti
982 2419 1243 2474 Martialis
1290 2421 1618 2490 apostolatu,
1669 2420 1746 2474 ait
1791 2435 1851 2475 se

255 2512 401 2580 apud
459 2513 853 2566 monasterium
892 2530 911 2562 ι
965 2515 1140 2568 sancti
1200 2513 1477 2568 Benedicti
1527 2529 1626 2583 per
1669 2513 1850 2584 plures

255 2617 431 2656 annos
457 2600 672 2656 artibus
701 2601 963 2657 imbutum
995 2603 1307 2658 liberalibus
1337 2623 1356 2653 ι
1382 2602 1569 2665 fuisse,
1598 2612 1708 2658 tum
1739 2604 1849 2658 sci-

252 2693 360 2746 scit
397 2691 530 2760 quid
573 2690 641 2745 de
691 2703 880 2746 sancto
925 2692 1170 2748 Martiale
1208 2694 1407 2748 dixerit
1443 2711 1460 2744 ι
1505 2704 1661 2763 pater
1706 2693 1849 2749 illius

254 2782 359 2838 loci
391 2783 552 2837 Abbo
589 2782 1009 2838 ﬂorentissimus
1059 2785 1432 2855 philosophus,
1485 2799 1645 2852 quem
1693 2783 1847 2838 multi

253 2887 526 2940 vestium,
560 2876 751 2944 inquit,
795 2884 1082 2939 noverunt,
1120 2885 1175 2929 et
1203 2874 1352 2930 omni
1383 2874 1564 2930 divina
1589 2885 1643 2928 et
1673 2889 1848 2928 sarcu-

256 2966 361 3020 lari
393 2969 722 3021 auctoritate
748 2967 989 3022 Francia:
1030 2967 1287 3034 magister
1338 2967 1754 3030 famosissimus,
1793 2974 1847 3019 et

255 3059 605 3128 postmodum
636 3059 816 3128 gladio
845 3059 1209 3127 persecutoris
1239 3059 1501 3128 martyrio
1553 3067 1845 3112 coronatus

256 3145 401 3211 apud
427 3145 793 3199 Wasconiaiii.
829 3165 847 3197 ι
885 3146 992 3200 Sed
1018 3147 1154 3201 nihil
1185 3147 1354 3216 magis
1385 3147 1450 3200 ad
1474 3145 1589 3214 ejus
1609 3146 1842 3217 elogium

1955 1980 2119 2025 tatem
2152 1979 2330 2023 tacere
2359 1983 2462 2020 non
2495 1964 2689 2035 potuit,
2726 1964 2940 2016 dicens:
2995 1978 3012 2010 ι
3074 1959 3332 2013 Summus
3375 1965 3537 2025 pater

1953 2060 2056 2115 iste
2086 2058 2346 2113 Martialis
2371 2058 2421 2110 in
2473 2069 2628 2109 coena
2675 2052 2898 2107 omnino
2924 2060 3008 2104 sat
3037 2049 3268 2120 mystica
3319 2046 3538 2102 Christo

1951 2151 2177 2206 conviva
2210 2149 2326 2208 fuit,
2357 2144 2596 2201 cmlcstis
2627 2143 2780 2212 panis
2809 2155 3031 2196 sumens
3062 2138 3355 2207 reliquias;
3379 2151 3532 2190 cum-

1951 2257 2057 2313 que
2084 2240 2470 2310 discipulorum
2500 2237 2724 2306 collegia
2766 2243 2950 2306 postea
2981 2248 3209 2302 surgens
3237 2231 3416 2294 tersit,
3446 2230 3538 2284 lae-

1955 2342 2040 2387 tus
2069 2333 2184 2401 ipse
2213 2329 2441 2399 praebuit
2485 2325 2818 2380 linteamina.
2863 2321 3050 2391 Neque
3073 2335 3311 2390 unquam
3342 2317 3538 2387 refugit

1951 2439 2108 2479 sacra
2131 2420 2510 2482 contubernia,
2542 2418 2746 2486 absque
2775 2413 2984 2468 Tlioma
3013 2413 3223 2482 piorum
3247 2427 3312 2466 ex
3349 2409 3537 2463 timida

1951 2524 2172 2570 caterva
2199 2527 2360 2566 unus.
2386 2510 2526 2577 Quin
2561 2509 2667 2562 inio
2694 2521 2818 2561 cum
2856 2504 3107 2560 Christus
3138 2510 3352 2572 peteret
3381 2500 3539 2555 Carle-

1951 2606 2078 2668 stia,
2125 2603 2371 2658 benedici
2427 2601 2623 2655 meruit
2667 2599 2807 2652 inter
2838 2593 3131 2650 astantium
3160 2591 3399 2663 agmina.
3429 2588 3540 2644 Nec

1950 2697 2146 2750 choros
2179 2692 2518 2748 laudantium
2548 2688 2771 2760 sprevit,
2817 2685 2911 2740 sed
2947 2700 3069 2740 cum
3101 2684 3307 2738 eisdem
3358 2678 3537 2737 sancti

1951 2785 2190 2854 Spiritus
2219 2795 2346 2836 tunc
2373 2779 2612 2850 suscepit
2639 2776 2969 2832 charismata
3021 2782 3078 2826 et
3119 2771 3335 2841 linguas
3362 2767 3540 2823 multi-

1950 2877 2114 2932 fidas:
2151 2874 2348 2944 quibus
2376 2871 2658 2932 subnixus,
2689 2867 2905 2920 tandem
2940 2864 3102 2917 Petro
3123 2861 3322 2916 comite
3350 2873 3536 2928 perve-

1949 2967 2028 3021 nit
2052 2963 2427 3027 Antiochiam,
2453 2976 2518 3014 ac
2543 2960 2741 3014 dehinc
2765 2957 2954 3010 urbem
2981 2956 3190 3009 Romae.
3227 2953 3344 3018 Qua
3377 2951 3537 3004 dere-

1948 3058 2099 3122 licta,
2129 3054 2480 3127 pertransivit
2505 3052 2571 3106 ad
2597 3050 2847 3113 Galliam,
2887 3045 3042 3115 cujus
3073 3046 3220 3101 clara
3253 3053 3306 3098 et
3335 3042 3532 3097 nobilis

1949 3156 2032 3201 cst
2062 3145 2338 3217 provincia
2363 3140 2652 3211 Aquitania
2677 3155 2804 3210 pars
2828 3154 3041 3208 magna,
3073 3136 3162 3190 ubi
3189 3133 3534 3204 perveniens,

255 3235 389 3290 facit
428 3251 590 3304 quam
624 3252 805 3290 seruio
837 3237 1118 3305 cujusdam
1164 3238 1216 3292 in
1263 3238 1453 3292 eadem
1493 3216 1718 3308 synodo
1747 3237 1846 3291 Lc-
1873 3216 1917 3275 (ἶ
1952 3216 2114 3291 totius
2145 3235 2441 3306 provincia:
2481 3232 2539 3285 lit
2565 3230 2842 3300 apostolus
2871 3244 2968 3297 per
3007 3235 3202 3282 cuneta
3249 3222 3466 3278 saecula.
3507 3242 3526 3272 ι

253 3327 556 3380 iiioviceiisi
587 3327 805 3381 habitus
835 3328 888 3382 in
920 3329 1260 3383 dedicatione
1290 3329 1464 3382 sancti
1493 3328 1659 3382 Petri.
1691 3325 1846 3383 Hunc

253 3428 389 3466 vero
436 3429 741 3468 sermonem
783 3416 867 3470 vir
915 3432 1123 3486 magna:
1171 3417 1490 3472 eruditionis
1540 3416 1846 3486 Stephanus

253 3503 532 3570 Baiuzius,
566 3507 656 3575 qui
688 3507 818 3560 mihi
845 3507 962 3577 ejus
995 3507 1356 3579 fragmentum
1405 3523 1471 3564 ex
1515 3523 1619 3560 ins.
1659 3507 1844 3561 codice

250 3592 568 3652 Colhertiuo
635 3599 1088 3663 communicavit,
1158 3598 1414 3652 Ademari
1478 3597 1843 3664 Engolisnien-

249 3687 331 3742 sis
379 3701 502 3742 esse
534 3690 862 3758 suspicatur.
909 3688 1001 3768 Sic
1044 3700 1227 3744 autem
1272 3688 1434 3743 habet
1480 3688 1841 3758 fragmentum

250 3779 396 3834 istud
412 3798 425 3833 :

330 3885 350 3919 ι
408 3868 726 3940 Perlongum
771 3879 854 3925 est
907 3879 986 3924 tot
1013 3878 1228 3940 patrum
1277 3876 1392 3922 rata
1434 3867 1741 3922 testimonia
1775 3866 1841 3920 de

248 3957 370 4024 ejus
397 3958 473 4028 (id
497 3970 571 4013 est
603 3962 771 4014 sancti
801 3959 1161 4028 Martialis)...
1189 3958 1257 4013 ad
1286 3959 1522 4014 medium
1551 3957 1836 4012 deducere.

253 4047 436 4102 Unum
464 4059 642 4103 tamen
669 4066 736 4104 ex
764 4051 955 4119 priscis
985 4051 1298 4105 auctoribus
1323 4065 1486 4118 super
1509 4055 1612 4103 hoc
1635 4063 1841 4101 nieiiio—

251 4151 408 4192 rasse
428 4139 561 4193 satis
587 4139 685 4204 sit;
723 4140 868 4194 illum
899 4151 1048 4195 certe
1078 4139 1570 4194 nouiinatissiinum
1595 4147 1835 4206 patrem,

249 4229 344 4283 cui
397 4229 449 4282 in
489 4229 746 4298 pastorali
800 4232 1062 4300 regimine
1111 4231 1200 4284 ille
1245 4231 1410 4284 totius
1458 4215 1701 4283 Scientia:
1757 4226 1839 4279 vir

243 4315 544 4385 gravisque
572 4318 916 4372 auctoritatis
938 4320 1203 4374 successit
1229 4319 1671 4388 archiepiscopus
1693 4317 1838 4370 Bitu-

243 4399 500 4466 ricensis,
523 4404 840 4458 ortliedoxa:
868 4406 990 4458 lidei
1019 4405 1388 4469 defensorem,
1414 4405 1699 4461 catholica:
1729 4406 1837 4475 pie-

243 4493 381 4546 tatis
407 4493 695 4560 cultorem,
727 4493 862 4548 bene.
891 4496 1086 4560 nostis,
1114 4505 1168 4551 et
1199 4496 1244 4550 si
1275 4512 1381 4550 non
1413 4497 1553 4562 visu,
1596 4496 1689 4550 sed
1733 4511 1832 4548 au-

241 4584 388 4640 ditu.
417 4583 540 4637 Jaiu
567 4585 712 4639 enim
745 4585 902 4656 longe
932 4598 1058 4641 ante
1093 4605 1192 4643 nos
1219 4589 1518 4657 praecessit,
1572 4590 1831 4658 martyrio

239 4685 559 4741 coronatus,
591 4679 852 4748 sanguine
877 4677 993 4732 fuso
1014 4681 1082 4732 ab
1117 4680 1295 4749 impiis
1323 4695 1550 4748 passus;
1585 4679 1650 4732 ad
1679 4678 1832 4746 cujus

239 4767 553 4836 sepulcrum
596 4767 708 4836 jam
751 4770 958 4824 clarere
997 4770 1638 4834 audivimusmiracula,
1681 4785 1824 4824 vero-

239 4875 366 4912 rum
394 4859 705 4914 testimonio
734 4861 1116 4930 comprobata:
1143 4862 1296 4931 cujus
1321 4863 1638 4932 martyrium
1663 4863 1828 4916 etiam

240 4952 298 5006 iii
354 4952 599 5021 pluribus
645 4953 905 5009 Ecclesiis
953 4971 1104 5009 more
1163 4964 1473 5010 sanctorum
1525 4967 1823 5027 martyrum

238 5043 561 5096 soleniniter
597 5044 924 5098 celebratur.
958 5045 1014 5099 In
1046 5061 1154 5114 quo
1201 5055 1442 5116 martyre
1478 5054 1688 5099 tantum
1725 5048 1823 5101 do-

239 5134 501 5187 micilium
527 5137 788 5203 sapientia
815 5138 916 5191 sibi
944 5137 1323 5202 collocaverat,
1354 5145 1436 5201 ut,
1463 5138 1544 5190 sui
1572 5139 1828 5206 temporis

238 5226 440 5279 eruditi
475 5243 782 5296 quanquam
813 5229 1080 5283 innumeri
1111 5230 1396 5295 ﬂorerent,
1431 5247 1542 5300 pra:
1576 5231 1827 5285 omnibus

241 5327 422 5372 tamen
465 5319 766 5375 auctoritas
797 5321 914 5391 ejus
954 5323 1188 5378 maxime
1219 5323 1531 5388 duceretur,
1563 5323 1635 5376 ita
1683 5333 1741 5376 ut
1771 5325 1822 5377 in

242 5417 349 5460 tota
372 5407 547 5462 Gallia
571 5419 624 5464 et
644 5410 934 5466 Germania
961 5422 1127 5482 atque
1153 5413 1445 5484 Anglorum
1489 5423 1648 5483 gente
1676 5414 1823 5483 (nam

243 5500 352 5555 illic
382 5517 602 5571 quoque
633 5502 1027 5560 famosissimus
1057 5504 1375 5575 habebatur)
1400 5507 1466 5561 de
1500 5519 1824 5574 quacunque

241 5593 598 5649 ventilaretur
625 5598 944 5665 quaestione,
972 5598 1017 5653 si
1047 5599 1170 5669 quis
1201 5599 1416 5654 audisse
1440 5611 1498 5653 se
1520 5601 1728 5654 diceret
1753 5599 1822 5654 ab

242 5683 331 5738 illo
357 5685 749 5754 definitionem,
772 5688 907 5744 nihil
932 5689 1049 5760 plus
1062 5690 1404 5750 auctoritatis
1421 5691 1815 5760 requireretur;

235 5777 582 5843 indicabatur
625 5781 694 5836 ab
731 5783 982 5838 omnibus
1036 5791 1212 5837 ratum
1259 5797 1378 5838 esse
1426 5783 1568 5854 quod
1618 5784 1684 5840 ab
1725 5799 1821 5840 ore

2018 3327 2164 3383 Nihil
2218 3325 2482 3380 illustrius
2520 3325 2622 3378 hoc
2669 3322 2846 3390 elogio
2893 3319 2960 3374 ad
3004 3314 3532 3374 commendationem

1945 3420 2186 3474 Abliaiiis
2206 3417 2386 3472 aﬂ‘erri
2422 3424 2616 3485 potest.
2639 3412 2741 3468 Sed
2765 3411 2878 3480 jam
2904 3411 3121 3464 tandem
3146 3409 3212 3462 ad
3235 3405 3532 3474 singularia

1944 3510 2061 3578 ejus
2090 3510 2231 3563 facta
2261 3509 2564 3568 veniamus,
2597 3514 2883 3575 postquam
2912 3501 3145 3558 C(nnobii
3169 3499 3534 3554 Floriaceus's

1944 3610 2170 3664 statum,
2199 3600 2376 3669 qualis
2403 3599 2616 3652 decimo
2645 3595 2843 3650 szeculo
2874 3604 3017 3660 erat,
3045 3604 3099 3648 et
3126 3593 3385 3647 abbatum
3413 3589 3533 3660 ejus

1944 3693 2046 3748 loci
2075 3693 2273 3748 seriem
2304 3690 2738 3760 exposuerimus.

2013 3783 2070 3838 4.
2100 3773 2228 3837 Post
2253 3792 2499 3837 sanctum
2530 3781 2772 3834 Odoiiem
2801 3777 3073 3839 abbatem,
3107 3789 3266 3845 quem
3293 3771 3526 3827 Floriaci
3561 3795 3568 3804 -

1943 3875 2237 3946 collapsam
2297 3873 2638 3942 disciplinain
2675 3869 2982 3924 restituisse
3012 3867 3264 3936 superius
3295 3865 3529 3918 vidimus
3591 3899 3594 3902 ι

1941 3969 1995 4021 in
2022 3968 2188 4036 ipsius
2217 3963 2694 4028 actis,Floriaeum
2713 3961 2852 4014 rexit
2873 3959 2942 4012 ab
2967 3974 3108 4012 anno
3135 3956 3240 4010 942
3266 3956 3528 4009 Archem-
3592 3963 3598 4032 '_

1941 4057 2134 4112 baldus
2165 4071 2260 4110 seu
2299 4052 2713 4113 Ercamholdus,
2755 4050 2846 4118 qui
2897 4047 3207 4102 Oswaldum
3239 4063 3305 4098 ex
3334 4042 3526 4113 Anglia

1944 4147 2123 4202 isthuc
2147 4145 2450 4215 profectum
2481 4141 2785 4196 iiionastica
2824 4149 2974 4192 veste
3012 4137 3206 4200 induit,
3239 4151 3307 4191 ex
3352 4132 3526 4188 sancti

1941 4238 2177 4294 Oswaldi
2215 4235 2357 4290 Vita.
2409 4233 2660 4289 Goslinus
2713 4231 2852 4285 Tulli
2893 4229 3194 4284 Leucorum
3241 4226 3528 4296 episcopus

1939 4329 2249 4384 Floriacum
2280 4326 2448 4389 venit,
2476 4334 2530 4378 et
2560 4322 2798 4394 regulam
2829 4337 2952 4375 cum
3003 4327 3265 4373 accurato
3309 4315 3530 4370 vivendi.

1939 4436 2138 4492 genere
2161 4419 2372 4488 aeCepit
2395 4418 2460 4472 ab
2489 4417 2591 4470 hoc
2619 4415 2845 4468 abbate:
2879 4413 2968 4482 qui
3001 4411 3166 4464 etiam
3197 4416 3387 4464 sancto
3415 4405 3528 4460 Ca-

1939 4514 2085 4568 droa:
2113 4509 2468 4564 tnonasticum
2497 4505 2737 4560 habitum
2769 4502 2913 4556 dedit
2937 4518 2951 4566 ;
2987 4501 3223 4568 itemque
3243 4517 3260 4549 ι
3283 4495 3530 4567 regulam

1937 4602 2298 4658 monasticam
2329 4600 2382 4652 in
2414 4597 2744 4652 monasterio
2773 4593 2948 4648 sancti
2989 4590 3218 4661 Remigii
3249 4587 3392 4657 apud
3418 4585 3523 4640 Re-

1935 4710 2054 4749 mos
2080 4693 2336 4754 restituit,
2371 4689 2707 4744 eoiistitueiis
2747 4687 2818 4740 ibi
2871 4685 3118 4738 abbatem
3171 4681 3522 4734 llincmaruni

1933 4787 2171 4856 ejusdem
2200 4783 2298 4837 loci
2325 4781 2672 4843 monachum,
2705 4798 2721 4828 ι
2751 4787 2887 4832 teste
2919 4774 3234 4829 Frodoardo
3259 4772 3310 4825 in
3338 4769 3519 4823 Ilisto-

1932 4879 2026 4930 riae
2049 4873 2335 4929 Remensis
2367 4873 2439 4927 lib
2467 4887 2541 4939 iv,
2567 4885 2685 4939 cap.
2714 4869 2801 4922 5‘2.
2832 4869 2976 4921 Idem
3009 4863 3263 4935 praestitit
3286 4862 3339 4916 iii
3379 4860 3518 4914 Car-

1934 4967 2144 5022 nutensi
2196 4965 2366 5020 sancti
2398 4963 2541 5019 Petri
2574 4962 2824 5018 caanobio
2850 4959 3120 5038 Wlfaldus
3151 4955 3268 5022 ejus
3301 4967 3522 5006 sucrcs-
3609 4981 3614 4988 -

1929 5073 2039 5121 sor,
2064 5056 2347 5112 duodecim
2376 5053 2658 5110 monachis
2679 5067 2801 5106 cum
2824 5050 2988 5102 Alveo
3013 5048 3207 5100 abbate
3227 5058 3292 5096 eo
3313 5041 3517 5100 missis,

1928 5147 2177 5201 laudatus
2205 5146 2256 5198 in
2283 5144 2373 5198 lib.
2410 5160 2446 5196 ii
2474 5145 2546 5195 De
2571 5143 2690 5195 Vita
2720 5139 2892 5194 sancti
2926 5137 3150 5200 Odonis,
3175 5147 3296 5200 cap.
3321 5130 3377 5183 2.
3403 5129 3518 5182 Sub

1928 5241 2014 5295 his
2041 5239 2251 5294 duobus
2291 5238 2427 5292 vixit
2459 5237 2632 5306 Drogo
2678 5235 2997 5294 monachus,
3056 5237 3241 5300 postea
3285 5225 3514 5280 eremita

1926 5330 2125 5400 pietate
2155 5329 2401 5398 insignis,
2439 5333 2575 5380 teste
2615 5323 2864 5378 Aimoiiio
2892 5321 2944 5374 in
2976 5319 3050 5372 lib
3078 5334 3095 5371 ι
3119 5318 3198 5371 De
3228 5311 3510 5369 miraculis

1933 5420 2102 5474 sancti
2137 5419 2410 5473 Benedicti
2433 5460 2446 5480 ,
2479 5431 2598 5484 cap.
2629 5415 2682 5468 4.
2714 5413 2949 5467 Wlfaldo
2987 5410 3037 5464 in
3079 5408 3262 5463 sedem
3298 5404 3512 5458 Carnu—

1939 5518 2148 5564 tensein
2182 5519 2461 5576 assumpto
2493 5505 2756 5560 successit
2784 5501 3088 5557 Bicliardus
3115 5498 3182 5552 ab
3210 5510 3353 5550 anno
3385 5492 3508 5555 962,

1929 5600 2084 5670 cujus
2117 5609 2380 5670 tempore,
2415 5599 2466 5652 id
2497 5606 2581 5651 est
2618 5609 2761 5649 anno
2788 5592 2912 5659 974,
2943 5591 3286 5646 Floriairense
3331 5599 3512 5639 mona-

1930 5692 2154 5746 sterium
2207 5690 2455 5746 incendio
2493 5685 2871 5756 conﬂagravit,
2923 5699 2988 5738 ex
3037 5680 3311 5742 Aimoino,
3348 5674 3416 5727 ab
3443 5687 3508 5726 eo

1931 5783 2075 5841 intra
2104 5782 2790 5854 trienniuminstauratum.
2813 5765 3074 5833 'Bicliardi
3105 5778 3347 5843 tempore
3371 5764 3508 5822 Adii-

3589 5171 3598 5214 l
