3948 5350
414 278 419 295 ε
495 221 598 276 579

498 334 691 391 lelmns
719 337 876 394 miles
904 340 1064 396 beato
1110 342 1403 401 Benedicto
1448 350 1701 422 insignem
1745 372 1947 413 crucem
1975 377 2065 412 ar-

495 436 751 494 genteam,
774 430 917 483 cultu
944 434 1107 487 nostri
1129 430 1418 492 Saluatoris
1444 439 1775 511 insculptum.
1795 449 2063 503 concessit

496 527 619 566 cum
647 516 877 583 quodam
906 521 1106 587 pragdio
1131 524 1247 593 pagi
1290 524 1568 595 Senonici,
1606 535 1822 588 nomine
1854 533 2060 602 Villari,

495 616 595 671 pro
623 605 857 660 remedio
899 610 1089 664 animo:
1140 614 1360 669 senioris
1401 618 1482 672 sui
1528 620 1694 674 incliti
1732 622 2060 679 Francorum

493 691 644 746 ducis
673 694 930 765 Hugonis,
968 715 1061 767 pro
1082 703 1314 770 genitore
1346 722 1441 759 suo
1478 706 1717 763 Rotberto
1739 722 1787 765 et
1817 714 2060 781 genitricc

490 793 589 832 sua
610 779 788 845 Berta,
813 794 966 853 alque
990 785 1297 845 Bura/tardo
1329 796 1659 862 consobrino,
1688 779 1910 870 aliisque
1935 819 2059 873 pro-

491 868 706 939 pinquis
754 873 866 929 suis
907 885 963 930 et
1022 881 1232 935 amicis.
1269 883 1487 940 Litteris
1554 868 1898 947 subscribam
1935 868 2087 963 post

398 984 406 1033 ε
489 960 827 1019 Adalelmum
856 976 912 1022 et
941 968 1309 1028 Burchardum
1346 976 1501 1048 Hugo
1540 981 1652 1035 dua:
1700 960 2054 1052 Francorum,

389 1096 397 1141 ί
490 1048 608 1105 Otto
651 1071 840 1123 comes,
889 1059 1178 1128 Albericus,
1242 1065 1453 1134 Emme,
1505 1069 1694 1135 Droco,
1755 1048 2054 1144 Anselinns,

491 1139 813 1214 Guolterius,
873 1150 1087 1215 Ereeus,
1136 1151 1437 1211 Gunlterius
1481 1170 1528 1213 et
1564 1160 1697 1215 alter
1743 1162 2052 1233 Wolterius,

490 1234 671 1308 Hugo,
696 1239 884 1309 Carbo,
913 1243 1251 1315 Gausbertns,
1293 1248 1567 1318 Rotrocus,
1606 1256 1771 1311 Adela
1818 1259 2054 1312 comitis-

486 1342 567 1388 ια.
597 1328 727 1384 Milo
752 1350 920 1388 comes
952 1335 1094 1404 [ilius
1121 1338 1253 1406 ejus.
1287 1341 1475 1396 Actum
1505 1341 1701 1399 Parisii
1727 1347 1780 1401 in
1807 1348 2055 1405 nobilium

487 1430 739 1475 conventu
760 1424 995 1491 publico,
1029 1443 1082 1481 vt
1106 1427 1235 1484 Idus
1266 1429 1524 1500 Septemb.
1561 1450 1702 1489 anno
1746 1435 1807 1489 2i
1841 1438 2054 1505 gloriosi

486 1510 622 1576 regis
648 1510 902 1579 Lotimrii,
934 1517 1111 1573 indict.
1147 1536 1229 1587 In,
1279 1522 1328 1576 id
1379 1533 1461 1579 est
1520 1540 1661 1579 anno
1701 1526 1898 1582 Christi
1929 1529 2053 1585 975.

486 1595 749 1655 Riclmrdo
793 1604 978 1659 Abbati
1018 1608 1266 1677 (Aimoini
1311 1615 1475 1667 verba
1531 1615 1674 1686 sunt)
1722 1617 2053 1673 Aninlbertus

388 1733 399 1743 κ
486 1691 748 1755 successit,
774 1694 863 1762 qui
884 1694 1131 1767 benignus
1156 1709 1368 1764 natura,
1388 1702 1656 1774 benignior
1678 1708 1833 1761 etiam
1857 1711 2053 1763 exstitit

485 1778 793 1839 humilitatis
835 1789 932 1841 sibi
967 1791 1136 1846 insita:
1165 1798 1539 1866 magnitudine.
1580 1800 1663 1854 Ab
1685 1817 1749 1856 eo
1775 1803 2055 1862 Aimointls

486 1867 724 1926 habitmn
755 1876 1025 1947 religionis
1048 1881 1098 1936 in
1127 1891 1305 1938 tenera
1328 1895 1484 1942 aetate
1508 1903 1565 1942 se
1592 1892 1864 1959 accepisse
1891 1901 2055 1948 testa-

424 1962 434 2043 ξ
490 1969 606 2017 tur:
646 1963 1009 2024 Amalbertnm
1032 1976 1245 2043 excepit
1295 1976 1594 2044 Oilholdus,
1629 1980 1781 2047 cujus
1812 1992 2055 2053 tempore

483 2047 759 2119 Arnull‘us,
791 2071 853 2110 eo
874 2060 1088 2114 nomine
1118 2065 1387 2120 secundus
1412 2068 1823 2126 Aurelianorum
1848 2074 2054 2136 episco-

493 2155 618 2209 pus,
659 2142 1050 2211 Floriacenses,
1104 2153 1173 2207 ob
1212 2155 1597 2225 snbjectionem
1647 2176 1806 2229 quam
1858 2165 1926 2218 ab
1975 2167 2053 2221 eis

485 2232 754 2300 exigebat,
804 2238 1094 2305 plurimum
1141 2249 1376 2309 vexavit.
1424 2258 1483 2305 ut
1528 2267 1649 2306 mox
1698 2268 2046 2324 exponemus.

486 2320 727 2391 Denique
778 2327 1049 2388 Oilboldus
1108 2348 1249 2389 anno
1277 2337 1379 2392 988
1435 2320 1802 2399 successorem
1865 2346 2052 2402 habuit

483 2410 782 2480 Abbonem,
805 2432 963 2486 quem
1001 2437 1111 2489 pra:
1158 2427 1405 2482 manibus
1455 2431 1741 2504 habemus.
1783 2434 1859 2489 De
1886 2436 2049 2493 coita

483 2498 766 2555 Aimoinns
814 2506 867 2560 in
902 2507 994 2563 lib.
1027 2527 1064 2565 ll
1106 2513 1181 2568 De
1214 2516 1487 2575 miraculis
1530 2524 1702 2576 sancti
1735 2501 2049 2594 Benedicti,

484 2601 601 2680 cap.
627 2590 676 2644 l:
711 2611 729 2643 ι
746 2592 925 2664 igitur
946 2597 1188 2658 Oilboldo
1208 2605 1399 2660 abbate
1416 2607 1693 2666 inChristo
1715 2590 2046 2680 quiescente,

482 2678 635 2734 Abbo
678 2682 788 2739 Deo
832 2695 888 2741 et
929 2688 1240 2748 hominibus
1285 2696 1369 2750 vir
1412 2700 1678 2766 amabilis,
1711 2678 2047 2773 afratribns,

482 2766 703 2838 llugone
725 2788 994 2835 annuente
1023 2797 1167 2854 rege,
1200 2785 1424 2855 electus,
1451 2790 1502 2844 in
1532 2793 1757 2861 gradum
1786 2799 2050 2853 successit

483 2868 767 2923 monastici
799 2870 1096 2940 regiminis.
1134 2873 1234 2940 Qui
1270 2880 1604 2946 praecedente
1626 2883 1768 2939 hunc
1799 2900 1904 2955 quo
1932 2888 2048 2943 hazc

481 2958 767 3013 scribimus
792 2976 953 3025 anno,
1000 2964 1091 3032 qui
1141 2965 1242 3019 fuit
1290 2968 1357 3022 ab
1415 2970 1787 3029 incarnatione
1836 2976 2045 3033 Domini

484 3045 799 3102 millesimus
833 3061 1074 3118 quartus,
1106 3054 1160 3107 in
1185 3054 1462 3114 Vasconize
1492 3064 1732 3129 partibus
1761 3080 1789 3118 a
1824 3067 2043 3135 perfidis

484 3132 627 3188 illius
651 3137 885 3192 nationis
912 3140 1237 3208 hominibus,
1268 3147 1423 3201 nobis
1469 3132 1843 3219 praesentibus,
1890 3156 2043 3212 inno-

481 3234 665 3281 center
684 3228 916 3294 occisus,
935 3233 1179 3302 martyrii
1199 3238 1457 3305 sanguine
1477 3238 1772 3308 laureatos,
1787 3243 1851 3297 ad
1876 3261 2043 3317 regna

480 3327 567 3369 est
588 3325 785 3371 acterna
815 3334 845 3372 a
876 3319 1090 3376 Christo
1131 3334 1371 3381 vocatus.
1421 3326 1478 3381 In
1526 3329 1679 3397 cujus
1727 3333 1914 3388 diebus
1955 3352 2043 3392 res

482 3404 755 3458 mirabiles
768 3422 861 3475 per
872 3412 1464 3477 praeeminenlissimum
1481 3425 1687 3487 patrem
1700 3429 1938 3477 nostrum
1952 3423 2044 3480 Be-

482 3494 753 3550 nedictum
793 3497 860 3552 ab
897 3501 1262 3569 omnipotente
1292 3505 1518 3561 Domino
1554 3518 1859 3576 patratas...
1898 3514 2044 3586 dige-

480 3584 652 3639 rimus
701 3586 859 3658 stylo.
896 3608 915 3641 ι
947 3589 1074 3646 Post
1110 3594 1390 3651 Abbonem
1432 3613 1561 3653 vero
1609 3584 2042 3664 Floriaccnsihns

480 3675 767 3743 praefectus
810 3690 895 3735 est
957 3680 1268 3749 Gauzlinus,
1340 3688 1659 3746 nobilissimi
1712 3693 2043 3752 Francorum

480 3767 739 3838 principis
778 3772 919 3827 filius
967 3790 1207 3837 manzer,
1265 3787 1322 3831 ut
1367 3779 1605 3850 loquitur
1639 3784 1940 3843 Ademarus
1988 3790 2041 3844 in

477 3856 741 3915 Chronico
765 3878 884 3933 pag.
909 3865 1028 3932 172,
1063 3867 1113 3921 id
1136 3878 1218 3923 est
1239 3871 1469 3939 spurius,
1496 3891 1515 3923 ‹
1546 3889 1573 3926 a
1604 3890 1768 3944 puero
1789 3877 1841 3931 in
1869 3881 2043 3936 sancti

476 3947 753 4006 Benedicti
784 3956 1032 4011 ctenobio
1057 3960 1346 4026 enutritus,
1378 3981 1397 4013 ι
1431 3978 1589 4032 quem
1623 3969 2049 4034 repugnantibus

477 4039 547 4093 ob
572 4042 776 4097 natales
797 4047 1077 4101 monachis
1097 4049 1372 4114 abbatem,
1400 4061 1455 4105 et
1484 4062 1669 4120 postea
1694 4056 2045 4114 Bituricensi-

473 4126 574 4184 bus
616 4132 742 4186 item
795 4135 1207 4194 reclamantibus
1247 4141 1705 4213 archiepiscopum
1753 4144 2043 4205 Rotbertus

476 4231 572 4270 rex
600 4218 869 4287 imposuit.
908 4222 981 4278 De
1000 4241 1063 4280 eo
1088 4226 1487 4296 intelligendum
1515 4240 1597 4285 est
1626 4231 1839 4287 initium
1877 4251 2039 4305 snpe-

478 4306 640 4363 rioris
680 4313 946 4368 sermonis
998 4317 1064 4370 de
1111 4317 1349 4371 Ahbone.
1403 4318 1649 4375 Gauzlini
1699 4337 2039 4381 successores
2069 4359 2116 4417 ο

476 4398 700 4454 abhates
745 4416 1026 4459 enumerat
1070 4407 1348 4463 Tortarius
1379 4413 1675 4468 monachus
1710 4414 1763 4468 in
1791 4415 1926 4472 libro
1960 4417 2035 4473 De

475 4490 752 4550 miraculis
779 4499 947 4551 sancti
976 4498 1268 4553 Benedicti.

543 4580 903 4651 5.;Duplicem
940 4586 1178 4642 Abbonis
1215 4589 1439 4644 Romam
1471 4591 1852 4661 profectionem
1887 4612 2034 4652 com-

475 4680 738 4726 memorat
767 4675 1045 4731 Aimoinus
1074 4678 1124 4731 in
1150 4678 1268 4734 libri
1292 4684 1566 4750 sequentis
1586 4699 1708 4753 cap.
1733 4687 1789 4739 ll
1833 4705 1846 4740 :
1872 4704 2033 4744 unam

472 4760 539 4814 ad
552 4760 808 4817 Joannem
825 4781 1012 4834 papam
1026 4766 1140 4833 XV,
1155 4769 1377 4825 alteram
1396 4773 1461 4827 ad
1475 4772 1788 4843 Gregorium
1802 4776 2039 4834 V.Joan-

479 4865 602 4906 nem
624 4850 945 4910 Simoniaca:
967 4857 1101 4913 labis
1127 4868 1279 4915 notat
1302 4863 1602 4920 Aimoinus.
1630 4866 1826 4922 Verum
1864 4869 2033 4925 Baro~

473 4944 615 5007 nius,
632 4945 682 4999 in
703 4946 960 5002 addendis
974 4949 1039 5003 ad
1054 4964 1250 5005 annum
1268 4952 1370 5007 99?.
1386 4965 1502 5022 post
1516 4963 1715 5010 tomum
1733 4958 1845 5023 XII,
1862 4975 1964 5014 non
1984 4961 2036 5015 in

473 5030 733 5090 Joannem
761 5037 1089 5106 pontificem,
1140 5042 1232 5097 sed
1265 5044 1318 5097 in
1355 5044 1722 5101 Crescentium
1755 5048 1853 5116 ipsi
1886 5064 2038 5119 papa:

474 5121 838 5181 dominantem
871 5128 922 5181 in
963 5126 1107 5184 Urbe
1130 5141 1413 5201 tyrannum
1464 5136 1516 5189 id
1542 5137 1784 5192 criminis
1815 5134 2040 5194 conver-

475 5211 692 5265 tendnm
720 5228 837 5269 esse
871 5220 1164 5273 contendit.
1210 5220 1478 5290 Quidquid
1521 5224 1611 5289 sit,
1636 5223 1788 5279 Abbo
1841 5227 1954 5295 ipse
1980 5226 2035 5281 in

476 5299 695 5324 Αηῖηιηι..
742 5305 805 5324 -1
839 5304 858 5324 Ι
944 5307 984 5324 ,I

1749 5330 1878 5350 -----σὶ
1937 5331 2034 5350 QII“

1553 240 1611 298 ι.
1646 243 1825 301 ABBO
1875 243 2362 312 FLORIACENSIS
2412 258 2650 318 ABBAS.

3628 279 3723 337 580

2096 366 2141 421 Α
2170 378 2286 419 rum
2318 370 2634 436 reperiatur.
2658 371 2867 444 Scripta
2893 384 3071 432 autem
3098 389 3180 436 est
3199 381 3421 452 epistola
3445 400 3589 442 anno
3606 389 3722 459 996,

2168 462 2223 506 ut
2252 469 2301 507 ν.
2341 471 2392 511 c.
2422 456 2725 526 Stephanus
2768 461 3036 529 Baluzius,
3079 469 3166 535 qui
3198 484 3314 526 eam
3370 471 3423 527 in
3467 456 3720 532 hliscella;

2163 556 2387 617 neorum
2418 555 2561 602 tomo
2605 548 2625 602 Ι
2670 550 2862 619 publici
2900 554 3041 623 juris
3064 554 3211 623 fecit,
3241 570 3386 615 recte
3433 562 3718 631 adnotavit,

2162 645 2355 702 nempe
2385 635 2501 705 ipso
2551 653 2694 694 anno
2727 656 2833 710 quo
2870 641 3162 715 Gregorius
3188 646 3402 716 Joanni,
3446 650 3718 713 Bonifacio

2161 720 2502 794 p‘seudopapa
2539 729 2836 797 exstincto,
2877 733 3131 791 suffectus
3161 744 3264 794 est.
3309 739 3402 796 Sic
3443 752 3621 799 autem
3645 747 3721 800 in-

2160 811 2319 882 cipit:

2239 920 2258 953 ι
2296 900 2580 961 Facundia:
2606 911 2955 981 praerogativa
3000 929 3121 969 cum
3157 916 3281 972 vita:
3321 920 3520 975 merito
3559 931 3615 977 et
3643 940 3707 978 sa

2160 991 2375 1060 pientia:
2425 994 2669 1052 doctrina
2721 1000 3039 1056 mirabiliter
3083 1005 3345 1061 intonanti
3404 1009 3601 1065 domno
3662 1012 3718 1065 L.

2160 1080 2334 1134 sancti
2376 1080 2633 1138 Bonifacii
2674 1085 3117 1145 charissimornm
3164 1093 3480 1151 charissima
3525 1098 3720 1166 abbati,

2161 1167 2521 1227 Floriacensis
2545 1175 2777 1230 cmnobii
2806 1177 3024 1233 humilis
3044 1170 3212 1236 abbas
3239 1182 3440 1252 ABBO,
3469 1184 3719 1257 Spiritum

2158 1259 2393 1327 Domini,
2418 1262 2509 1330 qui
2540 1263 2763 1332 replevit
2792 1266 2976 1322 orbem
3007 1278 3272 1328 terrarum
3292 1315 3307 1340 ,
3338 1277 3549 1346 replere
3587 1279 3720 1335 illius

2159 1349 2328 1417 ipsius
2369 1351 2650 1407 scientiam
2698 1364 2754 1409 et
2799 1355 3149 1416 intellectum.
3188 1363 3461 1432 Charitas,
3502 1384 3622 1437 qua:
3640 1379 3719 1426 est

2158 1436 2431 1492 vinculum
2458 1440 2824 1510 perfectionis,
2859 1445 2985 1501 dum
3015 1462 3112 1504 nos
3142 1450 3326 1507 ambos
3354 1436 3538 1511 Remis
3580 1458 3713 1526 posi-

2162 1534 2243 1584 tus
2296 1530 2692 1600 eonglutinaret
2722 1534 2878 1591 labiis
2925 1539 3148 1606 privatae
3192 1542 3595 1611 collocutionis,
3646 1557 3719 1602 tot

2160 1620 2432 1676 oratorios
2463 1621 2628 1685 rivos,
2661 1631 2837 1680 tantos
2862 1637 3062 1683 sanctae.
3094 1629 3385 1702 Scriptura:
3413 1635 3566 1691 favos
3585 1636 3720 1692 bono

2087 1689 2131 1748 Β
2159 1707 2275 1765 zelo
2321 1708 2575 1766 fulminea
2634 1713 2812 1785 lingua
2840 1727 3016 1773 vestra
3048 1725 3311 1778 crnctavit
3349 1740 3531 1785 coram
3562 1736 3615 1781 et
3638 1745 3717 1782 se»

2157 1806 2306 1851 creto
2331 1838 2346 1863 ,
2385 1807 2443 1853 ut
2481 1801 2792 1859 exclamans
2838 1808 3131 1876 compellar
3159 1810 3337 1867 dicere
3363 1828 3378 1867 :
3405 1813 3619 1883 Diffusa
3645 1830 3718 1873 est

2153 1889 2324 1956 gratia
2354 1889 2407 1941 in
2429 1889 2582 1945 labiis
2613 1894 2735 1957 tuis,
2772 1903 2877 1950 etc.
2928 1896 3071 1951 Inter
3104 1898 3388 1956 familiaria
3434 1904 3714 1960 verborum

2153 1986 2461 2034 nostrorum
2514 1996 2711 2037 arcana
2751 1984 3031 2041 distillavit
3082 1990 3304 2045 auribus
3333 1995 3536 2048 nostris
3558 2011 3715 2048 ltllllm

2130 2068 2420 2135 quoddam
2457 2070 2724 2141 eloquium
2765 2084 2941 2130 vestra
2982 2080 3412 2149 magnificentia,
3442 2085 3586 2153 quod
3614 2102 3716 2141 non

2153 2159 2333 2215 minus
2349 2162 2659 2233 adimplere,
2690 2166 2734 2221 si
2773 2166 2913 2223 Deus
2933 2169 3182 2237 voluerit,
3214 2182 3426 2244 satago,
3449 2190 3610 2244 quam
3636 2179 3713 2230 vi-

2154 2255 2261 2302 tam
2292 2260 2603 2320 perpetuam
2633 2257 2860 2310 mercari
2891 2272 2957 2312 ex
3000 2269 3147 2315 voto.
3201 2259 3564 2317 Pretiosarum
3596 2266 3715 2319 reli-

2150 2338 2399 2407 quiarum
2439 2344 2608 2397 sancti
2640 2342 2816 2400 Patris
2836 2346 3110 2403 Benedicti
3141 2350 3368 2421 insignia
3400 2354 3714 2423 postulastis

2150 2428 2304 2482 vobis
2334 2429 2513 2502 dirigi,
2544 2447 2609 2487 eo
2637 2434 2776 2503 quod
2801 2434 3161 2494 indubitatum
3189 2443 3402 2511 penitus
3422 2452 3568 2499 esset
3594 2461 3712 2499 san-

2150 2518 2444 2574 ctissimam
2485 2522 2653 2592 ipsius
2673 2528 2914 2595 corporis
2952 2534 3294 2599 praesentiam
3328 2550 3355 2588 a
3399 2537 3558 2591 nobis
3587 2539 3711 2592 reti-

2150 2608 2303 2675 neri;
2345 2610 2572 2680 ideoque
2608 2614 2742 2669 velle
2788 2618 3000 2675 enixius
3030 2621 3083 2675 in
3113 2623 3317 2679 bonore
3353 2625 3495 2686 illius
3526 2638 3710 2682 orato-

2151 2695 2289 2751 rium
2332 2701 2570 2755 construi
2595 2742 2611 2769 ,
2644 2703 2879 2774 itemque
2924 2709 3077 2764 nobis
3106 2710 3172 2766 de
3200 2722 3388 2768 sancto
3415 2713 3708 2781 Bonifacio,

2148 2797 2244 2842 aut
2274 2788 2340 2844 de
2362 2791 2533 2847 sacris
2571 2797 2796 2851 artubus
2843 2808 3163 2857 caeterorum
3201 2814 3510 2862 sanctorum
3561 2809 3708 2865 nobis

2147 2879 2334 2935 eadem
2359 2887 2775 2952 recompensari.
2806 2888 3017 2959 Adiecit
3045 2891 3267 2963 insuper
3290 2904 3470 2950 vestra
3507 2898 3709 2953 incom-

2150 2968 2405 3037 parabilis
2435 2972 2650 3028 bonitas
2679 2976 2845 3044 quod,
2876 2979 2922 3032 si
2954 2994 3051 3035 nos
3088 2992 3305 3052 urgeret
3350 3000 3510 3054 super
3538 3002 3598 3040 re
3623 2988 3708 3041 do-

2150 3065 2373 3118 mestica
2397 3065 2573 3137 aliqua
2596 3068 2842 3125 voluntas
2862 3074 3214 3129 corroborare
3230 3088 3412 3131 nostra
3428 3078 3706 3148 privilegia

2143 3165 2242 3219 per
2290 3152 2547 3210 Romanae
2593 3160 2932 3215 auctoritatis
2977 3162 3170 3232 slylum
3205 3165 3581 3233 apostolicum,
3614 3183 3706 3222 vos

2145 3242 2198 3295 in
2226 3246 2476 3301 omnibus
2499 3256 2554 3302 et
2579 3264 2675 3318 per
2719 3252 2899 3306 omnia
2958 3256 3128 3309 nostri
3169 3256 3287 3312 fore
3337 3258 3704 3313 ﬁdelissimum

2145 3332 2611 3393 collaboratorem.
2662 3339 2790 3394 Hmc
2837 3352 3016 3396 autem
3059 3344 3239 3397 omnia
3288 3346 3552 3415 perficere
3599 3349 3704 3402 voti

2144 3434 2283 3488 erat,
2315 3426 2531 3494 quando
2552 3429 2835 3499 magniﬁca
2862 3431 3119 3502 principis
3140 3434 3503 3502 apostolorum
3535 3451 3704 3490 mem-

2142 3512 2239 3567 bra
2284 3514 2504 3583 supplex
2553 3518 2693 3584 adii;
2752 3521 2844 3574 sed
2881 3520 3176 3576 Romanam
3222 3524 3511 3579 Ecclesium
3551 3527 3710 3596 digno

2144 3601 2408 3655 viduatam
2452 3614 2675 3671 pastore,
2721 3607 2823 3661 heu
2872 3610 3004 3677 prob
3037 3610 3221 3666 dolor!
3260 3610 3477 3666 ollcndi.
3518 3613 3708 3668 Vestra

2144 3704 2321 3749 autem
2364 3696 2629 3762 absentia,
2672 3699 2950 3767 profiteor,
3007 3702 3080 3756 ita
3132 3701 3350 3758 affectus
3396 3718 3516 3759 sum
3566 3706 3707 3760 sicut

2144 3785 2279 3841 solet
2302 3785 2440 3840 allici
2470 3785 2607 3843 fetus
2638 3789 2848 3859 gallime
2883 3806 3219 3862 conquerens
3257 3795 3435 3850 raucis
3478 3798 3703 3852 vocibus

2146 3875 2473 3930 abstractum
2534 3891 2657 3933 esse
2724 3880 2941 3935 unicum
2996 3884 3182 3937 matris
3224 3897 3336 3939 sum
3373 3885 3704 3954 pmsidium.

2144 3966 2325 4036 Nuper
2362 3976 2541 4023 autem
2586 3969 2764 4024 audivi
2803 3962 3093 4037 nuntium,
3122 3976 3264 4043 quod
3300 3989 3384 4028 me
3413 3975 3705 4030 lmtilicavit

2145 4075 2306 4130 super
2335 4075 2524 4115 aurum
2546 4062 2880 4132 ett0pazium
2910 4079 2924 4116 :
2952 4072 3190 4119 erectum
3211 4080 3332 4119 esse
3351 4067 3699 4134 apostolicum

2146 4149 2308 4206 decus
2360 4164 2458 4218 per
2503 4152 2786 4219 quemdam
2836 4152 3126 4222 imperialis
3174 4155 3449 4225 sanguinis
3506 4157 3698 4218 virum,

2145 4247 2312 4293 totum
2359 4239 2646 4294 virtutibus
2690 4249 2745 4295 et
2788 4243 3049 4310 sapientia
3097 4244 3475 4313 compositum.
3518 4245 3702 4323 Vester

2144 4345 2271 4384 vero
2294 4330 2495 4383 reditus
2515 4330 2747 4386 intonuit
2768 4334 2932 4389 menti
2954 4343 3166 4402 nostrae,
3195 4336 3337 4390 velut
3356 4334 3704 4406 paradisian

2144 4422 2468 4476 reversionis
2515 4422 2798 4480 inetl'abilis
2828 4436 3139 4482 concentus.
3169 4427 3320 4482 Nunc
3349 4428 3536 4498 igitur,
3568 4430 3703 4483 sicut

2141 4508 2303 4562 locuti
2336 4523 2522 4566 sumus
2564 4512 2631 4565 ad
2680 4513 2931 4579 invicem,
2968 4524 3025 4570 et
3067 4516 3182 4571 haec
3230 4516 3456 4586 epistola
3508 4517 3701 4571 vestris

2143 4599 2448 4666 aspectibus
2467 4614 2525 4654 se
2554 4609 2862 4669 praesentat,
2887 4617 2982 4671 per
3004 4603 3102 4658 hos
3127 4604 3302 4659 sancti
3332 4604 3506 4672 patris
3535 4604 3697 4658 nostri

2140 4688 2410 4743 Benedicti
2443 4691 2732 4744 monachos
2765 4692 2951 4747 audire
2973 4693 3180 4761 placeat
3200 4732 3214 4756 ,
3245 4701 3299 4746 et
3326 4694 3510 4748 audita
3546 4692 3697 4763 perii.

2143 4795 2288 4844 cere,
2302 4780 2446 4834 velut
2465 4781 2789 4850 promisistis
2806 4823 2820 4847 ,
2837 4798 2958 4837 cum
2980 4798 3187 4837 summa
3206 4783 3306 4837 fide
3317 4791 3372 4837 et
3392 4784 3692 4838 devotione.

2141 4870 2258 4939 Ipse
2285 4879 2460 4924 autem
2490 4872 2629 4925 idem
2657 4873 2900 4941 spiritus,
2923 4874 3014 4942 qui
3046 4874 3329 4941 inspiravit
3372 4875 3550 4929 omnis
3588 4872 3708 4928 elo?

2141 4960 2372 5030 quentia:
2399 4960 2585 5016 liorem
2615 4960 2953 5030 Gregorium,
2986 4963 3211 5033 inspiret
3257 4962 3414 5032 hujus
3439 4979 3552 5019 suae
3573 4979 3689 5019 san-

2139 5058 2238 5103 ctae
2259 5047 2511 5104 Romana:
2541 5049 2793 5105 Ecclesiae
2818 5052 3176 5106 venerabilem
3202 5052 3577 5123 apostolicum,
3599 5066 3689 5106 vo-

2139 5138 2328 5208 bisque
2357 5139 2616 5194 concedat
2640 5147 2696 5193 ut
2719 5139 2837 5195 sitis
2860 5140 3032 5194 eidem
3059 5140 3159 5210 ipsi
3185 5141 3527 5196 dulcissimus
3550 5155 3580 5194 a
3606 5154 3684 5195 se-

2138 5229 2321 5293 cretis,
2361 5230 2427 5282 ad
2448 5227 2886 5283 consolidandam
2904 5228 3254 5299 dejectionem
3271 5231 3577 5303 apostolica:
3596 5244 3687 5285 au-

2135 5325 2290 5350 nlnr--
2313 5347 2395 5350 __-_
2465 5347 2637 5350 _._____
2695 5347 2712 5350 _
