4036 6328
281 409 379 465 381

983 401 1343 461 ΡΒΟἝΜΙΑ.
1383 434 1450 443 -—
1485 401 1642 457 VITA
1691 401 1748 456 S.
1789 399 1875 454 AB

1985 398 2098 454 iis.
2138 397 2432 455 OBSERV.
2475 395 2803 453 PRJ‘SVIE.

3447 396 3556 453 ⁸582

285 535 417 578 tunc
438 535 764 592 persuasum
804 527 942 574 erat.
971 519 1217 577 Alterum
1249 527 1332 574 est
1371 517 1604 588 primum
1635 513 1873 568 Abbonis
1907 517 1947 573 Α
1980 513 2090 576 bat,
2138 513 2190 565 in
2234 521 2501 580 potestate
2522 511 2781 579 ipsorum
2813 507 3072 563 vocabulo
3117 507 3366 572 Everam,
3413 513 3557 579 quod

233 661 238 664 .
285 617 390 670 iter
431 615 684 675 Romam,
735 611 888 680 cujus
915 612 1096 666 sedem
1139 611 1296 680 digno
1345 619 1552 678 pastore
1600 609 1868 660 viduatam

283 706 453 760 fuisse
478 705 850 773 conqueritur.
877 703 1118 756 Tertium
1158 703 1350 756 electio
1375 700 1620 770 Gregorii
1651 714 1799 767 papa:
1829 696 1870 752 γ

284 811 350 850 ex
377 795 550 863 stirpe
579 793 867 861 imperiali,
889 792 956 846 de
977 807 1084 861 quo
1107 793 1175 846 ita
1202 791 1509 846 Chronicon
1536 790 1868 844 Saxonicum

285 901 388 939 ms.
417 885 485 937 ad
513 900 715 938 annum
746 884 880 939 995:
913 902 932 934 ‹
982 883 1218 937 Joannes
1265 898 1403 952 papa
1454 882 1670 936 interim
1715 881 1870 935 obiit.

289 974 442 1030 Unde
475 989 570 1027 rex
616 973 762 1036 Otto,
796 973 847 1026 in
878 973 1031 1026 Italia
1067 970 1179 1039 jam
1207 972 1437 1042 positus,
1474 985 1696 1024 rumore
1729 968 1868 1023 inci-

287 1074 454 1126 tatus,
516 1064 812 1134 praamissis
859 1063 1182 1131 quibusdam
1249 1061 1605 1131 principibus.
1658 1061 1874 1130 publico

287 1167 558 1207 consensu
605 1161 660 1204 et
713 1152 978 1205 electione
1028 1151 1154 1204 fecit
1201 1149 1441 1203 ordinari
1496 1149 1870 1218 apostolicum,

286 1259 448 1298 suum
480 1250 728 1310 nepotem
757 1241 1087 1304 Brunonem,
1110 1239 1329 1296 .Ottonis
1379 1238 1572 1300 lilium,
1608 1238 1700 1306 qui
1731 1253 1878 1290 mar-

287 1349 412 1386 cam
457 1333 827 1388 Veronensem
875 1331 1150 1396 servabat,
1194 1330 1449 1400 iruposito
1495 1329 1711 1382 nomine
1739 1326 1875 1383 Gre-

283 1423 449 1492 gorii.
486 1441 507 1475 ι

360 1513 413 1565 7.
444 1513 527 1566 Ad
567 1513 712 1567 hunc
757 1512 940 1580 itaque
985 1509 1307 1581 Gregorium
1343 1526 1372 1564 a
1411 1509 1686 1566 Rotberto
1745 1525 1873 1579 rege

283 1601 494 1656 missus
516 1611 600 1655 est
631 1602 806 1655 Abbo.
844 1620 862 1652 ι
898 1599 1173 1670 Praecipua
1203 1615 1352 1665 vero,
1385 1600 1561 1668 inquit
1594 1599 1878 1654 Aimoinus

285 1691 431 1745 infra
467 1693 520 1744 in
545 1691 665 1759 ejus
696 1691 837 1754 Vita,
874 1711 893 1744 ι
925 1708 1113 1747 earum
1147 1707 1244 1758 pro
1277 1693 1476 1761 quibus
1524 1693 1766 1746 directus
1793 1700 1879 1746 est

283 1798 578 1837 causarqu
605 1783 721 1837 haec
746 1782 877 1837 fuit:
906 1784 1032 1852 quia
1059 1783 1335 1847 Arnulfus,
1364 1782 1655 1837 Remorum
1694 1783 1876 1836 archi-

1973 617 2134 662 antca
2180 607 2356 661 nullus
2403 622 2638 675 unquam
2694 605 2930 667 fecerat;
2972 602 3091 657 ruisi
3151 602 3318 656 filium
3377 620 3556 658 meum

1972 697 2291 751 Rothertum
2324 712 2502 766 regem
2527 695 2592 749 ad
2632 695 2827 764 ipsam,
2863 703 2921 746 ut
2943 707 3063 747 eam
3111 695 3212 747 sub
3247 692 3561 748 defensioue

1973 796 2028 841 et
2059 786 2357 840 munitione
2387 794 2569 839 nostra
2615 792 2920 846 revocaret,
2979 792 3038 835 ut
3085 781 3266 836 nullus
3314 798 3558 846 suorum,

1973 879 2057 932 vel
2091 893 2278 933 servus
2302 877 2384 931 vel
2411 877 2566 938 liber,
2593 876 2644 928 in
2668 891 2731 927 ea
2754 874 2954 942 aliquid
2972 873 3556 942 prmsumerctlollere;

1975 973 2116 1042 quod
2147 982 2202 1025 et
2241 974 2350 1039 ipse
2394 968 2534 1022 haud
2584 966 2820 1036 segniter
2859 975 3148 1020 exsecutus
3197 973 3302 1019 est.
3351 964 3562 1017 luterca

1974 1074 2092 1118 orta
2124 1062 2472 1116 contentione
2498 1056 2701 1114 0.louis
2725 1057 2938 1111 comitis
2966 1057 3226 1112 adversus
3255 1071 3363 1120 me,
3415 1057 3561 1110 inter

1975 1163 2201 1208 czeteros
2238 1151 2578 1206 necessarios
2604 1159 2658 1204 et
2686 1149 2872 1202 fideles
2923 1158 3159 1212 nostros,
3211 1163 3346 1216 quos
3378 1148 3429 1201 in
3468 1162 3566 1217 ap-

1974 1253 2165 1312 paratu
2196 1252 2382 1297 nostro
2409 1241 2824 1304 commovimus,
2850 1239 3011 1292 etiam
3035 1238 3319 1292 Aruulfurn
3349 1239 3560 1306 episco-

1974 1349 2101 1404 pum
2130 1332 2578 1387 Aurclianensem
2611 1332 2662 1386 in
2687 1330 3016 1401 adjutorium
3049 1338 3291 1384 nostrnru
3331 1345 3564 1398 prmum-

1976 1424 2216 1480 nuimus.
2249 1423 2364 1489 Qua
2419 1424 2486 1476 de
2533 1437 2694 1476 causa
2733 1420 2889 1490 petiit
2922 1429 2978 1472 ut
3022 1419 3279 1488 praedicto
3334 1418 3564 1475 Arnulfo

1976 1513 2160 1582 nepoti
2205 1529 2303 1568 suo
2335 1512 2687 1565 redderemus
2735 1508 3180 1572 consuetudines,
3223 1507 3364 1562 sicut
3414 1509 3566 1578 prius

1979 1603 2117 1671 ipse,
2157 1602 2283 1656 licet
2328 1602 2619 1664 violenter,
2651 1608 2924 1654 tenuerat.
2955 1597 3126 1664 Quem
3162 1597 3439 1652 offendere
3466 1613 3565 1667 pro

1979 1707 2077 1746 suo
2125 1691 2346 1745 servitio
2388 1689 2601 1751 uolens,
2643 1704 2879 1743 evocans
2927 1687 3244 1757 praedictum
3292 1686 3562 1750 abbatem,

1981 1783 2164 1854 rogavi
2208 1793 2266 1836 ut
2305 1798 2409 1836 xxx
2447 1782 2655 1835 modios
2695 1781 2803 1833 vini
2835 1780 2886 1833 in
2916 1779 3204 1832 vindemiis
3238 1777 3473 1832 solveret
3499 1776 3567 1831 de

283 1872 596 1942 episcopus,
636 1873 1006 1942 absquejusta
1043 1873 1315 1927 audientia
1344 1874 1470 1927 sede
1497 1888 1592 1928 sua
1634 1872 1876 1940 privatus
1908 1861 1951 1919 Β
1985 1875 2099 1942 ipsa
2132 1882 2397 1943 potestate
2442 1871 2541 1940 ipsi
2573 1870 2823 1933 Aruull‘o,
2852 1870 3090 1940 quandiu
3121 1869 3329 1923 viveret
3355 1868 3562 1937 episco-

285 1961 680 2032 custiodiznque
705 1961 882 2016 fuerat
906 1963 1264 2032 mancipatus.
1289 1963 1370 2018 0b
1392 1963 1494 2017 hoc
1513 1960 1875 2031 Gregorius...

287 2052 390 2104 toti
443 2068 611 2122 regno
676 2051 1015 2107 Francorum
1076 2054 1365 2107 anathema
1436 2069 1493 2106 sc
1539 2053 1877 2106 invecturum

286 2141 654 2196 comminatus
683 2151 784 2196 est.
821 2163 840 2193 ι
877 2141 1098 2197 Interim
1128 2145 1256 2197 dum
1283 2142 1436 2197 Abbo
1463 2143 1731 2213 publicam
1764 2157 1875 2195 rem

287 2231 479 2286 sedulo
514 2233 853 2302 exsequitur,
883 2235 950 2288 de
977 2235 1206 2304 privatis
1241 2236 1402 2290 etiam
1435 2235 1746 2288 monasterii
1794 2234 1876 2288 sui

287 2322 590 2376 Commodis
614 2323 858 2392 cogitans
890 2341 918 2376 a
949 2325 1204 2393 poutilic‘e
1233 2324 1576 2396 privilegium
1624 2324 1877 2392 impetra-

291 2412 388 2474 vit,
418 2413 574 2480 cujus
604 2429 873 2466 summam
898 2414 1180 2468 Aimoiuus
1207 2414 1394 2469 refert.

362 2502 414 2555 8.
447 2502 525 2556 Ex
559 2505 660 2557 hac
709 2505 943 2558 maxime
990 2504 1256 2575 legatione
1305 2506 1627 2577 intelligitur
1676 2514 1879 2574 quanta

288 2592 456 2647 fuerit
489 2593 630 2660 apud
669 2608 848 2663 regem
889 2594 1130 2650 Abbouis
1165 2598 1485 2662 auctoritas;
1528 2597 1668 2666 quod
1713 2598 1877 2650 etiam

288 2683 496 2752 liquido
541 2693 687 2752 patet.
727 2701 792 2739 ex
825 2685 992 2740 libera
1043 2686 1410 2756 increpatione
1460 2689 1720 2743 Rotberto
1769 2689 1879 2754 regi

287 2773 434 2826 facta
459 2775 531 2828 ob
557 2773 674 2841 ejus
697 2775 947 2844 copulam
978 2792 1100 2832 cum
1127 2776 1331 2832 Bertha
1362 2777 1715 2846 ejusdemrnet
1746 2799 1876 2838 con-

291 2865 592 2933 sanguinea
630 2874 686 2918 et
723 2863 888 2920 atlini.
920 2866 1034 2921 Hoc
1081 2868 1323 2924 Abbonis
1369 2869 1569 2925 factum
1601 2884 1880 2942 comparat

291 2951 603 3021 llelgaudus
631 2954 681 3018 in
721 2955 840 3007 Vita
873 2955 1118 3011 llotberti
1149 2973 1272 3012 cum
1293 2957 1438 3014 fact-0
1462 2959 1725 3016 Nathanis
1754 2979 1876 3033 pro—

292 3043 488 3113 phetas,
513 3045 724 3115 aitque,
770 3055 827 3099 ut
867 3047 1037 3102 David
1082 3049 1150 3104 ab
1183 3050 1286 3104 isto
1328 3064 1611 3121 correptus
1648 3063 1750 3120 est,
1801 3057 1881 3111 sic

302 3154 323 3184 ι
353 3135 513 3189 istum
538 3153 690 3204 aeque
712 3153 808 3207 per
829 3139 1084 3194 domnurn
1106 3150 1160 3194 et
1181 3143 1546 3198 venerabilem
1567 3146 1873 3213 Abbonem,

295 3225 726 3282 Floriacensium
767 3245 797 3283 a
845 3231 954 3286 Deo
994 3232 1334 3302 praeelectnm
1384 3235 1664 3304 abbatem,
1707 3253 1874 3304 nunc,

296 3315 500 3371 Christi
551 3317 764 3374 favente
788 3322 982 3391 gratia,
1033 3323 1308 3379 miraculis
1339 3340 1647 3390 coruscum,
1696 3337 1878 3396 spreta

297 3409 492 3463 mortis
523 3408 814 3466 formidine
868 3413 1002 3467 dure
1051 3413 1386 3483 increpaturn
1422 3416 1671 3485 privatim
1699 3427 1753 3471 et
1780 3435 1880 3486 pu-

299 3498 463 3554 blice.
493 3499 660 3568 Cujus
694 3504 870 3558 sancti
921 3505 1023 3558 viri
1077 3506 1374 3575 increpatio
1422 3509 1608 3562 tandiu
1647 3510 1883 3578 perstitit

296 3590 470 3643 donec
497 3606 590 3644 rex
627 3593 942 3647 mitissimus
980 3604 1188 3649 reatum
1233 3612 1387 3650 suum
1418 3609 1764 3666 agnosceret,
1805 3609 1879 3665 et,

299 3694 462 3746 quam
493 3681 632 3735 male
665 3681 764 3736 sibi
795 3683 1169 3752 copulaverat,
1199 3686 1484 3740 mulierem
1527 3702 1748 3755 prorsus
1789 3689 1884 3743 de-

299 3769 658 3837 relinqueret,
684 3780 738 3825 et
761 3773 966 3840 peccati
1001 3774 1265 3828 maculam
1294 3785 1446 3846 grata
1496 3778 1604 3832 Deo
1661 3778 1880 3832 satisfa—

303 3859 455 3912 tione
503 3860 756 3915 dilueret.
813 3881 832 3914 ι
885 3863 1086 3918 Eadem
1135 3868 1431 3922 auctoritas
1467 3868 1786 3940 intelligitur
1816 3887 1879 3923 ex

299 3946 638 4003 collectaneo
691 3964 960 4004 canonum
1010 3951 1219 4022 Hugoui
1251 3965 1308 4008 et
1356 3955 1615 4011 Rotberto
1669 3959 1884 4027 regibus

299 4045 576 4105 porrecto,
619 4057 638 4090 ι
700 4041 752 4093 in
797 4041 992 4109 quibus
1024 4051 1078 4096 et
1108 4045 1294 4109 vestri,
1349 4045 1545 4114 inquit,
1597 4048 1882 4103 ministerii

297 4141 568 4181 summam
590 4130 853 4197 expressi,
886 4138 941 4183 et
981 4131 1209 4198 qualiter
1248 4133 1402 4188 vobis
1451 4134 1611 4188 fidem
1662 4151 1883 4192 servare

299 4219 536 4273 debeant
564 4221 854 4290 optimates
898 4222 1048 4291 regni
1086 4237 1190 4276 non
1241 4225 1442 4279 tacui.»
1477 4224 1882 4282 Collectaneum

299 4311 447 4364 istud
477 4311 645 4365 habes
677 4312 729 4366 in
765 4323 909 4367 torno
937 4315 977 4368 ll
1028 4315 1436 4372 Analectorum.
1471 4317 1671 4384 Quanti
1701 4320 1886 4375 Abbo-

295 4415 427 4452 nem
458 4399 645 4454 fecerit
677 4401 827 4471 llugo
862 4416 977 4464 rex.
1009 4403 1358 4459 manifestum
1404 4406 1532 4460 facit
1557 4407 1789 4477 diploma
1816 4411 1885 4465 ab

297 4493 422 4558 ipso
454 4505 793 4562 coztcessum,
818 4509 886 4549 ex
911 4495 1065 4565 cujus
1093 4498 1428 4569 autographo
1453 4499 1582 4555 illud
1617 4502 1877 4569 eruimus,

295 4591 465 4650 prout
494 4583 757 4650 sequitur.

381 4690 400 4721 ε
432 4672 489 4725 ln
522 4674 737 4730 nomine
757 4685 960 4732 sancta!
985 4678 1343 4735 etindividua:
1363 4680 1664 4746 Trinitatis,
1709 4682 1883 4754 llugo,

299 4765 478 4831 gratia
513 4763 627 4826 Dei,
655 4763 984 4820 Francorum
1036 4785 1150 4822 rex.
1199 4769 1313 4824 Mos
1339 4780 1392 4824 et
1425 4775 1758 4828 consuetudo
1807 4791 1885 4829 re-

299 4873 430 4925 gum
458 4858 918 4924 prmdecessornm
957 4871 1265 4916 nostrorum
1316 4880 1530 4932 semper
1572 4867 1783 4920 exstitit
1829 4877 1887 4921 ut

298 4949 568 5005 ecclesias
638 4951 732 5004 Dri
802 4953 1176 5017 sublimarent,
1228 4965 1282 5010 et
1322 4956 1483 5025 justis
1534 4957 1886 5024 petitionibus

298 5056 584 5094 servorum
631 5043 723 5097 Dei
775 5044 1072 5100 clementer
1107 5046 1372 5112 faverent,
1403 5056 1458 5101 et
1505 5049 1886 5117 oppressiones

298 5146 493 5185 eorum
518 5133 748 5202 benigne
784 5135 1152 5201 sublevarent,
1183 5148 1240 5190 ut
1271 5139 1434 5191 Deum
1467 5139 1756 5208 prOpitinm
1791 5141 1887 5193 ha-

297 5223 518 5287 lrereut,
549 5221 704 5289 cujus
730 5239 914 5278 amore
955 5225 1004 5278 id
1049 5226 1323 5281 fecissent.
1368 5227 1536 5295 Hujus
1580 5229 1654 5282 rei
1690 5231 1882 5299 gratia,

301 5313 506 5366 auditis
577 5312 906 5368 clamoribus
964 5316 1289 5370 venerabilis
1341 5317 1603 5382 Abbonis,
1669 5317 1888 5372 abbatis

303 5405 627 5457 monasterii
687 5415 888 5460 sancta:
939 5405 1138 5473 Mariae,
1187 5408 1358 5462 sancti
1421 5408 1565 5461 Petri
1607 5417 1661 5462 et
1713 5409 1886 5462 sancti

301 5495 582 5552 Benedicti
602 5496 980 5561 Floriacensis,
1004 5509 1059 5554 et
1082 5499 1467 5553 monachorum
1491 5500 1590 5554 sub
1610 5514 1675 5554 eo
1697 5501 1894 5568 degen-

305 5588 465 5651 tium,
515 5597 757 5661 nostram
809 5591 1154 5660 praesentiam
1195 5592 1529 5657 adeuntium,
1590 5607 1689 5661 pro
1732 5591 1890 5660 malis

305 5679 793 5737 consuetudinibus
822 5691 877 5737 et
926 5682 1156 5736 assiduis
1205 5682 1430 5751 rapinis,
1464 5698 1600 5751 quas
1627 5682 1890 5737 Arnulfus

307 5770 376 5824 de
403 5767 596 5826 Castro
622 5771 806 5830 Everze
838 5775 1057 5830 nomine
1085 5775 1328 5830 advocati
1357 5781 1410 5829 et
1435 5773 1623 5829 vicarii
1656 5775 1888 5844 accipie-

1980 1978 2079 2032 pus
2126 1963 2426 2017 avunculus
2454 1962 2593 2032 ejus,
2637 1978 2734 2030 pro
2775 1961 3110 2015 salvamcnlo
3151 1969 3356 2022 nostro,
3389 1973 3451 2013 ea
3483 1975 3570 2012 ra-

1983 2053 2124 2106 tione
2149 2062 2204 2104 ut
2229 2051 2406 2106 nullus
2435 2067 2682 2116 suorum,
2717 2066 2907 2105 servus
2955 2049 3034 2104 vel
3072 2049 3225 2112 liber,
3278 2049 3407 2102 inibi
3454 2065 3570 2102 arn-

1980 2143 2118 2212 plius
2156 2144 2488 2212 exquireret.
2536 2142 2664 2196 Post
2709 2153 2936 2196 mortem
2986 2157 3114 2196 vero
3163 2140 3280 2208 ejus
3309 2157 3408 2196 nec
3448 2143 3563 2210 ipse

1979 2232 2258 2294 Arnulfus,
2291 2248 2391 2286 nec
2414 2233 2609 2301 aliquis
2654 2248 3027 2286 successorum
3061 2247 3306 2296 suoruru,
3347 2231 3430 2285 vel
3469 2233 3571 2287 hoc

1981 2323 2177 2391 ipsum.
2212 2324 2295 2376 vel
2335 2323 2479 2378 aliud
2509 2324 2711 2393 aliquid
2743 2324 2793 2376 in
2828 2323 2941 2393 ipsa
2977 2332 3244 2393 potestate
3293 2323 3571 2392 requirere

1979 2415 2194 2480 audeat,
2223 2425 2314 2469 aut
2345 2416 2396 2469 in
2429 2431 2489 2469 ca
2541 2416 2747 2486 ingredi
2777 2425 2870 2469 aut
2907 2415 3092 2469 tollere
3135 2414 3363 2468 ulterius
3407 2415 3568 2484 quid-

1978 2519 2138 2573 quam
2171 2514 2480 2574 praasumat.
2514 2506 2594 2560 0b
2625 2506 2700 2560 rei
2727 2521 2855 2576 ergo
2886 2505 3196 2559 ﬁrmitatem
3221 2514 3274 2559 et
3298 2505 3568 2568 notitiam.

1979 2593 2083 2647 hoc
2129 2595 2482 2650 krnnunitatis
2521 2605 2716 2650 nostrae
2749 2607 3070 2666 praeceptum
3109 2611 3207 2666 pro
3244 2597 3357 2665 ipsa
3405 2612 3569 2651 causa

1979 2685 2236 2754 prmdicto
2270 2686 2387 2739 loco
2427 2684 2526 2740 feci
2567 2695 2622 2742 et
2662 2703 2823 2740 manu
2863 2687 3080 2755 propria
3136 2686 3570 2756 subterlirmavi,

1979 2785 2033 2829 et
2059 2775 2168 2830 tilio
2187 2791 2304 2829 meo
2333 2776 2595 2831 Rotbcrto
2627 2777 2736 2847 regi
2765 2776 2984 2830 firmare
3013 2776 3135 2841 feci,
3166 2787 3222 2832 et
3249 2777 3434 2831 annuli
3464 2775 3572 2833 mei

1982 2864 2338 2933 impressione
2368 2867 2602 2935 signavi,
2644 2877 2703 2920 ut
2729 2867 2875 2920 nulla
2911 2883 3149 2935 unquam
3193 2865 3420 2921 ulterius
3449 2882 3572 2938 per-

1980 2967 2136 3016 sona,
2177 2954 2482 3024 episcopus,
2514 2955 2701 3019 abbas,
2730 2957 2860 3021 dux,
2893 2972 3100 3020 comes,
3130 2957 3456 3022 vicecomcs,
3489 2956 3570 3011 vi-

1979 3047 2180 3109 carius,
2217 3045 2575 3111 telouearius,
2619 3046 2704 3102 vel
2755 3047 2984 3116 quilibet
3031 3047 3279 3117 publicus
3325 3056 3570 3112 exactor,

1986 3153 2082 3205 pro
2118 3137 2298 3207 aliqua
2333 3154 2390 3192 re
2421 3138 2682 3208 exigenda
2711 3141 2912 3195 nostris
2934 3149 2989 3194 et
3022 3141 3216 3196 futuris
3241 3141 3574 3211 temporibus

1987 3227 2037 3280 in
2069 3242 2187 3280 eam
2219 3228 2423 3297 ingredi
2453 3229 2650 3293 valeat,
2671 3230 2752 3284 vel
2783 3230 2982 3299 aliquid
3010 3231 3226 3302 exigere
3251 3243 3570 3301 praesumat;

1985 3318 2077 3372 sed
2111 3318 2274 3373 liceat
2300 3319 2481 3374 abbati
2510 3331 2562 3373 et
2601 3322 3008 3391 congregationi
3039 3323 3281 3392 prwdicti
3323 3322 3449 3387 loci,
3471 3324 3574 3376 sub

1986 3410 2342 3464 intutunitatis
2365 3423 2560 3465 nostrze
2578 3411 2965 3475 defensionem,
2991 3413 3159 3482 ipsam
3175 3413 3571 3481 possessionem

1984 3501 2170 3570 quieto
2199 3502 2391 3554 ordine
2414 3501 2691 3570 possidere
2714 3520 2726 3554 :
2753 3513 2807 3556 et
2829 3503 2968 3555 sicut
2991 3510 3198 3555 caetera:
3225 3516 3312 3555 res
3335 3501 3573 3570 praedicti

1986 3596 2088 3650 loci
2137 3613 2233 3665 per
2280 3605 2547 3666 praecepta
2589 3604 2989 3648 antecessorurn
3040 3602 3346 3646 nostrorum
3386 3607 3573 3662 regum

1985 3685 2324 3739 Francorum
2372 3685 2592 3738 munita:
2633 3693 2687 3738 et
2737 3683 2972 3737 defensa:
3012 3689 3386 3752 perseverant,
3418 3681 3492 3736 ita
3521 3691 3576 3736 et

1989 3779 2101 3831 haec
2133 3776 2381 3844 praesenti
2413 3775 2736 3829 auctoritate
2758 3775 3010 3844 prmccpti
3038 3774 3208 3829 nostri
3237 3773 3574 3828 communita

1987 3877 2040 3922 et
2070 3867 2372 3921 irrevocata
2396 3874 2712 3935 permaneat
2741 3881 2838 3932 pro
2862 3865 3055 3917 anima:
3092 3855 3225 3916 mem
3252 3872 3305 3916 et
3339 3862 3433 3915 filii
3467 3862 3574 3916 mei

1987 3959 2326 4027 clcemosyna
2378 3967 2433 4011 et
2477 3957 2769 4011 stabilitate
2815 3956 3024 4024 imperii
3075 3955 3246 4008 nostri
3293 3963 3573 4023 perpetua.

1985 4049 2181 4101 Actum
2249 4046 2489 4100 l‘arisius
2537 4045 2757 4099 civitate
2808 4043 3042 4113 publice,
3091 4059 3235 4096 anno
3284 4042 3577 4096 Dominicae

1988 4137 2382 4192 incarnationis
2410 4135 2539 4198 993,
2572 4133 2863 4188 indictione
2891 4149 2965 4198 vr,
2995 4147 3137 4187 anno
3177 4147 3272 4195 vu,
3313 4139 3576 4200 regnante

1988 4227 2380 4299 gloriosissimo
2413 4239 2535 4296 rege
2583 4223 2805 4294 Hugone
2834 4231 2888 4277 et
2916 4222 3117 4294 inclyte
3150 4221 3260 4275 tilio
3301 4221 3417 4290 cjns
3448 4221 3577 4275 Rot-

1987 4323 2162 4377 berlo.
2205 4320 2424 4390 Signum
2468 4315 2831 4388 gloriosissimi
2872 4313 3112 4385 [lagonis
3149 4314 3302 4384 regis.
3355 4311 3575 4384 Signum

1986 4410 2216 4465 Rotberli
2244 4409 2422 4480 incfyti
2447 4410 2598 4478 regis.
2632 4426 2649 4458 ο

2060 4503 2192 4559 9.15
2232 4502 2298 4556 de
2327 4518 2435 4572 quo
2469 4502 2651 4571 agitur
2695 4500 2797 4553 hoc
2837 4498 2959 4553 loco
2996 4495 3257 4552 Arnulfus
3293 4496 3578 4565 episcopus

1989 4593 2447 4656 Aurelianensis,
2515 4593 2630 4660 ipse
2672 4599 2755 4644 est
2793 4590 2883 4658 qui
2934 4604 3057 4643 cum
3111 4586 3338 4641 Ahbone
3389 4597 3578 4639 nostro

1990 4699 2181 4754 graves
2211 4682 2511 4736 simultates
2549 4679 2757 4742 habuit,
2789 4689 2842 4734 et
2875 4679 3132 4732 adversus
3169 4692 3291 4730 eum
3329 4675 3481 4730 stetit
3522 4675 3572 4726 in

1990 4789 2152 4828 causa
2189 4774 2422 4834 Arnulti,
2472 4771 2864 4840 archiepiscopi
2900 4769 3217 4832 Bernensis,
3252 4767 3304 4820 in
3352 4765 3574 4837 synodo.

1992 4864 2097 4918 Sed
2129 4863 2354 4916 interest
2385 4861 2856 4915 Aurelianensium
2890 4875 2985 4928 per
3008 4857 3263 4912 s:eculum
3306 4873 3334 4908 x
3369 4855 3579 4925 cpisco-

1993 4972 2185 5026 porum
2213 4957 2408 5009 seriem
2437 4955 2526 5008 hic
2551 4960 2961 5022 reprreseulare,
3011 4951 3266 5020 quoniam
3311 4948 3362 5000 in
3396 4946 3577 5010 editis,

1994 5047 2155 5100 etiam
2184 5046 2324 5115 apud
2377 5045 2725 5114 Sausseyum,
2788 5044 2967 5096 minus
3001 5050 3254 5096 accurata
3295 5047 3395 5093 cst.
3445 5037 3577 5090 Eam

1994 5147 2321 5206 repetemus,
2363 5137 2634 5206 praecipue
2669 5152 2733 5190 ex
2775 5134 2996 5189 Lctaldo
3039 5131 3342 5186 Miciareusi
3391 5145 3578 5184 mona-

1993 5229 2119 5292 cho,
2150 5230 2200 5282 in
2231 5229 2323 5282 lib.
2376 5229 2450 5282 De
2482 5226 2755 5281 miraculis
2795 5223 2965 5278 sancti
3009 5219 3286 5275 Maximini
3341 5218 3574 5280 abbatis,

1995 5319 2214 5387 vulgato
2280 5318 2332 5372 in
2406 5316 2602 5371 sarculo
2669 5331 2706 5368 ι.
2767 5313 2938 5383 Agius
2994 5308 3302 5364 Aureliauis
3366 5305 3582 5376 praefuit

1997 5418 2259 5478 regnante
2289 5408 2481 5462 Carolo
2508 5406 2691 5469 Calvo,
2734 5417 3104 5458 successorem
3153 5399 3379 5453 sortitus
3425 5395 3578 5451 Wal-

1996 5501 2210 5553 ter-ium.
2249 5497 2376 5551 Post
2400 5497 2717 5551 Waltcrium
2750 5493 3092 5554 Trohannus,
3143 5487 3344 5552 Berno,
3391 5485 3582 5539 Ansel-

1994 5607 2131 5651 mus.
2157 5589 2524 5644 Theudoricus
2543 5596 2770 5657 quatuor
2792 5585 2964 5650 armis,
2995 5581 3374 5644 Ermentheus,
3401 5588 3455 5632 et
3483 5577 3586 5630 Er-

1994 5681 2114 5736 nqu
2114 5695 2174 5734 us
2196 5697 2349 5748 nepos
2370 5679 2483 5748 ejus
2513 5674 2879 5746 pontificatum
2892 5687 3100 5729 rexere.
3116 5671 3242 5726 Hmc
3255 5686 3321 5725 ex
3337 5667 3578 5724 Letaldo.

1993 5773 2247 5831 Ernult’us
2283 5787 2376 5827 seu
2407 5768 2664 5827 Arnulfus
2706 5769 2807 5824 iste
2835 5768 3014 5849 sedem
3049 5765 3330 5822 iniitanno
3361 5762 3485 5830 963,
3523 5771 3582 5817 ut
