3948 5350
397 250 405 286 ,
485 208 590 262 385

1570 199 1630 255 ι.
1667 197 1845 254 ABBO
1881 189 2378 249 FLORIACENSIS
2415 189 2656 246 ABBAS.

3632 185 3743 242 εει

398 300 403 303 ι
485 326 632 388 patet
650 330 716 371 ex
741 317 1025 383 diplomate
1043 302 1281 382 Hithttis
1301 311 1471 375 ducis,
1495 318 1848 381 cognmnento
1867 306 2060 376 Magni,
2090 316 2138 372 Α
2168 304 2306 373 apud
2359 302 2654 367 Labbetnn,
2709 301 2815 358 col.
2870 302 2996 365 ΠΙ,
3047 301 3136 356 ubi
3183 300 3338 357 Abbo
3392 319 3411 351 ι
3441 302 3744 358 monachos

484 408 726 463 ecclesia:
759 403 1131 459 Aurelianens-i
1175 403 1445 456 abbatiam
1475 400 1646 455 sancti
1679 398 1902 453 Joannis
1933 396 2059 450 sub-

490 499 752 549 urbanam
800 493 1131 547 restituentis
1165 507 1301 544 anno
1342 490 1552 543 Domini
1587 488 1714 551 9'75,
1761 487 1943 539 indict.
1976 492 2055 547 nt,

488 588 740 656 episcopo
762 582 1005 646 Arnulfo,
1030 597 1166 634 anno
1192 580 1275 633 sui
1303 579 1620 648 pra’sulutus
1647 591 1743 631 xu.
1776 573 2058 644 Diplomati

489 676 831 730 subscribunt
856 673 1007 743 [Iugo
1037 675 1145 727 dua:
1165 685 1210 727 et
1239 673 1509 727 Ilolbertus
1548 672 1691 741 ﬁlius
1721 671 1855 740 ejus,
1892 666 2062 736 Conf-

490 766 668 834 fredus
694 779 860 816 comes
891 774 938 816 et
982 762 1147 816 Fulco
1187 762 1327 831 ﬁlius
1365 762 1499 831 ejus,
1564 760 1824 814 Henricus
1866 773 2058 822 comes,

489 851 789 907 Wauterius
816 868 1005 916 rantes,
1039 850 1325 905 Wallerius
1360 840 1408 905 et
1442 850 1703 919 liadulfus
1738 848 1881 917 ﬁlius
1915 847 2058 916 ejus,

485 953 640 1011 atque
667 942 1006 996 Burclmrdus
1057 959 1225 997 comes
1270 959 1385 996 cum
1429 942 1741 996 Burcltardo
1791 941 1949 1009 hujus
1989 940 2061 993 rei

487 1034 811 1087 amanuensi.
846 1034 1066 1087 Ernulfo
1096 1049 1189 1087 seu
1216 1032 1442 1087 Arnulfo
1478 1033 1740 1087 successit
1763 1031 2059 1096 Manasses,

486 1124 575 1190 qui
601 1124 805 1193 synodo
836 1122 1134 1178 Senoncnsi
1163 1138 1304 1177 anno
1333 1122 1428 1177 981
1458 1122 1741 1179 interfuit-
1767 1121 1903 1176 Huic
1929 1122 2055 1176 alte-

486 1230 606 1268 runt
648 1213 929 1268 Arnolfum
979 1215 1246 1285 Sausseyo
1278 1216 1503 1285 aliisque
1538 1216 1840 1285 ignoratum
1870 1214 2064 1267 admit-

488 1313 602 1358 tere
633 1320 856 1359 necesse
882 1314 985 1369 est,
1016 1320 1139 1359 eum
1186 1321 1379 1375 nempe
1430 1307 1496 1361 de
1539 1321 1647 1376 quo
1699 1307 1751 1359 in
1796 1303 2061 1373 superiori

487 1393 778 1461 diplomate
804 1397 1004 1449 mentio
1025 1394 1167 1450 facta
1202 1404 1307 1449 est.
1343 1397 1417 1450 De
1449 1397 1548 1449 hoc
1571 1395 1807 1450 secundo
1838 1392 2065 1448 Arnulfo

486 1483 768 1539 Aimoinus
802 1486 909 1555 agit
957 1487 1009 1553 in
1059 1486 1164 1541 line
1206 1485 1325 1539 libri
1372 1501 1412 1551 ι,
1458 1488 1533 1541 De
1577 1484 1851 1539 miraculis
1889 1483 2064 1537 sancti

488 1571 791 1636 Benedicti,
821 1575 1090 1645 refertque
1122 1575 1437 1630 miraculum
1470 1576 1635 1647 ipsius
1670 1575 1871 1629 Amulli
1907 1589 2066 1628 occa-

2161 392 2332 445 sancti
2363 390 2603 461 Dionysii
2632 399 2687 445 et
2714 401 2941 445 caeteros
2973 388 3269 443 familiares
3304 388 3516 441 illorum
3545 398 3742 442 contra

2161 484 2448 551 episcopos
2471 483 2775 536 concitasse
2803 499 2821 531 ι
2859 480 3078 534 dicitur.
3108 478 3163 533 Id
3198 477 3340 532 enim
3375 476 3583 531 factum
3614 492 3746 530 con-

2161 581 2270 626 stat
2295 586 2323 624 a
2348 570 2498 625 laicis
2524 570 2899 640 praesentibus,
2930 584 3157 637 quorum
3204 568 3437 621 maxime
3477 567 3747 621 intererat

2162 662 2402 715 decimas
2432 659 2533 714 sibi
2570 673 2838 715 asserere.
2886 657 3001 713 lloc
3045 657 3285 712 Abbonis
3328 656 3744 726 Apologeticmn

2162 766 2284 808 cum
2310 751 2429 805 aliis
2458 747 2574 817 ejus
2609 748 2853 817 epistolis
2876 748 3014 818 typis
3044 748 3206 817 regiis
3231 762 3402 816 nuper
3425 745 3638 799 editum
3666 753 3748 798 est

2161 855 2290 895 cura
2322 837 2667 893 illustrissimi
2691 837 2901 891 Claudii
2926 836 3198 900 Pcleterii,
3231 835 3383 904 regni
3409 833 3747 888 administri.

2164 928 2280 983 lluc
2319 937 2565 998 spectare
2605 928 2817 981 videtur
2858 925 3106 981 Gerberti
3138 925 3400 994 (Cusum,
3444 932 3483 978 t.
3516 923 3594 986 ll,
3624 936 3747 991 pag.

2161 1014 2288 1086 856)
2330 1016 2574 1085 quzedam
2613 1013 2844 1084 epistola
2875 1014 2941 1068 ad
2979 1013 3258 1067 Arnulfum
3295 1012 3749 1066 'Aurelianensem

2163 1106 2499 1175 episcopum,
2539 1104 2627 1158 ubi
2658 1102 2955 1157 monachos
2983 1103 3157 1157 sancti
3190 1100 3427 1173 Dionysii
3458 1102 3639 1157 sacris
3670 1100 3750 1155 in-

2167 1196 2428 1251 terdictos
2456 1195 2610 1260 dicit,
2644 1194 2827 1249 forsan
2859 1194 2930 1248 ob
2953 1194 3073 1247 illas
3109 1195 3317 1246 turbas.

2237 1284 2325 1338 l2.
2368 1284 2475 1339 Sed
2521 1284 2736 1338 tandem
2770 1284 2835 1338 ad
2863 1283 3106 1337 Abbonis
3148 1291 3377 1336 mortem
3420 1279 3752 1335 veniendum

2164 1389 2268 1443 est,
2314 1394 2434 1448 qua:
2480 1378 2698 1440 accidit,
2750 1386 2888 1431 teste
2937 1376 3211 1439 Aimoino,
3249 1389 3428 1428 «anno
3460 1372 3753 1426 millesimo

2165 1479 2384 1539 quarto,
2433 1467 2728 1521 indictione
2774 1465 3029 1530 secunda,
3062 1464 3149 1517 die
3185 1464 3388 1516 mensis
3428 1460 3754 1515 Novembris

2169 1558 2380 1614 decimo
2421 1558 2600 1611 tertio.
2640 1556 3044 1626 lilartyrizatum
3075 1572 3095 1605 ›
3146 1553 3277 1607 dicit
3309 1552 3623 1616 Aimoinns,
3665 1551 3753 1620 qui

493 1664 642 1717 isone
671 1663 896 1731 factum,
928 1642 1166 1735 tempore
1209 1667 1438 1723 Oilboldi
1475 1642 1687 1721 abbatis
1710 1667 1799 1735 qui
1828 1666 2067 1735 regimen

2180 1662 2204 1702 ιι
2235 1647 2450 1717 Regula:
2492 1647 2675 1715 oppidi
2724 1644 2915 1700 incolis
2962 1642 3412 1697 tumultuantibus
3443 1656 3624 1695 cmsus
3649 1650 3751 1703 est,

490 1754 719 1807 emnobii
750 1755 1113 1811 Floriacensis
1138 1757 1344 1811 Abboni
1384 1765 1556 1811 morte
1590 1757 1884 1825 resignavit
1908 1796 1922 1821 ,
1967 1754 2070 1809 sub

490 1855 691 1894 annum
730 1841 854 1897 988.
890 1844 1323 1898 Aimoiniiverba
1357 1845 1471 1900 hzec
1511 1852 1639 1899 sunt
1681 1861 1747 1898 ex
1788 1859 1904 1913 cap.
1956 1842 2066 1897 l9:

496 1950 516 1983 ι
541 1931 796 1987 Arnulfus
825 1933 1244 1988 Aurelianorum
1290 1936 1576 2006 episcopus
1600 1975 1616 2000 ,
1649 1934 1783 1989 alias
1808 1948 1941 1987 sane
1970 1934 2068 1987 bo-

493 2037 592 2075 nus
614 2031 668 2076 et
687 2023 1084 2079 ecclesiasticas
1112 2024 1325 2095 regulas
1354 2025 1583 2079 scientia
1606 2032 1661 2078 et
1680 2038 1843 2093 Opere
1867 2022 2073 2091 optime

492 2127 739 2178 servans,
773 2130 1046 2184 nunquam
1078 2115 1142 2169 ad
1170 2132 1363 2186 purum
1395 2115 1647 2186 prmlatos
1678 2115 1837 2184 hujus
1863 2113 2072 2168 Floria-

491 2204 668 2257 censis
711 2204 815 2259 loci
860 2206 1075 2271 dilexit,
1132 2207 1254 2262 ideo
1289 2222 1450 2277 quam
1499 2208 1730 2262 maxime
1777 2206 1918 2275 quod
1974 2204 2070 2270 illi,

495 2292 688 2346 ditioni
720 2293 892 2348 solum
922 2296 1080 2349 modo
1124 2304 1378 2364 parentes
1430 2296 1610 2366 regias,
1661 2293 2071 2362 subiectionem,

494 2397 600 2450 qua
629 2382 743 2452 ipse
774 2383 913 2437 ultra
945 2385 1160 2439 modum
1213 2385 1603 2449 delectabatur,
1644 2399 1983 2454 nequaquam
2023 2382 2073 2437 ei

496 2473 562 2526 ad
593 2473 759 2537 ipsius
801 2476 1091 2530 voluntatis
1121 2476 1482 2546 dependerent
1514 2487 1721 2531 nutum.
1755 2477 1867 2542 Qua
1902 2474 1969 2529 de
2016 2490 2076 2529 re

492 2563 684 2619 vineas
712 2566 879 2619 sancti
911 2566 1214 2629 Benedicti,
1244 2568 1296 2622 in
1341 2567 1650 2622 suburbano
1668 2566 2074 2622 Aurelianensis

496 2653 666 2716 urbis,
697 2655 749 2708 in
788 2655 905 2709 loco
935 2656 1026 2724 qui
1068 2656 1259 2711 Boaria
1295 2658 1521 2721 dicitur,
1569 2658 1723 2721 sitas,
1772 2666 1831 2710 ut
1874 2660 1955 2712 sui
1982 2674 2075 2714 eas

495 2745 853 2812 pervaderent
905 2746 1164 2802 satellites
1225 2763 1506 2803 assensum
1578 2749 1847 2819 pntflmil,
1916 2768 1933 2801 ι
1966 2758 2072 2804 etc.

497 2833 806 2892 Laudabilis
848 2837 952 2892 hoc
995 2837 1113 2893 loco
1158 2839 1390 2893 Aimoini
1440 2839 1702 2893 modestia
1729 2848 1781 2893 et
1808 2839 2074 2908 :eqnitas,

497 2932 589 3000 qui
621 2934 823 3002 absque
869 2931 991 2988 felle
1044 2935 1322 3005 scripserit
1361 2937 1425 2990 de
1459 2935 1689 2989 Arnulfo
1734 2935 2011 3005 episcopo,
2045 2955 2073 2991 a

2182 1753 2291 1792 non
2319 1751 2348 1790 a
2379 1736 2681 1798 monachis,
2716 1742 2774 1787 ut
2802 1733 3020 1802 quidam
3053 1731 3392 1794 fabulantur;
3414 1730 3753 1800 martyriu-

2174 1837 2311 1892 tum,
2343 1827 2588 1896 inquam,
2639 1826 2769 1880 dicit
2811 1839 2910 1894 pro
2943 1836 3090 1876 more
3143 1821 3354 1876 illorum
3402 1828 3751 1889 temporum;

2169 1919 2367 1989 quibus
2418 1916 2752 1986 temporibus
2810 1914 2856 1967 si
2908 1913 3031 1982 quis
3085 1912 3227 1980 piam
3283 1925 3348 1964 ac
3405 1910 3751 1963 imiocentem

2171 2010 2338 2065 vitam
2388 2009 2591 2063 ducens
2648 2015 2961 2068 necaretur,
3020 2017 3119 2072 pro
3146 2010 3397 2071 ‘martyre
3430 2000 3751 2059 habebatur,

2172 2112 2230 2158 ut
2262 2101 2395 2156 alias
2427 2116 2534 2155 non
2563 2097 2729 2154 semel
2762 2094 3189 2151 observavimus.
3231 2092 3430 2147 Eodem
3467 2091 3634 2145 modo
3675 2089 3754 2142 lo-

2172 2201 2412 2262 quttntut‘
2465 2196 2716 2244 auctores
2766 2185 3002 2241 Aimoini
3052 2183 3284 2252 aequales
3336 2190 3393 2236 et
3440 2194 3751 2251 suppares:

2172 2281 2373 2337 Glaber
2398 2282 2451 2333 in
2482 2279 2577 2334 lib.
2604 2294 2686 2343 ιιι,
2717 2292 2838 2346 cap.
2871 2276 2935 2329 ὃς
2971 2274 3097 2328 illis
3123 2274 3199 2327 ita
3228 2272 3414 2342 gestis,
3443 2271 3756 2340 contigitut

2173 2371 2504 2428 venerabilis
2549 2370 2739 2433 Abbo,
2782 2378 2940 2438 pater
2985 2365 3299 2421 monasterii
3349 2363 3526 2418 sancti
3583 2361 3755 2416 Bene-

2174 2466 2329 2527 dicti,
2361 2463 2722 2518 Floriacensis
2745 2458 3130 2530 cognominati,
3156 2455 3328 2526 gratia
3351 2452 3755 2525 propugnanda:

2177 2557 2454 2630 religionis
2483 2553 2798 2609 monasticm
2828 2552 2881 2605 iu
2919 2549 3260 2619 provinciam
3291 2547 3552 2607 transiret
3588 2542 3752 2599 meri-

2176 2649 2461 2702 dianorum
2508 2643 2861 2698 Wasconum.
2910 2640 3152 2709 Cumque
3203 2637 3329 2691 illuc
3376 2636 3674 2689 davenieus
3700 2632 3749 2685 in

2176 2734 2409 2807 quodam
2451 2742 2754 2791 moraretur
2780 2730 3031 2786 emnobio
3054 2768 3070 2795 ,
3115 2728 3294 2796 ibique
3321 2740 3472 2779 more
3501 2723 3667 2778 solito
3694 2736 3752 2776 ea

2178 2844 2295 2897 qua:
2324 2827 2417 2881 Dei
2449 2832 2575 2879 sunt
2603 2822 2789 2878 sedulo
2829 2827 3126 2883 exerceret,
3177 2817 3346 2871 nimio
3369 2830 3400 2868 a
3431 2813 3646 2868 cunctis
3671 2825 3757 2864 ve-

2180 2918 2472 2972 nerabatur
2509 2913 2725 2969 affectu.
2759 2910 2972 2965 Accidit
3007 2909 3170 2978 igitur
3203 2906 3289 2961 die
3315 2904 3583 2975 quadam,
3620 2913 3678 2956 ut
3703 2901 3755 2954 in

499 3034 605 3087 (luo
631 3021 796 3074 sciret
822 3023 1097 3077 Abbcnem
1126 2990 1342 3095 indigna
1378 3026 1686 3095 pertulisse,
1730 2990 1839 3080 imo
1862 2990 1935 3080 ab
1958 2990 2073 3094 eius
2104 2994 2146 3053 C
2182 3006 2321 3061 εἶτίο
2347 3004 2587 3072 θίιιεάϐιιι
2614 2999 2870 3063 «mallii,
2896 2994 3373 3052 exardescentibus
3400 2990 3754 3061 quorumdam

500 3110 823 3165 satellitibus
849 3115 1202 3169 contumelias
1224 3126 1278 3170 et
1306 3116 1553 3184 injurias.

578 3201 658 3253 l0.
701 3200 805 3254 Sed
834 3216 952 3270 qum
980 3202 1219 3283 qualisve
1257 3204 1420 3258 fuerit
1447 3206 1547 3257 ista
1594 3203 1887 3271 subiectio,
1915 3220 2076 3274 quam

502 3290 761 3345 Arnulfns
810 3307 841 3346 a
882 3292 1316 3349 Floriacensibus
1356 3296 1632 3365 exigebat,
1685 3297 2077 3367 dispiciendum

502 3388 606 3433 est.
665 3379 946 3449 Duplicem
1000 3383 1450 3437 monasteriorum
1498 3385 1756 3438 adversus
1801 3386 2081 3452 cpiscopus

504 3468 895 3538 sabjectionem
926 3472 994 3526 ab
1026 3472 1296 3542 episcopis
1324 3474 1462 3543 exigi
1506 3473 1633 3527 olim
1683 3474 1894 3528 solitam
1929 3476 2084 3529 inve-

507 3564 597 3616 nio
623 3581 635 3615 :
664 3579 850 3626 unam,
873 3579 977 3633 qua
1004 3563 1171 3618 abbas
1194 3579 1384 3619 recens
1405 3566 1683 3626 ordinatus
1704 3566 1955 3635 episcopo
1984 3582 2081 3619 suo

507 3650 799 3704 solenmem
829 3652 881 3704 in
915 3651 1076 3706 rebus
1109 3652 1438 3721 spiritalibus
1479 3650 1863 3720 subjectioitem
1916 3655 2079 3724 proli-

509 3742 759 3808 tebatur;
811 3742 1059 3808 alteram,
1105 3759 1210 3814 qua
1249 3746 1574 3799 monasteria
1608 3745 1658 3799 in
1693 3747 1851 3801 rebus
1882 3756 2083 3818 tempo-

508 3831 713 3887 ralibus
762 3848 867 3887 non
914 3834 1095 3904 regiae,
1134 3834 1227 3889 sed
1259 3834 1495 3904 episcopi
1526 3835 1819 3890 dioecesani
1853 3839 2085 3891 auctori-

507 3923 604 3977 tati
629 3933 683 3978 et
711 3925 902 3978 ditioni
946 3926 1179 3981 obnoxia
1217 3935 1395 3982 erant.
1444 3928 1518 3982 De
1546 3929 1644 3982 hac
1675 3926 1875 3996 duplici
1906 3925 2085 3993 subje-

509 4019 688 4074 ctione
733 4022 911 4089 aptior
952 4020 1102 4076 visus
1144 4032 1228 4077 est
1268 4022 1569 4077 disserendi
1620 4022 1772 4077 locus
1811 4022 1863 4075 in
1895 4021 2088 4092 prazfa-

511 4106 654 4161 tione
678 4108 744 4162 ad
771 4110 915 4164 hunc
941 4120 1168 4176 tomum,
1197 4111 1290 4167 ubi
1314 4113 1419 4167 hoe
1440 4112 1683 4168 Abbonis
1711 4127 1833 4167 cum
1858 4110 2103 4165 Arnulfo'

511 4198 783 4264 negotium
812 4200 1186 4268 expendimus.

530 4310 531 4313 η
583 4286 670 4339 ll.
712 4284 818 4340 Sed
859 4287 1005 4342 aliud
1040 4306 1145 4343 non
1177 4290 1401 4345 minoris
1431 4291 1643 4346 invidia:
1674 4290 1944 4361 negotium
1973 4290 2085 4344 Ab-

513 4373 709 4428 bonem
756 4376 1083 4442 sollicitavit,
1116 4394 1306 4448 nempe
1341 4380 1707 4434 controversia
1745 4381 1811 4433 de
1839 4379 2083 4440 decimis,

512 4463 713 4532 agitata
760 4464 812 4517 in
855 4467 1056 4536 synodo
1106 4467 1426 4539 Dionysiana
1472 4483 1637 4539 pr0pe
1678 4467 1936 4522 Parisios.
1981 4465 2087 4520 llas

514 4553 751 4623 episc0pi
787 4569 890 4608 non
923 4555 1096 4610 solum
1126 4558 1299 4621 luteis,
1342 4558 1436 4612 sed
1474 4559 1638 4610 etiam
1675 4557 1951 4610 monachis
1988 4571 2084 4608 au-

515 4642 657 4697 ferre
704 4645 973 4699 volebant.
1024 4646 1240 4701 Restitit
1282 4661 1379 4717 pro
1422 4647 1704 4700 monachis
1751 4644 1938 4710 Abbo;
1994 4646 2088 4698 scd

515 4732 638 4786 laici
675 4733 726 4787 in
763 4734 1045 4805 episcopos
1076 4738 1275 4805 impetu
1315 4736 1478 4797 facto,
1525 4735 1611 4788 vix
1644 4749 1708 4788 ac
1751 4750 1817 4788 ne
1846 4735 1935 4787 vix
1967 4735 2087 4802 qui-

517 4826 634 4879 dem
662 4826 730 4880 ab
752 4842 937 4881 eorum
971 4828 1321 4897 percussione
1361 4835 1749 4894 temperarunt.
1798 4825 1925 4893 Ejus
1966 4825 2090 4879 facti

517 4915 718 4970 invidia
766 4916 941 4971 refusa
973 4926 1054 4970 est
1087 4917 1139 4969 in
1172 4917 1449 4971 Abbonem
1483 4932 1577 4986 per
1607 4917 1891 4970 Arnulfum
1932 4918 2096 4970 Aure-

517 5004 814 5061 lianensem
846 5008 944 5075 ipsi
982 5006 1235 5060 infestum
1265 5022 1279 5069 ;
1331 5007 1402 5059 ub
1428 5006 1580 5061 Abbo
1603 5007 1719 5076 ipse
1746 5004 2095 5075 Apologetico

521 5108 583 5150 se
623 5110 854 5161 purgare
901 5106 1119 5150 coactus
1154 5094 1317 5150 fuerit
1356 5098 1495 5165 apud
1541 5113 1695 5168 rcges
1739 5097 2012 5168 llugonem
2040 5105 2095 5151 et

527 5182 876 5247 liotbertum,
921 5200 1148 5253 quorum
1209 5186 1537 5255 principatu,
1590 5188 1640 5241 id
1672 5197 1759 5240 est
1812 5198 1936 5241 ante
1996 5201 2093 5240 an-

527 5288 655 5325 num
702 5273 827 5335 998,
861 5275 973 5328 haec
1018 5274 1254 5343 synodus
1297 5276 1477 5330 habita
1521 5286 1623 5342 est,
1666 5286 1723 5330 ιιι
1751 5275 1870 5330 fuse
1897 5276 2095 5331 descri-

2181 3097 2538 3166 litigiosorum
2578 3093 2782 3146 irarum
2824 3088 3078 3152 stimulis,
3112 3087 3338 3140 nimium
3368 3099 3498 3137 acer
3522 3082 3756 3137 oriretur

2180 3186 2465 3247 tumultus;
2492 3184 2726 3251 dumque
2745 3179 2826 3232 vir
2858 3173 3655 3243 revereatissimus,fprmdictus
3679 3171 3750 3222 vi-

2182 3275 2375 3331 delicet
2404 3274 2573 3335 Abho,
2606 3269 2966 3338 comperiens,
2994 3267 3061 3320 ad
3084 3265 3329 3319 euttnlem
3359 3261 3649 3316 tumultum
3673 3276 3753 3313 se-

2182 3367 2417 3419 dandum
2446 3362 2733 3433 pugillares
2758 3373 2952 3430 gerens
2982 3359 3034 3411 in
3085 3355 3336 3408 manibus
3371 3351 3599 3407 tabellas
3638 3363 3753 3404 cum

2182 3456 2323 3526 stylo
2376 3453 2764 3523 processisset;
2824 3463 2960 3503 unus
3004 3460 3034 3501 e
3084 3445 3264 3512 vulgo,
3316 3442 3528 3495 amatus
3567 3439 3755 3509 spiritu

2184 3547 2466 3608 tliaboltco,
2497 3544 2710 3596 irruens
2744 3541 2797 3593 in
2826 3554 2948 3592 eum
2969 3572 2989 3604 ,η
3013 3535 3234 3605 ejusque
3257 3534 3398 3587 latus
3423 3532 3611 3583 lancea
3641 3541 3757 3598 pcr-

2184 3637 2385 3696 forans,
2435 3634 2637 3688 Christi
2687 3639 2982 3700 martyrem
3032 3626 3181 3692 fecit,
3219 3626 3310 3694 qui
3349 3623 3536 3685 etiam,
3565 3630 3628 3672 ut
3654 3617 3757 3671 fer-

2186 3742 2295 3797 tttr,
2346 3728 2503 3799 paulo
2553 3736 2683 3797 post
2723 3733 2974 3793 arreptus
3008 3736 3036 3774 a
3076 3720 3339 3780 dzezuaae,
3377 3712 3756 3768 miserabiliter

2184 3822 2348 3876 vitam
2382 3819 2575 3873 finivit.
2606 3817 2811 3885 Corpus
2854 3827 2980 3867 vero
3025 3809 3263 3881 prwdicti
3297 3806 3465 3876 patris
3487 3843 3502 3863 .
3533 3811 3642 3857 tam
3678 3800 3756 3853 sui

2185 3925 2348 3979 quam
2389 3907 2577 3963 cancri
2607 3907 2809 3975 quique
2854 3902 3040 3957 fideles
3075 3898 3313 3968 ejusdem
3343 3896 3636 3965 provinciae
3669 3894 3755 3946 ho-

2187 4005 2408 4059 norilice
2450 4002 2522 4056 ibi
2564 3999 2920 4070 sepelierunt;
2973 3997 3062 4051 ubi
3110 3995 3272 4048 etiam
3317 3992 3385 4046 ad
3432 3990 3644 4043 laudem
3678 3986 3753 4040 sui

2186 4095 2421 4149 nominis
2454 4092 2703 4163 perplura
2750 4089 3094 4160 postmodum
3125 4086 3384 4140 Dominus
3407 4083 3635 4152 largitus
3680 4087 3755 4132 est

2190 4184 2499 4239 hominibus
2538 4180 2821 4236 beneficia.
2844 4196 2864 4231 ι
2900 4178 2966 4232 Ει
2995 4178 3048 4230 in
3081 4174 3348 4230 Chronico
3388 4166 3752 4239 Andegaveusi

2190 4277 2327 4345 apud
2376 4274 2670 4334 La‘ebeum,
2718 4271 2769 4325 in
2803 4268 2999 4325 tomol
3044 4265 3411 4327 Bibliotheca),
3466 4278 3590 4331 pag.
3617 4258 3752 4314 9.86:

2197 4370 2402 4422 «Anno
2463 4366 2601 4420 1004
2655 4366 2887 4419 donmus
2934 4363 3087 4417 Abbo
3130 4358 3514 4428 martyrizatus
3567 4365 3651 4409 est
3705 4354 3753 4404 in

2191 4457 2502 4525 Aquitania,
2549 4457 2601 4509 in
2640 4452 2972 4508 monasterio
3002 4450 3069 4504 ad
3103 4448 3387 4517 Regulam,
3429 4458 3598 4515 prope
3633 4444 3756 4497 Las-

2194 4549 2479 4619 sinogilum
2539 4547 2796 4617 palatium
2849 4542 3116 4612 quondam
3168 4540 3393 4608 regium,
3442 4535 3536 4606 qui
3586 4533 3754 4603 cyclos

2195 4654 2285 4692 XIX
2319 4638 2583 4707 scripsit:
2627 4656 2645 4688 ι
2690 4634 2944 4690 Odolrico
2989 4631 3168 4685 abbati
3218 4630 3270 4682 in
3307 4625 3538 4682 concilio
3571 4623 3755 4678 Lemo-

2196 4729 2398 4782 viceusi
2422 4728 2533 4795 jam
2569 4727 2806 4788 laudato,
2850 4742 2868 4774 ι
2902 4724 3160 4792 martyrio
3189 4726 3477 4774 coronatus
3505 4735 3525 4768 ›
3559 4716 3615 4770 ἱιι
3635 4712 3756 4768 Wa-

2199 4821 2382 4877 sconia
2423 4820 2643 4881 dicitur,
2695 4830 2889 4884 nempe
2934 4815 2987 4868 in
3038 4827 3173 4882 pago
3216 4807 3623 4880 Burdegalensi,
3672 4802 3754 4872 qui

2201 4924 2327 4968 tunc
2354 4913 2420 4967 ad
2449 4912 2702 4965 ducatum
2748 4906 3053 4961 Was-conia:
3096 4902 3421 4974 pertinebat.
3467 4898 3753 4954 Ademarus

2200 5006 2253 5059 in
2294 5003 2603 5057 Chronico:
2639 5019 2658 5050 ι
2688 4999 2839 5052 Abbo
2888 4996 3108 5050 veniens
3153 4994 3219 5047 ad
3270 4999 3515 5046 sanctum
3545 4987 3752 5042 Petrum

2200 5092 2582 5163 Regulatensis
2610 5088 2872 5153 ecclesiae,
2902 5101 3022 5155 quae
3051 5095 3132 5139 est
3160 5082 3428 5153 possessio
3464 5078 3634 5134 sancti
3662 5076 3753 5129 lic—

2201 5183 2401 5238 nedicti
2452 5181 2783 5234 Francorum
2836 5174 3092 5237 cmnobii,
3153 5174 3224 5226 ibi
3278 5169 3505 5224 tumultu
3564 5168 3777 5221 Vasco"

2203 5274 2326 5328 nico
2367 5270 2581 5324 occisus
2615 5277 2718 5331 est,
2769 5266 2950 5333 ibique
2996 5262 3237 5331 sepultus
3282 5257 3562 5314 miraculis
3599 5255 3759 5310 clare-
