3948 5350
211 331 298 387 385

211 448 298 502 mis
323 445 575 508 «radens,
621 448 678 498 et
716 456 935 497 omnem
975 437 1116 491 illius
1158 431 1555 504 possessionem
1590 428 1768 495 Begu-
1799 437 1842 492 Α

212 540 470 600 latensem,
503 553 621 606 qua:
651 544 778 587 ante
807 534 856 584 in
905 531 1002 583 lite
1047 525 1416 580 invadentium
1459 530 1600 583 erat,
1651 519 1768 572 sine

214 630 288 682 lite
309 629 502 681 dehinc
532 624 811 679 monachis
836 621 1060 674 Francis
1091 616 1264 671 sancti
1299 611 1572 666 Benedicti
1605 625 1768 678 para-

212 722 276 774 vit
299 719 693 772 vindicandam.
719 734 742 765 τ
793 714 848 766 In
886 708 1207 777 Necrologio
1245 704 1624 759 Silviniacensi
1676 707 1769 753 ito-

214 819 334 862 tatur
361 826 379 859 ι
415 809 552 861 ldib.
596 805 861 860 Novemb.
893 801 1158 872 depositio
1197 797 1380 852 domui
1427 793 1636 848 Abboni
1671 791 1769 844 ab-

211 897 348 950 batis.
387 915 405 947 ι

269 988 347 1042 l5.
388 985 584 1040 Exstat
619 984 672 1038 in
702 992 848 1038 lomo
881 981 1054 1052 primo
1095 975 1564 1032 Miscellaneorum
1611 969 1770 1022 Balti-

212 1077 470 1130 zianorum
521 1075 801 1144 encyclica
850 1070 1075 1141 epistola
1123 1066 1512 1122 monachorum
1568 1059 1775 1113 Floria-

211 1166 428 1219 censium
459 1164 527 1217 de
558 1165 706 1218 caule
735 1160 972 1229 ejusdem
996 1156 1259 1219 Abbonis,
1289 1168 1451 1224 quam
1492 1149 1773 1220 epistolam

212 1258 300 1309 huc
326 1254 693 1308 transcribere
725 1269 830 1306 non
867 1249 1088 1320 pigebit.

275 1345 578 1400 cliniversis
605 1344 892 1397 abbatibus
910 1338 1219 1406 Christique
1243 1333 1508 1395 fidelibus,
1543 1344 1763 1400 quoquo

215 1437 434 1489 locorum
469 1433 862 1496 habitantibus,
894 1428 1260 1484 Floriacensis
1287 1423 1527 1479 conciola
1569 1421 1777 1486 dejecta

213 1535 257 1577 et
278 1533 429 1592 patre
457 1525 699 1578 viduata.
735 1523 885 1576 Fletu
915 1535 1052 1590 pene
1078 1517 1368 1585 absorptis,
1417 1511 1601 1568 dolore
1650 1527 1779 1564 con-

215 1615 357 1676 tritis,
414 1629 634 1666 manum
686 1611 949 1681 porrigite
1007 1607 1265 1677 spiritalis
1321 1604 1539 1665 auxilii,
1595 1610 1779 1670 patres

214 1704 546 1768 sanctissimi,
580 1719 678 1772 per
712 1702 963 1756 affectum
1009 1699 1262 1754 fraternae
1289 1695 1596 1751 charitatis.
1635 1693 1779 1746 Panc

217 1797 449 1850 maeroris
498 1808 736 1865 polthth
790 1793 1168 1847 amaritmlinis
1208 1789 1393 1851 cibati,
1429 1785 1626 1841 vestris
1654 1799 1777 1838 ora-

223 1889 442 1944 tionibus
480 1905 789 1942 mereamur
820 1887 1076 1948 recreari,
1123 1898 1351 1952 quorum
1389 1879 1612 1950 cythara
1645 1875 1780 1929 1ιὲιί-

233 1981 308 2033 tia:
335 1995 484 2034 versa
513 1989 596 2033 est
627 1980 678 2032 in
707 1979 908 2031 luctum
938 1977 1228 2038 mmstitim,
1257 1987 1482 2042 quorum
1520 1982 1781 2038 organum

222 2068 448 2123 luctuose
476 2078 632 2122 sonat
661 2068 953 2120 [amentum
979 2106 994 2130 ,
1023 2077 1075 2118 et
1099 2063 1404 2132 jocunditas
1430 2074 1614 2113 vocem
1664 2067 1782 2110 tan-

225 2161 482 2214 tummodo
512 2158 775 2213 ﬂentium.
818 2157 1072 2231 l’ervenit
1113 2154 1322 2224 gladius
1367 2149 1568 2204 doloris
1613 2161 1784 2215 usque

224 2251 290 2304 ad
318 2251 562 2314 animum,
604 2251 732 2302 dum
767 2247 1110 2318 deploramus
1145 2260 1244 2312 pro
1272 2251 1473 2296 sancta:
1512 2239 1784 2308 religionis

231 2340 660 2408 studio,domnum
691 2347 744 2392 et
765 2338 1012 2391 abbatem
1041 2333 1574 2388 nostrumAbbonem
1599 2343 1788 2382 exces-

229 2433 349 2484 sisse
369 2446 396 2482 a
420 2430 636 2493 smculo,
661 2436 978 2481 coronatum
1013 2423 1295 2494 martyrio,
1331 2422 1420 2489 qui
1452 2419 1783 2473 Wasconum

237 2519 406 2588 gladiis
434 2519 558 2572 felix
589 2515 889 2587 promeruit
919 2513 1148 2567 feliciter
1177 2513 1456 2566 beatorum
1490 2516 1786 2576 martyrum

235 2608 388 2660 socius
404 2607 532 2660 ﬁeri.
546 2605 714 2673 Cujus
729 2603 920 2658 animae
935 2601 1180 2670 contagia
1197 2607 1375 2653 vestra
1395 2597 1568 2651 oratio
1580 2596 1785 2650 abster-

238 2703 423 2768 gat,qui
441 2699 597 2752 vestri
616 2705 846 2759 amator,
863 2695 1207 2763 omniumque
1221 2690 1419 2746 Christi
1438 2687 1788 2743 servientium

239 2801 376 2842 Verus
387 2804 592 2858 semper
608 2788 818 2842 exstitit
837 2785 1081 2839 dilector.
1098 2782 1265 2836 Nobis
1287 2795 1516 2850 quoque.
1535 2794 1668 2847 quos
1697 2793 1790 2831 or-

242 2882 422 2949 phanos
461 2883 702 2952 reliquit,
748 2879 1006 2935 fraternis
1046 2876 1343 2932 succurrite
1373 2875 1511 2927 votis
1539 2882 1594 2927 et
1625 2872 1790 2925 Deum

244 2973 631 3040 omnipotentem
660 2973 872 3042 placate
892 2969 1196 3024 orationum
1226 2966 1441 3030 hostiis,
1461 2973 1519 3017 ut
1541 2965 1792 3034 dignetur

245 3077 322 3118 sua
345 3068 504 3134 gratia
533 3081 752 3136 gregem
781 3064 1146 3132 decapitatum
1173 3073 1227 3115 ct
1251 3061 1338 3129 pio
1362 3071 1517 3128 patre
1540 3057 1787 3110 orbatura

246 3158 500 3212 consolari.
527 3135 676 3213 Obiit
701 3156 886 3212 Idibus
908 3152 1250 3218 Novembris,
1280 3151 1368 3205 die
1398 3149 1594 3204 natalis
1617 3147 1790 3201 sancti
1821 3135 1864 3196 C

244 3243 385 3301 Brici.
397 3265 414 3298 ι

309 3336 386 3390 Η.
424 3342 632 3391 Annum
681 3336 799 3407 ejus
841 3336 1032 3389 mortis
1068 3335 1244 3405 signat
1273 3348 1338 3387 ex
1371 3330 1656 3403 Sigeberto
1688 3329 1795 3383 Ba-

247 3427 411 3482 ronius
452 3431 657 3481 tertium
698 3436 818 3496 po'st
862 3428 1236 3490 millesimum,
1283 3440 1406 3478 cum
1447 3423 1682 3476 libellum
1727 3422 1794 3476 de

241 3514 459 3571 Abbonis
492 3519 600 3572 vita
650 3533 746 3586 per
777 3517 1084 3571 Aimoiuum
1131 3515 1365 3569 nondum
1399 3515 1642 3567 vidisset.
1688 3511 1792 3566 Sed

241 3613 409 3671 postea
429 3607 563 3662 edito
587 3623 682 3677 per
703 3606 970 3662 Joannem
996 3622 1023 3658 a
1045 3605 1216 3660 Boseo
1239 3605 1340 3659 isto
1368 3604 1572 3668 libello,
1606 3603 1658 3656 in
1690 3618 1794 3670 quo

238 3692 608 3752 lncarnatienis
664 3713 838 3752 annus
883 3705 1100 3767 quartus
1148 3704 1204 3750 et
1269 3695 1491 3749 indietio
1554 3692 1795 3747 secunda

243 3783 432 3840 diserte
471 3789 867 3857 exprimuntur,
911 3788 984 3841 ita
1022 3800 1134 3840 rem
1165 3801 1488 3855 componere
1520 3785 1619 3837 sibi
1650 3785 1796 3836 visus

245 3880 338 3924 est
362 3881 413 3926 ut
452 3876 650 3930 diceret
689 3892 892 3930 annum
940 3877 1009 3930 ab
1054 3875 1430 3930 lncarnatione
1484 3887 1796 3927 numerasse

250 3961 529 4018 Aimoinum
579 3975 634 4020 et
678 3966 1028 4031 indieticnem
1080 3967 1371 4019 secundum
1403 3979 1433 4017 a
1464 3962 1794 4032 Septembri,

266 4066 382 4103 cum
394 4051 679 4123 Sigebertus
703 4073 901 4109 annmn
927 4072 954 4110 a
975 4056 1285 4118 Nativitate,
1303 4070 1422 4124 qua:
1447 4068 1636 4107 novem
1659 4069 1798 4106 nien-

279 4140 412 4197 sibus
433 4145 792 4202 lncarnatione
821 4150 1086 4218 posterior
1128 4158 1239 4214 est,
1293 4155 1677 4217 computasset.
1731 4145 1800 4198 At

281 4244 402 4297 pace
427 4238 538 4290 tanti
563 4239 663 4293 viri
694 4240 945 4302 dixerim,
983 4240 1232 4294 Aimoino
1262 4254 1432 4291 annos
1470 4236 1801 4292 lncarnatio-

273 4322 358 4375 nis
380 4340 462 4378 non
485 4329 605 4385 alios
627 4346 746 4385 esse
773 4347 934 4401 quam
959 4331 1201 4401 vulgatos
1228 4347 1258 4384 a
1284 4329 1597 4394 Nativitate;
1630 4327 1800 4382 corri-

275 4416 575 4489 gendumque
607 4423 869 4477 calculum
909 4422 1195 4492 Sigeberti,
1223 4424 1330 4476 imo
1360 4423 1476 4492 ejus
1508 4421 1800 4488 interpola-

277 4504 403 4558 toris
428 4507 548 4575 (nam
591 4514 727 4581 apud
769 4513 1008 4566 Mirmum
1054 4514 1155 4568 alio
1195 4515 1514 4568 charactere
1543 4527 1798 4581 expressa

277 4604 386 4656 est.
407 4597 613 4657 Abbouis
635 4603 835 4674 czedes)
867 4604 956 4672 qui
983 4619 1177 4658 annum
1225 4605 1441 4658 tertium
1485 4618 1581 4672 pro
1609 4611 1802 4670 quarto

280 4691 464 4756 posuit.
1557 4682 1568 4691 ’

357 4779 436 4832 15.
469 4782 637 4839 Mirum
664 4795 744 4840 est
766 4802 926 4855 quam
954 4788 1057 4840 cito
1082 4788 1319 4844 Abbonis
1346 4788 1520 4843 cultus
1545 4797 1795 4856 receptus

280 4868 354 4920 sit
393 4870 438 4922 in
469 4876 606 4930 rebus
642 4879 832 4939 sacris,
883 4879 1012 4929 adeo
1040 4888 1096 4930 ut
1128 4890 1366 4950 tempore
1403 4878 1804 4933 Lemovicensis

284 4959 506 5022 concilii,
534 4964 678 5018 idest
720 4980 857 5017 anno
902 4965 1019 5018 l05l
1044 5007 1057 5030 ,
1087 4966 1201 5033 ejus
1237 4989 1252 5018 ι
1285 4969 1600 5038 martyrium
1639 4969 1802 5022 etiam

287 5043 341 5095 in
407 5047 614 5113 pluribus
655 5054 891 5107 ecclesiis
942 5070 1084 5109 more
1137 5070 1452 5114 sanctorum
1507 5069 1801 5128 martyrum

1808 1793 1853 1850 B

879 318 1238 378 PBOGSMIA.
1279 344 1350 355 —-
1387 313 1549 369 "TA
1589 314 1646 368 S.
1686 312 1789 367 ΑΒ]

1894 310 2070 366 ilS.-—
2106 311 2398 367 OBSERY.
2435 310 2591 366 Pll/E
2604 310 2757 366 \'|.~E.

1831 4483 1877 4540 D

3345 313 3450 370 586

1874 424 2079 488 censis;
2116 443 2132 474 ι
2165 435 2217 478 et
2248 425 2298 478 in
2326 424 2431 477 alio
2461 440 2474 476 :
2512 443 2529 474 ι
2558 423 2634 475 ld.
2663 422 2904 476 Abbonis
2936 421 3146 475 abbatis
3172 430 3226 474 et
3251 435 3452 495 marty-

1875 513 1949 567 ris
1977 529 2026 566 Iv
2059 514 2370 565 lectionum.
2404 533 2421 565 ι
2457 512 2728 565 llactenus
2755 513 2870 580 ejus
2905 513 3138 564 ollieium
3176 514 3352 581 agitur
3394 517 3448 567 in

1874 608 2120 662 ccenobio
2146 606 2474 661 Floriacensi
2507 615 2561 660 et
2585 606 2637 659 in
2665 605 2972 674 Begulensi,
3003 605 3090 657 ubi
3117 606 3234 675 ejus
3257 622 3454 676 corpus

1872 708 2207 750 asscrvalur.

1943 787 2028 839 16.
2072 787 2224 852 Quod
2257 786 2451 839 attinet
2476 787 2541 838 ad
2573 785 2788 855 Regula!
2814 785 2887 858 [la
2921 787 3096 858 [Mole]
3127 792 3450 857 prioratutt),

1874 887 2152 930 auctorem
2179 876 2341 930 habet
2370 876 3213 947 Gumbaldnm,Bnrdegalensmn
3241 880 3456 948 episco-

1875 982 2002 1036 pum
2029 978 2083 1020 et
2112 967 2442 1021 Willelmum
2493 967 2675 1020 Sancii
2726 969 2915 1022 duceni
2972 969 3298 1024 Wasccnum
3337 970 3459 1042 ejus

1877 1059 2129 1124 fratrem;
2161 1076 2392 1129 quorum
2437 1061 2535 1112 hac.
2562 1061 2626 1112 de
2650 1075 2708 1114 re
2737 1060 3150 1115 instrumentum
3183 1063 3320 1132 typis
3345 1063 3459 1118 edi-

1880 1160 1989 1205 tum
2029 1161 2112 1204 est
2143 1152 2196 1205 in
2241 1163 2386 1206 tomo
2437 1152 2476 1205 ll
2528 1151 2876 1206 Bibliotheca:
2933 1169 3084 1207 nova:
3131 1153 3456 1221 Lahbeanm,

1876 1256 2001 1310 pag.
2034 1241 2159 1294 545.
2212 1243 2386 1296 Situm
2427 1243 2625 1296 dicitur
2660 1262 2678 1293 ι
2708 1242 2756 1294 in
2787 1243 3031 1310 partibus
3061 1244 3360 1308 Vasconize,
3405 1250 3455 1300 in

1877 1349 2015 1402 pago
2057 1333 2388 1397 Aliardensi,
2433 1350 2596 1403 supra
2646 1335 2819 1402 ripam
2861 1334 3128 1389 Garonna:
3157 1336 3454 1401 fluminis,»

1879 1441 2070 1494 nempe
2102 1427 2286 1479 decem
2325 1426 2492 1478 letteis
2533 1441 2692 1493 supra
2741 1424 3116 1496 Burdcgalam.
3150 1426 3340 1480 Datum
3379 1436 3464 1480 est

1881 1517 2295 1570 instrumentum
2348 1535 2365 1566 ι
2407 1532 2548 1569 anno
2578 1516 2708 1578 977,
2763 1516 2949 1570 indict.
2998 1531 3088 1576 v,»
3142 1517 3192 1568 in
3233 1517 3461 1585 gratiam

1881 1606 2136 1661 Ilichardi
2169 1609 2382 1662 abbatis
2427 1609 2741 1661 monasterii
2792 1608 3176 1671 Floriacensis,
3224 1609 3310 1662 eui
3362 1610 3463 1667 iste

1881 1696 2029 1750 locus
2045 1697 2155 1765 jam
2181 1696 2303 1750 inde
2325 1697 2572 1749 addictus
2592 1707 2700 1748 est)
2724 1697 3230 1764 ,antiqnitusdictus
3250 1700 3461 1765 Squirs,

1883 1791 2157 1844 modernis
2208 1791 2542 1857 temporibus
2593 1790 2861 1859 Regula.)
2921 1790 3056 1843 lluic
3097 1800 3298 1844 cuartze
3323 1793 3462 1860 apud

1881 1882 2160 1936 Labbeum
2194 1880 2452 1951 subjecta:
2477 1891 2601 1934 sunt
2637 1899 2655 1930 ‹
2680 1881 3100 1935 consuetudines
3128 1882 3373 1934 ecclesia:
3399 1882 3466 1934 de

1882 1972 2164 2041 Regula,»
2210 1988 2344 2042 quas
2390 1973 2533 2027 inter
2578 1981 2836 2027 statutum
2877 1983 2960 2026 est
3007 1980 3064 2025 ut
3094 1989 3112 2022 ε
3155 1989 3314 2026 nemo
3344 1973 3462 2026 cul-

1885 2066 2097 2127 tellum,
2148 2081 2360 2124 ensem,
2402 2065 2670 2129 lanceam,
2704 2065 2990 2134 spiculum,
3019 2070 3272 2128 securim,
3309 2067 3465 2120 beso-

1883 2155 2028 2224 gium
2049 2195 2063 2218 ,
2095 2170 2268 2223 neque
2308 2154 2541 2224 gladium
2573 2156 2625 2207 in
2663 2155 3011 2208 contentione
3044 2155 3275 2207 trahat.»
3311 2153 3464 2220 Quod

1885 2255 2146 2300 statutum
2197 2246 2410 2300 videtur
2450 2247 2739 2301 occasione
2766 2247 2930 2300 caedis
2957 2246 3199 2300 Abbonis
3223 2247 3312 2314 qui
3348 2247 3466 2298 lan-

1886 2353 1981 2393 cea
2011 2336 2293 2392 confossus
2324 2338 2374 2390 in
2403 2340 2748 2392 contentione
2777 2347 2879 2392 est.
2909 2337 3166 2392 Subsistit
3196 2340 3470 2407 prioratus

1889 2427 2130 2496 Regulm,
2162 2430 2324 2482 etiam
2352 2445 2493 2483 nunc
2517 2429 2890 2484 conventualis
2917 2429 3017 2482 sub
3044 2429 3468 2498 congregatione

1889 2523 2060 2576 sancti
2099 2522 2288 2575 Mauri.

1964 2613 2046 2665 l7.
2089 2612 2273 2665 Restat
2314 2613 2500 2680 paucis
2545 2612 2811 2682 agendum
2848 2613 2912 2666 de
2940 2611 3181 2666 Abbonis
3229 2613 3469 2681 scriptis,

1890 2717 2008 2769 qua:
2053 2717 2301 2771 magnam
2349 2709 2556 2769 partem
2608 2702 2952 2754 exciderunt.
2995 2700 3156 2754 Varia
3188 2710 3474 2757 enumerat

1892 2792 2176 2846 Aimoinns
2208 2793 2258 2844 in
2289 2793 2536 2860 sequenti
2569 2791 2771 2854 libello,
2809 2807 3003 2860 nempe
3033 2793 3098 2844 de
3125 2791 3472 2861 syllogismis,

1891 2883 1957 2937 de
1987 2893 2260 2950 compote,
2286 2881 2352 2935 de
2389 2882 2538 2946 solis,
2578 2881 2714 2936 luna:
2736 2897 2798 2934 ac
2830 2881 3165 2950 planetarum
3197 2898 3382 2946 cursu,
3421 2882 3472 2934 in
3519 2939 3522 2944 ,

1893 2989 2009 3043 cap.
2043 2974 2095 3037 '5,
2125 2974 2513 3027 collectaneum
2545 2990 2608 3027 ex
2634 2973 2904 3038 Pati-ibus,
2937 2975 3076 3042 quod
3109 2983 3346 3042 tempore
3377 2990 3475 3028 suo
3518 2947 3529 3052 ξ

1894 3064 2125 3118 Floriaci
2172 3065 2396 3134 reperiri
2451 3081 2556 3120 non
2607 3065 2871 3135 potuisse,
2926 3074 3110 3135 utpote
3160 3066 3228 3119 ab
3269 3069 3475 3121 exteris

1897 3153 2234 3223 subreptum,
2285 3154 2360 3206 ait
2403 3154 2687 3207 Ainioinus
2737 3154 2791 3207 in
2841 3168 2959 3222 cap.
2989 3155 3039 3206 7.
3090 3155 3153 3207 Et
3197 3155 3299 3209 hoc
3345 3167 3475 3224 puto

1896 3259 2018 3298 esse
2070 3243 2458 3298 collectaneum
2504 3261 2798 3308 canonum,
2845 3246 2984 3313 quod
3030 3261 3092 3298 ex
3132 3246 3316 3300 codice
3368 3262 3473 3299 ms.

1895 3337 2072 3389 sancti
2111 3333 2374 3388 Martialis
2400 3336 2539 3403 apud
2566 3335 2879 3388 Lemovieas
2901 3351 2929 3388 a
2970 3336 3126 3388 nobis
3153 3335 3354 3388 editum
3389 3346 3476 3390 est

1898 3426 1949 3479 in
2007 3437 2150 3483 tonio
2202 3428 2240 3482 ll
2300 3429 2710 3482 Analectorum.
2764 3429 2843 3482 Ad
2900 3429 3014 3482 hzee
3062 3429 3469 3497 Apologeticum

1897 3520 2116 3584 scri,sit
2164 3519 2316 3574 Abbo
2365 3521 2430 3574 ad
2483 3520 2762 3590 llugonem
2811 3531 2863 3574 et
2919 3521 3269 3580 llotbertum,
3325 3520 3481 3590 cujus

1898 3610 2080 3678 operis
2121 3609 2424 3679 fragmenta
2479 3611 2644 3664 refert
2685 3611 2966 3666 Aimoinus
3015 3613 3066 3666 in
3116 3629 3236 3682 cap.
3275 3611 3309 3667 8
3343 3622 3395 3666 et
3427 3613 3481 3666 9.

1899 3699 2090 3752 Varias
2115 3699 2241 3752 item
2269 3698 2385 3767 ejus
2413 3699 2666 3768 epistolas
2688 3712 3093 3764 commemorat,
3130 3707 3319 3770 nchipe
3347 3702 3480 3755 duas

1900 3791 1965 3844 ad
2017 3790 2349 3843 Bernardum
2399 3790 2648 3842 abbatem
2690 3790 3094 3845 Bellilocensem
3133 3792 3184 3845 in
3218 3808 3338 3861 cap.
3373 3792 3480 3856 10;

1899 3896 2059 3934 unam
2092 3880 2158 3932 ad
2200 3878 2517 3945 Gregorium
2564 3878 2604 3930 V
2647 3880 2697 3931 in
2741 3896 2861 3948 cap.
2903 3881 3001 3945 l2,
3053 3882 3214 3934 aliam
3258 3884 3323 3935 ad
3360 3880 3488 3935 Odi-

1900 3972 2077 4026 Ionem
2109 3971 2360 4023 abbatem
2398 3970 2829 4033 Cluniacensem,
2862 3987 2980 4038 cap.
3017 3971 3103 4033 l5,
3143 3972 3253 4035 ubi,
3286 3982 3488 4041 prieter

1900 4061 2252 4130 acrostychos
2281 4075 2472 4113 versus
2507 4061 2573 4113 ad
2617 4060 2865 4115 Ottonem
2923 4061 3137 4113 tertium
3190 4063 3484 4131 imperato-

1901 4168 2033 4212 rem,
2085 4159 2416 4203 memoratur
2446 4148 2686 4215 ejusdem
2717 4150 2958 4202 Abbonis
2986 4165 3123 4218 opus
3157 4150 3229 4204 De
3255 4151 3487 4219 pascha-

1900 4242 2039 4296 libus
2078 4241 2263 4311 cyclis,
2306 4239 2741 4294 Floriacensihus
2773 4241 2884 4293 suis
2915 4251 3308 4308 nuncupatum,
3340 4239 3487 4308 quod

1903 4348 2030 4387 sane
2062 4332 2235 4400 ipsum
2262 4333 2399 4401 apud
2429 4331 2625 4384 Bedam
2658 4331 2934 4400 vulgatum
2965 4340 3046 4384 est
3081 4342 3209 4384 ante
3244 4330 3489 4401 Dionysii

1904 4423 2085 4492 cyclos
2112 4436 2232 4474 cum
2268 4419 2608 4490 praefatione,
2642 4421 2692 4472 in
2719 4436 2823 4488 qua
2857 4421 3185 4474 mentionem
3218 4419 3347 4474 facit
3379 4441 3396 4470 ι
3421 4421 3489 4475 de

1908 4512 2138 4566 transitu
2171 4512 2497 4564 sanctissimi
2530 4511 2697 4580 patris
2729 4511 3027 4572 Benedicti,
3060 4530 3080 4562 ι
3116 4511 3257 4580 quod
3287 4511 3492 4564 Aimoi-

1905 4616 2006 4654 nus
2047 4599 2242 4652 ibidem
2272 4610 2442 4652 notat.
2472 4600 2604 4652 Alim
2627 4600 2744 4651 dure
2775 4599 3015 4667 ejusdem
3048 4600 3348 4670 argumenti
3379 4600 3493 4666 epi-

1908 4689 2057 4744 stolte
2089 4689 2156 4741 ab
2189 4690 2420 4758 ipsomct
2447 4690 2670 4742 Ablione
2697 4689 2911 4757 script-.e
2934 4699 3152 4741 exstant
3177 4690 3226 4740 in
3261 4699 3404 4741 torno
3428 4687 3494 4740 lll

1905 4779 2306 4834 Analectorum.
2348 4779 2440 4831 llis
2475 4778 2808 4848 adjungenda
2849 4786 2933 4831 est
2977 4778 3218 4843 ejusdem
3260 4775 3488 4843 epistola

1909 4872 1974 4925 ad
2021 4869 2084 4922 L.
2138 4870 2388 4922 abbatem
2439 4869 2785 4930 Fuhlensem,
2840 4883 2869 4920 a
2913 4868 3219 4921 clarissimo
3269 4865 3496 4917 Baluzio

1916 4962 2180 5030 impressa
2216 4962 2268 5014 iu
2301 4969 2446 5014 tonio
2477 4961 2516 5013 ll
2549 4960 3041 5020 Miscellancorum,
3075 4957 3228 5023 cujus
3255 4955 3499 5023 epistolze

1922 5055 2286 5121 fragmentum
2328 5055 2555 5106 relatum
2604 5062 2688 5106 est
2732 5066 2916 5118 supra,
2964 5065 3116 5101 num.
3149 5047 3201 5098 5.
3233 5046 3504 5113 Papyrius
