3948 5350
507 340 612 395 387

1576 345 1637 401 3.
1678 346 1864 404 ABBO
1903 346 2398 406 FLORIACENSIS
2436 347 2679 406 ABBAS.
3666 356 3759 413 $88

526 504 3747 540 WW—

1924 662 2388 767 INCIPIT
2680 760 2683 763 .

1040 871 1509 1023 EPISTOLA
1563 869 1948 971 AIMOINI
2005 862 2693 1015 FLOBIACENSIS
2770 874 3218 979 MONAGHI

1394 1079 1486 1134 AD
1524 1077 1862 1134 ncnvsun
1900 1077 1959 1135 s.
2004 1041 2292 1138 manium
2333 1079 2895 1139 THESAURARIUM

1051 1236 1140 1295 De
1175 1237 1305 1296 vita
1341 1243 1397 1295 et
1432 1236 1739 1314 martyrio
1770 1236 1977 1297 sancti
2010 1235 2289 1300 Abbom‘s
2324 1235 2569 1298 abbatis
2597 1237 2895 1301 Floriaci
2926 1239 3217 1302 ‘camobit'.

579 1512 1049 1569 Reverentissimae
1080 1512 1203 1568 vita:
1238 1513 1355 1568 viro
1392 1513 1592 1570 domno
1618 1511 1841 1568 llnnvno
1876 1512 1894 1584 (
1905 1511 1952 1585 ι)
1984 1512 2093 1569 ele-
2121 1523 2169 1581 Α
2199 1529 2385 1568 caram
2420 1513 2747 1584 superﬂuum
2773 1516 2986 1573 videtur
3008 1518 3299 1589 replicare,
3327 1537 3449 1577 cum
3479 1534 3684 1580 constet
3715 1528 3758 1583 id

506 1608 645 1673 rico,
674 1605 845 1661 sancti
878 1604 1147 1676 pontiﬁcis
1187 1605 1405 1659 Martini
1438 1605 1799 1667 thesaurario,
1831 1605 2094 1659 AIMMSUS

507 1699 896 1754 monachorum
927 1697 1073 1753 beati
1098 1697 1269 1766 patris
1296 1694 1600 1759 Benedicti,
1625 1699 1787 1749 sensu
1814 1695 2091 1757 minimus.

506 1790 911 1845 indelicientem
940 1797 1158 1843 aeterna:
1182 1788 1304 1841 vitae
1342 1786 1679 1839 thesaurum.
2048 1780 2051 1781 ⁷

575 1878 715 1946 Quia
753 1876 973 1948 superni
1001 1877 1175 1949 gratia
1212 1874 1591 1945 Redemptoris
1630 1884 1799 1939 tuam,
1828 1872 2095 1928 amantis-

505 1971 642 2026 sime
669 1971 885 2033 domne,
916 1970 1018 2025 sibi
1049 1968 1215 2023 vitam
1256 1967 1508 2039 pudicam
1546 1965 1710 2036 elegit
1747 1980 1812 2019 ac
1855 1964 2095 2034 placabi-

504 2060 639 2127 lem;
676 2076 774 2116 nos
817 2075 1029 2125 omnes,
1076 2060 1272 2129 quibus
1314 2068 1403 2112 tua
1439 2057 1748 2130 benignitas
1793 2055 1944 2110 cordi
1988 2065 2092 2120 est,

504 2152 713 2223 gaudio
731 2151 1026 2222 gaudemus
1070 2164 1179 2204 non
1210 2148 1443 2204 modico.
1483 2147 1912 2202 Remiuiscimur
1945 2145 2090 2200 enim

498 2244 793 2313 jucundam
826 2252 929 2298 tua:
960 2243 1205 2312 pueritia:
1246 2242 1518 2306 indolem,
1551 2256 1714 2309 quam
1743 2238 1877 2293 lenis
1903 2238 2097 2294 sodali-

505 2335 631 2400 bus,
677 2350 837 2406 quam
886 2344 1040 2404 grata
1088 2333 1403 2403 majoribus,
1450 2348 1516 2388 ac
1562 2331 1728 2404 (quod
1771 2331 1942 2402 magis
1984 2330 2092 2400 est)

505 2440 667 2498 quam
708 2425 904 2495 placita
959 2425 1069 2479 Deo
1117 2424 1280 2480 fuerit
1318 2439 1383 2479 ac
1420 2422 1623 2478 sanctis
1660 2421 1931 2478 omnibus.
1979 2421 2095 2475 Tua

509 2528 727 2584 quoque
757 2512 1019 2568 sanctitas
1058 2527 1352 2568 memorem
1398 2529 1456 2567 se
1497 2511 1615 2566 fore
1653 2511 1895 2566 ostendit
1925 2512 2095 2566 bono-

507 2619 628 2659 rum
684 2619 805 2673 quae
843 2603 895 2657 in
933 2604 1036 2669 hoc
1066 2618 1221 2659 sacro
1268 2602 1597 2667 Floriaceusi
1642 2601 1890 2659 ccenobio
1930 2602 2093 2667 vidit,

511 2693 626 2747 sive
664 2693 891 2758 audivit,
933 2694 1326 2764 exemplorum.
1368 2694 1647 2763 Dumque,
1686 2693 1883 2772 quibus
1921 2694 2095 2748 modis

509 2782 718 2838 altioris
757 2786 880 2839 vita}
921 2786 1039 2840 vias
1076 2785 1314 2850 incedat,
1355 2784 1599 2854 quotidie
1636 2785 2090 2851 comminiscitur,

2201 1611 2344 1657 tuam
2391 1604 2711 1660 benevolum
2758 1606 2902 1661 haud
2946 1624 3185 1678 unquam
3227 1611 3478 1668 oblivisci
3520 1626 3753 1669 mentem.

2197 1694 2370 1760 Unde,
2399 1712 2560 1750 manu
2587 1707 2791 1752 sanctae
2816 1697 3058 1768 pulsatus
3088 1701 3394 1769 charitatis,
3434 1703 3564 1773 quia
3599 1706 3680 1758 vel
3702 1706 3758 1759 ab

2199 1784 2318 1855 ipso
2362 1801 2421 1840 es
2450 1787 2700 1853 dilectus,
2744 1788 2829 1842 vel
2871 1789 3045 1858 ipsum
3083 1799 3171 1844 tua
3218 1792 3479 1862 probatur
3523 1794 3760 1849 dilexisse

2166 1874 2439 1955 .devotio,
2480 1892 2586 1930 una
2623 1878 2832 1932 dierum
2873 1894 3049 1933 meam
3094 1882 3386 1937 admonere
3424 1884 3674 1953 dignatus
3712 1900 3764 1940 es

2196 1967 2516 2036 parvitatem
2571 1968 2646 2022 uti
2674 1968 2840 2023 vitam
2871 1968 3007 2037 ejus,
3034 1987 3126 2026 seu
3155 1986 3262 2040 quo
3296 1973 3488 2028 ordine
3532 1974 3598 2029 ad
3632 1992 3762 2028 mar-

2166 2059 2395 2131 tyrium
2442 2061 2775 2130 pervenerit,
2822 2062 3021 2118 litteris
3064 2066 3323 2119 mandare
3366 2068 3433 2121 ad
3484 2067 3763 2121 multorum

2195 2150 2471 2203 studerem
2494 2150 2802 2204 utilitatem.
2818 2149 3019 2205 Verum
3041 2168 3170 2222 ego,
3199 2153 3502 2225 intelligens
3523 2156 3625 2210 hoc
3645 2172 3764 2225 opus

2196 2242 2489 2314 multorum
2527 2243 2817 2312 displicere
2853 2245 3070 2311 animis,
3113 2257 3290 2300 tamen
3333 2255 3439 2301 tuae
3477 2248 3761 2311 dilectioni,

2164 2347 2315 2404 qua:
2360 2334 2489 2387 mihi
2525 2349 2555 2387 a
2597 2349 2766 2404 puero
2805 2349 3022 2404 semper
3054 2335 3230 2391 dulcis
3265 2336 3384 2404 fuit,
3433 2354 3631 2408 parere
3674 2339 3763 2417 gli-

2195 2437 2374 2489 scens,
2419 2424 2579 2478 inerti
2622 2424 2751 2479 licet
2785 2438 3059 2489 sermone,
3103 2426 3366 2496 imperata
3409 2431 3590 2483 studui
3617 2428 3764 2499 perti-

2195 2528 2339 2568 cere.
2402 2514 2469 2567 Et
2521 2513 2918 2584 ﬂoccipendens
2979 2516 3190 2587 linguas
3247 2520 3646 2591 derogantium,
3703 2521 3763 2576 ad

2169 2605 2459 2672 orationis
2493 2615 2616 2671 tuae,
2649 2622 2813 2675 quam
2850 2606 2960 2661 Deo
2991 2606 3388 2676 beneplacitam
3416 2610 3565 2672 novi,
3588 2608 3764 2665 conlu-

2194 2693 2281 2762 gio
2316 2692 2596 2759 auxilium,
2641 2703 2727 2757 ut,
2762 2703 2850 2749 tuo
2890 2688 3219 2771 interventu,
3249 2696 3367 2767 ejus
3404 2697 3761 2754 misericordia

2193 2801 2293 2856 pro
2332 2788 2432 2842 hoc
2471 2802 2634 2856 opere
2677 2786 2809 2840 mihi
2844 2786 3091 2843 conferat
3130 2789 3323 2857 gaudia
3360 2799 3589 2853 aeterna,
3636 2801 3763 2857 pra:-

504 2882 896 2943 praeceptorum
929 2890 992 2930 ac
1019 2876 1253 2931 assidua:
1278 2875 1665 2930 admonitionis
1696 2876 1978 2930 nutrituris
2008 2874 2090 2929 sui
2126 2880 2168 2938 Β
2197 2888 2372 2932 stante
2420 2879 2649 2932 Domino
2695 2887 2880 2934 nostro
2910 2874 3039 2934 Jesu
3086 2878 3318 2943 Christo,
3365 2879 3462 2948 qui
3500 2894 3626 2934 eum
3662 2878 3762 2933 Deo

505 2966 679 3019 sancti
712 2967 883 3036 patris
918 2968 1092 3022 nostri
1117 2968 1360 3029 Abbonis
1394 2968 1537 3023 haud
1569 2970 1807 3039 segniter
1841 2970 2093 3047 recorda-

506 3064 613 3110 tur.
641 3056 803 3127 Cujus
833 3073 960 3128 erga
986 3066 1131 3113 tuam
1161 3059 1523 3128 dapsilitatem
1549 3058 1748 3113 sedulae
1776 3058 2088 3114 dilectionis

2196 2968 2375 3036 Patre,
2405 2980 2512 3023 etc.

746 3191 1042 3253 INCIPIT
1078 3163 1508 3254 PBJEFATIO
1542 3194 1760 3254 νιΤλΕ
1803 3195 1956 3255 VEL
2000 3195 2403 3255 MARTYBII
2447 3191 2733 3254 SANCTI
2776 3192 3117 3255 ABBONIS
3170 3192 3537 3255 ABBATIS.

578 3333 829 3402 Antiquae
876 3322 1271 3403 gentilitati'id
1319 3333 1598 3403 quondam
1652 3334 1752 3388 fuit
1811 3333 1977 3389 studii
2035 3342 2097 3388 ut

507 3440 697 3480 eorum
721 3441 858 3495 quos
885 3426 1043 3480 unice
1070 3424 1385 3481 dilexissem
1407 3425 1570 3491 facta,
1595 3426 1758 3481 etiam
1783 3428 2093 3491 inhonesta,

513 3505 921 3573 memerialibus
942 3516 1261 3571 mandarent
1281 3516 1501 3585 litteris,
1522 3528 1579 3573 et
1603 3533 1700 3588 pro
1723 3518 1936 3572 illorum
1957 3518 2096 3574 bene

511 3612 679 3683 gestis
718 3611 903 3665 laudes
956 3612 1068 3667 suis
1128 3611 1396 3668 referrent
1434 3611 1558 3665 diis.
1598 3609 1764 3664 Nobis
1808 3624 1958 3673 vero,
2002 3609 2092 3679 qui

511 3716 610 3772 per
632 3700 834 3757 Christi
867 3701 1098 3772 gratiam
1128 3717 1317 3758 eorum
1349 3701 1622 3756 evasimus
1652 3714 1919 3764 errorem,
1951 3696 2093 3753 idem

511 3790 728 3860 quidem
755 3791 1019 3858 studium,
1048 3792 1143 3848 sed
1166 3791 1414 3847 dissimili
1441 3790 1757 3854 intentione,
1790 3798 1872 3844 est
1891 3788 2095 3843 haben—

513 3884 673 3954 dum;
706 3899 768 3942 ut
794 3888 1001 3943 scilicet
1026 3896 1340 3943 sanctorum
1368 3886 1507 3941 vitas
1533 3885 1774 3947 Patrum,
1806 3898 1872 3938 ac
1898 3890 2097 3951 marty-

513 3996 633 4035 rum
682 3979 940 4035 victorias
980 3979 1181 4035 nostris
1225 3978 1525 4048 pandamus
1569 3975 1788 4046 scriptis
1825 3982 1947 4044 post
1994 3986 2093 4026 nos

515 4070 757 4124 venturis
795 4070 1026 4125 saeculis.
1059 4069 1256 4124 Verum
1288 4070 1402 4124 haec
1429 4068 1545 4138 ipsa
1578 4067 1646 4121 ad
1676 4066 1890 4119 laudem
1917 4063 2089 4118 nostri

515 4160 814 4216 referamus
837 4161 1134 4225 Creatoris,
1172 4176 1269 4230 per
1301 4175 1463 4230 quem
1497 4158 1583 4215 vel
1609 4160 1748 4213 bene
1779 4157 1981 4220 vivere,
2011 4154 2095 4209 vel

515 4266 768 4306 coronam
812 4261 1102 4321 potuerunt
1136 4252 1379 4322 martyrii
1416 4252 1716 4321 percipere.
1756 4248 2096 4317 Quapropter

518 4340 679 4394 unius
729 4340 913 4395 dilecti
957 4341 1182 4406 domini,
1223 4340 1393 4394 sancti
1433 4339 1682 4394 videlicet
1715 4338 1885 4407 patris
1923 4335 2092 4391 nostri

516 4430 778 4494 Abbonis,
810 4433 997 4495 vitam,
1026 4447 1119 4486 seu
1155 4447 1261 4500 quo
1299 4432 1487 4486 ordine
1513 4432 1820 4500 pervenerit
1851 4431 1918 4485 ad
1951 4444 2095 4482 mar-

2162 3403 2168 3409 ,
2200 3334 2416 3388 assidue
2450 3332 2615 3388 dediti
2648 3341 2797 3395 sunt.
2835 3348 2940 3387 non
2981 3333 3108 3396 Deo,
3156 3334 3250 3389 sed
3277 3333 3618 3390 (loeutouibus
3660 3349 3765 3390 ser-

2196 3425 2313 3479 vire
2344 3423 2656 3493 probantur.
2701 3425 2853 3490 Quod
2879 3439 3007 3479 vero
3031 3439 3135 3478 non
3160 3424 3247 3478 diu
3273 3424 3445 3494 pugnis
3470 3433 3644 3481 tortus
3674 3434 3763 3487 est,

2199 3518 2342 3575 nulla
2364 3517 2549 3588 gloria:
2573 3517 2690 3587 ejus
2712 3518 2793 3572 vel
2818 3518 2959 3572 laudi
2986 3521 3180 3573 damna
3212 3518 3398 3581 infert,
3423 3535 3548 3574 cum
3574 3529 3766 3577 constet

2197 3612 2460 3680 quosdam
2512 3618 2833 3681 martyrum,
2881 3610 2994 3664 sola
3041 3611 3275 3664 nominis
3317 3610 3525 3665 Christi
3566 3610 3765 3666 confes-

2199 3704 2371 3767 sione,
2411 3703 2575 3757 etiam
2610 3703 2816 3770 absque
2857 3702 3111 3771 baptismi
3151 3703 3521 3772 perceptione,
3561 3702 3766 3774 proprio

2196 3810 2296 3865 per
2328 3793 2497 3847 solam
2527 3791 2811 3860 capitalem
2848 3790 3169 3844 sententiam
3202 3792 3453 3861 perfusos
3488 3792 3761 3862 sanguine,

2200 3898 2365 3952 regna
2385 3882 2626 3945 cmlestia
2646 3881 2927 3961 meruisse.
2955 3880 3049 3935 Sin
3071 3891 3250 3935 autem
3277 3882 3547 3951 quispiam
3574 3882 3765 3935 idcirco

2196 3979 2246 4033 ei
2278 3958 2570 4033 crediderit
2598 3957 2977 4043 derogandum
2991 3975 3133 4043 quod
3156 3975 3208 4029 in
3243 3977 3352 4027 vita
3374 3989 3473 4027 sua
3496 3974 3586 4027 vix
3614 3973 3765 4025 ullum

2202 4068 2448 4124 mirabile
2491 4067 2683 4122 fecerit
2728 4068 2960 4135 signum,
3005 4052 3150 4136 legat
3189 4066 3343 4119 Vitas
3382 4063 3768 4119 excellentissi-

2202 4176 2413 4216 morum
2443 4160 2722 4215 doctorum
2757 4157 3040 4229 Augustini
3078 4168 3133 4211 et
3162 4156 3500 4227 Hieronymi,
3540 4164 3597 4209 et
3622 4155 3675 4209 in
3698 4153 3768 4208 eis

2200 4267 2307 4307 non
2356 4250 2599 4321 prodigia
2645 4248 3020 4318 temporalium
3062 4248 3363 4318 signorum,
3410 4260 3534 4316 qua:
3576 4244 3769 4299 faciunt

2203 4343 2525 4412 plerumque
2559 4340 2708 4404 mali,
2731 4342 2823 4394 sed
2854 4340 2978 4393 vitae
3001 4339 3315 4408 puritatem,
3345 4337 3606 4391 doctrina:
3633 4334 3766 4390 salu-

2203 4436 2315 4489 bris
2344 4433 2730 4503 cloquentiam,
2764 4442 2819 4485 et
2858 4432 2981 4485 lidei
3016 4430 3255 4485 inveniet
3284 4428 3494 4483 laudari
3524 4437 3766 4483 constan-

521 4522 741 4593 tyrium,
779 4523 1053 4577 rusticano
1094 4523 1220 4578 licet
1257 4538 1505 4578 sermone
1540 4523 1919 4593 aggrediamur
1952 4520 2093 4574 scri-
2120 4542 2165 4605 C
2200 4524 2363 4588 tiam;
2400 4522 2527 4577 licet
2567 4522 2654 4576 hic
2686 4532 2768 4576 ter
2808 4522 3000 4576 beatus
3039 4520 3094 4574 in
3131 4521 3240 4573 vita
3282 4534 3380 4573 sua
3412 4534 3520 4572 non
3547 4515 3769 4572 caruerit

519 4613 670 4669 bere.
724 4611 835 4669 Nec
879 4622 1093 4683 oportet
1139 4630 1462 4684 quemquam
1507 4615 1754 4686 dubitare
1793 4627 1916 4666 eum
1967 4624 2095 4664 vere

519 4715 814 4777 martyrem
838 4705 984 4771 fore,
1023 4704 1259 4779 [fuisse],
1284 4722 1441 4777 quem
1478 4714 1692 4761 constat
1725 4718 1824 4775 pro
1852 4701 2098 4763 veritate,

484 4790 487 4791 ⁷
521 4812 640 4868 quae
652 4797 899 4853 Christus
917 4807 1020 4863 est,
1045 4806 1270 4853 mortem
1287 4797 1603 4869 pertulisse;
1627 4796 1738 4865 qui,
1762 4793 1865 4849 etsi
1887 4808 1992 4846 non
2014 4805 2099 4845 re-

520 4888 748 4941 vocabat
771 4888 1015 4943 homines
1039 4905 1068 4943 a
1099 4887 1243 4942 cultu
1275 4887 1562 4951 idolorum,
1599 4883 1880 4940 laborabat
1918 4890 2098 4935 tamen

522 4968 753 5034 liberare
772 4981 940 5049 (quod
956 4980 1128 5051 majus
1149 4979 1254 5051 est)
1276 4995 1302 5032 a
1327 4979 1589 5035 servitute
1610 4977 1885 5041 vitiorum;
1904 4974 2099 5044 quibus

2207 4616 2587 4672 miraculorum
2615 4616 2806 4686 gloria.
2832 4615 2924 4669 llis
2949 4630 3077 4685 ergo
3107 4622 3297 4668 contra
3321 4612 3695 4683 obloquentes,
3724 4607 3767 4662 si

2202 4710 2343 4765 forte
2368 4708 2787 4772 assurrexerint,
2820 4706 3136 4776 prannissis,
3170 4705 3398 4775 juvante
3440 4717 3542 4756 uos
3578 4696 3767 4756 Christi

2202 4800 2374 4871 gratia
2398 4815 2462 4854 ac
2483 4798 2642 4866 hujus
2663 4795 3209 4860 sanctiorationibus,
3233 4792 3569 4864 propositum
3592 4802 3768 4862 aggre-

2202 4889 2414 4945 diamur
2441 4904 2596 4959 opus.

1613 5135 2148 5249 INCIPIT
2248 5135 2706 5246 LZBER.
2749 5111 2773 5128 ’
