  <div class='ocr_page' id='page_1' title='image "/cluster/home/n/w/nwhite01/storage/ocr_20150623/139/hvd.32044015471782/200.png"; bbox 0 0 3948 5350; ppageno 0'>
   <div class='ocr_carea' id='block_1_1' title="bbox 194 386 292 444">
    <p class='ocr_par' dir='ltr' id='par_1_1' title="bbox 194 386 292 444">
     <span class='ocr_line' id='line_1_1' title="bbox 194 386 292 444; baseline -0.01 0"><span class='ocrx_word' id='word_1_1' title='bbox 194 386 292 444; x_wconf 73' lang='lat'><strong>389</strong></span> 
     </span>
    </p>
   </div>
   <div class='ocr_carea' id='block_1_2' title="bbox 1242 380 2354 442">
    <p class='ocr_par' dir='ltr' id='par_1_2' title="bbox 1242 380 2354 442">
     <span class='ocr_line' id='line_1_2' title="bbox 1242 380 2354 442; baseline 0.004 -6"><span class='ocrx_word' id='word_1_2' title='bbox 1242 381 1604 440; x_wconf 69' lang='lat' dir='ltr'><strong>PROCEMIA.</strong></span> <span class='ocrx_word' id='word_1_3' title='bbox 1647 411 1712 422; x_wconf 89' lang='lat'><em>-</em></span> <span class='ocrx_word' id='word_1_4' title='bbox 1751 380 1903 438; x_wconf 73' lang='lat' dir='ltr'><strong>VlTA</strong></span> <span class='ocrx_word' id='word_1_5' title='bbox 1946 383 2006 439; x_wconf 80' lang='lat'><strong>8.</strong></span> <span class='ocrx_word' id='word_1_6' title='bbox 2044 385 2354 442; x_wconf 70' lang='lat' dir='ltr'><strong>ABBONIS.</strong></span> 
     </span>
    </p>
   </div>
   <div class='ocr_carea' id='block_1_3' title="bbox 3334 391 3440 448">
    <p class='ocr_par' dir='ltr' id='par_1_3' title="bbox 3334 391 3440 448">
     <span class='ocr_line' id='line_1_3' title="bbox 3334 391 3440 448; baseline -0.028 0"><span class='ocrx_word' id='word_1_7' title='bbox 3334 391 3440 448; x_wconf 75' lang='lat'><strong>590</strong></span> 
     </span>
    </p>
   </div>
   <div class='ocr_carea' id='block_1_4' title="bbox 197 496 3440 567">
    <p class='ocr_par' dir='ltr' id='par_1_4' title="bbox 197 496 3440 567">
     <span class='ocr_line' id='line_1_4' title="bbox 197 496 3440 567; baseline 0.001 -12"><span class='ocrx_word' id='word_1_8' title='bbox 197 497 524 561; x_wconf 86' lang='lat' dir='ltr'><strong>honestabat,</strong></span> <span class='ocrx_word' id='word_1_9' title='bbox 564 496 804 557; x_wconf 84' lang='lat' dir='ltr'><strong>libertas.</strong></span> <span class='ocrx_word' id='word_1_10' title='bbox 851 497 1098 566; x_wconf 85' lang='lat' dir='ltr'><strong>quodque</strong></span> <span class='ocrx_word' id='word_1_11' title='bbox 1144 497 1393 552; x_wconf 89' lang='lat' dir='ltr'><strong>omnibus</strong></span> <span class='ocrx_word' id='word_1_12' title='bbox 1428 503 1765 564; x_wconf 74' lang='lat' dir='ltr'><strong>superesstat</strong></span> <span class='ocrx_word' id='word_1_13' title='bbox 1797 500 1842 558; x_wconf 86' lang='grc' dir='ltr'><strong>Λ</strong></span> <span class='ocrx_word' id='word_1_14' title='bbox 1873 505 2128 566; x_wconf 89' lang='lat' dir='ltr'><strong>tempora,</strong></span> <span class='ocrx_word' id='word_1_15' title='bbox 2195 498 2457 567; x_wconf 73' lang='lat' dir='ltr'><strong>frequenti</strong></span> <span class='ocrx_word' id='word_1_16' title='bbox 2507 498 2856 555; x_wconf 73' lang='lat' dir='ltr'><strong>meditatione</strong></span> <span class='ocrx_word' id='word_1_17' title='bbox 2917 499 3288 556; x_wconf 72' lang='lat' dir='ltr'><strong>adolescentia:</strong></span> <span class='ocrx_word' id='word_1_18' title='bbox 3330 513 3440 557; x_wconf 83' lang='lat' dir='ltr'><strong>sat-</strong></span> 
     </span>
    </p>
   </div>
   <div class='ocr_carea' id='block_1_5' title="bbox 196 587 1800 652">
    <p class='ocr_par' dir='ltr' id='par_1_5' title="bbox 196 587 1800 652">
     <span class='ocr_line' id='line_1_5' title="bbox 196 587 1800 652; baseline -0.004 -8"><span class='ocrx_word' id='word_1_19' title='bbox 196 591 384 652; x_wconf 87' lang='lat' dir='ltr'><strong>causis,</strong></span> <span class='ocrx_word' id='word_1_20' title='bbox 427 589 589 642; x_wconf 89' lang='lat' dir='ltr'><strong>timor</strong></span> <span class='ocrx_word' id='word_1_21' title='bbox 629 588 840 641; x_wconf 86' lang='lat' dir='ltr'><strong>Domini</strong></span> <span class='ocrx_word' id='word_1_22' title='bbox 873 588 1112 646; x_wconf 86' lang='lat' dir='ltr'><strong>moribus</strong></span> <span class='ocrx_word' id='word_1_23' title='bbox 1151 588 1450 640; x_wconf 88' lang='lat' dir='ltr'><strong>adornabat</strong></span> <span class='ocrx_word' id='word_1_24' title='bbox 1493 587 1751 639; x_wconf 80' lang='lat' dir='ltr'><strong>honestis.</strong></span> <span class='ocrx_word' id='word_1_25' title='bbox 1789 625 1800 637; x_wconf 95' lang='lat'><strong>.</strong></span> 
     </span>
    </p>
   </div>
   <div class='ocr_carea' id='block_1_6' title="bbox 195 673 1760 747">
    <p class='ocr_par' dir='ltr' id='par_1_6' title="bbox 195 673 1760 747">
     <span class='ocr_line' id='line_1_6' title="bbox 195 673 1760 747; baseline -0.003 -16"><span class='ocrx_word' id='word_1_26' title='bbox 195 679 401 732; x_wconf 83' lang='lat' dir='ltr'><strong>Talibus</strong></span> <span class='ocrx_word' id='word_1_27' title='bbox 428 692 559 747; x_wconf 87' lang='lat' dir='ltr'><strong>ergo</strong></span> <span class='ocrx_word' id='word_1_28' title='bbox 589 677 740 730; x_wconf 83' lang='lat' dir='ltr'><strong>Abbo</strong></span> <span class='ocrx_word' id='word_1_29' title='bbox 767 686 920 731; x_wconf 91' lang='lat' dir='ltr'><strong>ortus</strong></span> <span class='ocrx_word' id='word_1_30' title='bbox 954 675 1288 744; x_wconf 82' lang='lat' dir='ltr'><strong>parentibus,</strong></span> <span class='ocrx_word' id='word_1_31' title='bbox 1333 675 1385 728; x_wconf 92' lang='lat' dir='ltr'><strong>in</strong></span> <span class='ocrx_word' id='word_1_32' title='bbox 1431 673 1760 728; x_wconf 89' lang='lat' dir='ltr'><strong>Floriaccnsi</strong></span> 
     </span>
    </p>
   </div>
   <div class='ocr_carea' id='block_1_7' title="bbox 196 764 1757 824">
    <p class='ocr_par' dir='ltr' id='par_1_7' title="bbox 196 764 1757 824">
     <span class='ocr_line' id='line_1_7' title="bbox 196 764 1757 824; baseline -0.004 0"><span class='ocrx_word' id='word_1_33' title='bbox 196 769 513 824; x_wconf 89' lang='lat' dir='ltr'><strong>monasterio</strong></span> <span class='ocrx_word' id='word_1_34' title='bbox 547 767 743 821; x_wconf 62' lang='lat' dir='ltr'><strong>scholte</strong></span> <span class='ocrx_word' id='word_1_35' title='bbox 774 767 1094 820; x_wconf 88' lang='lat' dir='ltr'><strong>clericorum</strong></span> <span class='ocrx_word' id='word_1_36' title='bbox 1127 766 1371 819; x_wconf 73' lang='lat' dir='ltr'><strong>ecclesia:</strong></span> <span class='ocrx_word' id='word_1_37' title='bbox 1410 765 1583 819; x_wconf 82' lang='lat' dir='ltr'><strong>sancti</strong></span> <span class='ocrx_word' id='word_1_38' title='bbox 1613 764 1757 817; x_wconf 86' lang='lat' dir='ltr'><strong>Petri</strong></span> 
     </span>
    </p>
   </div>
   <div class='ocr_carea' id='block_1_8' title="bbox 195 854 1761 926">
    <p class='ocr_par' dir='ltr' id='par_1_8' title="bbox 195 854 1761 926">
     <span class='ocr_line' id='line_1_8' title="bbox 195 854 1761 926; baseline -0.004 -13"><span class='ocrx_word' id='word_1_39' title='bbox 195 857 591 926; x_wconf 81' lang='lat' dir='ltr'><strong>obsequentium</strong></span> <span class='ocrx_word' id='word_1_40' title='bbox 617 856 850 908; x_wconf 83' lang='lat' dir='ltr'><strong>traditur</strong></span> <span class='ocrx_word' id='word_1_41' title='bbox 871 855 1064 909; x_wconf 90' lang='lat' dir='ltr'><strong>litteris</strong></span> <span class='ocrx_word' id='word_1_42' title='bbox 1091 856 1434 916; x_wconf 83' lang='lat' dir='ltr'><strong>imbuemlus,</strong></span> <span class='ocrx_word' id='word_1_43' title='bbox 1458 854 1636 906; x_wconf 86' lang='lat' dir='ltr'><strong>divina</strong></span> <span class='ocrx_word' id='word_1_44' title='bbox 1665 867 1761 922; x_wconf 87' lang='lat' dir='ltr'><strong>pro</strong></span> 
     </span>
    </p>
   </div>
   <div class='ocr_carea' id='block_1_9' title="bbox 197 944 1762 1013">
    <p class='ocr_par' dir='ltr' id='par_1_9' title="bbox 197 944 1762 1013">
     <span class='ocr_line' id='line_1_9' title="bbox 197 944 1762 1013; baseline -0.004 -12"><span class='ocrx_word' id='word_1_45' title='bbox 197 959 347 1009; x_wconf 85' lang='lat' dir='ltr'><strong>certo,</strong></span> <span class='ocrx_word' id='word_1_46' title='bbox 386 955 444 999; x_wconf 91' lang='lat' dir='ltr'><strong>ut</strong></span> <span class='ocrx_word' id='word_1_47' title='bbox 474 946 779 1009; x_wconf 82' lang='lat' dir='ltr'><strong>credimus,</strong></span> <span class='ocrx_word' id='word_1_48' title='bbox 815 946 867 999; x_wconf 91' lang='lat' dir='ltr'><strong>id</strong></span> <span class='ocrx_word' id='word_1_49' title='bbox 894 944 1292 1013; x_wconf 69' lang='lat' dir='ltr'><strong>prmordinante</strong></span> <span class='ocrx_word' id='word_1_50' title='bbox 1316 944 1671 1012; x_wconf 81' lang='lat' dir='ltr'><strong>providentia,</strong></span> <span class='ocrx_word' id='word_1_51' title='bbox 1703 951 1762 995; x_wconf 92' lang='lat' dir='ltr'><strong>ut</strong></span> 
     </span>
    </p>
   </div>
   <div class='ocr_carea' id='block_1_10' title="bbox 196 1034 1754 1107">
    <p class='ocr_par' dir='ltr' id='par_1_10' title="bbox 196 1034 1754 1107">
     <span class='ocr_line' id='line_1_10' title="bbox 196 1034 1754 1107; baseline -0.005 -15"><span class='ocrx_word' id='word_1_52' title='bbox 196 1039 302 1092; x_wconf 84' lang='lat' dir='ltr'><strong>inde</strong></span> <span class='ocrx_word' id='word_1_53' title='bbox 332 1037 628 1107; x_wconf 86' lang='lat' dir='ltr'><strong>primordia</strong></span> <span class='ocrx_word' id='word_1_54' title='bbox 654 1044 894 1090; x_wconf 89' lang='lat' dir='ltr'><strong>sumeret</strong></span> <span class='ocrx_word' id='word_1_55' title='bbox 921 1035 1246 1096; x_wconf 87' lang='lat' dir='ltr'><strong>litterarum,</strong></span> <span class='ocrx_word' id='word_1_56' title='bbox 1271 1034 1360 1086; x_wconf 91' lang='lat' dir='ltr'><strong>ubi</strong></span> <span class='ocrx_word' id='word_1_57' title='bbox 1396 1034 1754 1102; x_wconf 87' lang='lat' dir='ltr'><strong>postmodum,</strong></span> 
     </span>
    </p>
   </div>
   <div class='ocr_carea' id='block_1_11' title="bbox 193 1122 1763 1197">
    <p class='ocr_par' dir='ltr' id='par_1_11' title="bbox 193 1122 1763 1197">
     <span class='ocr_line' id='line_1_11' title="bbox 193 1122 1763 1197; baseline -0.005 -15"><span class='ocrx_word' id='word_1_58' title='bbox 193 1128 492 1197; x_wconf 81' lang='lat' dir='ltr'><strong>plenissime</strong></span> <span class='ocrx_word' id='word_1_59' title='bbox 529 1126 730 1180; x_wconf 83' lang='lat' dir='ltr'><strong>fluenta</strong></span> <span class='ocrx_word' id='word_1_60' title='bbox 762 1125 1020 1179; x_wconf 73' lang='lat' dir='ltr'><strong>doctrina:</strong></span> <span class='ocrx_word' id='word_1_61' title='bbox 1053 1124 1324 1177; x_wconf 89' lang='lat' dir='ltr'><strong>mentibus</strong></span> <span class='ocrx_word' id='word_1_62' title='bbox 1361 1131 1478 1177; x_wconf 88' lang='lat' dir='ltr'><strong>erat</strong></span> <span class='ocrx_word' id='word_1_63' title='bbox 1512 1122 1763 1192; x_wconf 85' lang='lat' dir='ltr'><strong>propina-</strong></span> 
     </span>
    </p>
   </div>
   <div class='ocr_carea' id='block_1_12' title="bbox 197 1213 1758 1291">
    <p class='ocr_par' dir='ltr' id='par_1_12' title="bbox 197 1213 1758 1291">
     <span class='ocr_line' id='line_1_12' title="bbox 197 1213 1758 1291; baseline -0.006 -17"><span class='ocrx_word' id='word_1_64' title='bbox 197 1233 332 1276; x_wconf 90' lang='lat' dir='ltr'><strong>turus</strong></span> <span class='ocrx_word' id='word_1_65' title='bbox 377 1219 702 1291; x_wconf 83' lang='lat' dir='ltr'><strong>sapientiam</strong></span> <span class='ocrx_word' id='word_1_66' title='bbox 734 1217 1052 1280; x_wconf 89' lang='lat' dir='ltr'><strong>sitientium,</strong></span> <span class='ocrx_word' id='word_1_67' title='bbox 1103 1215 1455 1283; x_wconf 89' lang='lat' dir='ltr'><strong>redderelque</strong></span> <span class='ocrx_word' id='word_1_68' title='bbox 1497 1213 1630 1274; x_wconf 87' lang='lat' dir='ltr'><strong>illis,</strong></span> <span class='ocrx_word' id='word_1_69' title='bbox 1663 1227 1758 1265; x_wconf 91' lang='lat' dir='ltr'><strong>seu</strong></span> 
     </span>
    </p>
   </div>
   <div class='ocr_carea' id='block_1_13' title="bbox 196 1299 1758 1378">
    <p class='ocr_par' dir='ltr' id='par_1_13' title="bbox 196 1299 1758 1378">
     <span class='ocr_line' id='line_1_13' title="bbox 196 1299 1758 1378; baseline -0.006 -14"><span class='ocrx_word' id='word_1_70' title='bbox 196 1326 364 1364; x_wconf 87' lang='lat' dir='ltr'><strong>eorum</strong></span> <span class='ocrx_word' id='word_1_71' title='bbox 424 1307 687 1378; x_wconf 88' lang='lat' dir='ltr'><strong>posteris,</strong></span> <span class='ocrx_word' id='word_1_72' title='bbox 736 1305 1066 1374; x_wconf 88' lang='lat' dir='ltr'><strong>duplicatmn</strong></span> <span class='ocrx_word' id='word_1_73' title='bbox 1109 1303 1343 1371; x_wconf 86' lang='lat' dir='ltr'><strong>suscepti</strong></span> <span class='ocrx_word' id='word_1_74' title='bbox 1396 1301 1598 1355; x_wconf 90' lang='lat' dir='ltr'><strong>fenoris</strong></span> <span class='ocrx_word' id='word_1_75' title='bbox 1645 1299 1758 1354; x_wconf 86' lang='lat' dir='ltr'><strong>fru-</strong></span> 
     </span>
    </p>
   </div>
   <div class='ocr_carea' id='block_1_14' title="bbox 197 1391 1752 1468">
    <p class='ocr_par' dir='ltr' id='par_1_14' title="bbox 197 1391 1752 1468">
     <span class='ocr_line' id='line_1_14' title="bbox 197 1391 1752 1468; baseline -0.007 -16"><span class='ocrx_word' id='word_1_76' title='bbox 197 1410 343 1462; x_wconf 88' lang='lat' dir='ltr'><strong>ctum,</strong></span> <span class='ocrx_word' id='word_1_77' title='bbox 388 1415 416 1450; x_wconf 89' lang='lat' dir='ltr'><strong>a</strong></span> <span class='ocrx_word' id='word_1_78' title='bbox 469 1398 664 1468; x_wconf 86' lang='lat' dir='ltr'><strong>quibus</strong></span> <span class='ocrx_word' id='word_1_79' title='bbox 709 1394 976 1464; x_wconf 86' lang='lat' dir='ltr'><strong>simplicia</strong></span> <span class='ocrx_word' id='word_1_80' title='bbox 1025 1401 1230 1446; x_wconf 90' lang='lat' dir='ltr'><strong>tantum</strong></span> <span class='ocrx_word' id='word_1_81' title='bbox 1284 1400 1570 1459; x_wconf 88' lang='lat' dir='ltr'><strong>acceperat</strong></span> <span class='ocrx_word' id='word_1_82' title='bbox 1617 1391 1752 1442; x_wconf 84' lang='lat' dir='ltr'><strong>rudi-</strong></span> 
     </span>
    </p>
   </div>
   <div class='ocr_carea' id='block_1_15' title="bbox 198 1481 1760 1545">
    <p class='ocr_par' dir='ltr' id='par_1_15' title="bbox 198 1481 1760 1545">
     <span class='ocr_line' id='line_1_15' title="bbox 198 1481 1760 1545; baseline -0.007 0"><span class='ocrx_word' id='word_1_83' title='bbox 198 1501 359 1545; x_wconf 85' lang='lat' dir='ltr'><strong>menta</strong></span> <span class='ocrx_word' id='word_1_84' title='bbox 391 1491 809 1545; x_wconf 88' lang='lat' dir='ltr'><strong>elementorum.</strong></span> <span class='ocrx_word' id='word_1_85' title='bbox 845 1487 1014 1540; x_wconf 84' lang='lat' dir='ltr'><strong>Erant</strong></span> <span class='ocrx_word' id='word_1_86' title='bbox 1045 1485 1099 1539; x_wconf 91' lang='lat' dir='ltr'><strong>in</strong></span> <span class='ocrx_word' id='word_1_87' title='bbox 1140 1485 1330 1540; x_wconf 89' lang='lat' dir='ltr'><strong>eodem</strong></span> <span class='ocrx_word' id='word_1_88' title='bbox 1377 1482 1624 1537; x_wconf 75' lang='lat' dir='ltr'><strong>emnobio</strong></span> <span class='ocrx_word' id='word_1_89' title='bbox 1654 1481 1760 1534; x_wconf 93' lang='lat' dir='ltr'><strong>duo</strong></span> 
     </span>
    </p>
   </div>
   <div class='ocr_carea' id='block_1_16' title="bbox 198 1567 1759 1650">
    <p class='ocr_par' dir='ltr' id='par_1_16' title="bbox 198 1567 1759 1650">
     <span class='ocr_line' id='line_1_16' title="bbox 198 1567 1759 1650; baseline -0.009 -14"><span class='ocrx_word' id='word_1_90' title='bbox 198 1581 547 1650; x_wconf 70' lang='lat' dir='ltr'><strong>prmcellentes</strong></span> <span class='ocrx_word' id='word_1_91' title='bbox 594 1578 717 1643; x_wconf 86' lang='lat' dir='ltr'><strong>viri,</strong></span> <span class='ocrx_word' id='word_1_92' title='bbox 765 1591 900 1646; x_wconf 90' lang='lat' dir='ltr'><strong>quos</strong></span> <span class='ocrx_word' id='word_1_93' title='bbox 944 1574 1128 1629; x_wconf 90' lang='lat' dir='ltr'><strong>carnis</strong></span> <span class='ocrx_word' id='word_1_94' title='bbox 1170 1571 1401 1625; x_wconf 80' lang='lat' dir='ltr'><strong>aiiinitas</strong></span> <span class='ocrx_word' id='word_1_95' title='bbox 1445 1570 1600 1624; x_wconf 90' lang='lat' dir='ltr'><strong>matri</strong></span> <span class='ocrx_word' id='word_1_96' title='bbox 1643 1567 1759 1634; x_wconf 80' lang='lat' dir='ltr'><strong>ejus</strong></span> 
     </span>
    </p>
   </div>
   <div class='ocr_carea' id='block_1_17' title="bbox 199 1660 1755 1742">
    <p class='ocr_par' dir='ltr' id='par_1_17' title="bbox 199 1660 1755 1742">
     <span class='ocr_line' id='line_1_17' title="bbox 199 1660 1755 1742; baseline -0.008 -18"><span class='ocrx_word' id='word_1_97' title='bbox 199 1671 508 1742; x_wconf 88' lang='lat' dir='ltr'><strong>propinquos</strong></span> <span class='ocrx_word' id='word_1_98' title='bbox 549 1666 805 1722; x_wconf 70' lang='lat' dir='ltr'><strong>effecerat</strong></span> <span class='ocrx_word' id='word_1_99' title='bbox 843 1684 855 1719; x_wconf 87' lang='lat'><strong>:</strong></span> <span class='ocrx_word' id='word_1_100' title='bbox 909 1680 1047 1719; x_wconf 90' lang='lat' dir='ltr'><strong>unus</strong></span> <span class='ocrx_word' id='word_1_101' title='bbox 1086 1663 1368 1718; x_wconf 85' lang='lat' dir='ltr'><strong>dicebatur</strong></span> <span class='ocrx_word' id='word_1_102' title='bbox 1413 1660 1755 1724; x_wconf 85' lang='lat' dir='ltr'><strong>Gunboldus,</strong></span> 
     </span>
    </p>
   </div>
   <div class='ocr_carea' id='block_1_18' title="bbox 197 1753 1756 1830">
    <p class='ocr_par' dir='ltr' id='par_1_18' title="bbox 197 1753 1756 1830">
     <span class='ocr_line' id='line_1_18' title="bbox 197 1753 1756 1830; baseline -0.006 -17"><span class='ocrx_word' id='word_1_103' title='bbox 197 1762 269 1830; x_wconf 89' lang='lat' dir='ltr'><strong>qui</strong></span> <span class='ocrx_word' id='word_1_104' title='bbox 294 1760 501 1816; x_wconf 85' lang='lat' dir='ltr'><strong>relictis</strong></span> <span class='ocrx_word' id='word_1_105' title='bbox 530 1758 691 1826; x_wconf 84' lang='lat' dir='ltr'><strong>hujus</strong></span> <span class='ocrx_word' id='word_1_106' title='bbox 723 1757 902 1813; x_wconf 66' lang='lat' dir='ltr'><strong>sreculi</strong></span> <span class='ocrx_word' id='word_1_107' title='bbox 933 1755 1112 1826; x_wconf 81' lang='lat' dir='ltr'><strong>nugis,</strong></span> <span class='ocrx_word' id='word_1_108' title='bbox 1133 1757 1201 1808; x_wconf 94' lang='lat' dir='ltr'><strong>ob</strong></span> <span class='ocrx_word' id='word_1_109' title='bbox 1226 1754 1317 1807; x_wconf 89' lang='lat' dir='ltr'><strong>Dei</strong></span> <span class='ocrx_word' id='word_1_110' title='bbox 1353 1753 1624 1815; x_wconf 88' lang='lat' dir='ltr'><strong>timorem,</strong></span> <span class='ocrx_word' id='word_1_111' title='bbox 1655 1753 1756 1804; x_wconf 87' lang='lat' dir='ltr'><strong>ha-</strong></span> 
     </span>
    </p>
   </div>
   <div class='ocr_carea' id='block_1_19' title="bbox 1863 588 3438 660">
    <p class='ocr_par' dir='ltr' id='par_1_19' title="bbox 1863 588 3438 660">
     <span class='ocr_line' id='line_1_19' title="bbox 1863 588 3438 660; baseline 0.006 -22"><span class='ocrx_word' id='word_1_112' title='bbox 1863 588 2054 653; x_wconf 84' lang='lat' dir='ltr'><strong>agcbat</strong></span> <span class='ocrx_word' id='word_1_113' title='bbox 2082 589 2370 654; x_wconf 78' lang='lat' dir='ltr'><strong>reprimere</strong></span> <span class='ocrx_word' id='word_1_114' title='bbox 2395 588 2518 640; x_wconf 86' lang='lat' dir='ltr'><strong>vitia</strong></span> <span class='ocrx_word' id='word_1_115' title='bbox 2546 628 2560 650; x_wconf 96' lang='lat'><strong>,</strong></span> <span class='ocrx_word' id='word_1_116' title='bbox 2589 589 2764 642; x_wconf 87' lang='lat' dir='ltr'><strong>sciens</strong></span> <span class='ocrx_word' id='word_1_117' title='bbox 2786 589 3042 658; x_wconf 87' lang='lat' dir='ltr'><strong>scriptmn</strong></span> <span class='ocrx_word' id='word_1_118' title='bbox 3074 607 3088 643; x_wconf 90' lang='lat'><strong>:</strong></span> <span class='ocrx_word' id='word_1_119' title='bbox 3113 591 3235 660; x_wconf 90' lang='lat' dir='ltr'><strong>quia</strong></span> <span class='ocrx_word' id='word_1_120' title='bbox 3267 609 3285 643; x_wconf 83' lang='lat' dir='ltr'><strong>t</strong></span> <span class='ocrx_word' id='word_1_121' title='bbox 3323 591 3438 647; x_wconf 81' lang='lat' dir='ltr'><strong>fre-</strong></span> 
     </span>
    </p>
   </div>
   <div class='ocr_carea' id='block_1_20' title="bbox 1862 678 3437 753">
    <p class='ocr_par' dir='ltr' id='par_1_20' title="bbox 1862 678 3437 753">
     <span class='ocr_line' id='line_1_20' title="bbox 1862 678 3437 753; baseline 0.007 -26"><span class='ocrx_word' id='word_1_122' title='bbox 1862 691 2033 743; x_wconf 88' lang='lat' dir='ltr'><strong>quens</strong></span> <span class='ocrx_word' id='word_1_123' title='bbox 2065 678 2338 731; x_wconf 76' lang='lat' dir='ltr'><strong>meditatio</strong></span> <span class='ocrx_word' id='word_1_124' title='bbox 2360 679 2538 734; x_wconf 89' lang='lat' dir='ltr'><strong>carnis</strong></span> <span class='ocrx_word' id='word_1_125' title='bbox 2577 689 2658 734; x_wconf 91' lang='lat' dir='ltr'><strong>est</strong></span> <span class='ocrx_word' id='word_1_126' title='bbox 2699 681 2933 734; x_wconf 85' lang='lat' dir='ltr'><strong>aillictio.</strong></span> <span class='ocrx_word' id='word_1_127' title='bbox 2962 679 3155 748; x_wconf 64' lang='lat' dir='ltr'><strong>(Eccle.</strong></span> <span class='ocrx_word' id='word_1_128' title='bbox 3195 683 3315 747; x_wconf 81' lang='grc' dir='ltr'><strong>ΧΠ,</strong></span> <span class='ocrx_word' id='word_1_129' title='bbox 3347 685 3437 753; x_wconf 76' lang='grc'><strong>19.)</strong></span> 
     </span>
    </p>
   </div>
   <div class='ocr_carea' id='block_1_21' title="bbox 1863 765 3434 836">
    <p class='ocr_par' dir='ltr' id='par_1_21' title="bbox 1863 765 3434 836">
     <span class='ocr_line' id='line_1_21' title="bbox 1863 765 3434 836; baseline 0.008 -20"><span class='ocrx_word' id='word_1_130' title='bbox 1863 765 2032 831; x_wconf 85' lang='lat' dir='ltr'><strong>Quam</strong></span> <span class='ocrx_word' id='word_1_131' title='bbox 2066 767 2393 836; x_wconf 86' lang='lat' dir='ltr'><strong>idcircojugi</strong></span> <span class='ocrx_word' id='word_1_132' title='bbox 2420 769 2720 823; x_wconf 89' lang='lat' dir='ltr'><strong>litterarum</strong></span> <span class='ocrx_word' id='word_1_133' title='bbox 2742 772 3003 826; x_wconf 79' lang='lat' dir='ltr'><strong>exercitio</strong></span> <span class='ocrx_word' id='word_1_134' title='bbox 3030 773 3249 828; x_wconf 89' lang='lat' dir='ltr'><strong>domare</strong></span> <span class='ocrx_word' id='word_1_135' title='bbox 3274 789 3434 828; x_wconf 84' lang='lat' dir='ltr'><strong>cura-</strong></span> 
     </span>
    </p>
   </div>
   <div class='ocr_carea' id='block_1_22' title="bbox 1863 853 3435 931">
    <p class='ocr_par' dir='ltr' id='par_1_22' title="bbox 1863 853 3435 931">
     <span class='ocr_line' id='line_1_22' title="bbox 1863 853 3435 931; baseline 0.006 -21"><span class='ocrx_word' id='word_1_136' title='bbox 1863 857 1950 910; x_wconf 88' lang='lat' dir='ltr'><strong>bat</strong></span> <span class='ocrx_word' id='word_1_137' title='bbox 1981 867 2038 910; x_wconf 91' lang='lat' dir='ltr'><strong>ut</strong></span> <span class='ocrx_word' id='word_1_138' title='bbox 2058 853 2266 925; x_wconf 76' lang='lat' dir='ltr'><strong>spiritui</strong></span> <span class='ocrx_word' id='word_1_139' title='bbox 2289 874 2406 912; x_wconf 88' lang='lat' dir='ltr'><strong>eam</strong></span> <span class='ocrx_word' id='word_1_140' title='bbox 2430 861 2634 914; x_wconf 78' lang='lat' dir='ltr'><strong>servire</strong></span> <span class='ocrx_word' id='word_1_141' title='bbox 2663 871 2901 931; x_wconf 83' lang='lat' dir='ltr'><strong>cogeret.</strong></span> <span class='ocrx_word' id='word_1_142' title='bbox 2929 861 3036 917; x_wconf 82' lang='lat' dir='ltr'><strong>Nec</strong></span> <span class='ocrx_word' id='word_1_143' title='bbox 3060 871 3261 928; x_wconf 89' lang='lat' dir='ltr'><strong>tamen,</strong></span> <span class='ocrx_word' id='word_1_144' title='bbox 3291 866 3368 919; x_wconf 90' lang='lat' dir='ltr'><strong>uti</strong></span> <span class='ocrx_word' id='word_1_145' title='bbox 3405 884 3435 920; x_wconf 86' lang='lat' dir='ltr'><strong>a</strong></span> 
     </span>
    </p>
   </div>
   <div class='ocr_carea' id='block_1_23' title="bbox 1862 945 3433 1020">
    <p class='ocr_par' dir='ltr' id='par_1_23' title="bbox 1862 945 3433 1020">
     <span class='ocr_line' id='line_1_23' title="bbox 1862 945 3433 1020; baseline 0.009 -26"><span class='ocrx_word' id='word_1_146' title='bbox 1862 945 2446 1014; x_wconf 78' lang='lat' dir='ltr'><strong>quibusdamjm&#39;enum</strong></span> <span class='ocrx_word' id='word_1_147' title='bbox 2464 948 2574 1002; x_wconf 86' lang='lat' dir='ltr'><strong>fieri</strong></span> <span class='ocrx_word' id='word_1_148' title='bbox 2593 951 2811 1014; x_wconf 86' lang='lat' dir='ltr'><strong>assolet,</strong></span> <span class='ocrx_word' id='word_1_149' title='bbox 2827 951 2894 1005; x_wconf 94' lang='lat' dir='ltr'><strong>ob</strong></span> <span class='ocrx_word' id='word_1_150' title='bbox 2913 953 3145 1006; x_wconf 92' lang='lat' dir='ltr'><strong>studium</strong></span> <span class='ocrx_word' id='word_1_151' title='bbox 3170 952 3433 1020; x_wconf 87' lang='lat' dir='ltr'><strong>lectionis,</strong></span> 
     </span>
    </p>
   </div>
   <div class='ocr_carea' id='block_1_24' title="bbox 1862 1035 3436 1116">
    <p class='ocr_par' dir='ltr' id='par_1_24' title="bbox 1862 1035 3436 1116">
     <span class='ocr_line' id='line_1_24' title="bbox 1862 1035 3436 1116; baseline 0.008 -28"><span class='ocrx_word' id='word_1_152' title='bbox 1862 1035 2218 1091; x_wconf 89' lang='lat' dir='ltr'><strong>intentionem</strong></span> <span class='ocrx_word' id='word_1_153' title='bbox 2265 1040 2545 1092; x_wconf 90' lang='lat' dir='ltr'><strong>deserebat</strong></span> <span class='ocrx_word' id='word_1_154' title='bbox 2581 1041 2787 1095; x_wconf 78' lang='lat' dir='ltr'><strong>devota:</strong></span> <span class='ocrx_word' id='word_1_155' title='bbox 2822 1045 3098 1098; x_wconf 90' lang='lat' dir='ltr'><strong>orationis.</strong></span> <span class='ocrx_word' id='word_1_156' title='bbox 3143 1045 3436 1116; x_wconf 79' lang='lat' dir='ltr'><strong>Religionis</strong></span> 
     </span>
    </p>
   </div>
   <div class='ocr_carea' id='block_1_25' title="bbox 1865 1129 3436 1206">
    <p class='ocr_par' dir='ltr' id='par_1_25' title="bbox 1865 1129 3436 1206">
     <span class='ocr_line' id='line_1_25' title="bbox 1865 1129 3436 1206; baseline 0.008 -28"><span class='ocrx_word' id='word_1_157' title='bbox 1865 1142 2096 1197; x_wconf 89' lang='lat' dir='ltr'><strong>namque</strong></span> <span class='ocrx_word' id='word_1_158' title='bbox 2113 1129 2445 1198; x_wconf 88' lang='lat' dir='ltr'><strong>propositum</strong></span> <span class='ocrx_word' id='word_1_159' title='bbox 2464 1132 2795 1194; x_wconf 74' lang='lat' dir='ltr'><strong>monasticze,</strong></span> <span class='ocrx_word' id='word_1_160' title='bbox 2815 1135 2954 1202; x_wconf 88' lang='lat' dir='ltr'><strong>quod</strong></span> <span class='ocrx_word' id='word_1_161' title='bbox 2976 1135 3158 1188; x_wconf 90' lang='lat' dir='ltr'><strong>habitu</strong></span> <span class='ocrx_word' id='word_1_162' title='bbox 3177 1138 3436 1206; x_wconf 91' lang='lat' dir='ltr'><strong>portende</strong></span> 
     </span>
    </p>
   </div>
   <div class='ocr_carea' id='block_1_26' title="bbox 1864 1218 3433 1298">
    <p class='ocr_par' dir='ltr' id='par_1_26' title="bbox 1864 1218 3433 1298">
     <span class='ocr_line' id='line_1_26' title="bbox 1864 1218 3433 1298; baseline 0.008 -28"><span class='ocrx_word' id='word_1_163' title='bbox 1864 1218 1978 1285; x_wconf 91' lang='lat' dir='ltr'><strong>bat,</strong></span> <span class='ocrx_word' id='word_1_164' title='bbox 2006 1219 2055 1272; x_wconf 92' lang='lat' dir='ltr'><strong>id</strong></span> <span class='ocrx_word' id='word_1_165' title='bbox 2084 1229 2192 1274; x_wconf 92' lang='lat' dir='ltr'><strong>tota</strong></span> <span class='ocrx_word' id='word_1_166' title='bbox 2216 1221 2410 1274; x_wconf 91' lang='lat' dir='ltr'><strong>mentis</strong></span> <span class='ocrx_word' id='word_1_167' title='bbox 2430 1221 2715 1276; x_wconf 89' lang='lat' dir='ltr'><strong>devotione</strong></span> <span class='ocrx_word' id='word_1_168' title='bbox 2739 1223 3010 1294; x_wconf 82' lang='lat' dir='ltr'><strong>diligebat,</strong></span> <span class='ocrx_word' id='word_1_169' title='bbox 3035 1237 3109 1290; x_wconf 88' lang='lat' dir='ltr'><strong>et,</strong></span> <span class='ocrx_word' id='word_1_170' title='bbox 3132 1230 3283 1297; x_wconf 91' lang='lat' dir='ltr'><strong>quasi</strong></span> <span class='ocrx_word' id='word_1_171' title='bbox 3304 1244 3433 1298; x_wconf 89' lang='lat' dir='ltr'><strong>pro-</strong></span> 
     </span>
    </p>
   </div>
   <div class='ocr_carea' id='block_1_27' title="bbox 1861 1309 3438 1381">
    <p class='ocr_par' dir='ltr' id='par_1_27' title="bbox 1861 1309 3438 1381">
     <span class='ocr_line' id='line_1_27' title="bbox 1861 1309 3438 1381; baseline 0.009 -22"><span class='ocrx_word' id='word_1_172' title='bbox 1861 1309 2092 1377; x_wconf 88' lang='lat' dir='ltr'><strong>quodam</strong></span> <span class='ocrx_word' id='word_1_173' title='bbox 2117 1310 2398 1374; x_wconf 88' lang='lat' dir='ltr'><strong>levamine,</strong></span> <span class='ocrx_word' id='word_1_174' title='bbox 2414 1321 2533 1381; x_wconf 90' lang='lat' dir='ltr'><strong>post</strong></span> <span class='ocrx_word' id='word_1_175' title='bbox 2559 1328 2776 1381; x_wconf 89' lang='lat' dir='ltr'><strong>precum</strong></span> <span class='ocrx_word' id='word_1_176' title='bbox 2802 1315 2868 1368; x_wconf 92' lang='lat' dir='ltr'><strong>ad</strong></span> <span class='ocrx_word' id='word_1_177' title='bbox 2890 1315 3172 1371; x_wconf 89' lang='lat' dir='ltr'><strong>Dominum</strong></span> <span class='ocrx_word' id='word_1_178' title='bbox 3193 1319 3354 1374; x_wconf 91' lang='lat' dir='ltr'><strong>missa</strong></span> <span class='ocrx_word' id='word_1_179' title='bbox 3373 1320 3438 1373; x_wconf 66' lang='lat' dir='ltr'><strong>lio</strong></span> 
     </span>
    </p>
   </div>
   <div class='ocr_carea' id='block_1_28' title="bbox 1862 1397 3432 1465">
    <p class='ocr_par' dir='ltr' id='par_1_28' title="bbox 1862 1397 3432 1465">
     <span class='ocr_line' id='line_1_28' title="bbox 1862 1397 3432 1465; baseline 0.007 -14"><span class='ocrx_word' id='word_1_180' title='bbox 1862 1397 2099 1464; x_wconf 91' lang='lat' dir='ltr'><strong>bamina,</strong></span> <span class='ocrx_word' id='word_1_181' title='bbox 2146 1400 2444 1455; x_wconf 90' lang='lat' dir='ltr'><strong>liberalium</strong></span> <span class='ocrx_word' id='word_1_182' title='bbox 2498 1405 2696 1457; x_wconf 89' lang='lat' dir='ltr'><strong>artium</strong></span> <span class='ocrx_word' id='word_1_183' title='bbox 2739 1406 3091 1460; x_wconf 89' lang='lat' dir='ltr'><strong>sumebantur</strong></span> <span class='ocrx_word' id='word_1_184' title='bbox 3155 1410 3432 1465; x_wconf 78' lang='lat' dir='ltr'><strong>exercitia.</strong></span> 
     </span>
    </p>
   </div>
   <div class='ocr_carea' id='block_1_29' title="bbox 1862 1487 3432 1563">
    <p class='ocr_par' dir='ltr' id='par_1_29' title="bbox 1862 1487 3432 1563">
     <span class='ocr_line' id='line_1_29' title="bbox 1862 1487 3432 1563; baseline 0.009 -25"><span class='ocrx_word' id='word_1_185' title='bbox 1862 1487 1991 1540; x_wconf 86' lang='lat' dir='ltr'><strong>Erat</strong></span> <span class='ocrx_word' id='word_1_186' title='bbox 2013 1489 2060 1540; x_wconf 91' lang='lat' dir='ltr'><strong>ei</strong></span> <span class='ocrx_word' id='word_1_187' title='bbox 2087 1489 2187 1542; x_wconf 90' lang='lat' dir='ltr'><strong>hoc</strong></span> <span class='ocrx_word' id='word_1_188' title='bbox 2211 1490 2536 1558; x_wconf 67' lang='lat' dir='ltr'><strong>praecipuum</strong></span> <span class='ocrx_word' id='word_1_189' title='bbox 2561 1493 3334 1563; x_wconf 69' lang='lat' dir='ltr'><strong>adhmrerelateribussenum;</strong></span> <span class='ocrx_word' id='word_1_190' title='bbox 3359 1508 3432 1563; x_wconf 87' lang='lat' dir='ltr'><strong>et,</strong></span> 
     </span>
    </p>
   </div>
   <div class='ocr_carea' id='block_1_30' title="bbox 1859 1576 3430 1651">
    <p class='ocr_par' dir='ltr' id='par_1_30' title="bbox 1859 1576 3430 1651">
     <span class='ocr_line' id='line_1_30' title="bbox 1859 1576 3430 1651; baseline 0.008 -22"><span class='ocrx_word' id='word_1_191' title='bbox 1859 1576 1985 1632; x_wconf 90' lang='lat' dir='ltr'><strong>licet</strong></span> <span class='ocrx_word' id='word_1_192' title='bbox 2011 1579 2170 1632; x_wconf 91' lang='lat' dir='ltr'><strong>certis</strong></span> <span class='ocrx_word' id='word_1_193' title='bbox 2201 1580 2348 1633; x_wconf 92' lang='lat' dir='ltr'><strong>horis</strong></span> <span class='ocrx_word' id='word_1_194' title='bbox 2388 1581 2874 1650; x_wconf 85' lang='lat' dir='ltr'><strong>condiscipulorum</strong></span> <span class='ocrx_word' id='word_1_195' title='bbox 2896 1585 3153 1651; x_wconf 89' lang='lat' dir='ltr'><strong>gauderet</strong></span> <span class='ocrx_word' id='word_1_196' title='bbox 3172 1587 3430 1642; x_wconf 79' lang='lat' dir='ltr'><strong>societate</strong></span> 
     </span>
    </p>
   </div>
   <div class='ocr_carea' id='block_1_31' title="bbox 1861 1671 3434 1743">
    <p class='ocr_par' dir='ltr' id='par_1_31' title="bbox 1861 1671 3434 1743">
     <span class='ocr_line' id='line_1_31' title="bbox 1861 1671 3434 1743; baseline 0.006 -22"><span class='ocrx_word' id='word_1_197' title='bbox 1861 1683 2116 1733; x_wconf 91' lang='lat' dir='ltr'><strong>suorum,</strong></span> <span class='ocrx_word' id='word_1_198' title='bbox 2173 1673 2652 1740; x_wconf 81' lang='lat' dir='ltr'><strong>incompeteutibus</strong></span> <span class='ocrx_word' id='word_1_199' title='bbox 2713 1671 2790 1743; x_wconf 70' lang='grc'><strong>(2)</strong></span> <span class='ocrx_word' id='word_1_200' title='bbox 2835 1675 3163 1742; x_wconf 87' lang='lat' dir='ltr'><strong>temporibus</strong></span> <span class='ocrx_word' id='word_1_201' title='bbox 3208 1675 3434 1734; x_wconf 81' lang='lat' dir='ltr'><strong>vicinior</strong></span> 
     </span>
    </p>
   </div>
   <div class='ocr_carea' id='block_1_32' title="bbox 1861 1759 2540 1816">
    <p class='ocr_par' dir='ltr' id='par_1_32' title="bbox 1861 1759 2540 1816">
     <span class='ocr_line' id='line_1_32' title="bbox 1861 1759 2540 1816; baseline 0.004 -3"><span class='ocrx_word' id='word_1_202' title='bbox 1861 1759 2190 1813; x_wconf 75' lang='lat' dir='ltr'><strong>efﬁciebatur</strong></span> <span class='ocrx_word' id='word_1_203' title='bbox 2220 1762 2540 1816; x_wconf 89' lang='lat' dir='ltr'><strong>seni0ribus.</strong></span> 
     </span>
    </p>
   </div>
   <div class='ocr_carea' id='block_1_33' title="bbox 197 1832 3432 1921">
    <p class='ocr_par' dir='ltr' id='par_1_33' title="bbox 197 1832 3432 1921">
     <span class='ocr_line' id='line_1_33' title="bbox 197 1832 3432 1921; baseline 0.003 -16"><span class='ocrx_word' id='word_1_204' title='bbox 197 1852 342 1905; x_wconf 89' lang='lat' dir='ltr'><strong>bilum</strong></span> <span class='ocrx_word' id='word_1_205' title='bbox 396 1848 686 1904; x_wconf 78' lang='lat' dir='ltr'><strong>monasliCi</strong></span> <span class='ocrx_word' id='word_1_206' title='bbox 729 1854 1042 1916; x_wconf 62' lang='lat' dir='ltr'><strong>Susceperat</strong></span> <span class='ocrx_word' id='word_1_207' title='bbox 1085 1844 1315 1909; x_wconf 63' lang='lat' dir='ltr'><strong>ordinis;</strong></span> <span class='ocrx_word' id='word_1_208' title='bbox 1356 1850 1494 1896; x_wconf 69' lang='lat' dir='ltr'><strong>a&#39;lCl&#39;</strong></span> <span class='ocrx_word' id='word_1_209' title='bbox 1532 1848 1756 1895; x_wconf 68' lang='grc' dir='ltr'><strong>νοεθιιιε</strong></span> <span class='ocrx_word' id='word_1_210' title='bbox 1791 1832 1834 1890; x_wconf 72' lang='grc' dir='ltr'><strong>Β</strong></span> <span class='ocrx_word' id='word_1_211' title='bbox 1933 1843 2060 1904; x_wconf 60' lang='lat' dir='ltr'><strong>CAP.</strong></span> <span class='ocrx_word' id='word_1_212' title='bbox 2097 1849 2179 1904; x_wconf 93' lang='lat' dir='ltr'><strong>Ill.</strong></span> <span class='ocrx_word' id='word_1_213' title='bbox 2229 1849 2477 1921; x_wconf 78' lang='lat' dir='ltr'><strong>Magister</strong></span> <span class='ocrx_word' id='word_1_214' title='bbox 2507 1852 2804 1907; x_wconf 75' lang='lat' dir='ltr'><strong>scholarum</strong></span> <span class='ocrx_word' id='word_1_215' title='bbox 2844 1853 3099 1910; x_wconf 82' lang='lat' dir='ltr'><strong>Flariaci.</strong></span> <span class='ocrx_word' id='word_1_216' title='bbox 3127 1859 3432 1915; x_wconf 61' lang='lat' dir='ltr'><strong>Academias</strong></span> 
     </span>
    </p>
   </div>
   <div class='ocr_carea' id='block_1_34' title="bbox 197 1930 1758 2004">
    <p class='ocr_par' dir='ltr' id='par_1_34' title="bbox 197 1930 1758 2004">
     <span class='ocr_line' id='line_1_34' title="bbox 197 1930 1758 2004; baseline -0.008 -12"><span class='ocrx_word' id='word_1_217' title='bbox 197 1947 264 1992; x_wconf 89' lang='lat' dir='ltr'><strong>est</strong></span> <span class='ocrx_word' id='word_1_218' title='bbox 289 1937 660 2001; x_wconf 89' lang='lat' dir='ltr'><strong>Christianus,</strong></span> <span class='ocrx_word' id='word_1_219' title='bbox 703 1935 794 2004; x_wconf 90' lang='lat' dir='ltr'><strong>qui</strong></span> <span class='ocrx_word' id='word_1_220' title='bbox 826 1935 926 1989; x_wconf 91' lang='lat' dir='ltr'><strong>sub</strong></span> <span class='ocrx_word' id='word_1_221' title='bbox 953 1932 1192 1988; x_wconf 83' lang='lat' dir='ltr'><strong>clericali</strong></span> <span class='ocrx_word' id='word_1_222' title='bbox 1222 1940 1373 1985; x_wconf 86' lang='lat' dir='ltr'><strong>veste</strong></span> <span class='ocrx_word' id='word_1_223' title='bbox 1399 1930 1617 1985; x_wconf 90' lang='lat' dir='ltr'><strong>Christo</strong></span> <span class='ocrx_word' id='word_1_224' title='bbox 1647 1940 1758 1984; x_wconf 90' lang='lat' dir='ltr'><strong>stu-</strong></span> 
     </span>
    </p>
   </div>
   <div class='ocr_carea' id='block_1_35' title="bbox 199 2023 1757 2098">
    <p class='ocr_par' dir='ltr' id='par_1_35' title="bbox 199 2023 1757 2098">
     <span class='ocr_line' id='line_1_35' title="bbox 199 2023 1757 2098; baseline -0.007 -14"><span class='ocrx_word' id='word_1_225' title='bbox 199 2029 333 2086; x_wconf 80' lang='lat' dir='ltr'><strong>debat</strong></span> <span class='ocrx_word' id='word_1_226' title='bbox 380 2029 675 2094; x_wconf 89' lang='lat' dir='ltr'><strong>deservire,</strong></span> <span class='ocrx_word' id='word_1_227' title='bbox 727 2042 889 2098; x_wconf 87' lang='lat' dir='ltr'><strong>grave</strong></span> <span class='ocrx_word' id='word_1_228' title='bbox 934 2025 1036 2080; x_wconf 91' lang='lat' dir='ltr'><strong>sibi</strong></span> <span class='ocrx_word' id='word_1_229' title='bbox 1079 2023 1375 2078; x_wconf 89' lang='lat' dir='ltr'><strong>formidans</strong></span> <span class='ocrx_word' id='word_1_230' title='bbox 1418 2023 1757 2092; x_wconf 78' lang='lat' dir='ltr'><strong>dispendium</strong></span> 
     </span>
    </p>
   </div>
   <div class='ocr_carea' id='block_1_36' title="bbox 199 2115 1754 2190">
    <p class='ocr_par' dir='ltr' id='par_1_36' title="bbox 199 2115 1754 2190">
     <span class='ocr_line' id='line_1_36' title="bbox 199 2115 1754 2190; baseline -0.008 -12"><span class='ocrx_word' id='word_1_231' title='bbox 199 2122 480 2187; x_wconf 78' lang='lat' dir='ltr'><strong>imminere,</strong></span> <span class='ocrx_word' id='word_1_232' title='bbox 504 2124 548 2177; x_wconf 92' lang='lat' dir='ltr'><strong>si</strong></span> <span class='ocrx_word' id='word_1_233' title='bbox 571 2121 686 2190; x_wconf 84' lang='lat' dir='ltr'><strong>ejus</strong></span> <span class='ocrx_word' id='word_1_234' title='bbox 702 2137 804 2176; x_wconf 93' lang='lat' dir='ltr'><strong>non</strong></span> <span class='ocrx_word' id='word_1_235' title='bbox 828 2126 1144 2190; x_wconf 88' lang='lat' dir='ltr'><strong>sequeretur</strong></span> <span class='ocrx_word' id='word_1_236' title='bbox 1168 2132 1265 2186; x_wconf 89' lang='lat' dir='ltr'><strong>pro</strong></span> <span class='ocrx_word' id='word_1_237' title='bbox 1293 2130 1449 2186; x_wconf 90' lang='lat' dir='ltr'><strong>posse</strong></span> <span class='ocrx_word' id='word_1_238' title='bbox 1473 2115 1719 2169; x_wconf 90' lang='lat' dir='ltr'><strong>mandata</strong></span> <span class='ocrx_word' id='word_1_239' title='bbox 1739 2154 1754 2178; x_wconf 95' lang='lat'><strong>,</strong></span> 
     </span>
    </p>
   </div>
   <div class='ocr_carea' id='block_1_37' title="bbox 201 2208 1757 2285">
    <p class='ocr_par' dir='ltr' id='par_1_37' title="bbox 201 2208 1757 2285">
     <span class='ocr_line' id='line_1_37' title="bbox 201 2208 1757 2285; baseline -0.005 -17"><span class='ocrx_word' id='word_1_240' title='bbox 201 2230 223 2268; x_wconf 87' lang='lat' dir='ltr'><strong>a</strong></span> <span class='ocrx_word' id='word_1_241' title='bbox 239 2230 329 2285; x_wconf 91' lang='lat' dir='ltr'><strong>quo</strong></span> <span class='ocrx_word' id='word_1_242' title='bbox 352 2215 778 2270; x_wconf 84' lang='lat' dir='ltr'><strong>nominisetiam</strong></span> <span class='ocrx_word' id='word_1_243' title='bbox 811 2212 1014 2283; x_wconf 84' lang='lat' dir='ltr'><strong>proprii</strong></span> <span class='ocrx_word' id='word_1_244' title='bbox 1041 2212 1264 2266; x_wconf 89' lang='lat' dir='ltr'><strong>duceret</strong></span> <span class='ocrx_word' id='word_1_245' title='bbox 1285 2209 1561 2278; x_wconf 77' lang='lat' dir='ltr'><strong>stigmata.</strong></span> <span class='ocrx_word' id='word_1_246' title='bbox 1583 2208 1757 2260; x_wconf 84' lang='lat' dir='ltr'><strong>Ambo</strong></span> 
     </span>
    </p>
   </div>
   <div class='ocr_carea' id='block_1_38' title="bbox 201 2299 1756 2376">
    <p class='ocr_par' dir='ltr' id='par_1_38' title="bbox 201 2299 1756 2376">
     <span class='ocr_line' id='line_1_38' title="bbox 201 2299 1756 2376; baseline -0.004 -18"><span class='ocrx_word' id='word_1_247' title='bbox 201 2307 379 2361; x_wconf 79' lang='lat' dir='ltr'><strong>amoris</strong></span> <span class='ocrx_word' id='word_1_248' title='bbox 414 2305 628 2360; x_wconf 87' lang='lat' dir='ltr'><strong>Domini</strong></span> <span class='ocrx_word' id='word_1_249' title='bbox 659 2305 778 2376; x_wconf 90' lang='lat' dir='ltr'><strong>igue</strong></span> <span class='ocrx_word' id='word_1_250' title='bbox 810 2303 1100 2367; x_wconf 85' lang='lat' dir='ltr'><strong>ferventes,</strong></span> <span class='ocrx_word' id='word_1_251' title='bbox 1134 2301 1294 2355; x_wconf 91' lang='lat' dir='ltr'><strong>ambo</strong></span> <span class='ocrx_word' id='word_1_252' title='bbox 1330 2301 1383 2355; x_wconf 91' lang='lat' dir='ltr'><strong>in</strong></span> <span class='ocrx_word' id='word_1_253' title='bbox 1420 2299 1608 2352; x_wconf 86' lang='lat' dir='ltr'><strong>ordine</strong></span> <span class='ocrx_word' id='word_1_254' title='bbox 1632 2314 1756 2368; x_wconf 84' lang='lat' dir='ltr'><strong>pre-</strong></span> 
     </span>
    </p>
   </div>
   <div class='ocr_carea' id='block_1_39' title="bbox 201 2387 1753 2464">
    <p class='ocr_par' dir='ltr' id='par_1_39' title="bbox 201 2387 1753 2464">
     <span class='ocr_line' id='line_1_39' title="bbox 201 2387 1753 2464; baseline -0.005 -15"><span class='ocrx_word' id='word_1_255' title='bbox 201 2396 507 2464; x_wconf 71' lang='lat' dir='ltr'><strong>sbyteratus,</strong></span> <span class='ocrx_word' id='word_1_256' title='bbox 568 2408 692 2448; x_wconf 89' lang='lat' dir='ltr'><strong>cum</strong></span> <span class='ocrx_word' id='word_1_257' title='bbox 746 2392 1016 2446; x_wconf 74' lang='lat' dir='ltr'><strong>sacrificio</strong></span> <span class='ocrx_word' id='word_1_258' title='bbox 1075 2399 1272 2444; x_wconf 75' lang='lat' dir='ltr'><strong>nostra:</strong></span> <span class='ocrx_word' id='word_1_259' title='bbox 1345 2387 1753 2457; x_wconf 88' lang='lat' dir='ltr'><strong>redemptionis,</strong></span> 
     </span>
    </p>
   </div>
   <div class='ocr_carea' id='block_1_40' title="bbox 201 2474 1753 2556">
    <p class='ocr_par' dir='ltr' id='par_1_40' title="bbox 201 2474 1753 2556">
     <span class='ocr_line' id='line_1_40' title="bbox 201 2474 1753 2556; baseline -0.006 -15"><span class='ocrx_word' id='word_1_260' title='bbox 201 2488 376 2555; x_wconf 60' lang='lat' dir='ltr'><strong>seipbos</strong></span> <span class='ocrx_word' id='word_1_261' title='bbox 405 2500 624 2556; x_wconf 79' lang='lat' dir='ltr'><strong>quoque</strong></span> <span class='ocrx_word' id='word_1_262' title='bbox 648 2474 760 2538; x_wconf 84' lang='lat' dir='ltr'><strong>Deo</strong></span> <span class='ocrx_word' id='word_1_263' title='bbox 781 2484 834 2537; x_wconf 91' lang='lat' dir='ltr'><strong>in</strong></span> <span class='ocrx_word' id='word_1_264' title='bbox 851 2498 946 2536; x_wconf 89' lang='lat' dir='ltr'><strong>ara</strong></span> <span class='ocrx_word' id='word_1_265' title='bbox 965 2481 1304 2536; x_wconf 90' lang='lat' dir='ltr'><strong>immolantes</strong></span> <span class='ocrx_word' id='word_1_266' title='bbox 1323 2479 1525 2534; x_wconf 92' lang='lat' dir='ltr'><strong>cordis.</strong></span> <span class='ocrx_word' id='word_1_267' title='bbox 1551 2479 1753 2533; x_wconf 90' lang='lat' dir='ltr'><strong>llorum</strong></span> 
     </span>
    </p>
   </div>
   <div class='ocr_carea' id='block_1_41' title="bbox 202 2571 1749 2648">
    <p class='ocr_par' dir='ltr' id='par_1_41' title="bbox 202 2571 1749 2648">
     <span class='ocr_line' id='line_1_41' title="bbox 202 2571 1749 2648; baseline -0.004 -17"><span class='ocrx_word' id='word_1_268' title='bbox 202 2577 357 2648; x_wconf 82' lang='lat' dir='ltr'><strong>itaque</strong></span> <span class='ocrx_word' id='word_1_269' title='bbox 412 2577 647 2633; x_wconf 82' lang='lat' dir='ltr'><strong>ferventi</strong></span> <span class='ocrx_word' id='word_1_270' title='bbox 704 2575 1075 2631; x_wconf 87' lang='lat' dir='ltr'><strong>admonitione</strong></span> <span class='ocrx_word' id='word_1_271' title='bbox 1128 2575 1404 2644; x_wconf 88' lang='lat' dir='ltr'><strong>genitores</strong></span> <span class='ocrx_word' id='word_1_272' title='bbox 1465 2571 1749 2625; x_wconf 89' lang='lat' dir='ltr'><strong>memorati</strong></span> 
     </span>
    </p>
   </div>
   <div class='ocr_carea' id='block_1_42' title="bbox 201 2667 1754 2740">
    <p class='ocr_par' dir='ltr' id='par_1_42' title="bbox 201 2667 1754 2740">
     <span class='ocr_line' id='line_1_42' title="bbox 201 2667 1754 2740; baseline -0.001 -18"><span class='ocrx_word' id='word_1_273' title='bbox 201 2671 580 2738; x_wconf 82' lang='lat' dir='ltr'><strong>pucriAbbonis</strong></span> <span class='ocrx_word' id='word_1_274' title='bbox 597 2671 770 2740; x_wconf 90' lang='lat' dir='ltr'><strong>ipsum</strong></span> <span class='ocrx_word' id='word_1_275' title='bbox 793 2671 857 2724; x_wconf 90' lang='lat' dir='ltr'><strong>ad</strong></span> <span class='ocrx_word' id='word_1_276' title='bbox 880 2669 1221 2723; x_wconf 85' lang='lat' dir='ltr'><strong>serviendum</strong></span> <span class='ocrx_word' id='word_1_277' title='bbox 1244 2667 1460 2722; x_wconf 86' lang='lat' dir='ltr'><strong>Christo</strong></span> <span class='ocrx_word' id='word_1_278' title='bbox 1484 2674 1539 2721; x_wconf 92' lang='lat' dir='ltr'><strong>et</strong></span> <span class='ocrx_word' id='word_1_279' title='bbox 1567 2675 1754 2720; x_wconf 90' lang='lat' dir='ltr'><strong>sancto</strong></span> 
     </span>
    </p>
   </div>
   <div class='ocr_carea' id='block_1_43' title="bbox 199 2759 1022 2830">
    <p class='ocr_par' dir='ltr' id='par_1_43' title="bbox 199 2759 1022 2830">
     <span class='ocr_line' id='line_1_43' title="bbox 199 2759 1022 2830; baseline -0.002 -17"><span class='ocrx_word' id='word_1_280' title='bbox 199 2761 317 2830; x_wconf 82' lang='lat' dir='ltr'><strong>patri</strong></span> <span class='ocrx_word' id='word_1_281' title='bbox 346 2762 686 2815; x_wconf 86' lang='lat' dir='ltr'><strong>tradiderunt</strong></span> <span class='ocrx_word' id='word_1_282' title='bbox 714 2759 1022 2814; x_wconf 87' lang='lat' dir='ltr'><strong>Benedicto.</strong></span> 
     </span>
    </p>
   </div>
   <div class='ocr_carea' id='block_1_44' title="bbox 257 2844 1754 2916">
    <p class='ocr_par' dir='ltr' id='par_1_44' title="bbox 257 2844 1754 2916">
     <span class='ocr_line' id='line_1_44' title="bbox 257 2844 1754 2916; baseline -0.005 -14"><span class='ocrx_word' id='word_1_283' title='bbox 257 2847 370 2902; x_wconf 69' lang='lat' dir='ltr'><strong>Car.</strong></span> <span class='ocrx_word' id='word_1_284' title='bbox 409 2848 472 2902; x_wconf 92' lang='lat' dir='ltr'><strong>ll.</strong></span> <span class='ocrx_word' id='word_1_285' title='bbox 503 2847 611 2903; x_wconf 85' lang='lat' dir='ltr'><strong>Sub</strong></span> <span class='ocrx_word' id='word_1_286' title='bbox 635 2847 875 2916; x_wconf 81' lang='lat' dir='ltr'><strong>Wlfaido</strong></span> <span class='ocrx_word' id='word_1_287' title='bbox 905 2847 1110 2900; x_wconf 83' lang='lat' dir='ltr'><strong>abbate.</strong></span> <span class='ocrx_word' id='word_1_288' title='bbox 1135 2845 1266 2900; x_wconf 86' lang='lat' dir='ltr'><strong>Cum</strong></span> <span class='ocrx_word' id='word_1_289' title='bbox 1288 2844 1478 2900; x_wconf 79' lang='lat' dir='ltr'><strong>studiis</strong></span> <span class='ocrx_word' id='word_1_290' title='bbox 1501 2844 1754 2913; x_wconf 81' lang='lat' dir='ltr'><strong>pietatem</strong></span> 
     </span>
    </p>
   </div>
   <div class='ocr_carea' id='block_1_45' title="bbox 204 2934 1752 3009">
    <p class='ocr_par' dir='ltr' id='par_1_45' title="bbox 204 2934 1752 3009">
     <span class='ocr_line' id='line_1_45' title="bbox 204 2934 1752 3009; baseline -0.001 -19"><span class='ocrx_word' id='word_1_291' title='bbox 204 2939 465 3009; x_wconf 84' lang='lat' dir='ltr'><strong>conjungit.</strong></span> <span class='ocrx_word' id='word_1_292' title='bbox 523 2969 594 2980; x_wconf 88' lang='lat'><strong>——</strong></span> <span class='ocrx_word' id='word_1_293' title='bbox 652 2937 862 3009; x_wconf 82' lang='lat' dir='ltr'><strong>Agebat</strong></span> <span class='ocrx_word' id='word_1_294' title='bbox 922 2936 1110 2992; x_wconf 89' lang='lat' dir='ltr'><strong>eodem</strong></span> <span class='ocrx_word' id='word_1_295' title='bbox 1161 2944 1404 3005; x_wconf 89' lang='lat' dir='ltr'><strong>tempore</strong></span> <span class='ocrx_word' id='word_1_296' title='bbox 1460 2934 1752 3004; x_wconf 89' lang='lat' dir='ltr'><strong>pastoralis</strong></span> 
     </span>
    </p>
   </div>
   <div class='ocr_carea' id='block_1_46' title="bbox 205 3024 1752 3085">
    <p class='ocr_par' dir='ltr' id='par_1_46' title="bbox 205 3024 1752 3085">
     <span class='ocr_line' id='line_1_46' title="bbox 205 3024 1752 3085; baseline -0.003 -3"><span class='ocrx_word' id='word_1_297' title='bbox 205 3043 362 3083; x_wconf 87' lang='lat' dir='ltr'><strong>curam</strong></span> <span class='ocrx_word' id='word_1_298' title='bbox 391 3029 774 3085; x_wconf 85' lang='lat' dir='ltr'><strong>sollicitudinis</strong></span> <span class='ocrx_word' id='word_1_299' title='bbox 799 3029 851 3082; x_wconf 92' lang='lat' dir='ltr'><strong>in</strong></span> <span class='ocrx_word' id='word_1_300' title='bbox 885 3028 986 3083; x_wconf 90' lang='lat' dir='ltr'><strong>hoc</strong></span> <span class='ocrx_word' id='word_1_301' title='bbox 1024 3027 1397 3082; x_wconf 80' lang='lat' dir='ltr'><strong>saeratissimo</strong></span> <span class='ocrx_word' id='word_1_302' title='bbox 1421 3024 1752 3080; x_wconf 88' lang='lat' dir='ltr'><strong>Floriacensi</strong></span> 
     </span>
    </p>
   </div>
   <div class='ocr_carea' id='block_1_47' title="bbox 203 3117 1751 3185">
    <p class='ocr_par' dir='ltr' id='par_1_47' title="bbox 203 3117 1751 3185">
     <span class='ocr_line' id='line_1_47' title="bbox 203 3117 1751 3185; baseline 0 -15"><span class='ocrx_word' id='word_1_303' title='bbox 203 3117 301 3174; x_wconf 90' lang='lat' dir='ltr'><strong>loco</strong></span> <span class='ocrx_word' id='word_1_304' title='bbox 324 3120 796 3176; x_wconf 85' lang='lat' dir='ltr'><strong>reverendissimus</strong></span> <span class='ocrx_word' id='word_1_305' title='bbox 817 3120 1003 3185; x_wconf 87' lang='lat' dir='ltr'><strong>abbas,</strong></span> <span class='ocrx_word' id='word_1_306' title='bbox 1024 3119 1289 3174; x_wconf 82' lang='lat' dir='ltr'><strong>Wlfaldus</strong></span> <span class='ocrx_word' id='word_1_307' title='bbox 1327 3118 1585 3172; x_wconf 89' lang='lat' dir='ltr'><strong>vocabulo</strong></span> <span class='ocrx_word' id='word_1_308' title='bbox 1601 3156 1615 3180; x_wconf 93' lang='lat'><strong>,</strong></span> <span class='ocrx_word' id='word_1_309' title='bbox 1643 3118 1751 3170; x_wconf 91' lang='lat' dir='ltr'><strong>Deo</strong></span> 
     </span>
    </p>
   </div>
   <div class='ocr_carea' id='block_1_48' title="bbox 1857 1937 3432 2020">
    <p class='ocr_par' dir='ltr' id='par_1_48' title="bbox 1857 1937 3432 2020">
     <span class='ocr_line' id='line_1_48' title="bbox 1857 1937 3432 2020; baseline 0.01 -30"><span class='ocrx_word' id='word_1_310' title='bbox 1857 1937 2065 1992; x_wconf 76' lang='lat' dir='ltr'><strong>lustrat.</strong></span> <span class='ocrx_word' id='word_1_311' title='bbox 2096 1938 2303 2008; x_wconf 79' lang='lat' dir='ltr'><strong>Scripta</strong></span> <span class='ocrx_word' id='word_1_312' title='bbox 2339 1942 2546 1993; x_wconf 84' lang='lat' dir='ltr'><strong>edit.—</strong></span> <span class='ocrx_word' id='word_1_313' title='bbox 2569 1942 2700 1996; x_wconf 87' lang='lat' dir='ltr'><strong>Cum</strong></span> <span class='ocrx_word' id='word_1_314' title='bbox 2727 1959 2856 1997; x_wconf 82' lang='lat' dir='ltr'><strong>vero</strong></span> <span class='ocrx_word' id='word_1_315' title='bbox 2874 1943 2985 2013; x_wconf 87' lang='lat' dir='ltr'><strong>jam</strong></span> <span class='ocrx_word' id='word_1_316' title='bbox 3014 1947 3080 1999; x_wconf 88' lang='lat' dir='ltr'><strong>ad</strong></span> <span class='ocrx_word' id='word_1_317' title='bbox 3112 1957 3268 2003; x_wconf 74' lang='lat' dir='ltr'><strong>tanta:</strong></span> <span class='ocrx_word' id='word_1_318' title='bbox 3290 1966 3432 2020; x_wconf 75' lang='lat' dir='ltr'><strong>pm—</strong></span> 
     </span>
    </p>
   </div>
   <div class='ocr_carea' id='block_1_49' title="bbox 1859 2027 3426 2108">
    <p class='ocr_par' dir='ltr' id='par_1_49' title="bbox 1859 2027 3426 2108">
     <span class='ocr_line' id='line_1_49' title="bbox 1859 2027 3426 2108; baseline 0.01 -28"><span class='ocrx_word' id='word_1_319' title='bbox 1859 2027 2075 2083; x_wconf 90' lang='lat' dir='ltr'><strong>fecisset</strong></span> <span class='ocrx_word' id='word_1_320' title='bbox 2099 2029 2368 2097; x_wconf 77' lang='lat' dir='ltr'><strong>fastigium</strong></span> <span class='ocrx_word' id='word_1_321' title='bbox 2403 2032 2665 2098; x_wconf 67' lang='lat' dir='ltr'><strong>scicntite,</strong></span> <span class='ocrx_word' id='word_1_322' title='bbox 2705 2042 2764 2087; x_wconf 89' lang='lat' dir='ltr'><strong>ut</strong></span> <span class='ocrx_word' id='word_1_323' title='bbox 2790 2035 2908 2089; x_wconf 88' lang='lat' dir='ltr'><strong>aliis</strong></span> <span class='ocrx_word' id='word_1_324' title='bbox 2943 2052 3157 2106; x_wconf 86' lang='lat' dir='ltr'><strong>quoque</strong></span> <span class='ocrx_word' id='word_1_325' title='bbox 3193 2055 3367 2108; x_wconf 74' lang='lat' dir='ltr'><strong>perccj</strong></span> <span class='ocrx_word' id='word_1_326' title='bbox 3389 2043 3426 2095; x_wconf 92' lang='lat' dir='ltr'><strong>ti</strong></span> 
     </span>
    </p>
   </div>
   <div class='ocr_carea' id='block_1_50' title="bbox 1857 2119 3426 2198">
    <p class='ocr_par' dir='ltr' id='par_1_50' title="bbox 1857 2119 3426 2198">
     <span class='ocr_line' id='line_1_50' title="bbox 1857 2119 3426 2198; baseline 0.008 -27"><span class='ocrx_word' id='word_1_327' title='bbox 1857 2119 2040 2173; x_wconf 87' lang='lat' dir='ltr'><strong>talenti</strong></span> <span class='ocrx_word' id='word_1_328' title='bbox 2078 2121 2278 2174; x_wconf 85' lang='lat' dir='ltr'><strong>valeret</strong></span> <span class='ocrx_word' id='word_1_329' title='bbox 2307 2122 2620 2175; x_wconf 89' lang='lat' dir='ltr'><strong>donativum</strong></span> <span class='ocrx_word' id='word_1_330' title='bbox 2649 2139 2896 2195; x_wconf 84' lang='lat' dir='ltr'><strong>erogare,</strong></span> <span class='ocrx_word' id='word_1_331' title='bbox 2923 2128 3222 2181; x_wconf 87' lang='lat' dir='ltr'><strong>imbuendis</strong></span> <span class='ocrx_word' id='word_1_332' title='bbox 3253 2133 3426 2198; x_wconf 68' lang='grc' dir='ltr'><strong>ιιι-ιυῐί-</strong></span> 
     </span>
    </p>
   </div>
   <div class='ocr_carea' id='block_1_51' title="bbox 1855 2210 3428 2286">
    <p class='ocr_par' dir='ltr' id='par_1_51' title="bbox 1855 2210 3428 2286">
     <span class='ocr_line' id='line_1_51' title="bbox 1855 2210 3428 2286; baseline 0.005 -23"><span class='ocrx_word' id='word_1_333' title='bbox 1855 2210 1994 2263; x_wconf 92' lang='lat' dir='ltr'><strong>citur</strong></span> <span class='ocrx_word' id='word_1_334' title='bbox 2022 2211 2386 2276; x_wconf 85' lang='lat' dir='ltr'><strong>scholasticis;</strong></span> <span class='ocrx_word' id='word_1_335' title='bbox 2443 2227 2579 2282; x_wconf 90' lang='lat' dir='ltr'><strong>quos</strong></span> <span class='ocrx_word' id='word_1_336' title='bbox 2621 2213 2735 2279; x_wconf 91' lang='lat' dir='ltr'><strong>ille,</strong></span> <span class='ocrx_word' id='word_1_337' title='bbox 2795 2232 2892 2286; x_wconf 90' lang='lat' dir='ltr'><strong>per</strong></span> <span class='ocrx_word' id='word_1_338' title='bbox 2921 2217 3124 2286; x_wconf 85' lang='lat' dir='ltr'><strong>aliquot</strong></span> <span class='ocrx_word' id='word_1_339' title='bbox 3169 2234 3428 2271; x_wconf 89' lang='lat' dir='ltr'><strong>annorum</strong></span> 
     </span>
    </p>
   </div>
   <div class='ocr_carea' id='block_1_52' title="bbox 1855 2302 3428 2366">
    <p class='ocr_par' dir='ltr' id='par_1_52' title="bbox 1855 2302 3428 2366">
     <span class='ocr_line' id='line_1_52' title="bbox 1855 2302 3428 2366; baseline 0.007 -11"><span class='ocrx_word' id='word_1_340' title='bbox 1855 2302 2152 2365; x_wconf 88' lang='lat' dir='ltr'><strong>curricula,</strong></span> <span class='ocrx_word' id='word_1_341' title='bbox 2201 2303 2428 2359; x_wconf 86' lang='lat' dir='ltr'><strong>lectione</strong></span> <span class='ocrx_word' id='word_1_342' title='bbox 2479 2306 2639 2360; x_wconf 88' lang='lat' dir='ltr'><strong>simul</strong></span> <span class='ocrx_word' id='word_1_343' title='bbox 2684 2315 2736 2362; x_wconf 88' lang='lat' dir='ltr'><strong>et</strong></span> <span class='ocrx_word' id='word_1_344' title='bbox 2793 2309 3058 2363; x_wconf 88' lang='lat' dir='ltr'><strong>cantilena</strong></span> <span class='ocrx_word' id='word_1_345' title='bbox 3112 2327 3236 2366; x_wconf 88' lang='lat' dir='ltr'><strong>cum</strong></span> <span class='ocrx_word' id='word_1_346' title='bbox 3283 2321 3428 2366; x_wconf 83' lang='lat' dir='ltr'><strong>tanta</strong></span> 
     </span>
    </p>
   </div>
   <div class='ocr_carea' id='block_1_53' title="bbox 1855 2394 3440 2467">
    <p class='ocr_par' dir='ltr' id='par_1_53' title="bbox 1855 2394 3440 2467">
     <span class='ocr_line' id='line_1_53' title="bbox 1855 2394 3440 2467; baseline 0.004 -23"><span class='ocrx_word' id='word_1_347' title='bbox 1855 2394 2085 2447; x_wconf 89' lang='lat' dir='ltr'><strong>erudivit</strong></span> <span class='ocrx_word' id='word_1_348' title='bbox 2111 2410 2239 2448; x_wconf 91' lang='lat' dir='ltr'><strong>cura</strong></span> <span class='ocrx_word' id='word_1_349' title='bbox 2260 2435 2274 2459; x_wconf 95' lang='lat'><strong>,</strong></span> <span class='ocrx_word' id='word_1_350' title='bbox 2301 2403 2358 2449; x_wconf 90' lang='lat' dir='ltr'><strong>ut</strong></span> <span class='ocrx_word' id='word_1_351' title='bbox 2386 2395 2559 2464; x_wconf 87' lang='lat' dir='ltr'><strong>palam</strong></span> <span class='ocrx_word' id='word_1_352' title='bbox 2592 2412 2648 2450; x_wconf 86' lang='lat' dir='ltr'><strong>se</strong></span> <span class='ocrx_word' id='word_1_353' title='bbox 2675 2400 2912 2467; x_wconf 87' lang='lat' dir='ltr'><strong>gaudere</strong></span> <span class='ocrx_word' id='word_1_354' title='bbox 2942 2407 3266 2452; x_wconf 83' lang='lat' dir='ltr'><strong>monstraret</strong></span> <span class='ocrx_word' id='word_1_355' title='bbox 3288 2407 3440 2465; x_wconf 55' lang='lat' dir='ltr'><strong>quot:</strong></span> 
     </span>
    </p>
   </div>
   <div class='ocr_carea' id='block_1_54' title="bbox 1856 2483 3432 2557">
    <p class='ocr_par' dir='ltr' id='par_1_54' title="bbox 1856 2483 3432 2557">
     <span class='ocr_line' id='line_1_54' title="bbox 1856 2483 3432 2557; baseline 0.003 -23"><span class='ocrx_word' id='word_1_356' title='bbox 1856 2483 2094 2551; x_wconf 78' lang='lat' dir='ltr'><strong>pecunia:</strong></span> <span class='ocrx_word' id='word_1_357' title='bbox 2124 2484 2223 2537; x_wconf 90' lang='lat' dir='ltr'><strong>sibi</strong></span> <span class='ocrx_word' id='word_1_358' title='bbox 2251 2485 2468 2538; x_wconf 67' lang='lat' dir='ltr'><strong>credita:</strong></span> <span class='ocrx_word' id='word_1_359' title='bbox 2496 2487 2642 2540; x_wconf 88' lang='lat' dir='ltr'><strong>lucra</strong></span> <span class='ocrx_word' id='word_1_360' title='bbox 2683 2497 3032 2557; x_wconf 75' lang='lat' dir='ltr'><strong>augmentare</strong></span> <span class='ocrx_word' id='word_1_361' title='bbox 3077 2485 3296 2541; x_wconf 89' lang='lat' dir='ltr'><strong>valeret.</strong></span> <span class='ocrx_word' id='word_1_362' title='bbox 3326 2486 3432 2539; x_wconf 80' lang='lat' dir='ltr'><strong>Ve-</strong></span> 
     </span>
    </p>
   </div>
   <div class='ocr_carea' id='block_1_55' title="bbox 1856 2573 3424 2644">
    <p class='ocr_par' dir='ltr' id='par_1_55' title="bbox 1856 2573 3424 2644">
     <span class='ocr_line' id='line_1_55' title="bbox 1856 2573 3424 2644; baseline 0.003 -20"><span class='ocrx_word' id='word_1_363' title='bbox 1856 2587 1974 2624; x_wconf 88' lang='lat' dir='ltr'><strong>rum</strong></span> <span class='ocrx_word' id='word_1_364' title='bbox 2009 2573 2118 2640; x_wconf 87' lang='lat' dir='ltr'><strong>ipse</strong></span> <span class='ocrx_word' id='word_1_365' title='bbox 2145 2612 2159 2636; x_wconf 96' lang='lat'><strong>,</strong></span> <span class='ocrx_word' id='word_1_366' title='bbox 2190 2574 2364 2628; x_wconf 89' lang='lat' dir='ltr'><strong>adlmc</strong></span> <span class='ocrx_word' id='word_1_367' title='bbox 2394 2574 2594 2642; x_wconf 86' lang='lat' dir='ltr'><strong>majora</strong></span> <span class='ocrx_word' id='word_1_368' title='bbox 2636 2575 2868 2644; x_wconf 80' lang='lat' dir='ltr'><strong>gliscens</strong></span> <span class='ocrx_word' id='word_1_369' title='bbox 2907 2580 3146 2631; x_wconf 70' lang='lat' dir='ltr'><strong>screntiae</strong></span> <span class='ocrx_word' id='word_1_370' title='bbox 3197 2576 3424 2631; x_wconf 89' lang='lat' dir='ltr'><strong>scrutari</strong></span> 
     </span>
    </p>
   </div>
   <div class='ocr_carea' id='block_1_56' title="bbox 1856 2663 3426 2734">
    <p class='ocr_par' dir='ltr' id='par_1_56' title="bbox 1856 2663 3426 2734">
     <span class='ocr_line' id='line_1_56' title="bbox 1856 2663 3426 2734; baseline 0.003 -21"><span class='ocrx_word' id='word_1_371' title='bbox 1856 2677 2080 2722; x_wconf 85' lang='lat' dir='ltr'><strong>arcana,</strong></span> <span class='ocrx_word' id='word_1_372' title='bbox 2107 2663 2444 2716; x_wconf 80' lang='lat' dir='ltr'><strong>diversorum</strong></span> <span class='ocrx_word' id='word_1_373' title='bbox 2462 2665 2593 2717; x_wconf 89' lang='lat' dir='ltr'><strong>adiit</strong></span> <span class='ocrx_word' id='word_1_374' title='bbox 2617 2666 2890 2734; x_wconf 67' lang='lat' dir='ltr'><strong>sapientiae</strong></span> <span class='ocrx_word' id='word_1_375' title='bbox 2911 2665 3146 2719; x_wconf 80' lang='lat' dir='ltr'><strong>ofﬁcinas</strong></span> <span class='ocrx_word' id='word_1_376' title='bbox 3169 2665 3426 2728; x_wconf 84' lang='lat' dir='ltr'><strong>locorum,</strong></span> 
     </span>
    </p>
   </div>
   <div class='ocr_carea' id='block_1_57' title="bbox 1854 2752 3429 2820">
    <p class='ocr_par' dir='ltr' id='par_1_57' title="bbox 1854 2752 3429 2820">
     <span class='ocr_line' id='line_1_57' title="bbox 1854 2752 3429 2820; baseline 0.004 -18"><span class='ocrx_word' id='word_1_377' title='bbox 1854 2760 1935 2814; x_wconf 91' lang='lat' dir='ltr'><strong>ut,</strong></span> <span class='ocrx_word' id='word_1_378' title='bbox 1961 2755 2083 2820; x_wconf 89' lang='lat' dir='ltr'><strong>quia</strong></span> <span class='ocrx_word' id='word_1_379' title='bbox 2117 2752 2500 2820; x_wconf 69' lang='lat' dir='ltr'><strong>grammaticm,</strong></span> <span class='ocrx_word' id='word_1_380' title='bbox 2529 2753 2901 2818; x_wconf 86' lang='lat' dir='ltr'><strong>arithmeticae,</strong></span> <span class='ocrx_word' id='word_1_381' title='bbox 2941 2769 3035 2808; x_wconf 89' lang='lat' dir='ltr'><strong>nec</strong></span> <span class='ocrx_word' id='word_1_382' title='bbox 3058 2769 3162 2808; x_wconf 90' lang='lat' dir='ltr'><strong>non</strong></span> <span class='ocrx_word' id='word_1_383' title='bbox 3189 2752 3429 2808; x_wconf 82' lang='lat' dir='ltr'><strong>dialecti-</strong></span> 
     </span>
    </p>
   </div>
   <div class='ocr_carea' id='block_1_58' title="bbox 1853 2841 3428 2912">
    <p class='ocr_par' dir='ltr' id='par_1_58' title="bbox 1853 2841 3428 2912">
     <span class='ocr_line' id='line_1_58' title="bbox 1853 2841 3428 2912; baseline -0.001 -17"><span class='ocrx_word' id='word_1_384' title='bbox 1853 2841 2062 2908; x_wconf 66' lang='lat' dir='ltr'><strong>caejam</strong></span> <span class='ocrx_word' id='word_1_385' title='bbox 2099 2844 2166 2895; x_wconf 89' lang='lat' dir='ltr'><strong>ad</strong></span> <span class='ocrx_word' id='word_1_386' title='bbox 2207 2841 2422 2910; x_wconf 89' lang='lat' dir='ltr'><strong>plenum</strong></span> <span class='ocrx_word' id='word_1_387' title='bbox 2447 2842 2751 2912; x_wconf 87' lang='lat' dir='ltr'><strong>indaginem</strong></span> <span class='ocrx_word' id='word_1_388' title='bbox 2781 2844 3053 2912; x_wconf 75' lang='lat' dir='ltr'><strong>attigerat,</strong></span> <span class='ocrx_word' id='word_1_389' title='bbox 3079 2852 3302 2897; x_wconf 66' lang='lat' dir='ltr'><strong>czeteras</strong></span> <span class='ocrx_word' id='word_1_390' title='bbox 3347 2843 3428 2895; x_wconf 82' lang='lat' dir='ltr'><strong>in-</strong></span> 
     </span>
    </p>
   </div>
   <div class='ocr_carea' id='block_1_59' title="bbox 1854 2933 3428 3004">
    <p class='ocr_par' dir='ltr' id='par_1_59' title="bbox 1854 2933 3428 3004">
     <span class='ocr_line' id='line_1_59' title="bbox 1854 2933 3428 3004; baseline 0.002 -19"><span class='ocrx_word' id='word_1_391' title='bbox 1854 2933 2012 3003; x_wconf 88' lang='lat' dir='ltr'><strong>genio</strong></span> <span class='ocrx_word' id='word_1_392' title='bbox 2042 2949 2140 2986; x_wconf 80' lang='lat' dir='ltr'><strong>suo</strong></span> <span class='ocrx_word' id='word_1_393' title='bbox 2185 2943 2433 3003; x_wconf 85' lang='lat' dir='ltr'><strong>pergeret</strong></span> <span class='ocrx_word' id='word_1_394' title='bbox 2475 2933 2869 3004; x_wconf 89' lang='lat' dir='ltr'><strong>superadjicere</strong></span> <span class='ocrx_word' id='word_1_395' title='bbox 2903 2943 3064 2989; x_wconf 89' lang='lat' dir='ltr'><strong>artes.</strong></span> <span class='ocrx_word' id='word_1_396' title='bbox 3093 2935 3428 3003; x_wconf 86' lang='lat' dir='ltr'><strong>Quapropter</strong></span> 
     </span>
    </p>
   </div>
   <div class='ocr_carea' id='block_1_60' title="bbox 1854 3023 3430 3095">
    <p class='ocr_par' dir='ltr' id='par_1_60' title="bbox 1854 3023 3430 3095">
     <span class='ocr_line' id='line_1_60' title="bbox 1854 3023 3430 3095; baseline 0.003 -19"><span class='ocrx_word' id='word_1_397' title='bbox 1854 3023 2092 3077; x_wconf 80' lang='lat' dir='ltr'><strong>Parisius</strong></span> <span class='ocrx_word' id='word_1_398' title='bbox 2119 3034 2279 3093; x_wconf 90' lang='lat' dir='ltr'><strong>atque</strong></span> <span class='ocrx_word' id='word_1_399' title='bbox 2311 3024 2495 3080; x_wconf 79' lang='lat' dir='ltr'><strong>Remis</strong></span> <span class='ocrx_word' id='word_1_400' title='bbox 2534 3027 2599 3078; x_wconf 90' lang='lat' dir='ltr'><strong>ad</strong></span> <span class='ocrx_word' id='word_1_401' title='bbox 2626 3041 2718 3080; x_wconf 90' lang='lat' dir='ltr'><strong>eos</strong></span> <span class='ocrx_word' id='word_1_402' title='bbox 2747 3027 2836 3094; x_wconf 92' lang='lat' dir='ltr'><strong>qui</strong></span> <span class='ocrx_word' id='word_1_403' title='bbox 2871 3027 3258 3095; x_wconf 88' lang='lat' dir='ltr'><strong>philosophiam</strong></span> <span class='ocrx_word' id='word_1_404' title='bbox 3303 3041 3430 3094; x_wconf 84' lang='lat' dir='ltr'><strong>pro—</strong></span> 
     </span>
    </p>
   </div>
   <div class='ocr_carea' id='block_1_61' title="bbox 1857 3112 3432 3186">
    <p class='ocr_par' dir='ltr' id='par_1_61' title="bbox 1857 3112 3432 3186">
     <span class='ocr_line' id='line_1_61' title="bbox 1857 3112 3432 3186; baseline 0.003 -19"><span class='ocrx_word' id='word_1_405' title='bbox 1857 3112 2151 3167; x_wconf 81' lang='lat' dir='ltr'><strong>ﬁtebantur</strong></span> <span class='ocrx_word' id='word_1_406' title='bbox 2175 3114 2475 3182; x_wconf 86' lang='lat' dir='ltr'><strong>profectus,</strong></span> <span class='ocrx_word' id='word_1_407' title='bbox 2508 3116 2896 3185; x_wconf 88' lang='lat' dir='ltr'><strong>aliquantulum</strong></span> <span class='ocrx_word' id='word_1_408' title='bbox 2924 3117 3138 3186; x_wconf 90' lang='lat' dir='ltr'><strong>quidem</strong></span> <span class='ocrx_word' id='word_1_409' title='bbox 3165 3117 3215 3170; x_wconf 93' lang='lat' dir='ltr'><strong>iu</strong></span> <span class='ocrx_word' id='word_1_410' title='bbox 3259 3126 3432 3172; x_wconf 87' lang='lat' dir='ltr'><strong>astro-</strong></span> 
     </span>
    </p>
   </div>
   <div class='ocr_carea' id='block_1_62' title="bbox 204 3178 3426 3282">
    <p class='ocr_par' dir='ltr' id='par_1_62' title="bbox 204 3178 3426 3282">
     <span class='ocr_line' id='line_1_62' title="bbox 204 3178 3426 3282; baseline -0.001 -17"><span class='ocrx_word' id='word_1_411' title='bbox 204 3212 372 3266; x_wconf 89' lang='lat' dir='ltr'><strong>cbarus</strong></span> <span class='ocrx_word' id='word_1_412' title='bbox 399 3221 450 3266; x_wconf 89' lang='lat' dir='ltr'><strong>et</strong></span> <span class='ocrx_word' id='word_1_413' title='bbox 477 3211 627 3266; x_wconf 90' lang='lat' dir='ltr'><strong>omni</strong></span> <span class='ocrx_word' id='word_1_414' title='bbox 650 3209 867 3282; x_wconf 90' lang='lat' dir='ltr'><strong>populo.</strong></span> <span class='ocrx_word' id='word_1_415' title='bbox 898 3210 1032 3265; x_wconf 75' lang='lat' dir='ltr'><strong>l-luic</strong></span> <span class='ocrx_word' id='word_1_416' title='bbox 1059 3211 1222 3279; x_wconf 84' lang='lat' dir='ltr'><strong>igitur</strong></span> <span class='ocrx_word' id='word_1_417' title='bbox 1245 3226 1274 3263; x_wconf 91' lang='lat' dir='ltr'><strong>a</strong></span> <span class='ocrx_word' id='word_1_418' title='bbox 1303 3209 1618 3278; x_wconf 89' lang='lat' dir='ltr'><strong>parentibus</strong></span> <span class='ocrx_word' id='word_1_419' title='bbox 1636 3207 1750 3276; x_wconf 92' lang='lat' dir='ltr'><strong>jam</strong></span> <span class='ocrx_word' id='word_1_420' title='bbox 1779 3178 1825 3240; x_wconf 65' lang='grc' dir='ltr'><strong>θ</strong></span> <span class='ocrx_word' id='word_1_421' title='bbox 1857 3205 2057 3270; x_wconf 91' lang='lat' dir='ltr'><strong>nomia,</strong></span> <span class='ocrx_word' id='word_1_422' title='bbox 2083 3208 2175 3258; x_wconf 90' lang='lat' dir='ltr'><strong>sed</strong></span> <span class='ocrx_word' id='word_1_423' title='bbox 2203 3222 2307 3259; x_wconf 90' lang='lat' dir='ltr'><strong>non</strong></span> <span class='ocrx_word' id='word_1_424' title='bbox 2329 3216 2586 3274; x_wconf 87' lang='lat' dir='ltr'><strong>quantum</strong></span> <span class='ocrx_word' id='word_1_425' title='bbox 2612 3209 2874 3276; x_wconf 88' lang='lat' dir='ltr'><strong>cupierat,</strong></span> <span class='ocrx_word' id='word_1_426' title='bbox 2900 3209 3038 3277; x_wconf 88' lang='lat' dir='ltr'><strong>apud</strong></span> <span class='ocrx_word' id='word_1_427' title='bbox 3067 3222 3161 3261; x_wconf 90' lang='lat' dir='ltr'><strong>eos</strong></span> <span class='ocrx_word' id='word_1_428' title='bbox 3180 3209 3426 3276; x_wconf 87' lang='lat' dir='ltr'><strong>profecit.</strong></span> 
     </span>
    </p>
   </div>
   <div class='ocr_carea' id='block_1_63' title="bbox 203 3298 1752 3371">
    <p class='ocr_par' dir='ltr' id='par_1_63' title="bbox 203 3298 1752 3371">
     <span class='ocr_line' id='line_1_63' title="bbox 203 3298 1752 3371; baseline -0.001 -19"><span class='ocrx_word' id='word_1_429' title='bbox 203 3299 359 3354; x_wconf 89' lang='lat' dir='ltr'><strong>dictus</strong></span> <span class='ocrx_word' id='word_1_430' title='bbox 390 3300 542 3356; x_wconf 78' lang='lat' dir='ltr'><strong>bona:</strong></span> <span class='ocrx_word' id='word_1_431' title='bbox 588 3301 782 3354; x_wconf 85' lang='lat' dir='ltr'><strong>indolis</strong></span> <span class='ocrx_word' id='word_1_432' title='bbox 811 3301 961 3355; x_wconf 84' lang='lat' dir='ltr'><strong>Abbo</strong></span> <span class='ocrx_word' id='word_1_433' title='bbox 992 3317 1124 3371; x_wconf 91' lang='lat' dir='ltr'><strong>puer</strong></span> <span class='ocrx_word' id='word_1_434' title='bbox 1153 3301 1384 3354; x_wconf 89' lang='lat' dir='ltr'><strong>traditus</strong></span> <span class='ocrx_word' id='word_1_435' title='bbox 1414 3308 1519 3362; x_wconf 90' lang='lat' dir='ltr'><strong>est,</strong></span> <span class='ocrx_word' id='word_1_436' title='bbox 1549 3308 1605 3353; x_wconf 92' lang='lat' dir='ltr'><strong>ut</strong></span> <span class='ocrx_word' id='word_1_437' title='bbox 1632 3298 1752 3368; x_wconf 83' lang='lat' dir='ltr'><strong>ejus</strong></span> 
     </span>
    </p>
   </div>
   <div class='ocr_carea' id='block_1_64' title="bbox 203 3388 1753 3457">
    <p class='ocr_par' dir='ltr' id='par_1_64' title="bbox 203 3388 1753 3457">
     <span class='ocr_line' id='line_1_64' title="bbox 203 3388 1753 3457; baseline -0.001 -17"><span class='ocrx_word' id='word_1_438' title='bbox 203 3389 483 3457; x_wconf 86' lang='lat' dir='ltr'><strong>magisterio</strong></span> <span class='ocrx_word' id='word_1_439' title='bbox 506 3389 752 3443; x_wconf 91' lang='lat' dir='ltr'><strong>eruditus</strong></span> <span class='ocrx_word' id='word_1_440' title='bbox 781 3388 978 3443; x_wconf 91' lang='lat' dir='ltr'><strong>Christi</strong></span> <span class='ocrx_word' id='word_1_441' title='bbox 1009 3388 1310 3442; x_wconf 87' lang='lat' dir='ltr'><strong>elliceretur</strong></span> <span class='ocrx_word' id='word_1_442' title='bbox 1333 3388 1582 3441; x_wconf 88' lang='lat' dir='ltr'><strong>famulus.</strong></span> <span class='ocrx_word' id='word_1_443' title='bbox 1613 3388 1753 3440; x_wconf 86' lang='lat' dir='ltr'><strong>Ante</strong></span> 
     </span>
    </p>
   </div>
   <div class='ocr_carea' id='block_1_65' title="bbox 206 3478 1750 3546">
    <p class='ocr_par' dir='ltr' id='par_1_65' title="bbox 206 3478 1750 3546">
     <span class='ocr_line' id='line_1_65' title="bbox 206 3478 1750 3546; baseline 0.002 -18"><span class='ocrx_word' id='word_1_444' title='bbox 206 3492 344 3546; x_wconf 89' lang='lat' dir='ltr'><strong>quem</strong></span> <span class='ocrx_word' id='word_1_445' title='bbox 372 3493 488 3532; x_wconf 92' lang='lat' dir='ltr'><strong>cum</strong></span> <span class='ocrx_word' id='word_1_446' title='bbox 514 3479 566 3533; x_wconf 91' lang='lat' dir='ltr'><strong>in</strong></span> <span class='ocrx_word' id='word_1_447' title='bbox 597 3487 863 3532; x_wconf 89' lang='lat' dir='ltr'><strong>conventu</strong></span> <span class='ocrx_word' id='word_1_448' title='bbox 898 3478 1124 3531; x_wconf 81' lang='lat' dir='ltr'><strong>fratrum</strong></span> <span class='ocrx_word' id='word_1_449' title='bbox 1149 3479 1338 3532; x_wconf 89' lang='lat' dir='ltr'><strong>fuisset</strong></span> <span class='ocrx_word' id='word_1_450' title='bbox 1363 3479 1645 3541; x_wconf 88' lang='lat' dir='ltr'><strong>adductus,</strong></span> <span class='ocrx_word' id='word_1_451' title='bbox 1684 3478 1750 3531; x_wconf 93' lang='lat' dir='ltr'><strong>ab</strong></span> 
     </span>
    </p>
   </div>
   <div class='ocr_carea' id='block_1_66' title="bbox 203 3567 1751 3636">
    <p class='ocr_par' dir='ltr' id='par_1_66' title="bbox 203 3567 1751 3636">
     <span class='ocr_line' id='line_1_66' title="bbox 203 3567 1751 3636; baseline 0.001 -17"><span class='ocrx_word' id='word_1_452' title='bbox 203 3581 258 3620; x_wconf 90' lang='lat' dir='ltr'><strong>eo</strong></span> <span class='ocrx_word' id='word_1_453' title='bbox 276 3581 372 3634; x_wconf 87' lang='lat' dir='ltr'><strong>quo</strong></span> <span class='ocrx_word' id='word_1_454' title='bbox 392 3578 677 3622; x_wconf 88' lang='lat' dir='ltr'><strong>vocaretur</strong></span> <span class='ocrx_word' id='word_1_455' title='bbox 702 3569 918 3621; x_wconf 89' lang='lat' dir='ltr'><strong>nomine</strong></span> <span class='ocrx_word' id='word_1_456' title='bbox 943 3576 1026 3621; x_wconf 92' lang='lat' dir='ltr'><strong>est</strong></span> <span class='ocrx_word' id='word_1_457' title='bbox 1052 3568 1358 3636; x_wconf 85' lang='lat' dir='ltr'><strong>inquisitos.</strong></span> <span class='ocrx_word' id='word_1_458' title='bbox 1383 3567 1474 3621; x_wconf 91' lang='lat' dir='ltr'><strong>lllc</strong></span> <span class='ocrx_word' id='word_1_459' title='bbox 1495 3569 1751 3621; x_wconf 90' lang='lat' dir='ltr'><strong>continuo</strong></span> 
     </span>
    </p>
   </div>
   <div class='ocr_carea' id='block_1_67' title="bbox 204 3652 1749 3725">
    <p class='ocr_par' dir='ltr' id='par_1_67' title="bbox 204 3652 1749 3725">
     <span class='ocr_line' id='line_1_67' title="bbox 204 3652 1749 3725; baseline 0.004 -19"><span class='ocrx_word' id='word_1_460' title='bbox 204 3652 526 3725; x_wconf 83' lang='lat' dir='ltr'><strong>interroganti</strong></span> <span class='ocrx_word' id='word_1_461' title='bbox 557 3671 872 3724; x_wconf 90' lang='lat' dir='ltr'><strong>responsum</strong></span> <span class='ocrx_word' id='word_1_462' title='bbox 894 3657 1040 3711; x_wconf 89' lang='lat' dir='ltr'><strong>dedit</strong></span> <span class='ocrx_word' id='word_1_463' title='bbox 1083 3656 1359 3711; x_wconf 84' lang='lat' dir='ltr'><strong>Abbonem</strong></span> <span class='ocrx_word' id='word_1_464' title='bbox 1382 3673 1442 3712; x_wconf 89' lang='lat' dir='ltr'><strong>se</strong></span> <span class='ocrx_word' id='word_1_465' title='bbox 1467 3658 1569 3711; x_wconf 86' lang='lat' dir='ltr'><strong>dici</strong></span> <span class='ocrx_word' id='word_1_466' title='bbox 1598 3673 1749 3712; x_wconf 87' lang='lat' dir='ltr'><strong>asse-</strong></span> 
     </span>
    </p>
   </div>
   <div class='ocr_carea' id='block_1_68' title="bbox 203 3745 1750 3818">
    <p class='ocr_par' dir='ltr' id='par_1_68' title="bbox 203 3745 1750 3818">
     <span class='ocr_line' id='line_1_68' title="bbox 203 3745 1750 3818; baseline 0.004 -22"><span class='ocrx_word' id='word_1_467' title='bbox 203 3745 313 3798; x_wconf 87' lang='lat' dir='ltr'><strong>ruit.</strong></span> <span class='ocrx_word' id='word_1_468' title='bbox 355 3746 487 3799; x_wconf 86' lang='lat' dir='ltr'><strong>Tum</strong></span> <span class='ocrx_word' id='word_1_469' title='bbox 536 3756 756 3801; x_wconf 90' lang='lat' dir='ltr'><strong>sanctus</strong></span> <span class='ocrx_word' id='word_1_470' title='bbox 800 3747 882 3800; x_wconf 90' lang='lat' dir='ltr'><strong>vir</strong></span> <span class='ocrx_word' id='word_1_471' title='bbox 925 3745 1208 3812; x_wconf 88' lang='lat' dir='ltr'><strong>Wlfaldus,</strong></span> <span class='ocrx_word' id='word_1_472' title='bbox 1262 3749 1576 3818; x_wconf 85' lang='lat' dir='ltr'><strong>prophetico</strong></span> <span class='ocrx_word' id='word_1_473' title='bbox 1628 3764 1750 3802; x_wconf 73' lang='lat' dir='ltr'><strong>mox</strong></span> 
     </span>
    </p>
   </div>
   <div class='ocr_carea' id='block_1_69' title="bbox 203 3833 1751 3901">
    <p class='ocr_par' dir='ltr' id='par_1_69' title="bbox 203 3833 1751 3901">
     <span class='ocr_line' id='line_1_69' title="bbox 203 3833 1751 3901; baseline 0.005 -18"><span class='ocrx_word' id='word_1_474' title='bbox 203 3833 372 3901; x_wconf 86' lang='lat' dir='ltr'><strong>spiritu</strong></span> <span class='ocrx_word' id='word_1_475' title='bbox 406 3833 633 3898; x_wconf 82' lang='lat' dir='ltr'><strong>aﬂl&#39;atus,</strong></span> <span class='ocrx_word' id='word_1_476' title='bbox 659 3834 900 3890; x_wconf 87' lang='lat' dir='ltr'><strong>alludens</strong></span> <span class='ocrx_word' id='word_1_477' title='bbox 927 3836 994 3889; x_wconf 88' lang='lat' dir='ltr'><strong>ad</strong></span> <span class='ocrx_word' id='word_1_478' title='bbox 1035 3852 1227 3890; x_wconf 91' lang='lat' dir='ltr'><strong>nomen</strong></span> <span class='ocrx_word' id='word_1_479' title='bbox 1261 3854 1272 3888; x_wconf 93' lang='lat'>:</span> <span class='ocrx_word' id='word_1_480' title='bbox 1319 3855 1338 3886; x_wconf 71' lang='grc' dir='ltr'><strong>ε</strong></span> <span class='ocrx_word' id='word_1_481' title='bbox 1371 3837 1546 3898; x_wconf 87' lang='lat' dir='ltr'><strong>Abbo,</strong></span> <span class='ocrx_word' id='word_1_482' title='bbox 1576 3836 1674 3900; x_wconf 88' lang='lat' dir='ltr'><strong>ait,</strong></span> <span class='ocrx_word' id='word_1_483' title='bbox 1705 3838 1751 3890; x_wconf 89' lang='lat' dir='ltr'><strong>si</strong></span> 
     </span>
    </p>
   </div>
   <div class='ocr_carea' id='block_1_70' title="bbox 202 3920 1752 3994">
    <p class='ocr_par' dir='ltr' id='par_1_70' title="bbox 202 3920 1752 3994">
     <span class='ocr_line' id='line_1_70' title="bbox 202 3920 1752 3994; baseline 0.006 -23"><span class='ocrx_word' id='word_1_484' title='bbox 202 3920 368 3974; x_wconf 86' lang='lat' dir='ltr'><strong>ultima</strong></span> <span class='ocrx_word' id='word_1_485' title='bbox 392 3922 701 3976; x_wconf 88' lang='lat' dir='ltr'><strong>immutetur</strong></span> <span class='ocrx_word' id='word_1_486' title='bbox 723 3923 919 3989; x_wconf 89' lang='lat' dir='ltr'><strong>littera,</strong></span> <span class='ocrx_word' id='word_1_487' title='bbox 947 3935 1152 3994; x_wconf 87' lang='lat' dir='ltr'><strong>patrem</strong></span> <span class='ocrx_word' id='word_1_488' title='bbox 1171 3936 1325 3980; x_wconf 90' lang='lat' dir='ltr'><strong>sonat</strong></span> <span class='ocrx_word' id='word_1_489' title='bbox 1347 3925 1400 3978; x_wconf 92' lang='lat' dir='ltr'><strong>in</strong></span> <span class='ocrx_word' id='word_1_490' title='bbox 1423 3926 1752 3980; x_wconf 82' lang='lat' dir='ltr'><strong>Achivorum</strong></span> 
     </span>
    </p>
   </div>
   <div class='ocr_carea' id='block_1_71' title="bbox 205 4007 1748 4083">
    <p class='ocr_par' dir='ltr' id='par_1_71' title="bbox 205 4007 1748 4083">
     <span class='ocr_line' id='line_1_71' title="bbox 205 4007 1748 4083; baseline 0.005 -24"><span class='ocrx_word' id='word_1_491' title='bbox 205 4007 379 4079; x_wconf 86' lang='lat' dir='ltr'><strong>lingua.</strong></span> <span class='ocrx_word' id='word_1_492' title='bbox 412 4030 428 4062; x_wconf 70' lang='grc' dir='ltr'><strong>ι</strong></span> <span class='ocrx_word' id='word_1_493' title='bbox 458 4009 520 4064; x_wconf 87' lang='lat' dir='ltr'><strong>Et</strong></span> <span class='ocrx_word' id='word_1_494' title='bbox 539 4025 828 4067; x_wconf 90' lang='lat' dir='ltr'><strong>conversus</strong></span> <span class='ocrx_word' id='word_1_495' title='bbox 849 4013 913 4067; x_wconf 87' lang='lat' dir='ltr'><strong>ad</strong></span> <span class='ocrx_word' id='word_1_496' title='bbox 937 4029 1157 4082; x_wconf 89' lang='lat' dir='ltr'><strong>puerum</strong></span> <span class='ocrx_word' id='word_1_497' title='bbox 1189 4031 1240 4065; x_wconf 70' lang='grc' dir='ltr'><strong>τι</strong></span> <span class='ocrx_word' id='word_1_498' title='bbox 1265 4012 1536 4083; x_wconf 88' lang='lat' dir='ltr'><strong>Hiucjam,</strong></span> <span class='ocrx_word' id='word_1_499' title='bbox 1557 4014 1748 4083; x_wconf 87' lang='lat' dir='ltr'><strong>inquit,</strong></span> 
     </span>
    </p>
   </div>
   <div class='ocr_carea' id='block_1_72' title="bbox 202 4103 1753 4169">
    <p class='ocr_par' dir='ltr' id='par_1_72' title="bbox 202 4103 1753 4169">
     <span class='ocr_line' id='line_1_72' title="bbox 202 4103 1753 4169; baseline 0.004 -17"><span class='ocrx_word' id='word_1_500' title='bbox 202 4115 468 4169; x_wconf 87' lang='lat' dir='ltr'><strong>puerorum</strong></span> <span class='ocrx_word' id='word_1_501' title='bbox 514 4103 837 4169; x_wconf 83' lang='lat' dir='ltr'><strong>dulcissime,</strong></span> <span class='ocrx_word' id='word_1_502' title='bbox 891 4105 1052 4158; x_wconf 85' lang='lat' dir='ltr'><strong>talem</strong></span> <span class='ocrx_word' id='word_1_503' title='bbox 1100 4114 1150 4159; x_wconf 90' lang='lat' dir='ltr'><strong>te</strong></span> <span class='ocrx_word' id='word_1_504' title='bbox 1191 4105 1407 4159; x_wconf 85' lang='lat' dir='ltr'><strong>Christo</strong></span> <span class='ocrx_word' id='word_1_505' title='bbox 1454 4105 1650 4158; x_wconf 74' lang='lat' dir='ltr'><strong>exhibe</strong></span> <span class='ocrx_word' id='word_1_506' title='bbox 1694 4113 1753 4158; x_wconf 89' lang='lat' dir='ltr'><strong>ut</strong></span> 
     </span>
    </p>
   </div>
   <div class='ocr_carea' id='block_1_73' title="bbox 205 4194 1752 4267">
    <p class='ocr_par' dir='ltr' id='par_1_73' title="bbox 205 4194 1752 4267">
     <span class='ocr_line' id='line_1_73' title="bbox 205 4194 1752 4267; baseline 0.004 -21"><span class='ocrx_word' id='word_1_507' title='bbox 205 4194 378 4263; x_wconf 84' lang='lat' dir='ltr'><strong>dignus</strong></span> <span class='ocrx_word' id='word_1_508' title='bbox 409 4197 696 4251; x_wconf 84' lang='lat' dir='ltr'><strong>iuveniaris</strong></span> <span class='ocrx_word' id='word_1_509' title='bbox 732 4198 806 4252; x_wconf 89' lang='lat' dir='ltr'><strong>tu&#39;i</strong></span> <span class='ocrx_word' id='word_1_510' title='bbox 850 4198 1082 4252; x_wconf 90' lang='lat' dir='ltr'><strong>nominis</strong></span> <span class='ocrx_word' id='word_1_511' title='bbox 1114 4198 1492 4267; x_wconf 82' lang='lat' dir='ltr'><strong>appellatione.</strong></span> <span class='ocrx_word' id='word_1_512' title='bbox 1535 4199 1752 4252; x_wconf 86' lang='lat' dir='ltr'><strong>Annuat</strong></span> 
     </span>
    </p>
   </div>
   <div class='ocr_carea' id='block_1_74' title="bbox 206 4285 1750 4360">
    <p class='ocr_par' dir='ltr' id='par_1_74' title="bbox 206 4285 1750 4360">
     <span class='ocr_line' id='line_1_74' title="bbox 206 4285 1750 4360; baseline 0.006 -23"><span class='ocrx_word' id='word_1_513' title='bbox 206 4285 294 4340; x_wconf 86' lang='lat' dir='ltr'><strong>hoc</strong></span> <span class='ocrx_word' id='word_1_514' title='bbox 329 4290 660 4358; x_wconf 84' lang='lat' dir='ltr'><strong>omnipotens</strong></span> <span class='ocrx_word' id='word_1_515' title='bbox 702 4289 879 4355; x_wconf 88' lang='lat' dir='ltr'><strong>Pater,</strong></span> <span class='ocrx_word' id='word_1_516' title='bbox 924 4307 952 4345; x_wconf 93' lang='lat' dir='ltr'><strong>a</strong></span> <span class='ocrx_word' id='word_1_517' title='bbox 995 4307 1103 4360; x_wconf 91' lang='lat' dir='ltr'><strong>quo</strong></span> <span class='ocrx_word' id='word_1_518' title='bbox 1139 4291 1318 4345; x_wconf 91' lang='lat' dir='ltr'><strong>omnis</strong></span> <span class='ocrx_word' id='word_1_519' title='bbox 1357 4293 1655 4360; x_wconf 86' lang='lat' dir='ltr'><strong>paternitas</strong></span> <span class='ocrx_word' id='word_1_520' title='bbox 1698 4293 1750 4347; x_wconf 93' lang='lat' dir='ltr'><strong>in</strong></span> 
     </span>
    </p>
   </div>
   <div class='ocr_carea' id='block_1_75' title="bbox 208 4374 1752 4450">
    <p class='ocr_par' dir='ltr' id='par_1_75' title="bbox 208 4374 1752 4450">
     <span class='ocr_line' id='line_1_75' title="bbox 208 4374 1752 4450; baseline 0.007 -23"><span class='ocrx_word' id='word_1_521' title='bbox 208 4374 326 4429; x_wconf 69' lang='lat' dir='ltr'><strong>coelo</strong></span> <span class='ocrx_word' id='word_1_522' title='bbox 348 4377 649 4430; x_wconf 88' lang='lat' dir='ltr'><strong>nominatur</strong></span> <span class='ocrx_word' id='word_1_523' title='bbox 678 4389 727 4433; x_wconf 89' lang='lat' dir='ltr'><strong>et</strong></span> <span class='ocrx_word' id='word_1_524' title='bbox 758 4390 899 4434; x_wconf 89' lang='lat' dir='ltr'><strong>terra</strong></span> <span class='ocrx_word' id='word_1_525' title='bbox 942 4381 1156 4450; x_wconf 72' lang='lat' dir='ltr'><strong>(Ep/tes.</strong></span> <span class='ocrx_word' id='word_1_526' title='bbox 1197 4397 1278 4442; x_wconf 87' lang='grc' dir='ltr'><strong>ιιι,</strong></span> <span class='ocrx_word' id='word_1_527' title='bbox 1311 4381 1423 4450; x_wconf 76' lang='grc'>25),</span> <span class='ocrx_word' id='word_1_528' title='bbox 1456 4391 1612 4450; x_wconf 88' lang='lat' dir='ltr'><strong>teque</strong></span> <span class='ocrx_word' id='word_1_529' title='bbox 1653 4399 1752 4438; x_wconf 88' lang='lat' dir='ltr'><strong>sua</strong></span> 
     </span>
    </p>
   </div>
   <div class='ocr_carea' id='block_1_76' title="bbox 209 4461 1748 4543">
    <p class='ocr_par' dir='ltr' id='par_1_76' title="bbox 209 4461 1748 4543">
     <span class='ocr_line' id='line_1_76' title="bbox 209 4461 1748 4543; baseline 0.008 -27"><span class='ocrx_word' id='word_1_530' title='bbox 209 4461 352 4518; x_wconf 84' lang='lat' dir='ltr'><strong>faciat</strong></span> <span class='ocrx_word' id='word_1_531' title='bbox 375 4482 588 4521; x_wconf 87' lang='lat' dir='ltr'><strong>servare</strong></span> <span class='ocrx_word' id='word_1_532' title='bbox 628 4482 910 4541; x_wconf 64' lang='lat' dir='ltr'><strong>praecepta,</strong></span> <span class='ocrx_word' id='word_1_533' title='bbox 941 4482 998 4525; x_wconf 91' lang='lat' dir='ltr'><strong>ut</strong></span> <span class='ocrx_word' id='word_1_534' title='bbox 1027 4474 1092 4525; x_wconf 90' lang='lat' dir='ltr'><strong>ad</strong></span> <span class='ocrx_word' id='word_1_535' title='bbox 1123 4475 1314 4542; x_wconf 83' lang='lat' dir='ltr'><strong>gaudia</strong></span> <span class='ocrx_word' id='word_1_536' title='bbox 1347 4475 1524 4542; x_wconf 87' lang='lat' dir='ltr'><strong>possis</strong></span> <span class='ocrx_word' id='word_1_537' title='bbox 1553 4491 1748 4543; x_wconf 87' lang='lat' dir='ltr'><strong>perve-</strong></span> 
     </span>
    </p>
   </div>
   <div class='ocr_carea' id='block_1_77' title="bbox 210 4557 1756 4627">
    <p class='ocr_par' dir='ltr' id='par_1_77' title="bbox 210 4557 1756 4627">
     <span class='ocr_line' id='line_1_77' title="bbox 210 4557 1756 4627; baseline 0.008 -19"><span class='ocrx_word' id='word_1_538' title='bbox 210 4557 312 4611; x_wconf 88' lang='lat' dir='ltr'><strong>nire</strong></span> <span class='ocrx_word' id='word_1_539' title='bbox 329 4568 547 4612; x_wconf 70' lang='lat' dir='ltr'><strong>teterna.</strong></span> <span class='ocrx_word' id='word_1_540' title='bbox 584 4580 601 4611; x_wconf 77' lang='grc' dir='ltr'><strong>ι</strong></span> <span class='ocrx_word' id='word_1_541' title='bbox 629 4561 751 4616; x_wconf 89' lang='lat' dir='ltr'><strong>Post</strong></span> <span class='ocrx_word' id='word_1_542' title='bbox 777 4564 878 4617; x_wconf 91' lang='lat' dir='ltr'><strong>hoc</strong></span> <span class='ocrx_word' id='word_1_543' title='bbox 903 4565 1127 4627; x_wconf 92' lang='lat' dir='ltr'><strong>dictum,</strong></span> <span class='ocrx_word' id='word_1_544' title='bbox 1169 4566 1542 4618; x_wconf 90' lang='lat' dir='ltr'><strong>monachicum</strong></span> <span class='ocrx_word' id='word_1_545' title='bbox 1567 4567 1615 4620; x_wconf 91' lang='lat' dir='ltr'><strong>ei</strong></span> <span class='ocrx_word' id='word_1_546' title='bbox 1643 4577 1756 4621; x_wconf 90' lang='lat' dir='ltr'><strong>tra-</strong></span> 
     </span>
    </p>
   </div>
   <div class='ocr_carea' id='block_1_78' title="bbox 211 4644 1749 4721">
    <p class='ocr_par' dir='ltr' id='par_1_78' title="bbox 211 4644 1749 4721">
     <span class='ocr_line' id='line_1_78' title="bbox 211 4644 1749 4721; baseline 0.007 -23"><span class='ocrx_word' id='word_1_547' title='bbox 211 4644 328 4699; x_wconf 86' lang='lat' dir='ltr'><strong>didit</strong></span> <span class='ocrx_word' id='word_1_548' title='bbox 372 4647 630 4713; x_wconf 79' lang='lat' dir='ltr'><strong>habitum,</strong></span> <span class='ocrx_word' id='word_1_549' title='bbox 693 4650 830 4705; x_wconf 87' lang='lat' dir='ltr'><strong>facta</strong></span> <span class='ocrx_word' id='word_1_550' title='bbox 877 4654 1027 4720; x_wconf 90' lang='lat' dir='ltr'><strong>prius</strong></span> <span class='ocrx_word' id='word_1_551' title='bbox 1079 4667 1179 4721; x_wconf 92' lang='lat' dir='ltr'><strong>per</strong></span> <span class='ocrx_word' id='word_1_552' title='bbox 1226 4663 1478 4721; x_wconf 86' lang='lat' dir='ltr'><strong>parentes</strong></span> <span class='ocrx_word' id='word_1_553' title='bbox 1525 4654 1749 4710; x_wconf 90' lang='lat' dir='ltr'><strong>solemni</strong></span> 
     </span>
    </p>
   </div>
   <div class='ocr_carea' id='block_1_79' title="bbox 216 4738 1751 4813">
    <p class='ocr_par' dir='ltr' id='par_1_79' title="bbox 216 4738 1751 4813">
     <span class='ocr_line' id='line_1_79' title="bbox 216 4738 1751 4813; baseline 0.007 -24"><span class='ocrx_word' id='word_1_554' title='bbox 216 4738 503 4802; x_wconf 82' lang='lat' dir='ltr'><strong>traditiOue,</strong></span> <span class='ocrx_word' id='word_1_555' title='bbox 543 4741 692 4806; x_wconf 80' lang='lat' dir='ltr'><strong>juxta</strong></span> <span class='ocrx_word' id='word_1_556' title='bbox 742 4743 882 4811; x_wconf 90' lang='lat' dir='ltr'><strong>quod</strong></span> <span class='ocrx_word' id='word_1_557' title='bbox 937 4744 989 4796; x_wconf 94' lang='lat' dir='ltr'><strong>in</strong></span> <span class='ocrx_word' id='word_1_558' title='bbox 1041 4743 1212 4796; x_wconf 91' lang='lat' dir='ltr'><strong>sancti</strong></span> <span class='ocrx_word' id='word_1_559' title='bbox 1264 4744 1433 4813; x_wconf 86' lang='lat' dir='ltr'><strong>patris</strong></span> <span class='ocrx_word' id='word_1_560' title='bbox 1477 4743 1751 4800; x_wconf 81' lang='lat' dir='ltr'><strong>Benedicti</strong></span> 
     </span>
    </p>
   </div>
   <div class='ocr_carea' id='block_1_80' title="bbox 212 4825 1752 4902">
    <p class='ocr_par' dir='ltr' id='par_1_80' title="bbox 212 4825 1752 4902">
     <span class='ocr_line' id='line_1_80' title="bbox 212 4825 1752 4902; baseline 0.005 -22"><span class='ocrx_word' id='word_1_561' title='bbox 212 4826 496 4880; x_wconf 74' lang='lat' dir='ltr'><strong>mutinetur</strong></span> <span class='ocrx_word' id='word_1_562' title='bbox 517 4825 886 4883; x_wconf 87' lang='lat' dir='ltr'><strong>discretissima</strong></span> <span class='ocrx_word' id='word_1_563' title='bbox 913 4831 1266 4886; x_wconf 90' lang='lat' dir='ltr'><strong>institutione.</strong></span> <span class='ocrx_word' id='word_1_564' title='bbox 1294 4831 1545 4886; x_wconf 79' lang='lat' dir='ltr'><strong>Traditus</strong></span> <span class='ocrx_word' id='word_1_565' title='bbox 1572 4835 1752 4902; x_wconf 90' lang='lat' dir='ltr'><strong>itaque</strong></span> 
     </span>
    </p>
   </div>
   <div class='ocr_carea' id='block_1_81' title="bbox 213 4915 1749 4993">
    <p class='ocr_par' dir='ltr' id='par_1_81' title="bbox 213 4915 1749 4993">
     <span class='ocr_line' id='line_1_81' title="bbox 213 4915 1749 4993; baseline 0.003 -20"><span class='ocrx_word' id='word_1_566' title='bbox 213 4916 413 4977; x_wconf 84' lang='lat' dir='ltr'><strong>scholis,</strong></span> <span class='ocrx_word' id='word_1_567' title='bbox 456 4915 584 4970; x_wconf 91' lang='lat' dir='ltr'><strong>nulli</strong></span> <span class='ocrx_word' id='word_1_568' title='bbox 620 4920 871 4974; x_wconf 87' lang='lat' dir='ltr'><strong>sodalium</strong></span> <span class='ocrx_word' id='word_1_569' title='bbox 920 4922 1204 4976; x_wconf 85' lang='lat' dir='ltr'><strong>videbatur</strong></span> <span class='ocrx_word' id='word_1_570' title='bbox 1242 4924 1441 4993; x_wconf 87' lang='lat' dir='ltr'><strong>gravis.</strong></span> <span class='ocrx_word' id='word_1_571' title='bbox 1486 4924 1664 4978; x_wconf 92' lang='lat' dir='ltr'><strong>luerat</strong></span> <span class='ocrx_word' id='word_1_572' title='bbox 1701 4924 1749 4978; x_wconf 89' lang='lat' dir='ltr'><strong>ei</strong></span> 
     </span>
    </p>
   </div>
   <div class='ocr_carea' id='block_1_82' title="bbox 214 5008 1750 5084">
    <p class='ocr_par' dir='ltr' id='par_1_82' title="bbox 214 5008 1750 5084">
     <span class='ocr_line' id='line_1_82' title="bbox 214 5008 1750 5084; baseline 0.004 -19"><span class='ocrx_word' id='word_1_573' title='bbox 214 5008 497 5065; x_wconf 84' lang='lat' dir='ltr'><strong>columbina</strong></span> <span class='ocrx_word' id='word_1_574' title='bbox 535 5008 839 5078; x_wconf 89' lang='lat' dir='ltr'><strong>simplicitas</strong></span> <span class='ocrx_word' id='word_1_575' title='bbox 873 5015 1198 5083; x_wconf 71' lang='lat' dir='ltr'><strong>serpentium</strong></span> <span class='ocrx_word' id='word_1_576' title='bbox 1235 5014 1484 5084; x_wconf 85' lang='lat' dir='ltr'><strong>cepulata</strong></span> <span class='ocrx_word' id='word_1_577' title='bbox 1516 5017 1750 5081; x_wconf 72' lang='lat' dir='ltr'><strong>astutize,</strong></span> 
     </span>
    </p>
   </div>
   <div class='ocr_carea' id='block_1_83' title="bbox 215 5103 1757 5178">
    <p class='ocr_par' dir='ltr' id='par_1_83' title="bbox 215 5103 1757 5178">
     <span class='ocr_line' id='line_1_83' title="bbox 215 5103 1757 5178; baseline 0.006 -27"><span class='ocrx_word' id='word_1_578' title='bbox 215 5107 337 5153; x_wconf 82' lang='lat' dir='ltr'><strong>utet</strong></span> <span class='ocrx_word' id='word_1_579' title='bbox 373 5113 472 5168; x_wconf 84' lang='lat' dir='ltr'><strong>per</strong></span> <span class='ocrx_word' id='word_1_580' title='bbox 505 5103 961 5158; x_wconf 89' lang='lat' dir='ltr'><strong>mansuetudinem</strong></span> <span class='ocrx_word' id='word_1_581' title='bbox 999 5103 1195 5159; x_wconf 90' lang='lat' dir='ltr'><strong>leniret</strong></span> <span class='ocrx_word' id='word_1_582' title='bbox 1221 5105 1534 5167; x_wconf 90' lang='lat' dir='ltr'><strong>benevolos,</strong></span> <span class='ocrx_word' id='word_1_583' title='bbox 1577 5117 1632 5161; x_wconf 91' lang='lat' dir='ltr'><strong>et</strong></span> <span class='ocrx_word' id='word_1_584' title='bbox 1663 5123 1757 5178; x_wconf 75' lang='lat' dir='ltr'><strong>per</strong></span> 
     </span>
    </p>
   </div>
   <div class='ocr_carea' id='block_1_84' title="bbox 215 5189 1757 5260">
    <p class='ocr_par' dir='ltr' id='par_1_84' title="bbox 215 5189 1757 5260">
     <span class='ocr_line' id='line_1_84' title="bbox 215 5189 1757 5260; baseline 0.008 -17"><span class='ocrx_word' id='word_1_585' title='bbox 215 5189 427 5260; x_wconf 68' lang='lat' dir='ltr'><strong>provida:</strong></span> <span class='ocrx_word' id='word_1_586' title='bbox 456 5191 648 5244; x_wconf 92' lang='lat' dir='ltr'><strong>mentis</strong></span> <span class='ocrx_word' id='word_1_587' title='bbox 673 5209 886 5251; x_wconf 86' lang='lat' dir='ltr'><strong>acumen</strong></span> <span class='ocrx_word' id='word_1_588' title='bbox 911 5197 1172 5252; x_wconf 78' lang='lat' dir='ltr'><strong>devitarc!</strong></span> <span class='ocrx_word' id='word_1_589' title='bbox 1194 5198 1468 5254; x_wconf 89' lang='lat' dir='ltr'><strong>subdolos.</strong></span> <span class='ocrx_word' id='word_1_590' title='bbox 1488 5199 1605 5254; x_wconf 83' lang='lat' dir='ltr'><strong>Jam</strong></span> <span class='ocrx_word' id='word_1_591' title='bbox 1627 5217 1757 5256; x_wconf 88' lang='lat' dir='ltr'><strong>vero</strong></span> 
     </span>
    </p>
   </div>
   <div class='ocr_carea' id='block_1_85' title="bbox 214 5279 1757 5340">
    <p class='ocr_par' dir='ltr' id='par_1_85' title="bbox 214 5279 1757 5340">
     <span class='ocr_line' id='line_1_85' title="bbox 214 5279 1757 5340; baseline 0.005 -7"><span class='ocrx_word' id='word_1_592' title='bbox 214 5279 462 5337; x_wconf 73' lang='lat' dir='ltr'><strong>littcrarize</strong></span> <span class='ocrx_word' id='word_1_593' title='bbox 486 5279 624 5335; x_wconf 89' lang='lat' dir='ltr'><strong>artis</strong></span> <span class='ocrx_word' id='word_1_594' title='bbox 644 5286 894 5340; x_wconf 76' lang='lat' dir='ltr'><strong>profunda</strong></span> <span class='ocrx_word' id='word_1_595' title='bbox 927 5296 1070 5340; x_wconf 85' lang='lat' dir='ltr'><strong>tanta</strong></span> <span class='ocrx_word' id='word_1_596' title='bbox 1105 5289 1278 5340; x_wconf 84' lang='lat' dir='ltr'><strong>adhuc</strong></span> <span class='ocrx_word' id='word_1_597' title='bbox 1308 5290 1564 5340; x_wconf 86' lang='lat' dir='ltr'><strong>nuerulus</strong></span> <span class='ocrx_word' id='word_1_598' title='bbox 1595 5291 1757 5340; x_wconf 87' lang='lat' dir='ltr'><strong>rima-</strong></span> 
     </span>
    </p>
   </div>
   <div class='ocr_carea' id='block_1_86' title="bbox 1851 3295 3426 3368">
    <p class='ocr_par' dir='ltr' id='par_1_86' title="bbox 1851 3295 3426 3368">
     <span class='ocr_line' id='line_1_86' title="bbox 1851 3295 3426 3368; baseline 0.003 -20"><span class='ocrx_word' id='word_1_599' title='bbox 1851 3295 1979 3350; x_wconf 90' lang='lat' dir='ltr'><strong>lnde</strong></span> <span class='ocrx_word' id='word_1_600' title='bbox 2007 3298 2309 3350; x_wconf 79' lang='lat' dir='ltr'><strong>Aurelianis</strong></span> <span class='ocrx_word' id='word_1_601' title='bbox 2337 3314 2634 3368; x_wconf 88' lang='lat' dir='ltr'><strong>regressus,</strong></span> <span class='ocrx_word' id='word_1_602' title='bbox 2664 3302 2880 3353; x_wconf 72' lang='lat' dir='ltr'><strong>musica:</strong></span> <span class='ocrx_word' id='word_1_603' title='bbox 2910 3305 3040 3353; x_wconf 88' lang='lat' dir='ltr'><strong>artis</strong></span> <span class='ocrx_word' id='word_1_604' title='bbox 3069 3299 3426 3366; x_wconf 83' lang='lat' dir='ltr'><strong>dulcedinem,</strong></span> 
     </span>
    </p>
   </div>
   <div class='ocr_carea' id='block_1_87' title="bbox 1853 3385 3422 3458">
    <p class='ocr_par' dir='ltr' id='par_1_87' title="bbox 1853 3385 3422 3458">
     <span class='ocr_line' id='line_1_87' title="bbox 1853 3385 3422 3458; baseline 0.004 -22"><span class='ocrx_word' id='word_1_605' title='bbox 1853 3385 2096 3453; x_wconf 88' lang='lat' dir='ltr'><strong>quamvis</strong></span> <span class='ocrx_word' id='word_1_606' title='bbox 2119 3386 2353 3449; x_wconf 83' lang='lat' dir='ltr'><strong>occulte,</strong></span> <span class='ocrx_word' id='word_1_607' title='bbox 2389 3397 2606 3455; x_wconf 85' lang='lat' dir='ltr'><strong>propter</strong></span> <span class='ocrx_word' id='word_1_608' title='bbox 2651 3389 2875 3449; x_wconf 87' lang='lat' dir='ltr'><strong>invidos,</strong></span> <span class='ocrx_word' id='word_1_609' title='bbox 2909 3405 2938 3442; x_wconf 94' lang='lat' dir='ltr'><strong>a</strong></span> <span class='ocrx_word' id='word_1_610' title='bbox 2967 3397 3199 3458; x_wconf 86' lang='lat' dir='ltr'><strong>quodam</strong></span> <span class='ocrx_word' id='word_1_611' title='bbox 3224 3390 3422 3444; x_wconf 86' lang='lat' dir='ltr'><strong>clerico</strong></span> 
     </span>
    </p>
   </div>
   <div class='ocr_carea' id='block_1_88' title="bbox 1853 3475 3421 3547">
    <p class='ocr_par' dir='ltr' id='par_1_88' title="bbox 1853 3475 3421 3547">
     <span class='ocr_line' id='line_1_88' title="bbox 1853 3475 3421 3547; baseline 0.006 -21"><span class='ocrx_word' id='word_1_612' title='bbox 1853 3490 1957 3526; x_wconf 90' lang='lat' dir='ltr'><strong>non</strong></span> <span class='ocrx_word' id='word_1_613' title='bbox 1992 3475 2175 3542; x_wconf 88' lang='lat' dir='ltr'><strong>paucis</strong></span> <span class='ocrx_word' id='word_1_614' title='bbox 2208 3476 2434 3532; x_wconf 88' lang='lat' dir='ltr'><strong>redemit</strong></span> <span class='ocrx_word' id='word_1_615' title='bbox 2468 3477 2720 3529; x_wconf 87' lang='lat' dir='ltr'><strong>nmmuis.</strong></span> <span class='ocrx_word' id='word_1_616' title='bbox 2756 3478 2937 3546; x_wconf 89' lang='lat' dir='ltr'><strong>Itaque</strong></span> <span class='ocrx_word' id='word_1_617' title='bbox 2973 3479 3209 3547; x_wconf 89' lang='lat' dir='ltr'><strong>quinque</strong></span> <span class='ocrx_word' id='word_1_618' title='bbox 3238 3494 3303 3534; x_wconf 74' lang='lat' dir='ltr'><strong>ex</strong></span> <span class='ocrx_word' id='word_1_619' title='bbox 3338 3480 3421 3535; x_wconf 86' lang='lat' dir='ltr'><strong>his</strong></span> 
     </span>
    </p>
   </div>
   <div class='ocr_carea' id='block_1_89' title="bbox 1851 3564 3425 3636">
    <p class='ocr_par' dir='ltr' id='par_1_89' title="bbox 1851 3564 3425 3636">
     <span class='ocr_line' id='line_1_89' title="bbox 1851 3564 3425 3636; baseline 0.008 -23"><span class='ocrx_word' id='word_1_620' title='bbox 1851 3578 1984 3632; x_wconf 89' lang='lat' dir='ltr'><strong>quas</strong></span> <span class='ocrx_word' id='word_1_621' title='bbox 2019 3564 2264 3618; x_wconf 87' lang='lat' dir='ltr'><strong>liberales</strong></span> <span class='ocrx_word' id='word_1_622' title='bbox 2303 3575 2516 3628; x_wconf 86' lang='lat' dir='ltr'><strong>vocant,</strong></span> <span class='ocrx_word' id='word_1_623' title='bbox 2551 3567 2862 3636; x_wconf 90' lang='lat' dir='ltr'><strong>plenissime</strong></span> <span class='ocrx_word' id='word_1_624' title='bbox 2908 3570 3146 3623; x_wconf 89' lang='lat' dir='ltr'><strong>imbutus</strong></span> <span class='ocrx_word' id='word_1_625' title='bbox 3191 3571 3425 3632; x_wconf 87' lang='lat' dir='ltr'><strong>artibus,</strong></span> 
     </span>
    </p>
   </div>
   <div class='ocr_carea' id='block_1_90' title="bbox 1851 3653 3426 3726">
    <p class='ocr_par' dir='ltr' id='par_1_90' title="bbox 1851 3653 3426 3726">
     <span class='ocr_line' id='line_1_90' title="bbox 1851 3653 3426 3726; baseline 0.004 -21"><span class='ocrx_word' id='word_1_626' title='bbox 1851 3653 2129 3720; x_wconf 70' lang='lat' dir='ltr'><strong>sapientia:</strong></span> <span class='ocrx_word' id='word_1_627' title='bbox 2177 3654 2544 3722; x_wconf 86' lang='lat' dir='ltr'><strong>magnitudine</strong></span> <span class='ocrx_word' id='word_1_628' title='bbox 2594 3666 2818 3711; x_wconf 87' lang='lat' dir='ltr'><strong>cunctos</strong></span> <span class='ocrx_word' id='word_1_629' title='bbox 2850 3660 3074 3726; x_wconf 84' lang='lat' dir='ltr'><strong>pr:eibat</strong></span> <span class='ocrx_word' id='word_1_630' title='bbox 3103 3669 3426 3714; x_wconf 65' lang='lat' dir='ltr'><strong>cetetaneos.</strong></span> 
     </span>
    </p>
   </div>
   <div class='ocr_carea' id='block_1_91' title="bbox 1852 3740 3426 3818">
    <p class='ocr_par' dir='ltr' id='par_1_91' title="bbox 1852 3740 3426 3818">
     <span class='ocr_line' id='line_1_91' title="bbox 1852 3740 3426 3818; baseline 0.008 -24"><span class='ocrx_word' id='word_1_631' title='bbox 1852 3740 2184 3810; x_wconf 86' lang='lat' dir='ltr'><strong>Supercrattt</strong></span> <span class='ocrx_word' id='word_1_632' title='bbox 2221 3744 2488 3798; x_wconf 89' lang='lat' dir='ltr'><strong>rhetorica</strong></span> <span class='ocrx_word' id='word_1_633' title='bbox 2517 3786 2532 3810; x_wconf 94' lang='lat'><strong>,</strong></span> <span class='ocrx_word' id='word_1_634' title='bbox 2566 3761 2772 3800; x_wconf 88' lang='lat' dir='ltr'><strong>necnon</strong></span> <span class='ocrx_word' id='word_1_635' title='bbox 2826 3750 3154 3816; x_wconf 83' lang='lat' dir='ltr'><strong>geometria,</strong></span> <span class='ocrx_word' id='word_1_636' title='bbox 3195 3767 3426 3818; x_wconf 91' lang='lat' dir='ltr'><strong>quarum</strong></span> 
     </span>
    </p>
   </div>
   <div class='ocr_carea' id='block_1_92' title="bbox 1850 3834 3427 3910">
    <p class='ocr_par' dir='ltr' id='par_1_92' title="bbox 1850 3834 3427 3910">
     <span class='ocr_line' id='line_1_92' title="bbox 1850 3834 3427 3910; baseline 0.007 -26"><span class='ocrx_word' id='word_1_637' title='bbox 1850 3834 2186 3900; x_wconf 88' lang='lat' dir='ltr'><strong>plenitudine</strong></span> <span class='ocrx_word' id='word_1_638' title='bbox 2210 3851 2239 3885; x_wconf 81' lang='grc' dir='ltr'><strong>ιι</strong></span> <span class='ocrx_word' id='word_1_639' title='bbox 2277 3835 2376 3889; x_wconf 89' lang='lat' dir='ltr'><strong>etsi</strong></span> <span class='ocrx_word' id='word_1_640' title='bbox 2411 3852 2516 3888; x_wconf 79' lang='lat' dir='ltr'><strong>non</strong></span> <span class='ocrx_word' id='word_1_641' title='bbox 2548 3846 2604 3888; x_wconf 94' lang='lat' dir='ltr'><strong>ut</strong></span> <span class='ocrx_word' id='word_1_642' title='bbox 2635 3837 2803 3891; x_wconf 91' lang='lat' dir='ltr'><strong>voluit</strong></span> <span class='ocrx_word' id='word_1_643' title='bbox 2841 3840 3040 3908; x_wconf 87' lang='lat' dir='ltr'><strong>attigit,</strong></span> <span class='ocrx_word' id='word_1_644' title='bbox 3088 3853 3427 3910; x_wconf 83' lang='lat' dir='ltr'><strong>nequaquam</strong></span> 
     </span>
    </p>
   </div>
   <div class='ocr_carea' id='block_1_93' title="bbox 1853 3925 3430 3992">
    <p class='ocr_par' dir='ltr' id='par_1_93' title="bbox 1853 3925 3430 3992">
     <span class='ocr_line' id='line_1_93' title="bbox 1853 3925 3430 3992; baseline 0.007 -15"><span class='ocrx_word' id='word_1_645' title='bbox 1853 3933 2030 3978; x_wconf 89' lang='lat' dir='ltr'><strong>tamen</strong></span> <span class='ocrx_word' id='word_1_646' title='bbox 2071 3925 2288 3992; x_wconf 84' lang='lat' dir='ltr'><strong>jejunus</strong></span> <span class='ocrx_word' id='word_1_647' title='bbox 2322 3927 2388 3979; x_wconf 91' lang='lat' dir='ltr'><strong>ab</strong></span> <span class='ocrx_word' id='word_1_648' title='bbox 2427 3930 2506 3982; x_wconf 89' lang='lat' dir='ltr'><strong>eis</strong></span> <span class='ocrx_word' id='word_1_649' title='bbox 2533 3929 2768 3984; x_wconf 90' lang='lat' dir='ltr'><strong>funditus</strong></span> <span class='ocrx_word' id='word_1_650' title='bbox 2801 3933 3074 3985; x_wconf 90' lang='lat' dir='ltr'><strong>remansit.</strong></span> <span class='ocrx_word' id='word_1_651' title='bbox 3114 3931 3248 3986; x_wconf 90' lang='lat' dir='ltr'><strong>Nam</strong></span> <span class='ocrx_word' id='word_1_652' title='bbox 3281 3943 3334 3987; x_wconf 91' lang='lat' dir='ltr'><strong>et</strong></span> <span class='ocrx_word' id='word_1_653' title='bbox 3364 3935 3430 3988; x_wconf 90' lang='lat' dir='ltr'><strong>de</strong></span> 
     </span>
    </p>
   </div>
   <div class='ocr_carea' id='block_1_94' title="bbox 1852 4017 3429 4093">
    <p class='ocr_par' dir='ltr' id='par_1_94' title="bbox 1852 4017 3429 4093">
     <span class='ocr_line' id='line_1_94' title="bbox 1852 4017 3429 4093; baseline 0.005 -23"><span class='ocrx_word' id='word_1_654' title='bbox 1852 4017 2136 4071; x_wconf 70' lang='lat' dir='ltr'><strong>rhetoricae</strong></span> <span class='ocrx_word' id='word_1_655' title='bbox 2207 4019 2454 4074; x_wconf 90' lang='lat' dir='ltr'><strong>ubertate</strong></span> <span class='ocrx_word' id='word_1_656' title='bbox 2514 4022 2779 4075; x_wconf 76' lang='lat' dir='ltr'><strong>facundia:</strong></span> <span class='ocrx_word' id='word_1_657' title='bbox 2826 4023 3195 4088; x_wconf 80' lang='lat' dir='ltr'><strong>Victorinum,</strong></span> <span class='ocrx_word' id='word_1_658' title='bbox 3269 4039 3429 4093; x_wconf 89' lang='lat' dir='ltr'><strong>quem</strong></span> 
     </span>
    </p>
   </div>
   <div class='ocr_carea' id='block_1_95' title="bbox 1851 4108 3427 4181">
    <p class='ocr_par' dir='ltr' id='par_1_95' title="bbox 1851 4108 3427 4181">
     <span class='ocr_line' id='line_1_95' title="bbox 1851 4108 3427 4181; baseline 0.003 -19"><span class='ocrx_word' id='word_1_659' title='bbox 1851 4108 2045 4163; x_wconf 74' lang='lat' dir='ltr'><strong>divina:</strong></span> <span class='ocrx_word' id='word_1_660' title='bbox 2090 4108 2355 4176; x_wconf 89' lang='lat' dir='ltr'><strong>interpres</strong></span> <span class='ocrx_word' id='word_1_661' title='bbox 2390 4110 2522 4179; x_wconf 86' lang='lat' dir='ltr'><strong>legis</strong></span> <span class='ocrx_word' id='word_1_662' title='bbox 2551 4110 2905 4181; x_wconf 81' lang='lat' dir='ltr'><strong>Hieronymus</strong></span> <span class='ocrx_word' id='word_1_663' title='bbox 2954 4124 3338 4181; x_wconf 71' lang='lat' dir='ltr'><strong>prteccptorem</strong></span> <span class='ocrx_word' id='word_1_664' title='bbox 3367 4130 3427 4168; x_wconf 88' lang='lat' dir='ltr'><strong>se</strong></span> 
     </span>
    </p>
   </div>
   <div class='ocr_carea' id='block_1_96' title="bbox 1854 4197 3430 4274">
    <p class='ocr_par' dir='ltr' id='par_1_96' title="bbox 1854 4197 3430 4274">
     <span class='ocr_line' id='line_1_96' title="bbox 1854 4197 3430 4274; baseline 0.004 -23"><span class='ocrx_word' id='word_1_665' title='bbox 1854 4197 2103 4251; x_wconf 88' lang='lat' dir='ltr'><strong>habuisse</strong></span> <span class='ocrx_word' id='word_1_666' title='bbox 2125 4197 2405 4266; x_wconf 89' lang='lat' dir='ltr'><strong>gloriatur,</strong></span> <span class='ocrx_word' id='word_1_667' title='bbox 2430 4200 2554 4270; x_wconf 86' lang='lat' dir='ltr'><strong>legit</strong></span> <span class='ocrx_word' id='word_1_668' title='bbox 2583 4218 2595 4253; x_wconf 89' lang='lat'><strong>:</strong></span> <span class='ocrx_word' id='word_1_669' title='bbox 2620 4209 2673 4255; x_wconf 90' lang='lat' dir='ltr'><strong>et</strong></span> <span class='ocrx_word' id='word_1_670' title='bbox 2695 4203 3147 4270; x_wconf 86' lang='lat' dir='ltr'><strong>geometricorum</strong></span> <span class='ocrx_word' id='word_1_671' title='bbox 3174 4204 3430 4274; x_wconf 84' lang='lat' dir='ltr'><strong>multipli-</strong></span> 
     </span>
    </p>
   </div>
   <div class='ocr_carea' id='block_1_97' title="bbox 1853 4292 3428 4365">
    <p class='ocr_par' dir='ltr' id='par_1_97' title="bbox 1853 4292 3428 4365">
     <span class='ocr_line' id='line_1_97' title="bbox 1853 4292 3428 4365; baseline 0.003 -19"><span class='ocrx_word' id='word_1_672' title='bbox 1853 4292 2066 4346; x_wconf 89' lang='lat' dir='ltr'><strong>cilatem</strong></span> <span class='ocrx_word' id='word_1_673' title='bbox 2104 4307 2447 4345; x_wconf 88' lang='lat' dir='ltr'><strong>numerorum</strong></span> <span class='ocrx_word' id='word_1_674' title='bbox 2501 4308 2602 4346; x_wconf 88' lang='lat' dir='ltr'><strong>non</strong></span> <span class='ocrx_word' id='word_1_675' title='bbox 2657 4293 3000 4348; x_wconf 91' lang='lat' dir='ltr'><strong>mediocriter</strong></span> <span class='ocrx_word' id='word_1_676' title='bbox 3041 4297 3282 4365; x_wconf 89' lang='lat' dir='ltr'><strong>agnovit.</strong></span> <span class='ocrx_word' id='word_1_677' title='bbox 3337 4298 3428 4351; x_wconf 83' lang='lat' dir='ltr'><strong>Sic</strong></span> 
     </span>
    </p>
   </div>
   <div class='ocr_carea' id='block_1_98' title="bbox 1852 4383 3431 4453">
    <p class='ocr_par' dir='ltr' id='par_1_98' title="bbox 1852 4383 3431 4453">
     <span class='ocr_line' id='line_1_98' title="bbox 1852 4383 3431 4453; baseline 0.003 -17"><span class='ocrx_word' id='word_1_678' title='bbox 1852 4383 2103 4446; x_wconf 90' lang='lat' dir='ltr'><strong>demum,</strong></span> <span class='ocrx_word' id='word_1_679' title='bbox 2184 4383 2356 4437; x_wconf 89' lang='lat' dir='ltr'><strong>vivaci</strong></span> <span class='ocrx_word' id='word_1_680' title='bbox 2440 4384 2634 4437; x_wconf 89' lang='lat' dir='ltr'><strong>mentis</strong></span> <span class='ocrx_word' id='word_1_681' title='bbox 2710 4384 2925 4453; x_wconf 88' lang='lat' dir='ltr'><strong>ingenio</strong></span> <span class='ocrx_word' id='word_1_682' title='bbox 2998 4385 3112 4440; x_wconf 77' lang='lat' dir='ltr'><strong>lucc</strong></span> <span class='ocrx_word' id='word_1_683' title='bbox 3180 4387 3431 4441; x_wconf 88' lang='lat' dir='ltr'><strong>universa</strong></span> 
     </span>
    </p>
   </div>
   <div class='ocr_carea' id='block_1_99' title="bbox 1856 4474 3431 4544">
    <p class='ocr_par' dir='ltr' id='par_1_99' title="bbox 1856 4474 3431 4544">
     <span class='ocr_line' id='line_1_99' title="bbox 1856 4474 3431 4544; baseline 0.003 -18"><span class='ocrx_word' id='word_1_684' title='bbox 1856 4483 2074 4527; x_wconf 82' lang='lat' dir='ltr'><strong>strenue</strong></span> <span class='ocrx_word' id='word_1_685' title='bbox 2105 4484 2376 4536; x_wconf 79' lang='lat' dir='ltr'><strong>assecuta,</strong></span> <span class='ocrx_word' id='word_1_686' title='bbox 2413 4474 2586 4528; x_wconf 88' lang='lat' dir='ltr'><strong>facilis</strong></span> <span class='ocrx_word' id='word_1_687' title='bbox 2617 4484 2731 4528; x_wconf 88' lang='lat' dir='ltr'><strong>erat</strong></span> <span class='ocrx_word' id='word_1_688' title='bbox 2756 4491 2940 4529; x_wconf 90' lang='lat' dir='ltr'><strong>eorum</strong></span> <span class='ocrx_word' id='word_1_689' title='bbox 2971 4477 3233 4544; x_wconf 86' lang='lat' dir='ltr'><strong>operatio.</strong></span> <span class='ocrx_word' id='word_1_690' title='bbox 3271 4477 3431 4531; x_wconf 88' lang='lat' dir='ltr'><strong>Deni-</strong></span> 
     </span>
    </p>
   </div>
   <div class='ocr_carea' id='block_1_100' title="bbox 1859 4565 3430 4637">
    <p class='ocr_par' dir='ltr' id='par_1_100' title="bbox 1859 4565 3430 4637">
     <span class='ocr_line' id='line_1_100' title="bbox 1859 4565 3430 4637; baseline 0.003 -22"><span class='ocrx_word' id='word_1_691' title='bbox 1859 4579 1962 4633; x_wconf 91' lang='lat' dir='ltr'><strong>que</strong></span> <span class='ocrx_word' id='word_1_692' title='bbox 2018 4565 2276 4632; x_wconf 88' lang='lat' dir='ltr'><strong>qnosdam</strong></span> <span class='ocrx_word' id='word_1_693' title='bbox 2331 4565 2732 4618; x_wconf 81' lang='lat' dir='ltr'><strong>dialecticorum</strong></span> <span class='ocrx_word' id='word_1_694' title='bbox 2778 4566 2946 4618; x_wconf 85' lang='lat' dir='ltr'><strong>nodos</strong></span> <span class='ocrx_word' id='word_1_695' title='bbox 2996 4566 3430 4637; x_wconf 81' lang='lat' dir='ltr'><strong>syllogismorum</strong></span> 
     </span>
    </p>
   </div>
   <div class='ocr_carea' id='block_1_101' title="bbox 1860 4655 3434 4724">
    <p class='ocr_par' dir='ltr' id='par_1_101' title="bbox 1860 4655 3434 4724">
     <span class='ocr_line' id='line_1_101' title="bbox 1860 4655 3434 4724; baseline 0.003 -16"><span class='ocrx_word' id='word_1_696' title='bbox 1860 4655 2294 4708; x_wconf 89' lang='lat' dir='ltr'><strong>enucleatissime</strong></span> <span class='ocrx_word' id='word_1_697' title='bbox 2321 4655 2592 4719; x_wconf 82' lang='lat' dir='ltr'><strong>enodavit,</strong></span> <span class='ocrx_word' id='word_1_698' title='bbox 2623 4656 2966 4724; x_wconf 87' lang='lat' dir='ltr'><strong>compotique</strong></span> <span class='ocrx_word' id='word_1_699' title='bbox 3003 4657 3179 4711; x_wconf 87' lang='lat' dir='ltr'><strong>varias</strong></span> <span class='ocrx_word' id='word_1_700' title='bbox 3204 4665 3259 4712; x_wconf 89' lang='lat' dir='ltr'><strong>et</strong></span> <span class='ocrx_word' id='word_1_701' title='bbox 3285 4657 3434 4712; x_wconf 83' lang='lat' dir='ltr'><strong>dele-</strong></span> 
     </span>
    </p>
   </div>
   <div class='ocr_carea' id='block_1_102' title="bbox 1857 4745 3434 4814">
    <p class='ocr_par' dir='ltr' id='par_1_102' title="bbox 1857 4745 3434 4814">
     <span class='ocr_line' id='line_1_102' title="bbox 1857 4745 3434 4814; baseline 0.004 -16"><span class='ocrx_word' id='word_1_702' title='bbox 1857 4745 2113 4810; x_wconf 84' lang='lat' dir='ltr'><strong>ctabilcs,</strong></span> <span class='ocrx_word' id='word_1_703' title='bbox 2164 4747 2505 4800; x_wconf 78' lang='lat' dir='ltr'><strong>szecularium</strong></span> <span class='ocrx_word' id='word_1_704' title='bbox 2538 4747 2588 4800; x_wconf 95' lang='lat' dir='ltr'><strong>in</strong></span> <span class='ocrx_word' id='word_1_705' title='bbox 2622 4763 2824 4802; x_wconf 91' lang='lat' dir='ltr'><strong>morem</strong></span> <span class='ocrx_word' id='word_1_706' title='bbox 2861 4749 3163 4802; x_wconf 90' lang='lat' dir='ltr'><strong>tabularum</strong></span> <span class='ocrx_word' id='word_1_707' title='bbox 3189 4789 3204 4814; x_wconf 90' lang='lat'><strong>,</strong></span> <span class='ocrx_word' id='word_1_708' title='bbox 3263 4751 3434 4804; x_wconf 83' lang='lat' dir='ltr'><strong>texuit</strong></span> 
     </span>
    </p>
   </div>
   <div class='ocr_carea' id='block_1_103' title="bbox 1855 4838 3432 4908">
    <p class='ocr_par' dir='ltr' id='par_1_103' title="bbox 1855 4838 3432 4908">
     <span class='ocr_line' id='line_1_103' title="bbox 1855 4838 3432 4908; baseline 0.001 -18"><span class='ocrx_word' id='word_1_709' title='bbox 1855 4838 2257 4893; x_wconf 79' lang='lat' dir='ltr'><strong>calculatioues.</strong></span> <span class='ocrx_word' id='word_1_710' title='bbox 2296 4839 2367 4892; x_wconf 86' lang='lat' dir='ltr'><strong>De</strong></span> <span class='ocrx_word' id='word_1_711' title='bbox 2406 4839 2534 4894; x_wconf 92' lang='lat' dir='ltr'><strong>solis</strong></span> <span class='ocrx_word' id='word_1_712' title='bbox 2561 4856 2775 4908; x_wconf 90' lang='lat' dir='ltr'><strong>quoque</strong></span> <span class='ocrx_word' id='word_1_713' title='bbox 2824 4856 2886 4893; x_wconf 86' lang='lat' dir='ltr'><strong>ac</strong></span> <span class='ocrx_word' id='word_1_714' title='bbox 2939 4839 3076 4892; x_wconf 67' lang='lat' dir='ltr'><strong>Iunce</strong></span> <span class='ocrx_word' id='word_1_715' title='bbox 3117 4854 3210 4893; x_wconf 90' lang='lat' dir='ltr'><strong>seu</strong></span> <span class='ocrx_word' id='word_1_716' title='bbox 3242 4839 3432 4908; x_wconf 88' lang='lat' dir='ltr'><strong>plane-</strong></span> 
     </span>
    </p>
   </div>
   <div class='ocr_carea' id='block_1_104' title="bbox 1859 4927 3434 4998">
    <p class='ocr_par' dir='ltr' id='par_1_104' title="bbox 1859 4927 3434 4998">
     <span class='ocr_line' id='line_1_104' title="bbox 1859 4927 3434 4998; baseline 0.002 -20"><span class='ocrx_word' id='word_1_717' title='bbox 1859 4933 2034 4980; x_wconf 90' lang='lat' dir='ltr'><strong>tarum</strong></span> <span class='ocrx_word' id='word_1_718' title='bbox 2059 4944 2244 4993; x_wconf 90' lang='lat' dir='ltr'><strong>cursu,</strong></span> <span class='ocrx_word' id='word_1_719' title='bbox 2273 4944 2301 4980; x_wconf 88' lang='lat' dir='ltr'><strong>a</strong></span> <span class='ocrx_word' id='word_1_720' title='bbox 2333 4944 2391 4982; x_wconf 87' lang='lat' dir='ltr'><strong>se</strong></span> <span class='ocrx_word' id='word_1_721' title='bbox 2409 4927 2580 4980; x_wconf 89' lang='lat' dir='ltr'><strong>editas</strong></span> <span class='ocrx_word' id='word_1_722' title='bbox 2612 4928 3004 4996; x_wconf 89' lang='lat' dir='ltr'><strong>disputationes</strong></span> <span class='ocrx_word' id='word_1_723' title='bbox 3030 4930 3230 4998; x_wconf 89' lang='lat' dir='ltr'><strong>scripto</strong></span> <span class='ocrx_word' id='word_1_724' title='bbox 3257 4939 3434 4996; x_wconf 82' lang='lat' dir='ltr'><strong>poste-</strong></span> 
     </span>
    </p>
   </div>
   <div class='ocr_carea' id='block_1_105' title="bbox 1863 5019 2609 5072">
    <p class='ocr_par' dir='ltr' id='par_1_105' title="bbox 1863 5019 2609 5072">
     <span class='ocr_line' id='line_1_105' title="bbox 1863 5019 2609 5072; baseline 0 -2"><span class='ocrx_word' id='word_1_725' title='bbox 1863 5032 2046 5070; x_wconf 90' lang='lat' dir='ltr'><strong>rorum</strong></span> <span class='ocrx_word' id='word_1_726' title='bbox 2080 5019 2354 5072; x_wconf 83' lang='lat' dir='ltr'><strong>mandavit</strong></span> <span class='ocrx_word' id='word_1_727' title='bbox 2385 5019 2609 5070; x_wconf 65' lang='lat' dir='ltr'><strong>notitiai.</strong></span> 
     </span>
    </p>
   </div>
   <div class='ocr_carea' id='block_1_106' title="bbox 1928 5106 3435 5177">
    <p class='ocr_par' dir='ltr' id='par_1_106' title="bbox 1928 5106 3435 5177">
     <span class='ocr_line' id='line_1_106' title="bbox 1928 5106 3435 5177; baseline -0.002 -15"><span class='ocrx_word' id='word_1_728' title='bbox 1928 5108 2054 5162; x_wconf 71' lang='lat' dir='ltr'><strong>CAP.</strong></span> <span class='ocrx_word' id='word_1_729' title='bbox 2093 5109 2180 5163; x_wconf 83' lang='lat' dir='ltr'><strong>IV.</strong></span> <span class='ocrx_word' id='word_1_730' title='bbox 2221 5108 2286 5163; x_wconf 90' lang='lat' dir='ltr'><strong>In</strong></span> <span class='ocrx_word' id='word_1_731' title='bbox 2309 5109 2552 5177; x_wconf 84' lang='lat' dir='ltr'><strong>Angliam</strong></span> <span class='ocrx_word' id='word_1_732' title='bbox 2581 5110 2826 5161; x_wconf 84' lang='lat' dir='ltr'><strong>mittitur.</strong></span> <span class='ocrx_word' id='word_1_733' title='bbox 2856 5106 3213 5177; x_wconf 81' lang='lat' dir='ltr'><strong>Naufragium</strong></span> <span class='ocrx_word' id='word_1_734' title='bbox 3239 5108 3435 5160; x_wconf 85' lang='lat' dir='ltr'><strong>evadit.</strong></span> 
     </span>
    </p>
   </div>
   <div class='ocr_carea' id='block_1_107' title="bbox 1862 5196 3439 5268">
    <p class='ocr_par' dir='ltr' id='par_1_107' title="bbox 1862 5196 3439 5268">
     <span class='ocr_line' id='line_1_107' title="bbox 1862 5196 3439 5268; baseline -0.003 -14"><span class='ocrx_word' id='word_1_735' title='bbox 1862 5200 1916 5254; x_wconf 78' lang='lat' dir='ltr'><strong>Is</strong></span> <span class='ocrx_word' id='word_1_736' title='bbox 1948 5211 2054 5252; x_wconf 82' lang='lat' dir='ltr'><strong>Iunt</strong></span> <span class='ocrx_word' id='word_1_737' title='bbox 2099 5199 2576 5254; x_wconf 85' lang='lat' dir='ltr'><strong>levita.-—lnterea</strong></span> <span class='ocrx_word' id='word_1_738' title='bbox 2605 5199 2800 5268; x_wconf 89' lang='lat' dir='ltr'><strong>legatio</strong></span> <span class='ocrx_word' id='word_1_739' title='bbox 2828 5198 3004 5262; x_wconf 81' lang='lat' dir='ltr'><strong>gentis</strong></span> <span class='ocrx_word' id='word_1_740' title='bbox 3045 5196 3336 5267; x_wconf 82' lang='lat' dir='ltr'><strong>Anglorum</strong></span> <span class='ocrx_word' id='word_1_741' title='bbox 3369 5196 3439 5250; x_wconf 84' lang='lat' dir='ltr'><strong>ad</strong></span> 
     </span>
    </p>
   </div>
   <div class='ocr_carea' id='block_1_108' title="bbox 1860 5286 3438 5340">
    <p class='ocr_par' dir='ltr' id='par_1_108' title="bbox 1860 5286 3438 5340">
     <span class='ocr_line' id='line_1_108' title="bbox 1860 5286 3438 5340; baseline -0.001 0"><span class='ocrx_word' id='word_1_742' title='bbox 1860 5291 2202 5340; x_wconf 75' lang='lat' dir='ltr'><strong>Floriacense</strong></span> <span class='ocrx_word' id='word_1_743' title='bbox 2227 5291 2374 5340; x_wconf 79' lang='lat' dir='ltr'><strong>venit</strong></span> <span class='ocrx_word' id='word_1_744' title='bbox 2398 5289 2701 5340; x_wconf 74' lang='lat' dir='ltr'><strong>cmnobium</strong></span> <span class='ocrx_word' id='word_1_745' title='bbox 2723 5331 2736 5340; x_wconf 87' lang='lat'><strong>.</strong></span> <span class='ocrx_word' id='word_1_746' title='bbox 2767 5287 3046 5340; x_wconf 76' lang='lat' dir='ltr'><strong>postulans</strong></span> <span class='ocrx_word' id='word_1_747' title='bbox 3072 5288 3300 5340; x_wconf 87' lang='lat' dir='ltr'><strong>aliouem</strong></span> <span class='ocrx_word' id='word_1_748' title='bbox 3334 5286 3438 5339; x_wconf 78' lang='lat' dir='ltr'><strong>sibi</strong></span> 
     </span>
    </p>
   </div>
  </div>
