3944 5414
500 262 598 317 591

1596 260 1654 315 8.
1680 257 1871 315 ἈΒΒΟ
1904 254 2402 314 FLOBIACENSIS
2439 259 2678 315 ABBAS.

3664 269 3765 326 39!

501 380 712 437 duabus
745 391 815 435 ex
847 377 1026 434 causis
1070 375 1306 433 maxime
1346 373 1619 432 accessit:
1678 388 1786 429 una
1832 373 2048 443 quidem
2068 411 2083 434 ,
2112 374 2162 433 Α
2188 370 2322 436 diei,
2356 371 2509 428 affuit
2547 373 2768 430 nuntius
2798 374 3070 443 naucleri,
3105 390 3303 448 magna
3331 393 3429 437 eos
3461 380 3531 436 ad
3553 384 3771 453 proﬁci-

501 472 629 540 quia
656 470 846 526 beatus
874 484 1009 539 papa
1036 467 1329 539 Gregorius
1354 507 1369 532 ,
1397 467 1580 522 missis
1606 463 1671 521 ad
1701 481 1820 520 eam
1855 478 2083 519 conver.

503 562 721 616 tendam
744 560 866 614 ﬁdei
890 558 1091 614 Christi
1115 557 1562 626 praedicatoribus
1591 595 1606 622 ,
1632 554 1874 622 ejusdem
1900 551 2080 606 dilecti

501 652 705 707 domini
748 649 1040 705 Benedicti.
1073 648 1313 718 regulam
1361 645 1756 701 observandam
1794 642 2082 712 specialius

500 741 819 805 inculcavit;
845 740 953 793 alia
978 739 1216 809 quidem,
1245 752 1310 791 eo
1342 738 1485 807 quod
1510 737 1591 791 vir
1616 735 1835 805 quidam
1873 747 2082 802 magna:

499 834 639 904 apud
661 848 757 888 eos
796 831 1112 896 nobilitatis,
1145 828 1429 885 Oswaldus
1458 830 1534 900 (5)
1574 826 1864 891 vocabulo,
1898 833 2082 894 spreto

499 923 716 987 saeculo,
765 922 833 976 ad
868 922 1217 977 serviendum
1253 920 1490 983 Christo,
1539 920 1595 971 in
1627 925 1927 971 memorato
1958 913 2083 969 Flo-

497 1017 648 1070 riaco
672 1028 972 1070 conversus
996 1022 1081 1068 cst
1109 1012 1357 1067 emnohio
1384 1051 1399 1076 ,
1438 1025 1504 1065 ex
1535 1025 1662 1080 quo,
1692 1009 1760 1063 ob
1783 1010 1936 1063 bonae
1957 1009 2082 1061 vita:

496 1108 773 1171 meritum,
797 1122 828 1160 a
850 1120 976 1176 rege
1002 1105 1172 1175 ipsius
1194 1103 1486 1174 provincia:
1502 1103 1570 1157 ad
1587 1100 2083 1171 archiepiscopatus

498 1196 809 1270 assumptus
839 1198 1086 1269 gradum,
1120 1196 1251 1261 Deo,
1276 1211 1341 1251 ac
1368 1204 1597 1266 patrono
1628 1208 1727 1250 suo
1768 1202 1958 1249 sancto
1981 1191 2085 1244 Be-

496 1294 715 1350 nedicto
736 1293 791 1347 in
825 1291 1044 1361 regione
1068 1289 1295 1359 Anglica
1325 1287 1635 1343 construxit
1664 1284 2078 1341 monasterium.

496 1385 580 1441 Ex
606 1384 698 1438 illo
726 1384 911 1451 itaque
937 1381 1188 1436 coenobio
1223 1380 1279 1435 bi
1318 1378 1472 1434 fuere
1504 1378 1668 1449 legati
1701 1391 1837 1446 quos
1866 1375 1931 1429 ad
1959 1374 2082 1429 Flo-

495 1476 706 1529 riacum
742 1472 1033 1527 advenisse
1074 1472 1321 1540 superior
1365 1469 1553 1524 retulit
1599 1482 1798 1523 sermo.
1845 1467 2081 1521 Prmerat

494 1581 594 1636 per
620 1564 761 1619 idem
811 1572 1021 1631 tempus
1059 1570 1261 1614 sancta:
1291 1558 1623 1614 Floriacensi
1668 1551 2079 1627 congregationi

495 1653 823 1711 reverendus
856 1662 1009 1723 pater
1052 1651 1377 1723 Oylbolilus,
1435 1652 1519 1704 vir
1558 1650 1853 1705 secundum
1893 1646 2074 1702 szeeuli

2184 463 2442 517 scendum
2474 470 2629 519 ‘voee
2674 463 2994 520 inclamans.
3047 466 3267 538 Itaque,
3326 483 3556 525 ascensa
3606 472 3763 541 navi,

2182 554 2567 610 comitantibus
2641 556 2765 612 aliis
2816 566 2941 613 octo
2985 560 3253 623 navibus,
3304 576 3426 616 cum
3479 564 3532 616 in
3605 565 3767 622 altum

2180 645 2602 712 processissent,
2667 659 2889 715 repente
2943 649 3285 717 conspiciunt
3338 667 3663 721 marsuppas
3708 663 3760 709 et

2183 736 2511 805 porcipisces
2561 737 2613 791 in
2666 737 2914 793 ﬂuctibus
2962 740 3186 805 ludere,
3241 741 3485 797 halmnas
3528 744 3690 799 dorsa
3719 746 3767 801 in

2182 827 2402 879 modum
2429 827 2789 881 maximorum
2822 837 3085 883 tectorum
3122 830 3388 885 attollere.
3437 830 3568 886 lla-c
3594 836 3767 889 onmia

2182 920 2379 993 indicia
2414 920 2745 974 imminentis
2773 919 3107 989 tempestatis
3132 935 3252 974 esse
3283 920 3366 973 vir
3396 922 3487 975 Dei
3524 937 3556 974 a
3599 924 3769 980 nautis

2182 1011 2433 1073 audiens,
2476 1011 2543 1065 ad
2579 1010 2907 1065 orationum.
2934 1010 3166 1064 recurrit
3195 1020 3320 1063 nota
3358 1011 3636 1079 praesidia.
3666 1011 3768 1067 Nec

2181 1100 2351 1154 defuit
2401 1099 2625 1155 effectus
2665 1099 2782 1168 ejus
2824 1100 3097 1170 precibus.
3149 1101 3388 1169 Denique
3420 1111 3541 1155 orta
3572 1112 3770 1167 tempe-

2179 1201 2352 1257 state,
2377 1192 2531 1245 navis
2553 1193 2603 1245 in
2627 1207 2733 1261 qua
2764 1191 2926 1246 homo
2947 1190 3150 1245 Christi
3176 1191 3478 1257 residebat,
3503 1209 3629 1246 cum
3654 1193 3767 1248 aliis

2180 1285 2390 1339 duabus
2421 1299 2539 1355 quae
2569 1283 2713 1338 illam
2737 1293 2940 1339 secutae
2967 1283 3224 1348 fuerant,
3259 1283 3423 1337 illmsa
3452 1285 3521 1337 ad
3552 1294 3765 1351 portum

2179 1376 2386 1447 perlata
2416 1384 2531 1441 cst;
2562 1374 2781 1444 reliqum
2805 1390 2933 1429 vero
2962 1391 3080 1439 sex,
3107 1374 3267 1429 simul
3292 1391 3414 1428 eum
3437 1374 3768 1442 hominibus,

2182 1464 2436 1534 procellis
2480 1474 2537 1520 et
2580 1464 2811 1535 impulsu
2851 1465 3079 1535 piscium
3109 1474 3412 1534 quassatae,
3463 1466 3763 1533 perierunt.

2180 1555 2293 1612 Hoc
2320 1558 2530 1627 signum
2558 1572 2654 1626 per
2681 1572 2802 1612 cum
2832 1556 3095 1611 Dominus
3119 1558 3331 1626 operari
3358 1558 3615 1627 dignatus
3652 1567 3764 1625 est,

2181 1667 2302 1706 cum
2333 1652 2509 1707 adhuc
2537 1651 2822 1706 levitarum
2856 1649 3168 1721 fungeretur
3201 1648 3398 1704 ofﬁcio.

478 1748 811 1819 dignitatem
845 1760 1043 1816 genere
1072 1760 1135 1799 ac
1165 1744 1407 1798 moribus
1447 1742 1658 1807 clarus,
1684 1743 1797 1811 qui,
1827 1747 2077 1795 nontam
2108 1713 2155 1771 Β
2250 1743 2378 1799 Car.
2420 1743 2484 1799 ν.
2537 1742 2796 1797 Ramesiw
2840 1713 2986 1796 «loce't
3028 1743 3231 1796 duabus
3276 1742 3451 1794 annis.
3511 1740 3765 1795 Οηιηὶίηη

500 1838 794 1908 imperiosa
820 1837 1145 1891 auctoritate
1157 1850 1318 1904 quam
1339 1843 1618 1888 mansueta
1636 1833 1922 1887 verborum
1948 1829 2081 1884 leni-

498 1939 644 1994 tate,
674 1930 742 1983 ab
779 1929 880 1983 hoc
907 1929 1066 1981 beato
1110 1927 1287 1996 exegit
1316 1926 1433 1979 viro
1472 1925 1694 1979 Abbone
1720 1933 1985 1992 quatenus
2013 1920 2079 1974 ad

496 2020 841 2077 instruendas
870 2019 1113 2089 ejusdem
1152 2018 1389 2072 nationis
1420 2018 1700 2071 hominum
1754 2024 1965 2069 mentes
2000 2015 2082 2069 di-

493 2112 621 2165 vina
651 2120 813 2180 atque
857 2110 1092 2164 lmmana
1137 2109 1424 2178 sapientia,
1473 2123 1576 2176 qua
1636 2107 1750 2176 ipse
1800 2105 2083 2175 insigniter

497 2201 755 2270 pollebat,
785 2201 862 2254 ire
891 2215 997 2253 non
1026 2209 1325 2255 recusaret.
1360 2197 1459 2264 Qui
1491 2196 1579 2251 ille
1604 2236 1619 2260 ,
1643 2196 1905 2266 jussionis
1938 2194 2081 2249 haud

493 2289 677 2360 segnis
700 2298 983 2344 exsecutor
1005 2289 1199 2354 factus,
1220 2287 1541 2342 obedientire
1566 2286 1666 2341 sibi
1690 2285 1970 2339 familiaris
1997 2285 2079 2338 in-

495 2380 678 2445 tuitu,
729 2396 837 2450 quo
898 2380 1214 2433 mittebatur
1270 2377 1538 2448 proﬁcisci
1597 2391 1702 2429 non
1755 2374 1983 2428 distulit.
2013 2374 2080 2428 Et

494 2474 743 2542 quamvis
763 2471 930 2525 invidi
960 2484 1025 2524 ac
1050 2469 1338 2524 calumnia:
1361 2450 1744 2535 compilatores
1773 2464 1949 2519 eidem
1984 2464 2077 2517 Dei

500 2562 710 2619 homini
728 2560 1056 2633 persuadere
1076 2568 1404 2614 conarentur
1424 2558 1673 2612 abbatem
1699 2566 2080 2619 memoratum,

491 2653 638 2708 malo
676 2667 963 2708 accensum
990 2650 1111 2705 dolo
1136 2690 1151 2714 ,
1187 2650 1362 2720 ipsum
1392 2656 1543 2702 trans
1570 2646 1742 2702 maria
1777 2646 1897 2699 ideo
1941 2645 2083 2701 velle

490 2744 746 2814 dirigere,
782 2752 843 2797 ut
891 2758 1169 2812 nunquam
1210 2739 1440 2809 amplius
1484 2739 1610 2794 inde
1645 2738 1852 2793 valeret
1881 2738 2079 2803 redire,

492 2836 584 2892 ille
613 2845 793 2890 tamen
815 2875 830 2899 ,
867 2834 933 2888 de
959 2833 1050 2888 Dei
1082 2834 1213 2888 ﬁsus
1244 2833 1511 2895 bonitate,
1544 2830 1675 2886 illud
1722 2830 2080 2899 apostolicum

491 2941 708 2995 semper
733 2924 1039 2980 revolvebat
1061 2924 1115 2977 in
1142 2922 1345 2978 corde:
1374 2921 1722 2992 Diligentibus
1754 2919 1923 2974 Deum
1969 2936 2079 2973 om-

492 3016 583 3069 nia
623 3023 970 3084 cooperantur
1011 3015 1066 3067 in
1100 3013 1291 3066 bonum
1335 3010 1510 3081 (Rom.
1548 3024 1668 3070 Vltl,
1720 3008 1839 3074 ‘28).
1879 3008 2077 3062 Verum

491 3104 650 3159 aliter
677 3120 735 3159 se
775 3120 889 3158 rem
920 3090 1123 3157 habere
1146 3101 1382 3155 ostendit
1408 3108 1697 3169 apparatus
1726 3098 1957 3161 itineris,
1988 3095 2080 3166 qui

492 3193 818 3265 magniﬁcus
854 3209 885 3246 a
920 3193 1119 3247 domno
1154 3190 1415 3262 Oylboldo
1456 3189 1820 3260 proﬁciscenti
1855 3188 2083 3243 collatus

493 3296 601 3341 est.
642 3285 887 3354 Cumque
919 3284 986 3339 ad
1024 3283 1261 3338 Morinos
1306 3293 1527 3337 ventum
1577 3288 1759 3345 esset,
1816 3295 1845 3333 a
1888 3280 2083 3348 quibus

493 3377 849 3435 brevissimus
898 3376 964 3431 ad
1019 3375 1223 3445 Anglos
1280 3375 1545 3429 transitus
1588 3382 1711 3437 est,
1765 3387 1863 3442 per
1914 3387 2080 3426 unum

497 3469 674 3525 ferme
696 3483 936 3523 mensem
960 3467 1012 3520 iu
1032 3467 1210 3521 littore
1232 3465 1452 3529 resedit,
1471 3462 1881 3533 prohibentibus
1901 3463 2081 3518 nautis

499 3573 653 3613 mare
683 3557 955 3612 turbidum
987 3556 1216 3627 ingredi.
1242 3555 1426 3610 Taedio
1470 3555 1652 3623 itaque
1677 3554 1848 3624 longae
1883 3552 2080 3607 defati-

502 3655 662 3717 gatus
719 3661 921 3710 morae,
970 3660 1076 3700 una
1119 3645 1329 3699 dierum
1378 3658 1698 3714 progressus
1734 3643 1800 3697 ad
1833 3651 2077 3713 portum,

496 3748 777 3795 cvocatmn
807 3740 1108 3808 interrogat
1128 3736 1439 3791 nauelerum
1464 3751 1532 3789 an
1556 3742 1670 3789 tuto
1693 3750 1841 3789 mare
1871 3733 2076 3804 ingredi

496 3832 688 3902 possit.
723 3829 825 3884 Cui
848 3828 1134 3883 nauclerus
1163 3842 1305 3881 nunc
1325 3826 1544 3895 quidem
1582 3839 1922 3894 nequaquam
1951 3824 2081 3877 utile

495 3917 615 3979 fo're
638 3922 802 3988 dixit;
832 3921 957 3984 sed,
982 3934 1049 3973 ex
1073 3932 1329 3971 aurarum
1352 3915 1668 3985 spiramine,
1693 3930 1753 3969 se
1779 3912 2080 3984 intelligere

497 4013 641 4083 quod
672 4027 779 4067 non
809 4011 902 4065 diu
955 4024 1213 4078 prospera
1244 4008 1459 4063 abesset
1489 4006 1779 4075 navigatio.
1814 4004 1968 4059 Tunc
1997 4004 2082 4057 vir

459 4136 463 4141 -
497 4103 709 4160 Domini
744 4101 862 4155 ait:
900 4118 918 4149 ι
940 4098 1025 4162 Si,
1057 4099 1345 4167 inquiens,
1367 4096 1723 4166 omnipotenti
1752 4096 1879 4158 Deo,
1913 4095 2082 4149 inter-

497 4193 843 4249 venientibus
881 4189 1211 4245 sanctissimi
1246 4189 1417 4256 patris
1448 4188 1616 4241 nostri
1648 4185 1922 4240 Benedicti
1968 4198 2082 4237 me-

498 4287 651 4351 ritis,
679 4286 853 4355 placet
874 4292 933 4335 ut
961 4297 1060 4352 ego
1102 4282 1171 4333 ob
1198 4279 1422 4332 aliorum
1455 4278 1737 4332 utilitatem
1766 4276 1866 4330 hoc
1906 4285 2083 4329 trans-

498 4396 619 4435 eam
661 4378 879 4447 pelagus
905 4415 918 4436 ,
945 4382 1166 4427 ventura
1193 4371 1309 4424 luce
1335 4370 1600 4437 placidum
1625 4368 1886 4423 efﬁciatur
1909 4379 2077 4429 mare;

502 4470 588 4524 sin
610 4467 745 4521 alias
774 4478 986 4519 smnmo
1024 4460 1294 4530 placuerit
1339 4460 1563 4530 Opiﬁci,
1612 4459 1736 4513 data
1781 4459 1867 4512 die
1907 4466 2080 4511 retro-

502 4561 670 4630 grado
700 4558 837 4614 calle
885 4554 1140 4624 incipiam
1187 4553 1420 4623 regredi.
1451 4572 1468 4603 ι
1504 4552 1670 4622 Igitur
1691 4552 1756 4605 ad
1787 4551 2079 4619 hospitium

503 4662 809 4720 regressus,
858 4644 1185 4699 monachum
1230 4644 1541 4710 quemdam,
1567 4640 1657 4708 qui
1687 4639 1881 4707 legatis
1903 4652 1962 4692 se
1984 4637 2082 4692 de—

503 4739 827 4795 ducentibus
850 4743 1109 4807 praeerat,
1142 4732 1417 4789 Riculeum
1450 4733 1694 4797 nomine,
1745 4730 1999 4784 admonet
2026 4735 2082 4779 ut

504 4836 559 4890 in
599 4845 887 4890 commune
912 4828 1199 4882 Dominum
1228 4831 1451 4879 orarent
1487 4838 1625 4892 quo,
1667 4822 1712 4877 si
1740 4821 1811 4875 illi
1837 4823 2083 4891 preposi-

505 4937 620 4981 tum
647 4940 752 4980 non
783 4921 1120 4991 displiceret,
1158 4919 1258 4971 iter
1284 4930 1608 4987 prosperare
1644 4915 1987 4984 dignaretur;
2036 4914 2079 4969 si

503 5032 638 5073 vero
669 5015 719 5070 id
750 5013 1069 5084 reprobaret
1093 5049 1109 5075 ,
1135 5008 1388 5064 cordibus
1420 5020 1607 5060 eorum
1637 5004 1964 5059 voluntatem
2015 5003 2082 5056 ad

504 5109 723 5179 propria
780 5104 1037 5161 redeundi
1074 5102 1384 5172 inspiraret.
1441 5099 1559 5165 Quo
1610 5107 1921 5160 annuente,
1962 5107 2083 5169 post

507 5198 868 5268 vespertinam
910 5194 1159 5265 synaxim
1210 5193 1322 5247 Deo
1384 5191 1750 5259 persolutam,
1798 5191 1958 5245 ambo
2017 5191 2083 5244 ad

509 5291 771 5343 orandum
800 5287 915 5342 solo
940 5292 1378 5356 prosternuntur.
1412 5280 1592 5335 Finita
1622 5282 1889 5347 oratione,
1913 5282 2081 5351 quieti

510 5378 748 5414 mnmhm
806 5377 1098 5414 .lmlnrnnl-
1144 5383 1192 5414 pl
1240 5386 1370 5414 prim
1399 5411 1408 5414 _
1451 5370 1768 5414 prpmiemlln
1806 5372 2082 5414 mntmnlis

2182 1834 2479 1887 clmrus.—
2501 1832 2737 1887 Tandem
2761 1873 2777 1898 ,
2810 1842 2930 1902 post
2979 1833 3168 1901 longos
3200 1842 3356 1886 teme
3388 1848 3452 1885 ac
3480 1833 3649 1885 maris
3674 1848 3765 1886 ex-

2185 1938 2420 1988 cursus,
2467 1923 2762 1994 Anglorum
2806 1923 3026 1978 intrarit
3075 1922 3230 1976 ﬁnes.
3285 1922 3529 1976 Prinium
3587 1922 3767 1990 itaque

2180 2016 2420 2069 omnium
2465 2014 2791 2068 Bamescuse
2847 2012 3023 2066 sancti
3074 2011 3348 2066 Benedicti
3395 2012 3534 2066 adiit
3583 2025 3767 2066 cinno-

2181 2105 2357 2169 bium;
2387 2106 2465 2159 sic
2485 2105 2627 2158 enim
2664 2104 3040 2174 appellabatur
3067 2105 3155 2157 ille
3181 2103 3349 2168 locus,
3373 2104 3465 2172 qui
3488 2118 3520 2156 a
3544 2117 3768 2158 venera-

2181 2196 2273 2251 bili
2303 2197 2553 2251 Oswaldo
2577 2196 2680 2251 illis
2712 2198 2762 2250 in
2786 2196 3032 2266 partibus
3053 2205 3135 2250 est
3179 2194 3461 2259 fundatus,
3492 2194 3652 2261 cujus
3677 2210 3767 2249 su-

2181 2286 2363 2355 perius
2389 2288 2714 2340 mentionem
2747 2285 2992 2340 fecimus.
3036 2284 3089 2338 In
3116 2302 3244 2355 quo,
3276 2286 3365 2353 qui
3395 2286 3613 2339 abbatis
3642 2283 3768 2340 fun-

2181 2378 2410 2447 gebatur
2457 2376 2629 2431 cilicio
2654 2418 2669 2443 ,
2709 2377 3012 2431 Germanus
3060 2378 3340 2431 dicebatur
3373 2375 3643 2431 vocabulo
3665 2414 3681 2439 ,
3715 2384 3768 2430 et

2184 2471 2298 2538 ipse
2328 2469 2393 2522 ad
2424 2471 2555 2523 tanti
2605 2471 2801 2539 gradus
2846 2470 3105 2525 honorem
3172 2484 3236 2523 ex
3293 2470 3396 2524 hoc
3443 2485 3605 2523 sacro
3644 2467 3768 2523 Flo-

2183 2560 2419 2615 riaceusi
2465 2570 2775 2629 assumptus
2818 2561 3170 2614 monasterio.
3221 2558 3321 2613 Ubi
3365 2560 3494 2614 dum
3544 2568 3766 2613 sanctus

2182 2654 2394 2710 Domini
2426 2653 2577 2709 Abbo
2607 2669 2701 2723 per
2746 2655 2971 2708 duorum
3006 2654 3175 2709 ferme
3203 2667 3470 2708 annorum
3519 2660 3767 2706 moratur

2182 2746 2448 2815 spatium,
2480 2744 2688 2815 aliquos
2718 2746 3108 2799 monachorum
3131 2745 3358 2800 scientia
3393 2743 3591 2798 imbuit
3624 2742 3768 2796 litte-

2187 2852 2393 2891 rarum.
2424 2837 2565 2892 Intra
2610 2837 2922 2892 eorumdem
2955 2852 3086 2892 sane
3128 2838 3360 2905 spatium
3389 2851 3658 2889 annorum
3684 2848 3767 2888 re-

2185 2943 2312 2995 gem
2342 2927 2476 2981 adiit
2521 2926 2813 2997 Anglorum
2840 2966 2856 2991 ,
2898 2941 2961 2981 ac
2990 2927 3108 2995 ejus
3148 2925 3339 2979 durem
3373 2923 3764 2994 llchelguinnm

2186 3018 2284 3089 (4).
2313 3018 2419 3072 Sed
2450 3033 2478 3071 a
2508 3032 2633 3086 rege.
2654 3018 2819 3071 verba
2862 3024 3090 3079 tantum,
3117 3031 3147 3068 a
3170 3016 3304 3069 duce
3337 3030 3466 3068 vero
3497 3013 3763 3080 condigna

2186 3124 2296 3164 sum
2322 3108 2595 3163 sanctitati
2618 3106 2857 3174 suscepit
2874 3121 3120 3169 munera,
3145 3105 3375 3174 atquein
3405 3118 3600 3171 magna
3627 3100 3765 3169 apud

2193 3213 2340 3262 eum,
2371 3197 2609 3266 quandiu
2644 3212 2764 3249 cum
2797 3196 2913 3265 ipso
2938 3194 3060 3258 fuit,
3086 3203 3167 3248 est
3196 3192 3411 3248 habitus
3435 3190 3763 3246 reverentia.

2181 3287 2505 3343 Pontificum
2534 3302 2748 3357 quoque
2771 3286 3184 3349 venerabilinm,
3210 3300 3349 3355 sa-pe
3373 3283 3643 3338 nominati
3671 3282 3768 3337 Os-

2182 3378 2364 3444 waldi,
2394 3393 2457 3432 ac
2481 3377 2652 3431 beata.-
2686 3376 2959 3431 memoriae
3001 3376 3262 3429 Dunstani
3285 3414 3298 3434 ,
3330 3374 3508 3426 amica
3559 3373 3663 3426 sibi
3690 3370 3768 3425 fa-

2184 3468 2499 3523 miliaritate
2550 3481 2679 3521 usus
2703 3475 2807 3519 est.
2856 3464 3057 3519 ﬂorum
3104 3464 3253 3534 prior
3296 3462 3763 3522 Eborarettsiunt,

2182 3574 2414 3629 sequens
2441 3556 2860 3613 Cantuariorum
2900 3554 3343 3624 archiepiscopus
3390 3550 3514 3604 fuit.
3550 3551 3607 3605 In
3636 3565 3767 3619 quo-

2182 3667 2302 3707 rum
2329 3651 2440 3704 vita
2471 3650 2816 3717 moribusque
2842 3647 2944 3702 sibi
2974 3648 3107 3700 bene
3134 3643 3537 3712 complacuisse
3560 3638 3762 3696 Christi

2182 3741 2416 3796 ostendit
2460 3740 2632 3809 gratia
2656 3780 2671 3805 ,
2708 3752 2895 3793 eorum
2932 3735 3165 3790 tumulos
3206 3750 3347 3789 nunc
3389 3749 3567 3802 uSquc
3604 3732 3767 3786 mira-

2182 3834 2424 3889 culorum
2458 3829 2776 3885 illustraudo
2811 3826 3001 3896 gloria.
3035 3825 3098 3878 lli
3128 3826 3181 3879 iu
3224 3833 3369 3878 tanta
3397 3823 3766 3876 admiratione

2182 3926 2328 3980 hunc
2379 3924 2594 3978 beatum
2642 3920 2874 3974 habuere
2922 3917 3127 3979 virum,
3176 3925 3235 3969 ut
3285 3915 3339 3968 in
3369 3930 3436 3969 eo
3485 3912 3767 3967 retinendo

2183 4014 2505 4072 charitativa
2534 4021 2623 4077 et,
2655 4021 2714 4066 ut
2761 4011 2836 4065 ita
2874 4010 3077 4065 dictum
3106 4010 3204 4073 sit,
3254 4006 3490 4061 discordi
3536 4007 3681 4059 inter
3709 4019 3766 4059 se

2183 4106 2511 4162 dissiderent
2534 4103 2849 4158 concordia.

2251 4198 2379 4253 Car.
2422 4195 2507 4251 Vl.
2557 4194 2859 4248 Floriacum
2913 4200 3205 4246 revocatur.
3257 4188 3575 4245 Muneribus
3625 4188 3767 4241 dita-

2184 4300 2284 4350 tus,
2321 4298 2367 4342 et
2399 4287 2664 4357 presbyter
2692 4286 2884 4353 factus.
2907 4315 2973 4323 —
2998 4283 3102 4337 Per
3144 4283 3284 4336 idem
3330 4293 3567 4350 tempus,
3616 4295 3646 4333 a
3679 4293 3769 4332 ve-

2186 4376 2409 4431 nerabili
2459 4374 2655 4429 abbate
2699 4389 2798 4427 suo
2844 4372 3104 4444 OylLoldo
3130 4371 3337 4425 litteras
3371 4372 3644 4438 suscepit,
3674 4385 3770 4439 pa-

2186 4479 2353 4520 terna:
2394 4464 2694 4519 dulcedinis
2751 4461 3115 4517 sollicitudine
3159 4460 3411 4514 refertas.
3461 4458 3520 4511 In
3570 4459 3769 4527 quibus

2182 4557 2322 4610 inter
2364 4553 2466 4607 alia
2513 4561 2763 4607 monetur
2809 4560 2871 4605 ut
2916 4551 2983 4605 ad
3032 4565 3128 4604 sua
3178 4549 3504 4618 quantocius
3532 4548 3768 4601 reditum

2181 4654 2443 4708 maturet,
2481 4660 2545 4699 ac
2591 4644 2992 4699 desiderantum
3032 4656 3091 4696 se
3139 4640 3517 4710 conspectibns
3566 4651 3769 4707 reprm-

2178 4747 2371 4794 sentet.
2418 4739 2494 4792 De
2536 4737 2731 4805 quilms
2771 4750 2870 4789 nos
2909 4733 3229 4803 principium
3277 4740 3332 4786 et
3375 4729 3626 4800 qumdam
3664 4728 3767 4780 alia

2181 4837 2565 4897 excerpentes,
2616 4827 2740 4881 huic
2790 4825 3121 4879 inseruimus
3147 4821 3426 4876 volumini.
3480 4819 3597 4873 lloc
3637 4830 3770 4887 ergo

2204 4936 2299 4991 psa
2324 4918 2548 4988 epistola
2585 4917 2820 4972 habebat
2847 4916 3128 4970 exordium
3161 4931 3175 4967 :
3218 4932 3236 4965 ι
3272 4911 3625 4966 Ρι-ωεείριιιίει
3670 4906 3767 4963 Dei

2189 5013 2357 5067 abbas
2383 5010 2717 5071 Oreaoeoos,
2747 5017 2802 5063 et
2841 5008 3017 5063 omnis
3039 5021 3267 5062 concors
3290 5004 3460 5073 patris
3489 5002 3765 5057 Benedicti

2185 5103 2558 5173 congregatio,
2584 5100 2896 5155 dulcissimo
2918 5098 3073 5151 fratri
3096 5099 3315 5159 Annum,
3332 5094 3594 5164 quidquid
3612 5102 3770 5162 pater

2189 5193 2316 5253 ﬁlio,
2329 5190 2587 5261 quidquid
2603 5189 2811 5244 amicus
2826 5188 3023 5241 amico.
3038 5185 3079 5241 C
3091 5186 3237 5240 ratim
3253 5182 3614 5252 omnipotenti
3631 5182 3765 5244 Deo,

2189 5282 2279 5350 qui
2310 5290 2399 5334 tuo
2434 5279 2718 5349 inspiravit
2748 5278 2896 5331 cordi
2927 5284 2982 5330 ut
3015 5276 3068 5330 in
3092 5274 3413 5343 Babylonica
3446 5273 3770 5341 captivitate

2189 5385 2396 5414 mnmnr
2406 5384 2554 5414 esse;
2564 5369 2887 5414 amtissimm
2899 5367 3051 5414 Sion.
3067 5364 3304 5414 llostiam
3317 5362 3482 5414 iunila
3492 5363 3659 5414 tionis
3673 5363 3771 5414 ἰηι-
