3944 5414
178 260 263 314 393

1202 248 1565 303 Paeonum.
1614 278 1683 327 ρ,
1721 249 1875 303 VITA
1915 249 1971 303 s.
2014 249 2323 305 ABBONIS.

3275 251 3385 312 εξιι

180 370 424 432 molamus,
444 369 583 439 quod
607 382 705 436 per
726 365 1071 420 tuaslitteras
1095 378 1189 417 cor
1211 374 1451 417 nostrum
1474 362 1680 417 ltetitit-a
1742 372 1788 428 Α
1818 379 1937 433 qua}
1958 365 2175 434 proprio
2206 364 2477 435 indigeant
2509 366 2795 423 volumine.
2822 366 2928 423 Nos
2952 365 3164 425 interim
3186 372 3387 443 aliqua,

180 476 269 517 tum
293 470 393 525 est,
417 461 632 527 etquod
662 460 727 513 de
754 468 803 512 te
835 458 1069 512 maxime
1102 456 1421 510 timebamus
1445 471 1473 508 a
1507 470 1711 508 mento-

179 558 241 608 ria
277 566 325 607 et
363 560 538 605 mente
584 561 769 604 nostra
804 548 1022 618 expulit.
1074 547 1208 602 Vere
1253 548 1405 600 favus
1440 545 1713 599 distillans

178 653 279 699 sunt
304 642 433 695 labia
461 651 571 706 tua,
597 656 719 710 qua:
744 640 1139 694 distillaverunt
1176 638 1462 692 verborum
1494 636 1714 699 ﬂuenta,

178 747 313 800 super
334 729 432 784 mel
459 738 514 783 et
537 730 723 783 favum
758 728 959 799 gutturi
986 736 1173 782 nostro
1197 726 1395 788 dulcia,
1420 740 1540 794 qua:
1559 738 1721 794 super

175 836 332 877 aurum
359 829 411 875 et
440 830 728 889 argentum
764 819 1085 888 recepimus,
1105 830 1376 886 penesque
1410 830 1507 869 nos
1538 829 1721 868 serva-

178 930 289 968 mus.
315 916 481 980 Atque
504 922 628 981 post
650 927 821 982 pauca
845 929 859 965 :
884 911 1134 977 Quandiu
1160 918 1215 964 tu
1233 948 1249 976 ,
1277 908 1495 963 lucerna
1525 907 1721 962 ardens

174 1013 217 1057 et
246 1003 448 1067 lucens,
474 1010 531 1055 et
559 1002 749 1055 cancri
783 1014 999 1069 quoque
1046 998 1217 1063 soles,
1247 999 1467 1052 domum
1508 996 1721 1051 Domini

175 1092 461 1162 prudentiae,
510 1090 745 1161 iustitia:
788 1102 843 1145 et
893 1090 1268 1162 temperantiae
1317 1089 1537 1159 speculo
1589 1090 1725 1143 irra-

176 1185 356 1247 «Ιὶειειίε,
386 1184 697 1253 gaudebant
747 1194 933 1253 patres
968 1185 1020 1236 iu
1072 1182 1230 1248 filiis,
1262 1181 1545 1236 laetabatur
1574 1191 1726 1250 pater

178 1287 332 1331 noster
375 1278 704 1333 Benedictus
736 1279 791 1333 in
828 1279 941 1333 suis
977 1278 1237 1342 alumnis,
1286 1293 1423 1346 quos
1469 1276 1539 1331 ab
1593 1278 1724 1347 ipsis

175 1367 473 1421 incunabulis
498 1368 831 1422 educaverat
853 1367 1199 1436 philosophia:
1225 1366 1515 1421 alimentis.
1541 1386 1559 1417 ι
1582 1367 1725 1421 Tan-

180 1461 275 1514 dem
305 1461 405 1531 ipse
433 1460 517 1513 vir
548 1461 763 1514 Domini
814 1462 995 1521 Abbo,
1044 1458 1199 1527 juxta
1249 1460 1723 1513 commonitionem

177 1551 471 1604 honorabilis
501 1553 679 1620 patris
727 1553 810 1605 sui
854 1550 1133 1621 Oylboldi,
1168 1550 1362 1603 nativa:
1392 1548 1583 1603 faciem
1618 1560 1726 1603 sta-

176 1651 301 1694 tuens
346 1641 577 1695 revisere
626 1640 875 1704 telluris,
932 1656 962 1694 a
1017 1638 1332 1695 memoratis
1380 1638 1724 1708 pontiﬁcibus

1820 456 2015 509 futuris
2044 455 2322 525 profutura
2354 460 2594 521 sarculis,
2627 460 2942 516 succinctim
2998 466 3195 519 nostris
3246 465 3382 521 inseé

1818 547 1989 601 rimus
2022 546 2245 601 chartis.
2275 546 2477 619 Nempe
2508 559 2628 620 post
2664 551 2992 618 elucidatos,
3041 563 3099 608 ut
3142 556 3386 623 praeliba-

1821 637 2026 701 vimus,
2059 635 2370 692 dialecticos
2397 639 2765 709 syllogismos,
2814 652 2934 710 post
2961 655 3215 700 cxaratas
3242 661 3385 700 corn-

1818 727 1932 796 puti
1963 726 2379 793 Calculationes,
2412 738 2532 799 post
2560 730 2690 786 solis
2716 746 2779 786 ac
2810 731 2948 786 luna:
2976 734 3183 787 viarum
3215 736 3392 789 decia-

1823 824 1967 868 ratas
1991 814 2392 881 dimensiones,
2442 819 2497 871 in
2541 819 2752 875 divinas
2779 836 2991 892 quoque
3033 825 3271 879 animum
3307 826 3388 880 ind

1823 900 2009 953 tendit.
2054 899 2398 969 Scripturas;
2455 905 2853 974 assumptisque
2909 920 2977 961 ex
3030 907 3384 977 plurimorum

1823 987 2043 1043 Patrum
2065 992 2475 1047 auctoritatibus
2486 994 2790 1058 sententiis,
2807 996 2951 1049 velut
2970 998 3388 1067 prudentissima

1824 1080 1968 1149 apis.
2000 1081 2164 1136 variis
2191 1081 2339 1137 favos
2369 1098 2696 1153 componens
2736 1085 2986 1153 tioribus,
3014 1089 3273 1145 mellitum
3302 1092 3392 1147 deo
3476 1148 3479 1152 ,

1823 1170 2035 1226 lloravit
2062 1187 2217 1243 opus.
2245 1174 2398 1241 Quod
2446 1175 2572 1231 licet
2620 1177 2686 1231 ad
2734 1193 2970 1248 prtesens
3000 1196 3104 1236 non
3133 1183 3210 1255 (6)
3241 1199 3396 1255 repe-
3472 1180 3475 1209 ᾖ

1826 1262 2019 1326 riatur,
2052 1264 2247 1332 partim
2279 1273 2592 1320 nostrorum
2623 1268 2971 1340 negligentia,
2994 1273 3187 1339 partim
3212 1282 3395 1327 extraa
3455 1308 3460 1343 ;

1826 1364 2047 1404 neorum
2097 1353 2431 1408 subtractum
2465 1356 2789 1425 cupiditate,
2834 1370 3042 1415 certum
3094 1369 3271 1416 tamen
3315 1373 3397 1418 est
3456 1370 3463 1421 ὲ
3513 1413 3516 1416 .

1827 1441 2031 1497 idcirco
2080 1457 2203 1497 cum
2248 1448 2585 1517 excerpsisse
2635 1463 2745 1518 quo
2791 1450 3015 1506 haberet
3063 1452 3130 1505 ad
3181 1469 3396 1508 manum
3458 1500 3461 1503 γ

1828 1533 2168 1590 defensiones
2183 1546 2369 1591 contra
2393 1540 2700 1609 pontificem
2717 1542 2960 1598 ecclesia:
2974 1544 3400 1609 Aurelianensis.

1829 1642 1935 1680 non
1966 1638 2111 1681 recta
2136 1630 2379 1698 quaedam
2407 1634 2474 1685 ab
2500 1648 2565 1688 eo
2593 1634 2916 1705 exigentem.

174 1729 355 1795 optimis
369 1730 670 1783 honoratur
691 1728 1027 1783 muneribus.
1052 1728 1118 1783 Et
1137 1744 1167 1782 a
1191 1728 1486 1783 venerabili
1505 1727 1721 1796 quidem
1754 1728 1797 1786 B
1896 1716 2023 1771 CAP-
2074 1718 2203 1772 Vlll-
2246 1720 2502 1790 Amulqu
2531 1724 2802 1793 episcopus
2825 1727 2923 1795 ipsi
2950 1728 3196 1797 infestus.
3225 1721 3399 1785 Abbo-

174 1819 413 1874 Dunstano
441 1821 735 1891 magnifica
766 1822 981 1891 excepit
1011 1821 1193 1875 munia
1226 1820 1280 1874 in
1311 1828 1568 1890 argento,
1598 1835 1725 1874 san-

172 1922 243 1964 cto
262 1912 385 1981 patri
417 1913 745 1981 perferenda
796 1912 1115 1978 Benedicto;
1167 1928 1197 1966 a
1242 1912 1440 1967 domno
1470 1927 1598 1966 vero
1625 1912 1728 1965 Os-

173 2003 340 2065 waldo,
390 2018 509 2057 cum
570 2005 756 2073 gratia
813 2004 1249 2075 presbyteratus,
1301 2003 1468 2057 etiam
1523 2009 1719 2058 cuncta

173 2094 315 2147 eidem
334 2094 515 2162 gradui
531 2110 777 2165 congrua
798 2095 1094 2149 ministeria
1117 2104 1201 2149 est
1222 2093 1467 2163 adeptus.
1491 2092 1727 2148 Rediens

172 2186 303 2254 igitur
328 2186 680 2255 multiplicem
728 2202 911 2241 secum
962 2187 1182 2240 advexit
1229 2201 1455 2256 gazam,
1506 2185 1560 2239 in
1612 2184 1726 2239 suis

172 2276 413 2344 speciebus
451 2277 682 2347 dignam
719 2278 841 2331 vita:
888 2277 1006 2346 ejus
1055 2278 1424 2331 continentem
1456 2274 1725 2345 significa-

175 2366 361 2418 tionem.
403 2365 538 2419 Nam
600 2365 824 2419 armillae
858 2376 1185 2435 torquesque
1228 2380 1407 2419 aureae
1431 2378 1723 2433 congruam

173 2454 534 2511 benefactorum
587 2458 927 2513 dictorumve
968 2457 1085 2525 ejus
1129 2458 1502 2528 significavere
1546 2473 1724 2511 remu-

173 2546 494 2611 nerationem;
524 2556 715 2601 vestes
758 2562 886 2601 vero
931 2547 1294 2602 sacerdotales
1320 2546 1605 2616 praesentis
1634 2546 1723 2600 fu-

178 2642 339 2689 turave
359 2635 542 2706 gloria:
566 2637 966 2706 portendebant
989 2637 1241 2692 nitorem.
1262 2638 1331 2691 At
1352 2653 1549 2692 aureus
1580 2638 1722 2691 calix

179 2735 221 2776 et
252 2742 585 2782 numerosum
624 2729 831 2799 argenti
870 2729 1135 2784 nomisma
1177 2730 1476 2783 innocentis
1514 2731 1721 2799 purita-

174 2819 393 2874 lctttt’iL‘e
433 2835 499 2876 ac
530 2820 812 2875 rutilantis
853 2821 1250 2890 prtesagiebant
1294 2820 1493 2889 eloquii
1534 2818 1717 2887 jubar.

173 2910 343 2975 Quibus
368 2913 654 2976 omnibus,
685 2921 806 2982 post
849 2928 1000 2967 suam
1034 2913 1098 2965 ad
1129 2910 1303 2965 ﬂoridi
1339 2911 1571 2966 nominis
1609 2926 1721 2967 ca:-

175 3001 358 3055 uobium
412 3004 824 3066 reversionem,
880 3003 949 3054 ita
1002 3001 1230 3055 mirifice
1278 3000 1512 3072 pollebat
1556 3010 1615 3055 ut
1665 3002 1717 3055 in

1830 1804 1909 1858 nia
1938 1806 2067 1859 liber
2086 1808 2438 1879 apologelt'cus
2460 1813 2529 1865 ad
2560 1831 2719 1885 reges.
2747 1847 2814 1856 -
2840 1819 3078 1889 Denique
3111 1837 3232 1877 cum
3262 1824 3402 1879 idem

1827 1897 1911 1951 vir
1939 1897 2151 1953 Domini
2176 1912 2397 1971 paratus
2421 1914 2590 1970 esset,
2608 1907 2762 1976 juxta
2797 1913 3023 1980 apostoli
3052 1926 3400 1986 praeceptum,

1829 1989 1981 2043 subdi
2016 1992 2179 2046 etiam
2218 1994 2364 2048 omni
2399 1994 2648 2052 humanae
2678 2011 2943 2058 creatum
2980 2016 3203 2077 propter
3235 2009 3401 2064 Deum

1829 2076 1880 2148 (I
1916 2076 2058 2133 Petr.
2088 2096 2126 2135 ll
2147 2122 2161 2147 ,
2202 2082 2320 2153 l5),
2357 2084 2664 2158 intelligens
2695 2098 2872 2145 tatnen
2906 2092 3025 2149 loco
3058 2076 3219 2164 quem
3248 2113 3372 2168 rege

1825 2168 1921 2224 bat
1947 2174 2285 2239 postmodum
2336 2190 2495 2245 posse
2539 2177 2783 2249 ollicere,
2820 2184 2864 2238 si
2907 2184 2955 2239 ei
2989 2189 3177 2243 modos
3228 2190 3409 2261 subjo-

1827 2261 2022 2316 ctionis
2050 2264 2125 2333 (7)
2156 2282 2292 2335 quos
2323 2269 2636 2338 requirebat
2660 2274 2725 2326 ad
2752 2273 2920 2343 ipsius
2949 2276 3160 2333 libitum
3206 2282 3405 2351 depeu.

1826 2355 2007 2421 deret,
2045 2356 2096 2410 id
2128 2357 2306 2413 facere
2335 2359 2387 2413 in
2415 2363 2559 2416 omni
2606 2378 2702 2417 sua
2750 2360 3018 2422 recusavit
3065 2372 3194 2423 vita.
3247 2370 3402 2428 Unde

1826 2444 1965 2500 idem
1996 2450 2260 2515 pontifex,
2291 2451 2547 2507 Arnulfus
2576 2455 2817 2521 nomine,
2844 2458 3281 2516 animadvertens
3306 2478 3403 2518 nec

1827 2536 2034 2589 ratione
2060 2552 2157 2591 nec
2177 2538 2481 2593 divinarum
2508 2542 2682 2612 legum
2701 2542 2928 2619 [verbis]
2946 2560 3068 2601 eum
3090 2564 3251 2619 posse
3275 2566 3404 2605 con-

1824 2625 2346 2691 vinci,altercatione
2362 2631 2708 2686 manifestum
2722 2636 3086 2692 seeiostendit
3100 2640 3397 2696 inimicum.

1824 2715 1937 2782 Qua
1966 2716 2033 2771 de
2060 2733 2119 2772 re
2140 2731 2319 2773 actum
2351 2730 2433 2775 est
2459 2733 2515 2776 ut
2543 2723 2805 2779 satellites
2828 2730 3109 2782 memorati
3129 2731 3402 2801 pontificis

1822 2807 2072 2861 eumdem
2104 2808 2278 2862 virum
2312 2810 2435 2875 Dei,
2476 2808 2709 2867 Turonis
2739 2815 2805 2867 ad
2854 2813 3200 2873 festivitatem
3230 2821 3405 2875 sancti

1822 2895 2038 2951 Martini
2084 2908 2495 2968 properantem,
2539 2911 2823 2958 noctanter
2865 2907 3102 2977 aggressi
3147 2910 3403 2980 gravibus

1823 2985 2100 3040 allicerent
2152 2989 2523 3053 contumeliis,
2574 2991 2898 3061 quibusdam
2951 2995 3197 3066 obsequii
3260 2998 3403 3054 illius

176 3091 425 3146 multorum
454 3103 508 3147 et
539 3108 681 3162 quos
703 3102 863 3147 antea
894 3092 1122 3146 latuerat
1146 3092 1392 3145 notitiam
1421 3091 1715 3146 deveniret.

1827 3074 2132 3131 hominibus
2161 3077 2229 3131 ad
2274 3092 2460 3133 necem
2498 3095 2670 3150 usque
2708 3082 3026 3139 vulneratis.
3078 3088 3249 3154 Quam
3286 3103 3403 3144 rem

228 3183 339 3236 (In.
379 3184 485 3239 Ἧι.
527 3184 704 3237 Abbas
746 3181 979 3235 Floriaci
1009 3192 1237 3234 creatur.
1266 3180 1482 3234 Munitis
1512 3182 1720 3251 optimis

173 3286 271 3323 suos
296 3274 527 3339 instruit;
558 3276 629 3327 ad
660 3274 974 3328 studendum
1022 3281 1069 3324 et
1101 3271 1429 3324 scribendum
1458 3272 1717 3324 hortatur.

178 3362 353 3432 Scripta
386 3368 519 3434 ejus.
540 3398 608 3406 —
630 3366 824 3421 Postea
851 3364 1055 3418 factum
1077 3372 1160 3417 est
1183 3371 1261 3427 ut,
1292 3362 1589 3418 venerabili
1621 3364 1721 3419 ab—

176 3452 277 3507 bate
317 3455 579 3526 Oylboldo
629 3455 879 3510 humanis
929 3455 1088 3507 rebus
1118 3463 1395 3523 exempto,
1420 3454 1723 3507 communis

177 3539 563 3599 Floriaceusinm
622 3545 815 3600 electio
852 3544 1081 3597 fratrum
1132 3558 1301 3612 usque
1362 3541 1715 3613 perferretur,

178 3631 294 3687 hunc
336 3636 431 3689 sibi
476 3647 688 3706 patrem
733 3635 1143 3706 postulantium.
1180 3634 1420 3688 Prarcrat
1445 3649 1545 3702 per
1580 3633 1722 3689 idem

180 3728 355 3788 tempus
384 3726 547 3793 regite
592 3725 921 3779 Francorum
952 3722 1087 3777 aulae
1116 3723 1398 3793 princeps,
1432 3723 1585 3793 llugo
1628 3739 1723 3778 no-

177 3812 326 3876 mine,
373 3815 463 3883 qui
513 3830 836 3869 consensum
908 3814 1151 3882 prarberc
1209 3828 1312 3866 non
1370 3813 1597 3868 distulit.
1660 3814 1726 3868 Et

177 3903 420 3968 quamvis,
451 3914 508 3957 ut
543 3906 594 3957 in
631 3905 823 3958 talibus
864 3904 978 3957 fieri
1008 3903 1233 3968 assolet,
1258 3903 1421 3973 aliqui
1448 3919 1513 3959 ex
1541 3903 1725 3959 fratri-

177 3988 259 4042 bus
300 3993 413 4045 huic
456 3993 706 4047 electioni
751 3994 1108 4063 pervicaciter
1154 3994 1233 4064 (5)
1291 3995 1454 4049 renisi
1509 4004 1721 4060 essent,

178 4086 327 4132 tamen
352 4084 701 4149 plurimorum
723 4096 795 4148 et,
822 4094 876 4136 nt
899 4093 1017 4152 post
1041 4084 1231 4152 patuit,
1256 4085 1489 4139 sanioris
1514 4084 1723 4141 consilii

179 4170 426 4234 prevaluit
457 4172 772 4225 auctoritas.
799 4172 1118 4241 Susceptum
1142 4188 1271 4242 ergo
1296 4174 1375 4226 vir
1397 4175 1507 4228 Deo
1529 4175 1725 4244 dignus

177 4258 305 4311 Abbo
330 4261 599 4328 pastorale
624 4260 874 4325 cilicium,
901 4263 972 4315 uti
1006 4262 1092 4317 ille
1117 4264 1207 4332 qui
1237 4264 1366 4332 quid
1395 4265 1725 4333 suscepisset

179 4346 493 4418 intelligeret,
527 4352 1072 4420 irrepreheusibilitcr
1114 4354 1404 4423 disponere
1434 4369 1533 4423 pro
1564 4369 1723 4423 posse

1823 3166 2084 3237 prarfatus
2115 3169 2373 3235 antistes,
2406 3186 2526 3225 cum
2569 3171 2622 3226 in
2653 3172 2878 3242 reliquis
2924 3176 3135 3233 actibus
3165 3179 3279 3235 suis
3305 3181 3401 3236 ho—

1821 3256 1990 3311 nestis
2005 3271 2217 3327 semper
2230 3273 2289 3313 se
2304 3260 2699 3315 demonstraret
2712 3262 2912 3331 pollere
2928 3265 3186 3334 moribus,
3199 3283 3404 3340 nequa-

1820 3362 2002 3417 quam,
2028 3358 2085 3403 ut
2105 3365 2203 3418 par
2224 3361 2363 3417 erat,
2384 3351 2598 3421 indigne
2626 3353 2767 3419 tulit;
2788 3367 2996 3421 verum,
3016 3368 3238 3427 propter
3256 3360 3399 3431 vulgi

1822 3436 2056 3499 famam,
2088 3438 2297 3508 aliquos
2322 3453 2508 3493 eorum
2538 3440 2631 3510 qui
2660 3442 2765 3497 hoc
2793 3455 3242 3513 perpetraverant
3282 3463 3397 3505 sees

1824 3529 1925 3593 lus,
1959 3529 2113 3598 quasi
2160 3546 2262 3600 pro
2305 3530 2708 3598 satisfactione,
2750 3542 2809 3587 ut
2854 3536 3023 3606 virgis
3044 3540 3401 3609 caederentur,

1823 3630 1949 3676 ante
1976 3637 2099 3675 eum
2127 3622 2371 3677 adduxit.
2405 3622 2511 3677 Sed
2543 3624 2636 3678 Dei
2669 3639 2892 3692 servus,
2922 3632 3262 3698 perpendens
3288 3632 3407 3688 haec

1824 3727 1931 3768 non
1964 3720 2107 3766 recta
2148 3712 2265 3767 ﬁeri
2296 3714 2617 3781 intentione,
2655 3715 2923 3787 simulque
2958 3733 3167 3773 memor
3187 3721 3400 3778 Domini

1823 3817 1919 3872 per
1943 3802 2282 3872 Scripturam
2315 3804 2549 3860 dicentis
2580 3822 2594 3857 :
2630 3804 2763 3859 Mihi
2787 3808 3095 3874 vindictam,
3124 3821 3172 3864 et
3200 3827 3293 3883 ego
3324 3830 3404 3867 re-

1824 3896 2051 3949 tribuam
2095 3894 2272 3966 (Rom.
2306 3912 2378 3960 rt,
2409 3896 2537 3965 22),
2587 3911 2707 3965 qua:
2742 3896 3110 3954 oli‘erebantur
3154 3905 3408 3973 accipere

1826 3986 2019 4050 noluit,
2042 3993 2117 4049 et,
2147 3986 2273 4053 quia
2299 3985 2592 4039 vindictam
2621 4001 2835 4041 sumere
2860 4004 2957 4059 per
2981 3999 3151 4045 semet
3174 3994 3403 4061 distulit,

1825 4084 1884 4128 ut
1913 4090 1943 4128 a
1973 4075 2202 4128 Domino
2227 4074 2592 4129 vindicaretur
2616 4078 2865 4130 emeruit.
2900 4079 3112 4134 Etenim
3136 4085 3399 4152 quosdam

1825 4179 1890 4219 ex
1937 4164 2070 4235 ipsis
2115 4173 2290 4219 morte
2339 4164 2517 4218 subita
2569 4164 2896 4235 interceptos
2946 4169 2999 4222 in
3047 4169 3259 4226 lectulis
3291 4174 3405 4228 suis

1831 4265 2070 4326 repertos
2097 4264 2361 4317 mortuus,
2393 4253 2527 4310 alios
2554 4255 2608 4309 in
2644 4257 2847 4311 rabiem
2895 4272 3018 4314 esse
3042 4274 3228 4318 versos
3256 4262 3398 4318 fama

1829 4348 2081 4417 vulgante
2107 4346 2410 4400 didicimus.
2444 4345 2751 4412 Enimvero,
2786 4348 2910 4416 quia
2955 4348 3169 4406 dilIicile
3212 4362 3297 4408 est
3345 4355 3397 4407 in

177 4413 443 4507 satagebat.
466 4413 718 4496 Monebat
741 4458 867 4513 ergo
888 4444 1149 4510 subditos,
1174 4413 1719 4499 vitiarunt-abdicatis
1754 4413 1805 4471 ι)
1832 4438 2105 4509 prosperis
2134 4436 2334 4491 iItVidia
2378 4450 2592 4500 carere.
2623 4452 2653 4490 θ
2686 4438 3005 4506 quibusdam
3038 4440 3158 4496 aliis
3195 4457 3402 4513 pransus

177 4526 340 4593 spinis,
363 4530 414 4583 iu
440 4531 637 4585 arcolis
660 4533 899 4585 cordium
923 4533 1225 4586 divinarum
1251 4546 1437 4585 serere
1469 4543 1715 4586 aromata

177 4617 429 4674 virtutum.
459 4621 579 4676 iam
606 4637 730 4675 vero
752 4637 941 4675 contra
973 4623 1096 4675 vitia
1123 4623 1305 4676 carnis
1328 4620 1511 4691 jugem
1538 4623 1718 4676 aiebat

180 4705 346 4762 debere
377 4712 555 4765 haberi
604 4727 857 4780 pugnam.
888 4711 1137 4779 omnique
1186 4711 1449 4763 industria
1501 4711 1720 4765 investi-

180 4800 386 4861 gandum
415 4804 731 4871 quibusnam
772 4804 939 4855 armis
968 4806 1087 4871 quis
1116 4804 1233 4871 ejus
1266 4812 1527 4873 repugnet
1571 4802 1718 4858 obic-

185 4894 456 4948 ttamentis.
476 4896 555 4949 Ad
575 4897 714 4964 quod
739 4895 1083 4962 explendum,
1106 4905 1226 4963 post
1243 4894 1550 4947 orationum
1575 4904 1719 4959 vota,

184 4990 285 5044 post
299 4982 610 5051 jejuniorutn
648 4986 823 5039 virilia
874 4988 1191 5050 certamina,
1215 4986 1441 5038 multum
1472 4988 1726 5054 prodesse

186 5076 415 5129 censebat
463 5079 759 5134 litterarum
813 5080 1021 5145 studia,
1082 5082 1423 5149 maximeque
1490 5083 1727 5135 dictandi

186 5165 435 5218 exercitia.
454 5168 679 5234 Quarum
708 5172 823 5239 ipse
849 5169 1217 5237 perstudiosus
1241 5170 1503 5229 existens,
1526 5170 1725 5221 nullum

189 5266 302 5316 perte
331 5255 703 5315 intermittebat
753 5272 967 5328 tempus
1013 5262 1138 5327 quin
1187 5260 1435 5330 legeret,
1467 5261 1731 5313 scriberet

511 5354 657 5378 0.....-

219 5346 228 5353 .

188 5346 447 5378 litt-lnnnI-vn
511 5354 725 5378 υκαι-..-
776 5352 948 5378 ..νς-.Ιιη
991 5355 1312 5378 Αλ-ξ...ι..-...ικ
1350 5352 1460 5378 Αἶηη
1498 5353 1722 5378 ξ.ιο.ἶη..ῗη

1827 4532 1967 4585 libus
1984 4571 1998 4594 ,
2025 4544 2231 4584 necnon
2254 4530 2805 4595 nostriordiuisviris,
2830 4532 3080 4588 videlicet
3106 4537 3404 4599 monachis.

1826 4634 1964 4689 qttos
1997 4636 2140 4674 nunc
2182 4621 2488 4673 nominibus
2537 4622 2772 4689 propriis
2817 4623 3103 4694 designare
3147 4639 3408 4696 superva-

1827 4727 1985 4765 cnurn
2035 4710 2151 4764 fore
2215 4711 2516 4773 credimus,
2567 4714 2764 4766 remulo
2832 4713 3175 4767 lacerabatur
3222 4718 3402 4771 dente.

1827 4805 2168 4872 Quapropter
2225 4803 2287 4856 ad
2350 4803 2596 4856 dominos
2651 4820 2861 4869 rerum,
2913 4803 3143 4874 inclytos
3202 4809 3410 4862 scilicet

1832 4894 2075 4948 Francia:
2110 4908 2262 4962 reges
2284 4932 2298 4957 ,
2326 4891 2603 4961 Hugonem
2633 4909 2695 4948 ac
2722 4892 2838 4962 ejus
2863 4891 3033 4945 filium
3069 4894 3408 4960 Rotbertum,

1834 5004 1862 5041 a
1892 4988 2125 5058 quibus,
2154 5003 2251 5056 pro
2277 5001 2503 5038 summa:
2542 4986 2818 5053 aequitatis
2842 4997 2907 5035 ac
2930 4983 3183 5039 veritatis
3202 4985 3420 5040 t.‘amite

1833 5093 1991 5147 quem
2039 5074 2155 5146 ipse
2190 5077 2279 5130 Dei
2327 5074 2562 5128 famulus
2595 5076 2859 5130 inoffense
2904 5070 3146 5140 diligens
3173 5073 3426 5140 tenebat,

1833 5183 1994 5237 quam
2043 5168 2277 5221 maxime.
2306 5168 2612 5218 amabatur.
2651 5159 3072 5236 Apologeticum
3115 5160 3333 5229 scripsit
3369 5163 3437 5218 ιι.

1834 5259 1988 5312 brum
2013 5298 2026 5320 ,
2059 5259 2215 5327 cujus
2239 5258 2342 5310 hoe
2372 5255 2559 5308 existit
2590 5256 2876 5311 exordium
2913 5265 2927 5302 :

1908 5366 1925 5399 ί
1962 5346 2124 5404 Smne
2173 5344 2434 5400 court-mle
2477 5351 2529 5378 ιιι
2597 5346 2723 5378 dum
2781 5338 2982 5378 uimine
3026 5338 3443 5378 inc-memmium
