3944 5414
560 332 664 389 59³5

1642 324 1702 379 5.
1743 319 1923 379 ABBO
1957 318 2454 403 FLORIAQENSIS
2493 317 2732 373 ABB.\S.

3692 318 3797 376 $96

562 448 929 507 calamitatum
955 446 1145 499 horror
1167 447 1398 496 mentem
1416 437 1761 510 fatigat,ipso
1781 439 2006 493 horrore
2025 450 2130 488 non
2158 441 2208 496 Α
2237 432 2471 487 haereses
2498 431 2662 485 etiam
2692 430 2761 486 de
2793 430 3040 486 oratione
3072 427 3137 502 [f.
3175 427 3589 502 desolationem]
3627 430 3804 489 Eccle-

548 518 624 599 iea
657 553 776 610 qua:
815 539 996 593 dicere
1019 535 1278 597 debuerat
1325 532 1570 586 turbatus
1605 530 1819 584 animus
1848 527 2129 598 expediat;

565 631 688 694 sed,
732 628 1108 699 phantasmate
1158 621 1545 693 cogitationum
1600 620 1859 675 aliorsum
1917 627 2134 687 raptus,

565 733 684 788 qua:
731 716 953 772 tacenda
997 722 1122 770 sunt
1161 712 1324 775 dicat,
1352 725 1447 774 ac,
1475 707 1618 778 quod
1644 715 1729 762 est
1768 719 2134 777 consequens,

565 824 686 878 quae
716 805 941 862 dicenda
976 810 1169 858 taceat.
1198 801 1423 869 Semper
1444 799 1588 852 enim
1619 811 1846 851 summae
1870 793 2133 863 tranquil-

554 899 734 957 litatis
759 897 994 967 quietem
1025 893 1199 963 diligit
1225 892 1316 960 qui
1346 888 1596 953 veritatis
1631 902 1888 943 arcanum
1918 884 2137 941 ratioci-

563 990 742 1045 nando
788 988 1072 1057 disponere
1118 983 1302 1054 gestit.
1331 980 1674 1049 Quapropter
1706 979 1773 1032 ab
1810 976 1943 1046 ipsis
1976 976 2138 1030 disci-

563 1081 835 1152 plinarum
881 1076 1202 1133 rudimentis
1252 1092 1266 1127 :
1317 1090 1337 1123 ι
1380 1072 1531 1127 Sicut
1556 1084 1748 1125 cervus
1776 1068 2046 1123 desiderat
2070 1067 2137 1121 ad

566 1172 742 1227 fontes
791 1181 1086 1239 aquarum,
1140 1165 1212 1219 ita
1263 1162 1539 1218 desiderat
1583 1161 1761 1215 anima
1805 1174 1925 1214 mea
1961 1157 2134 1228 (Paul.

564 1276 683 1324 xu,
727 1258 784 1329 2)
818 1277 836 1311 ι
865 1256 1188 1312 laburiosum
1219 1251 1517 1321 spiritualis
1555 1249 1911 1320 philosophiae
1942 1248 2135 1313 otium,

554 1364 685 1405 cum
715 1348 785 1403 ad
815 1346 1108 1402 multorum
1132 1342 1420 1398 utilitatem
1451 1349 1723 1395 verterem
1762 1340 1814 1392 in
1847 1339 2136 1393 honestum

569 1438 882 1509 negotium,
932 1450 1085 1499 cum,
1119 1433 1253 1488 meis
1293 1431 1528 1501 peccatis
1553 1428 2041 1500 praepedieutibus,
2069 1440 2136 1481 eo

567 1529 785 1597 relicto,
818 1523 1217 1596 quodammodo
1245 1521 1312 1601 ad
1348 1520 1529 1594 szeculi
1558 1517 1975 1575 sollicitudinem
2017 1530 2137 1571 sum

552 1620 848 1691 _reductus,
871 1616 961 1686 qui
985 1616 1086 1670 sub
1112 1629 1240 1669 cura
1276 1612 1567 1682 pastoralis
1594 1609 1874 1682 regiminis
1898 1608 2140 1678 quotidie

566 1719 841 1765 sustentor
864 1723 1003 1778 aqua
1033 1706 1298 1775 angustiae
1326 1714 1382 1760 et
1407 1719 1546 1775 pane
1583 1701 1964 1757 tribulationis.
2007 1698 2139 1755 Cor—

2236 525 2439 578 siarum
2467 523 2521 576 in
2554 523 2639 577 his
2667 519 2867 577 deflens
2894 521 3270 577 exsurrexisse
3316 521 3661 592 regionibus,
3694 522 3803 577 haec

2236 615 2399 671 infert
2433 632 2448 668 :
2481 632 2500 665 ι
2541 613 2776 678 Caveat,
2804 613 3088 684 inquiens,
3134 612 3444 683 quicunque
3473 611 3592 665 vult
3625 612 3805 668 salvus

2233 722 2379 774 esse,
2404 722 2523 762 eam
2543 746 2557 769 ,
2590 706 2732 760 haud
2763 704 2925 760 dubie
2972 704 3101 774 quin
3132 703 3448 767 Ecclesiam,
3476 701 3705 772 alicujus
3732 701 3806 755 al—

2237 800 2405 852 terius
2444 797 2546 851 nisi
2599 797 2767 851 solius
2812 796 2907 851 Dei
2954 795 3353 865 possessionem
3385 794 3630 848 credere.
3658 792 3807 850 Unde

2221 888 2397 943 Petro
2443 887 2671 957 principi
2723 886 3088 956 apostolorum
3120 886 3358 941 dicitur:
3390 883 3471 938 Tu
3497 900 3555 939 es
3590 882 3803 947 Petrus,

2233 988 2281 1032 et
2332 994 2488 1046 super
2537 979 2669 1031 hanc
2723 987 2923 1045 petram
2973 975 3246 1044 wdiﬁcabo
3295 972 3591 1028 Ecclesium
3646 991 3807 1027 meum

2234 1069 2451 1140 (Matth.
2506 1085 2626 1132 xvr,
2679 1068 2790 1135 l8).
2839 1068 3044 1132 Meam,
3100 1068 3303 1135 inquit,
3358 1080 3466 1121 non
3524 1075 3694 1120 tuam.
3750 1066 3806 1119 Et

2220 1160 2482 1216 «Christus
2510 1160 2634 1215 alibi
2671 1178 2684 1215 :
2717 1159 2913 1214 Domus
2943 1175 3059 1212 mea
3105 1160 3289 1212 domus
3319 1158 3578 1212 orationis
3607 1156 3807 1210 vocabi-

2235 1262 2323 1307 tur
2368 1252 2583 1323 (Mattlt.
2631 1268 2761 1317 xxi,
2808 1252 2917 1320 15).
2965 1250 3255 1306 Psalmista
3292 1263 3509 1320 quoque
3543 1268 3558 1303 :
3591 1247 3809 1302 Domum

2236 1354 2415 1410 tuam,
2443 1344 2693 1409 Domine,
2725 1343 2868 1397 decet
2896 1342 3194 1398 sanctitudo
3238 1339 3411 1413 (Psal.
3444 1355 3591 1395 xcxu
3613 1380 3631 1404 ,
3654 1339 3731 1408 5).
3758 1338 3811 1393 Si

2236 1451 2367 1507 ergo
2391 1436 2633 1491 Ecclesia
2665 1451 2770 1491 non
2799 1444 2883 1490 est
2909 1433 3092 1497 Petri,
3117 1432 3273 1502 cujus
3302 1432 3441 1487 erit?
3468 1433 3581 1487 Aut
3604 1445 3812 1485 succes-

2237 1540 2390 1581 sores
2412 1525 2558 1580 Petri
2583 1523 2856 1581 audebunt
2879 1530 3201 1593 potestatem
3223 1520 3327 1575 sibi
3349 1520 3632 1575 vindicare
3656 1533 3811 1588 quam

2238 1631 2347 1672 non
2376 1614 2567 1670 habuit
2609 1614 2805 1670 Petrus
2849 1613 3104 1685 princeps
3144 1611 3436 1667 Ecclesiae?
3466 1610 3662 1675 Certe,
3692 1612 3813 1665 cha-

2238 1706 2440 1763 rissimi
2469 1705 2774 1776 principes,
2809 1720 2909 1760 nec
2938 1704 3207 1759 catholice
3230 1702 3463 1757 vivimus
3492 1715 3595 1757 nec
3623 1700 3808 1756 catho-

567 1802 712 1857 rodit
738 1815 825 1855 me
854 1799 1047 1854 canino
1073 1798 1233 1852 dente
1259 1796 1575 1850 aemulorum
1600 1790 1993 1862 supplantatrix
2024 1788 2138 1845 cal-
2167 1786 2213 1848 Β
2239 1798 2343 1854 lice
2375 1798 2667 1869 loquimur,
2712 1797 2928 1867 quando
2976 1795 3120 1850 illam
3170 1795 3469 1851 Ecclesium
3521 1795 3644 1849 dico
3700 1808 3812 1849 esse

566 1893 783 1955 liditas,
822 1887 1198 1945 circumlatrat
1233 1874 1668 1941 adversariorum
1702 1883 1956 1951 frequens
1985 1896 2139 1936 acer-

566 1982 737 2046 bitas;
763 1995 863 2035 nec
889 1978 1031 2033 aliud
1060 1985 1249 2032 contra
1281 1990 1365 2030 me
1396 1975 1838 2039 immurmurant,
1866 1970 1968 2024 nisi
1997 1968 2139 2038 quod

554 2060 959 2127 linonaeborum
1003 2078 1252 2123 senatum
1300 2065 1505 2120 salvum
1539 2078 1661 2117 esse
1705 2060 1888 2114 velim.
1934 2058 2141 2113 Nostrae

568 2162 874 2233 reipublicae
902 2144 1249 2227 augmentum
1281 2155 1522 2226 quaesivi,
1563 2150 1975 2223 accavillationi
2006 2148 2141 2203 insi-

566 2254 829 2309 diantium
854 2251 1178 2307 auctoritate
1203 2264 1307 2317 qua
1331 2247 1470 2302 valui
1494 2244 1813 2300 contradixi.
1854 2261 1872 2294 ι
1893 2241 2000 2297 Nec
2025 2241 2145 2295 abs-

573 2343 736 2398 condi
787 2341 1008 2397 omnino
1038 2336 1468 2393 misericnrdiam
1506 2343 1561 2388 et
1590 2334 1875 2387 veritatem
1903 2345 1932 2382 a
1963 2327 2143 2383 consi-

567 2433 640 2489 lio
665 2432 837 2489 multo
862 2429 1035 2503 (Paul.
1078 2422 1278 2493 xxxix,
1309 2427 1417 2495 ll).
1454 2445 1471 2477 ›
1508 2424 1613 2479 Pro
1641 2418 1941 2489 hujusmodi
1987 2416 2144 2472 malis

570 2540 691 2582 meo
717 2523 1046 2580 insidiantur
1089 2517 1371 2590 sanguini,
1414 2529 1499 2570 me
1544 2509 1962 2569 succenturiatis
1996 2508 2141 2563 inse-

558 2622 809 2684 quuntur
863 2612 1023 2678 odiis,
1082 2610 1218 2665 adeo
1274 2615 1480 2661 utnec
1517 2605 1663 2676 regia
1726 2599 1980 2670 maiestas
2051 2613 2146 2654 eos

567 2705 840 2761 deterreat
865 2702 993 2773 quin
1020 2715 1107 2756 me
1141 2698 1444 2755 clanculum
1483 2696 1784 2759 trucident,
1812 2695 1855 2749 si
1883 2693 1964 2748 eis
1994 2691 2144 2747 locus

570 2804 851 2865 tempusve
903 2791 1163 2847 arrideat.
1221 2788 1377 2845 Unde
1426 2786 1647 2843 sedulus
1700 2785 1755 2839 in
1807 2782 2145 2838 orationibus

570 2885 707 2939 meis
735 2880 1021 2940 Dominum
1068 2881 1329 2956 deprecor
1349 2886 1408 2933 ut
1423 2876 1637 2948 judicet
1650 2884 1703 2929 et
1724 2873 1998 2928 discernat
2017 2886 2146 2927 eau-

570 2989 686 3029 sam
727 2989 903 3051 meam
949 2972 1128 3038 solito,
1160 2970 1473 3042 eripietque.
1508 2970 1597 3035 ab_
1618 2965 1838 3049 homine
1863 2964 2064 3047 iniquo
2091 2970 2147 3019 et

571 3062 756 3117 doloso
784 3046 960 3133 (Psal.
997 3076 1131 3133 xm,
1159 3040 1291 3130 l).—i
1326 3058 1722 3122 llaereticorum
1753 3040 1931 3111 autem
1961 3054 2014 3107 in
2041 3053 2147 3107 hoc

572 3153 764 3206 eodem
792 3152 945 3225 libro.
963 3150 1166 3208 faciens
1192 3150 1522 3215 mentionem
1544 3187 1559 3213 ,
1587 3156 1710 3216 post
1735 3142 1991 3199 nonnulla
2018 3141 2147 3206 alia,

574 3244 690 3297 haec
743 3243 1062 3298 interserit:
1101 3258 1118 3291 ι
1153 3240 1389 3304 Omnes,
1455 3239 1731 3306 inquiens,
1783 3235 2019 3287 haereses
2075 3232 2149 3285 ita

573 3335 845 3405 persecuti
861 3343 987 3389 sunt
1000 3332 1193 3388 Patres
1211 3331 1381 3388 nostri
1408 3336 1487 3393 ut,
1501 3327 1749 3398 primitus
1763 3322 1867 3403 fide
1882 3321 2123 3392 exposita
2134 3359 2150 3387 ,

578 3425 932 3495 explorarent
954 3424 1008 3481 in
1038 3424 1151 3480 suis
1178 3420 1425 3478 conciliis
1445 3432 1513 3473 ne
1539 3416 1661 3487 quis
1681 3415 1911 3470 sentiret
1934 3420 2150 3468 contra-

576 3516 716 3574 rium
763 3512 896 3586 ipsis
927 3512 1209 3586 apostolis.
1246 3511 1348 3579 Qui
1381 3514 1658 3577 repertus,
1688 3504 1892 3573 absque
1924 3500 2030 3556 ulla
2072 3497 2154 3553 di-

574 3604 777 3661 latione
824 3615 917 3661 aut
955 3605 1042 3679 ad.
1067 3588 1263 3674 corpus
1296 3597 1550 3654 Ecclesiae
1597 3604 1681 3650 est
1723 3594 2009 3657 reductus,
2059 3595 2154 3654 aut

578 3708 756 3771 usque
780 3695 847 3750 ad
872 3695 1083 3769 erroris
1133 3689 1659 3748 abrenuntiationem
1699 3683 1980 3755 perculsus
2016 3697 2152 3739 aua-

570 3786 848 3855 themate,
880 3788 1150 3844 catholica
1188 3784 1432 3857 privatus
1475 3787 1560 3836 est
1604 3776 2001 3833 communione.
2042 3771 2153 3828 Nec

570 3876 754 3946 magis
775 3889 1081 3952 serpentem
1106 3886 1326 3948 tangere
1337 3874 1646 3928 vitaverunt
1665 3865 1973 3933 orthodoxi,
1989 3879 2150 3936 quam

568 3966 1401 4041 adhaererehujusmodilepra
1446 3961 1848 4021 contaminatis.
1897 3958 2050 4015 Unde
2096 3958 2151 4012 in

566 4065 873 4124 canonibus
882 4060 1261 4134 prohibemur,
1279 4057 1326 4110 si
1351 4068 1450 4128 nos
1469 4050 1770 4109 catholicos
1788 4060 1908 4105 esse
1926 4047 2148 4117 scimus,

568 4138 642 4214 ne
668 4170 793 4212 cum
820 4153 904 4208 eis
928 4150 1117 4205 saltem
1136 4160 1377 4202 oremus.
1409 4143 1542 4197 Nam
1571 4142 1672 4197 sub
1700 4138 1980 4195 Marciano
2000 4136 2151 4207 prin-

574 4249 722 4318 cipe,
756 4244 899 4315 apud
942 4239 1360 4298 Chalcedoniam
1388 4252 1457 4291 xv
1499 4245 1556 4290 et
1581 4249 1647 4288 eo
1680 4231 1910 4302 amplius
1937 4231 2147 4285 dierum

574 4337 718 4407 actio
744 4337 809 4390 de
842 4334 947 4388 hac
976 4347 1035 4386 re
1067 4329 1324 4385 ventilata
1349 4334 1460 4389 est,
1493 4323 1855 4381 residentibus
1881 4318 2151 4390 episcopis

573 4406 638 4482 pc
660 4434 775 4491 ,vet,
826 4432 887 4476 ut
922 4419 1238 4491 quibusdam
1269 4415 1474 4485 placet,
1502 4427 1636 4476 nec;
1668 4410 1863 4479 quibus
1900 4406 2151 4463 omnibus

575 4515 699 4584 pius
721 4512 974 4582 princeps
996 4523 1062 4563 ex
1084 4521 1305 4563 suarum
1330 4517 1517 4558 rerum
1542 4499 1693 4569 copia
1714 4506 1962 4567 sumptus
1984 4496 2149 4550 abun-

573 4605 768 4659 danter
794 4599 1057 4672 praebuit,
1091 4595 1269 4667 quoad
1298 4606 1488 4649 omnes
1513 4590 1799 4646 haereticos
1827 4603 1858 4641 a
1889 4602 1948 4642 se
1975 4584 2149 4654 repel-

575 4693 781 4759 lerent,
813 4691 867 4745 id
887 4700 978 4746 est
1003 4703 1098 4743 eos
1125 4687 1214 4758 qui
1240 4687 1292 4739 in
1310 4685 1475 4739 verbo
1505 4681 1588 4736 vel
1617 4695 1782 4750 opere
1807 4677 1964 4732 aliter
1985 4690 2148 4745 quam

573 4784 747 4840 sancti
778 4780 1004 4853 apostoli
1029 4778 1349 4835 sensissent.
1372 4773 1491 4843 Quo
1516 4772 1685 4836 facto,
1709 4771 1762 4824 in
1797 4778 2003 4822 tantum
2022 4764 2150 4821 fidei

573 4873 785 4948 puritas
813 4870 1014 4941 placuit
1036 4869 1124 4940 pio
1159 4864 1412 4938 principi,
1460 4871 1523 4918 ut
1566 4876 1686 4917 eam
1731 4858 1848 4927 ipse
1887 4871 2014 4910 cum
2050 4868 2150 4910 sua

574 4962 800 5035 conjuge
827 4962 927 5017 sub
951 4957 1316 5029 chirographo
1341 4953 1554 5024 publice
1581 4948 1929 5021 profiteretur
1958 4959 2147 4999 coram

1611 5038 1925 5066 -l\':l—:l\llf\m
1974 5035 2148 5066 δηξίθ-

1435 5058 1575 5066 ...μηδ

2238 1910 2445 1958 meam,
2479 1893 2568 1948 ille
2590 1892 2816 1947 alteram
2847 1891 2980 1946 dicit
2999 1903 3121 1946 esse
3148 1905 3322 1945 suam.
3349 1889 3429 1944 Ac
3454 1888 3623 1943 veluti
3673 1901 3813 1957 que-

2239 1986 2363 2040 dam
2416 1986 2689 2056 jumenta,
2741 1982 3038 2053 comparati
3082 1980 3343 2050 jumentis
3392 1977 3809 2048 insipientibus,

2240 2087 2496 2148 utrasque
2521 2077 2810 2145 aliquando
2832 2075 3051 2129 venales
3081 2072 3454 2143 proponimus,
3484 2070 3814 2141 propositas-

2240 2183 2345 2238 que
2375 2168 2439 2221 ab
2464 2166 2586 2221 aliis
2604 2182 2785 2223 emere
2809 2181 2915 2221 non
2940 2165 3319 2220 formidamus.
3352 2163 3448 2217 Est
3488 2163 3656 2217 etiam
3682 2161 3812 2214 alius

2240 2271 2399 2311 error
2427 2257 2818 2327 gravissimus,
2847 2271 2956 2326 quo
2989 2255 3164 2310 fertur
3191 2255 3363 2309 altare
3407 2266 3526 2313 esse
3553 2251 3813 2321 episcopi,

2241 2356 2296 2401 et
2316 2348 2602 2403 ecclesiam
2626 2347 2852 2402 alterius
2873 2346 3164 2416 cujuslibet
3187 2345 3414 2410 domini;
3429 2358 3552 2399 eum
3572 2357 3637 2395 ex
3664 2344 3815 2394 domo

2242 2448 2558 2496 consecrata
2581 2448 2637 2493 et
2663 2439 2821 2493 altari
2846 2453 3014 2492 unum
3037 2436 3306 2507 quoddam
3330 2434 3425 2488 fiat
3450 2432 3596 2502 quod
3623 2431 3814 2485 dicitur

2243 2532 2504 2596 ecclesia,
2543 2532 2685 2585 sicut
2725 2544 2866 2585 unus
2915 2530 3080 2583 homo
3129 2535 3342 2581 constat
3387 2540 3456 2578 ex
3509 2536 3741 2591 corpore
3767 2530 3815 2574 et

2245 2622 2446 2677 anima.
2476 2620 2698 2686 Videte,
2728 2620 3024 2690 aequissimi
3072 2618 3377 2688 principes,
3407 2629 3517 2684 quo
3545 2628 3647 2668 nos
3678 2610 3817 2665 ducit

2247 2714 2541 2783 cupiditas,
2576 2713 2701 2767 dum
2732 2710 3041 2782 refrigescit
3063 2708 3320 2764 Charitas.
3355 2725 3373 2758 ο

2242 2840 2251 2845 ’
2316 2837 2444 2895 CAP.
2474 2836 2561 2892 IX.
2588 2836 2879 2892 Concilium
2910 2835 3050 2906 apud
3074 2832 3135 2890 S.
3167 2831 3474 2903 Dionysium
3500 2830 3564 2885 de
3591 2828 3815 2884 decimis.

2243 2931 2390 2986 'Abbo
2419 2929 2714 3001 apologiam
2746 2928 2981 2980 texit.—
3007 2926 3063 2979 ln
3093 2924 3197 2978 illis
3218 2936 3349 2978 sane
3373 2920 3587 2985 diebus,
3615 2919 3669 2973 in
3711 2926 3817 2972 mo-

2246 3023 2486 3079 nasterio
2530 3021 2702 3077 sancti
2753 3018 3022 3090 Dionysii,
3053 3016 3196 3072 haud
3247 3014 3437 3088 procul
3483 3030 3517 3069 a
3565 3013 3817 3073 Parisins,

2175 3129 2223 3193 ο
2251 3114 2537 3170 concilium
2570 3119 2915 3183 aggregatum
2943 3117 3027 3163 est
3071 3123 3233 3177 quam
3280 3106 3572 3176 plurimum
3621 3104 3817 3174 episco'

2254 3220 2461 3276 porum.
2501 3202 2625 3269 Qui,
2669 3217 2794 3256 cum
2823 3200 2889 3256 de
2921 3198 3043 3253 fidei
3081 3198 3337 3269 puritate,
3387 3197 3453 3250 de
3494 3193 3818 3264 corrigendis

2253 3304 2362 3351 tam
2409 3293 2520 3350 suis
2550 3309 2710 3364 quam
2738 3293 3077 3348 subditorum
3131 3290 3312 3359 pravis
3340 3288 3582 3342 moribus
3624 3301 3818 3341 sermo-

2252 3387 2421 3447 cinari
2443 3385 2776 3449 delmisseut,
2783 3382 2936 3452 juxta
2958 3382 3176 3452 vulgare
3198 3379 3546 3451 proverbium
3572 3387 3815 3433 cunctum

2252 3490 2408 3531 suum
2454 3488 2760 3530 sermonem
2798 3473 2862 3527 ad
2892 3473 3130 3527 decimas
3153 3470 3228 3542 (8)
3256 3474 3537 3523 verterunt
3567 3464 3815 3521 ecclesia-

2253 3581 2393 3628 rum,
2423 3578 2559 3635 quas
2584 3563 2737 3619 laieis
2780 3577 2845 3617 ac
2878 3560 2990 3616 Deo
3035 3554 3709 3615 servientibus‘monachis
3735 3567 3820 3606 au-

2252 3656 2395 3713 ferre
2422 3656 2613 3721 moliti,
2644 3655 2934 3710 resistente
2972 3651 3130 3707 eis'in
3158 3650 3259 3704 hac
3298 3661 3359 3703 re
3398 3648 3502 3702 hoc
3527 3641 3816 3701 venerabili

2252 3736 2350 3802 Dei
2395 3745 2600 3801 cultore
2626 3744 2873 3809 Abbone,
2908 3742 3266 3812 promiscuam
3298 3738 3351 3793 in
3382 3752 3442 3793 se
3466 3737 3609 3808 vulgi
3647 3732 3817 3791 conci-

2250 3832 2434 3909 tavere
2479 3851 2726 3902 manum;
2757 3845 2984 3905 ortaque
3029 3832 3209 3888 subito
3250 3831 3538 3894 seditione,
3564 3836 3740 3882 tantus
3768 3823 3814 3877 in

2251 3929 2531 3999 episcopos
2562 3928 2719 3981 timor
2749 3927 2925 3993 irruit,
2974 3933 3058 3990 ut,
3087 3922 3295 3994 publica
3335 3921 3572 3975 statione
3617 3916 3814 3979 relicta,

2249 4018 2449 4088 passim
2480 4018 2709 4086 quisque
2745 4014 3045 4087 dilfugeret.
3091 4014 3237 4069 inter
3263 4026 3400 4081 quos
3442 4008 3692 4065 Sevvinns
3728 4005 3813 4060 Se-

2250 4122 2453 4166 nonum
2472 4106 2929 4176 archiepiscopus,
2946 4100 3444 4176 primautm-Gallite
3465 4099 3520 4155 in
3542 4113 3606 4156 ea
3624 4095 3815 4169 synodo

2251 4199 2355 4255 sibi
2388 4213 2678 4268 usurpans,
2720 4196 3010 4267 primatum
3048 4208 3262 4266 quoque
3290 4192 3428 4262 fugae
3474 4188 3724 4258 arripuit,
3746 4195 3812 4245 et.

2252 4292 2395 4348 inter
2419 4289 2759 4361 fugiendum,
2787 4288 2961 4343 securi
2993 4287 3132 4342 inter
3160 4284 3410 4355 scapulas
3438 4283 3583 4336 ictus
3612 4281 3815 4347 lutoque

2254 4401 2284 4440 a
2310 4382 2658 4454 pupularilius
2699 4378 2922 4444 oblitus,
2950 4393 3089 4448 aegre
3114 4374 3304 4431 evasit.
3343 4371 3447 4428 Uni
3478 4385 3694 4442 quoque
3715 4365 3816 4438 epi-

2181 4476 2230 4539 D
2253 4488 2536 4544 scoporum
2561 4471 2724 4525 timor
2748 4467 2974 4540 fugienti
3004 4478 3108 4522 tam
3127 4465 3337 4521 veloces
3359 4460 3569 4516 addidit
3597 4459 3813 4523 alas,ut,

2251 4559 2658 4619 alﬂuentissimo
2686 4556 2902 4629 prandii
2928 4561 3185 4626 apparatu
3221 4565 3380 4624 quem
3410 4548 3512 4604 sibi
3542 4556 3813 4602 exstruxe-

2249 4664 2337 4711 rat
2363 4653 2570 4716 relicto,
2601 4649 2793 4705 vicina:
2835 4646 2986 4702 urbis
3023 4643 3355 4700 Parisiorum
3391 4639 3597 4695 muenia
3629 4636 3812 4707 fugita-

2248 4742 2465 4800 bundus
2512 4746 2808 4811 expeteret.
2856 4736 3046 4791 Totam
3098 4748 3228 4805 ergo
3280 4726 3445 4786 tantae
3502 4728 3811 4785 calumniam

2252 4833 2500 4903 injuriae,
2549 4839 2657 4885 tam
2703 4843 2733 4882 a
2782 4825 3010 4897 praefato
3057 4822 3286 4879 Arnulfo
3336 4835 3498 4891 quam
3531 4834 3565 4873 a
3611 4815 3817 4886 reliquis

2251 4918 2616 4993 pontificibus,
2647 4918 2747 4974 sub
2790 4924 2961 4972 semet
2988 4913 3195 4970 devolvi
3220 4910 3561 4982 perpendens
3590 4907 3677 4961 hic
3718 4905 3816 4958 Deo

2254 5014 2479 5066 devotus
2502 5010 2677 5066 Abbo.
2708 5008 2763 5062 in
2790 5008 2979 5062 eodem
3006 5003 3356 5066 Apologetico
3405 5014 3511 5054 non
3558 4996 3723 5052 solum
3752 4993 3812 5045 ab
