3944 5414
131 311 219 370 397
1154 304 1514 363 PROCEMIA.
1552 335 1624 348 —-
1656 297 1812 360 VITA
1854 303 1912 357 S.
1949 299 2256 358 A-BBO'NIS.
3247 294 3353 355 598

130 439 350 486 accusor,
390 432 629 476 vestram
680 418 1111 476 benevolentiam
1161 413 1380 489 prepr’io
1429 420 1681 489 episc0po
1709 423 1754 482 Α
1783 416 1850 469 ad
1883 416 2242 478 serviendum,
2275 430 2339 469 ac
2366 413 2432 469 ad
2470 411 2810 468 Floriacense
2854 412 3029 468 sancti
3055 414 3225 482 patris
3253 403 3358 469 lle-

131 517 291 570 tnlisse
316 513 1027 582 blasphemar,quibusdam
1056 511 1678 579 exconunnnicatisparo
1785 505 1982 557 nedicli
2048 505 2354 558 mnobillm
2422 503 2682 565 Ιιιὶεθΐθιδ
2731 503 2925 557 litteris
2988 505 3352 558 imbuendth

130 607 354 675 ticipasse
384 605 666 657 criminor.
701 603 807 656 Sed
834 612 947 656 esto
967 601 1080 654 :cui
1103 601 1384 654 sententia:
1409 613 1678 653 canonum
1783 595 1951 660 Quem
1981 595 2068 649 hic
2093 595 2257 648 totius
2283 595 2540 649 bonitatis
2572 595 2760 664 plenus
2788 594 2962 659 Abbo,
2995 609 3060 648 ex
3089 607 3354 666 praecepto

131 694 426 759 contradixi,
453 695 542 764 qui
580 695 632 746 in
667 693 776 747 illlo
810 691 1041 747 concilio
1079 692 1164 746 vix
1197 702 1443 761 apertum
1483 689 1678 742 librum
1784 685 1997 738 abbatis
2039 685 2122 738 sui
2155 685 2483 739 honorabilis
2515 683 2765 738 Richardi
2804 695 3110 754 susceptum
3136 727 3151 750 ,
3203 688 3358 740 valde

131 788 290 840 videre
313 784 496 854 potui?
528 794 624 837 aut
650 784 934 837 concilium
966 783 1092 836 illud
1126 782 1244 844 fuit,
1288 782 1377 835 ubi
1410 779 1679 834 conciliati
1783 777 1992 842 dilexit,
2017 778 2144 831 etin
2173 786 2428 847 quantum
2467 778 2724 846 temporis
2751 780 3121 847 opportunitas
3152 781 3357 843 arrisit,

131 883 449 932 venerantet
493 876 850 929 disconciliati
899 883 1276 936 recesserunt,
1314 888 1436 926 cum
1470 872 1540 925 ibi
1573 871 1681 925 dis-
1783 867 2096 921 liberalibus
2142 867 2352 920 artibus
2391 865 2644 920 erudivit.
2685 865 2792 920 Sed
2844 867 2984 921 idem
3027 866 3359 936 Bernartius,

130 974 295 1024 rordes
329 969 669 1023 reconciliari
722 967 1008 1021 debuerint
1055 975 1146 1020 aut
1193 964 1450 1018 canonica
1502 962 1683 1014 distri-
1785 972 1890 1010 non
1923 957 2080 1028 longo
2108 973 2370 1012 annorum
2422 956 2706 1024 interiecto
2742 958 2944 1026 spatio,
2993 972 3022 1010 a
3067 968 3220 1027 patre
3262 973 3362 1014 suo

131 1065 285 1118 ctione
310 1060 576 1114 multari?
605 1059 744 1126 Quid
779 1060 830 1112 in
871 1073 954 1112 me
998 1057 1347 1128 singulariter
1398 1054 1682 1107 commisc-
1783 1061 2078 1116 evocatus,
2134 1051 2562 1106 Solemniacensi
2617 1051 2831 1105 abbatia
2861 1092 2875 1116 ,
2929 1067 3090 1120 quam
3141 1059 3364 1110 sanctus

134 1151 514 1220 rnntcpiscnpi,
543 1160 603 1202 ut
649 1150 730 1204 eis
771 1149 961 1203 saltem
995 1149 1322 1217 COgitatione
1360 1145 1553 1198 obesse
1587 1158 1681 1194 νο·
1784 1144 2054 1210 quondam
2093 1144 2394 1197 construxit
2435 1141 2657 1209 Eligius,
2709 1152 2792 1196 est
2829 1144 3086 1205 donatus;
3141 1157 3204 1195 ac
3252 1158 3359 1197 non

133 1244 320 1307 luerim,
365 1242 672 1312 praesertim
713 1257 834 1295 cum
873 1256 978 1294 non
1012 1239 1309 1298 inimicum,
1356 1238 1450 1307 sed
1483 1236 1584 1289 ﬁde
1629 1244 1684 1288 et
1784 1233 1956 1285 multo
1984 1242 2127 1301 post,
2158 1232 2564 1286 Bcllilocenscm
2597 1232 2978 1300 locum,quem
3002 1233 3117 1301 ejns
3145 1235 3362 1302 genitor

134 1348 272 1402 opere
311 1333 746 1395 amicissimum,
804 1328 1048 1402 graviora
1106 1328 1340 1399 pericula
1399 1326 1685 1396 pertulisse
1781 1323 1902 1392 jure
1943 1325 2065 1378 belli
2115 1326 2388 1392 armisque
2442 1325 2814 1392 conquisierat
2871 1325 3223 1389 victricibus,
3279 1333 3368 1380 est

135 1423 418 1494 contigerit?
449 1423 592 1477 Ecce
623 1437 806 1476 coram
849 1423 955 1475 Deo
988 1422 1040 1474 in
1070 1420 1284 1474 Christo
1317 1435 1422 1472 non
1455 1420 1687 1472 mentior
1787 1416 2034 1483 aleptus.
2079 1414 2176 1467 Cui
2217 1430 2338 1468 cum
2366 1413 2669 1467 Willehnus
2713 1429 2894 1468 comes
2937 1411 3234 1468 Tolosanus
3261 1414 3365 1468 Ca-

137 1516 274 1579 quia,
326 1514 509 1566 audita
564 1513 964 1582 insequentium
1019 1510 1491 1572 conclamatione,
1545 1508 1686 1561 ultra
1787 1513 2092 1557 turcensem
2145 1504 2512 1573 prursulatuin,
2556 1517 2714 1571 quem
2748 1519 2889 1556 nunc
2920 1505 3088 1570 regit,
3122 1504 3365 1557 commit-

133 1617 270 1668 quam
298 1603 396 1654 dici
430 1601 604 1670 possit
631 1600 852 1663 indolui,
879 1601 1192 1653 recordatus
1232 1598 1474 1668 pristina:
1502 1596 1686 1649 amici-
1789 1606 1902 1650 tere
1928 1597 2302 1666 disposuisset,
2334 1606 2387 1648 et
2418 1597 2485 1648 ob
2518 1597 2639 1661 hoc,
2676 1604 2783 1648 tam
2832 1597 2944 1664 ipse
2985 1611 3169 1650 eomes
3200 1612 3364 1664 quam

137 1692 209 1743 tize
229 1700 277 1744 et
295 1692 681 1745 beneﬁciorum
707 1691 840 1744 tanti
869 1691 989 1752 viri,
1017 1690 1168 1758 cujus
1201 1690 1288 1742 nix
1319 1689 1682 1741 venerandum
1788 1697 1841 1742 et
1883 1689 2326 1756 archiepiscOpus
2379 1688 2836 1754 Biturieensium,
2895 1690 2994 1743 sub
3040 1691 3194 1759 cujus
3236 1691 3369 1745 dite-

134 1790 270 1850 ‘r-apnt
315 1783 555 1835 ostendit
581 1822 595 1845 ,
649 1791 872 1849 excepta
925 1782 1172 1850 primatis
1225 1779 1578 1849 prterogativa
1633 1786 1687 1832 et
1714 1797 1762 1859 Β
1791 1778 1899 1832 cesi
1928 1777 2116 1832 eadem
2146 1778 2372 1832 ecclesia
2401 1778 2666 1842 consistit,
2696 1794 2799 1833 non
2827 1781 3102 1834 minimam
3129 1783 3370 1850 pecunia:

136 1871 422 1923 sacerdotali
461 1869 651 1923 infula.
701 1868 815 1935 Qua
865 1869 1208 1938 suggestione
1247 1883 1341 1920 vos
1393 1867 1598 1936 decepi,
1631 1874 1690 1920 ut
1792 1885 2057 1925 summam
2088 1872 2156 1924 ab
2185 1885 2250 1924 eo
2277 1871 2576 1940 exigerent,
2605 1872 2671 1926 ad
2721 1873 2863 1926 hunc
2905 1871 3179 1926 alumnum
3211 1889 3368 1928 suum

137 1959 338 2013 restrain
389 1961 826 2015 benevolentiam
889 1960 1108 2029 optimis
1169 1957 1492 2017 auferretis.
1551 1956 1690 2011 male
1791 1969 2038 2014 sanctum
2092 1961 2273 2030 dirigit
2322 1961 2645 2024 Abboncm,
2702 1963 2830 2032 quid
2881 1961 3022 2017 facto
3065 1979 3200 2035 opus
3228 1975 3373 2020 esset

139 2052 315 2105 :neritis
343 2051 706 2107 conferretis?
735 2053 869 2105 Num
898 2066 997 2121 ego
1043 2051 1180 2104 Dens
1226 2066 1365 2116 Slllll,
1397 2049 1486 2119 qui
1519 2055 1691 2102 mutat
1792 2050 2152 2121 interrogans.
2187 2051 2267 2104 Ad
2290 2067 2448 2120 quem
2497 2052 2584 2107 ille
2625 2053 3003 2107 charitativam
3028 2053 3227 2108 direxit
3255 2053 3371 2124 cpi-

137 2152 348 2205 mentes,
404 2141 581 2197 mutat
626 2143 809 2205 corda,
843 2139 1036 2195 'tnntat
1076 2133 1239 2211 regna
1288 2150 1343 2194 et
1399 2139 1693 2209 tempora?
1792 2143 1984 2196 stolam
2033 2144 2107 2197 ita
2155 2159 2214 2198 se
2267 2145 2601 2198 habentem:
2638 2164 2655 2197 ι
2691 2145 2827 2212 Quia
2878 2155 2929 2200 te
2979 2146 3159 2200 divina
3200 2147 3371 2218 pietas

136 2232 250 2286 Vere
277 2233 457 2288 fateor
482 2250 562 2288 me
591 2235 848 2304 magicam
880 2234 1151 2302 ignorare,
1181 2248 1278 2287 nec
1303 2233 1506 2301 aliquid
1532 2231 1693 2285 mala-
1793 2248 2010 2286 servum
2060 2249 2214 2288 suum
2256 2235 2439 2290 inuitis
2493 2237 2787 2292 honoribus
2835 2239 3124 2293 admodum
3159 2239 3370 2301 extulit.

135 2340 232 2376 rnui
258 2327 462 2380 artium
500 2327 760 2380 didicisse.
785 2325 995 2394 iAtque
1025 2323 1185 2394 paulo
1225 2332 1346 2392 post
1375 2323 1487 2377 haec
1511 2322 1688 2376 addit:
1793 2334 1928 2388 quos
1954 2321 2215 2376 virtutum
2262 2327 2613 2393 prterogativa
2649 2327 2783 2381 adeo
2828 2329 3032 2381 excolis
3058 2339 3116 2383 ut
3151 2337 3204 2383 te
3254 2330 3376 2384 itnin

143 2434 157 2463 ε
183 2416 416 2484 Denique
459 2416 601 2486 quod
643 2414 1126 2470 excommunicatis
1165 2428 1250 2466 me
1281 2412 1564 2466 miscuisse
1606 2426 1693 2464 as-
1794 2414 2014 2468 labilem
2053 2416 2295 2484 praebeas
2322 2417 2564 2486 pluribus
2606 2417 2782 2483 bonis,
2810 2419 3000 2474 hortor
3027 2431 3081 2476 et
3110 2422 3376 2475 admoneo

137 2505 277 2568 serit,
319 2505 446 2573 ejus
493 2505 738 2574 exemplo
782 2506 967 2574 utique
1016 2502 1116 2558 feci
1179 2503 1268 2572 qni
1311 2502 1448 2555 ﬁlios
1500 2500 1689 2565 Belial,
1794 2513 1877 2569 ut,
1923 2514 2025 2558 tua:
2055 2519 2261 2559 memor
2295 2507 2668 2576 professionis,
2712 2509 2830 2565 illos
2864 2513 3063 2580 gradus
3107 2513 3376 2567 excellens

141 2607 372 2651 nocturno
430 2595 716 2649 latrocinio
761 2595 813 2648 in
871 2609 1043 2648 nieam
1102 2607 1288 2646 necem
1345 2601 1691 2661 grassantes,
1795 2595 1884 2648 tia:
1910 2602 2131 2664 appetas
2151 2595 2212 2658 in
2253 2599 2450 2666 quibus
2497 2599 2774 2653 Dominum
2827 2617 2930 2653 non
2962 2599 3221 2656 oﬂcndas.
3259 2623 3277 2655 ι
3309 2597 3377 2658 Et

146 2686 339 2754 recepit,
385 2695 673 2755 postquam
710 2699 802 2738 eos
840 2673 1389 2737 anatlicmatizaverat
1438 2695 1568 2734 suns
1614 2694 1696 2732 ar.-
1793 2683 2728 2758 postaliquanta,eosdenotansqui
2759 2691 2987 2759 gratiam
3006 2694 3174 2744 sancti
3199 2691 3372 2761 Spiri-

148 2775 528 2845 eliiepiscOpns,
597 2774 883 2843 singularis
941 2774 1120 2827 meriti
1172 2772 1443 2833 Sewinns,
1489 2780 1545 2826 et
1579 2770 1696 2826 Odo
1796 2784 1882 2828 tus
1923 2774 2005 2829 vel
2029 2778 2262 2831 vendunt
2297 2777 2378 2832 Vel
2409 2790 2615 2844 emunt,
2651 2783 2764 2835 haec
2790 2783 2920 2836 dicit
2953 2797 2968 2835 :
3007 2800 3026 2834 σ
3057 2783 3376 2854 llujusmodi

148 2865 530 2919 (larnotensium
571 2865 875 2934 cpiscopus,
899 2879 1108 2918 necnon
1136 2872 1189 2918 et
1216 2863 1305 2917 alii
1338 2878 1546 2932 magna:
1572 2862 1694 2914 vita:
1795 2874 2066 2936 emptores
2085 2868 2347 2936 quasdam
2365 2869 2506 2923 velut
2537 2870 2672 2926 telas
2693 2887 3012 2926 aranearum
3044 2882 3234 2929 texunt
3255 2877 3380 2944 qni-

147 2964 191 3007 et
230 2955 500 3023 religionis
546 2955 667 3008 viri.
709 2955 793 3021 Et,
825 2955 1007 3024 iniqua
1056 2955 1365 3026 indignatus
1406 2966 1696 3023 exsurgere
1796 2953 1899 3008 bus
1937 2966 1994 3009 se
2039 2955 2354 3018 defendunt,
2394 2959 2535 3026 quod
2560 2975 2665 3012 nun
2686 2961 3134 3027 benedictionem,
3159 2965 3250 3017 sed
3295 2981 3378 3018 res

145 3042 338 3110 judicia,
384 3047 723 3101 exsecrantis
759 3063 893 3101 voce
938 3047 1236 3117 proclamat
1277 3063 1290 3100 :
1326 3045 1370 3101 Ο
1409 3055 1648 3114 tempora
1676 3047 1689 3098 l
1798 3046 2055 3101 Ecclesiae
2085 3049 2384 3115 possessuri
2412 3060 2618 3104 emunt.
2647 3051 2811 3120 Cujus
2838 3068 2966 3107 vero
2995 3056 3266 3123 possessio
3295 3067 3381 3110 est

149 3148 175 3186 ο
211 3139 400 3190 mores!
467 3145 615 3190 certe
649 3137 738 3205 qui
787 3136 974 3191 volunt
1020 3137 1239 3212 exsequi
1296 3137 1348 3190 in
1400 3134 1692 3191 fabrateria
1723 3152 1766 3211 ο
1797 3136 2173 3202 Ecclesia,nisi
2193 3139 2361 3193 solius
2376 3141 2502 3194 Dei?
2526 3141 2658 3207 Quis
2674 3142 3071 3212 ejusdotninus,
3097 3147 3381 3202 nisiDeus?

149 3226 386 3280 mendacii
405 3228 731 3295 cupiditates
765 3243 890 3282 suas
918 3211 1132 3297 pravas,
1163 3227 1261 3296 ipsi
1293 3227 1540 3280 nituntur
1565 3241 1695 3280 con-
1799 3226 1932 3293 Quia
1947 3227 2047 3281 etsi
2075 3243 2312 3296 prtesens
2337 3230 2578 3284 Ecclesia
2611 3211 2814 3302 indiget
2843 3234 3050 3288 duobus
3078 3236 3381 3301 advocatis,

151 3313 257 3368 dere
283 3316 422 3386 leges
459 3317 691 3384 iniquas.
723 3335 740 3367 ι
771 3315 852 3369 Ad
881 3317 1152 3382 ultimum,
1183 3333 1276 3370 sua
1310 3331 1414 3370 non
1445 3317 1695 3386 ignorans
1798 3331 1905 3371 uno
1945 3319 1996 3370 in
2044 3319 2202 3372 rebus
2229 3321 2614 3388 temporalibus
2636 3360 2650 3385 ,
2681 3322 2852 3376 altero
2891 3326 2943 3378 in
2977 3325 3379 3394 spiritualibus;

152 3405 308 3459 multis
342 3406 628 3476 displicere
659 3407 881 3476 scripta,
914 3409 1131 3476 regibus
1175 3422 1292 3462 sese
1333 3407 1694 3470 commendat,
1799 3415 2050 3461 neutrum
2083 3407 2270 3462 tamen
2300 3411 2458 3463 habet
2481 3421 2534 3464 ut
2559 3413 2854 3478 dominum,
2879 3415 2972 3484 qui
2997 3431 3118 3470 eam
3146 3416 3229 3471 vel
3253 3432 3382 3472 ven.

151 3497 391 3566 prtecipue
417 3499 616 3551 donmo
646 3499 902 3553 Rotberto
924 3515 1080 3569 quem
1104 3500 1362 3554 scientem
1397 3499 1698 3554 litterarum
1800 3501 1928 3555 dere
1955 3503 2123 3571 possit
2153 3502 2428 3556 velemcre
2452 3520 2612 3574 quam
2636 3509 2883 3562 Christus
2907 3511 3240 3568 redemitsuo
3260 3529 3383 3568 san-

154 3587 420 3643 acidcirco
470 3591 784 3660 diligentem
837 3591 954 3646 fore
1005 3600 1229 3647 noverat
1286 3592 1697 3655 studiosorum,
1800 3606 1979 3660 gume.
2021 3611 2038 3642 ι
2068 3593 2315 3662 Dansque
2334 3595 2381 3647 ei
2406 3597 2712 3664 consilium,
2740 3599 3108 3668 hujuscemodi
3141 3605 3382 3661 clausula

154 3679 370 3734 scribens
399 3682 449 3734 in
485 3681 598 3736 haec
644 3681 847 3736 verba:
886 3699 904 3732 ι
939 3681 1206 3737 Praeterea
1258 3683 1504 3738 dominos
1553 3697 1700 3736 meos
1801 3681 1964 3736 finem
2011 3683 2235 3751 imponit
2263 3684 2523 3752 epistolre,
2566 3705 2582 3735 ι
2613 3703 2882 3758 nunquam
2911 3707 3061 3762 ergo,
3112 3695 3382 3762 inquiens,

154 3784 256 3823 cum
282 3771 619 3826 familiariter
647 3773 927 3841 alloquens
972 3774 1109 3827 bona
1145 3774 1375 3835 suadeo,
1408 3773 1699 3826 multorum
1803 3771 1919 3825 fieri
1943 3773 2228 3826 haereticus
2253 3773 2361 3827 ullo
2389 3777 2546 3829 modo
2562 3781 2896 3845 acquiescas,
2920 3783 3294 3850 quiainaniter
3316 3788 3382 3839 de

155 3861 340 3918 animos
361 3864 473 3918 scio
496 3871 685 3918 contra
712 3878 796 3919 me
817 3869 1078 3930 concitos,
1107 3864 1261 3935 juxta
1295 3862 1424 3918 illud
1464 3863 1657 3918 comici
1683 3881 1699 3892 ο
1803 3863 2038 3930 peccatis
2066 3863 2434 3931 pmnitentiam
2475 3867 2585 3935 agit
2622 3869 2711 3937 qui
2745 3885 2862 3924 eam
2905 3873 3062 3927 tidem
3109 3875 3388 3945 impugnat

329 3961 627 4025 Obsequium
648 3967 844 4028 amicos,
869 3965 1050 4014 veritas
1074 3967 1216 4025 ρπίι,
1389 3949 1407 3962 ⁸
1803 3965 1965 4019 quam
1987 3954 2088 4005 sub
2108 3953 2310 4006 sanctis
2331 3957 2862 4021 apostoliscatholica
2880 3965 3051 4016 tenuit
3070 3965 3333 4019 Ecclesia.
3361 3986 3379 4016 ι

927 4046 1071 4104 (Τει.
1097 4049 1257 4096 Andr.
1285 4043 1324 4105 Ι,
1348 4061 1383 4107 1,
1411 4046 1512 4110 tl.)
1549 4118 1558 4121 _
1878 4041 2074 4094 Verum
2123 4040 2432 4099 Bernardus
2456 4085 2470 4110 ,
2515 4048 2731 4101 tandem
2786 4051 3072 4121 aliquando
3120 4057 3382 4110 bonorum

158 4133 222 4190 De
245 4149 464 4207 quorum
490 4139 830 4194 animositate
855 4155 961 4195 non
1006 4139 1230 4193 multum
1276 4150 1513 4200 moveor,
1549 4118 1706 4191 dulce
1807 4131 1965 4200 hujus
2007 4134 2129 4188 vita:
2167 4145 2428 4204 pertaesus
2455 4179 2467 4200 ,
2523 4141 2708 4195 videns
2749 4118 3036 4202 multorum
3092 4148 3386 4221 frigescere

157 4225 302 4280 decus
324 4244 517 4292 meum,
563 4229 840 4295 Rotberte,
862 4245 1021 4300 quem
1052 4229 1224 4283 atavis
1254 4228 1467 4296 regibus
1503 4227 1704 4281 editum
1807 4227 2126 4280 charitatem
2158 4237 2213 4281 et
2257 4228 2378 4282 ideo
2419 4235 2858 4300 superabundare
2899 4240 3260 4310 iniquitatem,
3294 4248 3388 4302 de-

159 4315 316 4406 divina
350 4320 517 4388 pietas
547 4321 797 4389 perduxit
829 4323 894 4375 ad
947 4321 1096 4391 regni
1138 4319 1443 4390 fastigium,
1487 4318 1552 4382 si,
1586 4325 1709 4386 post
1809 4318 2058 4372 liberavit
2093 4320 2295 4386 animo,
2353 4322 2555 4378 relictis
2607 4328 2854 4383 omnibus
2889 4343 3008 4401 qum
3057 4336 3385 4406 possidebat,

158 4403 417 4461 Dominum
446 4418 501 4464 et
523 4419 744 4464 sanctos
769 4410 903 4479 ejus,
937 4420 1119 4465 vestro
1149 4409 1456 4479 specialiter
1495 4417 1708 4463 sustene
1732 4477 1784 4495 ﬁ
1809 4407 2196 4481 Jerosolymam
2243 4421 2447 4480 petere.
2480 4416 2631 4481 Quod
2667 4419 2767 4472 iter
2792 4435 2828 4472 a
2875 4430 3026 4490 patre
3050 4403 3186 4494 ejus,
3215 4403 3390 4495 paeni.

161 4500 240 4545 tor
273 4498 462 4552 auxilio
501 4508 556 4552 et
594 4499 842 4563 concilio,
893 4498 1048 4567 cujus
1077 4499 1401 4552 mentionem
1443 4496 1496 4550 in
1531 4496 1707 4566 quoti-
1730 4477 1787 4539 Ῑ)
1814 4500 1992 4554 tentia}
2017 4510 2159 4563 veto,
2183 4511 2308 4554 ante
2345 4517 2532 4558 omnes
2563 4503 2678 4560 fere
2722 4509 2774 4562 in
2807 4477 2907 4565 hoc
2937 4477 3390 4582 tenipore'tllalliae

162 4581 316 4638 diariis
353 4587 686 4640 orationibus
719 4587 852 4642 meis
896 4601 1168 4655 nunquam
1201 4593 1482 4654 praetereo.
1521 4604 1539 4637 ι
1813 4593 2142 4646 habitatores
2201 4605 2438 4662 emptum
2490 4611 2552 4649 ac
2609 4599 2980 4665 percursatttm
3026 4603 3224 4660 fuerat.
3278 4608 3390 4663 Nec
3472 4617 3480 4624 ‘

223 4671 336 4728 CAP.
369 4675 432 4730 Χ.
474 4676 781 4731 Bernardus
817 4674 1169 4731 Bellilocensis
1209 4677 1389 4743 abbas,
1450 4677 1580 4728 clari
1624 4693 1710 4745 ge-
1813 4689 1989 4736 tamen
2029 4685 2128 4737 hoc
2166 4685 2366 4752 absque
2411 4687 2493 4739 sui
2526 4690 2793 4744 sententia
2836 4692 3092 4748 didascali
3127 4705 3221 4749 aut
3255 4714 3388 4752 con-

164 4762 651 4824 πετί³νϐαειιτοεηδῑε
672 4769 969 4836 episcopus;
998 4766 1296 4820 Bernartius
1333 4767 1707 4828 Belli/acernis.
1811 4774 1932 4826 silio
1981 4776 2240 4842 perlicere
2287 4775 2595 4845 disponens,
2649 4782 2712 4834 ad
2749 4780 3052 4838 Floriacum
3098 4787 3245 4842 venit
3279 4806 3394 4842 IIIO-
3480 4816 3483 4817 ν

166 4852 278 4905 clari
304 4855 882 4921 generis,,Calurcensis
917 4859 1214 4926 episcopus;
1245 4859 1386 4912 Abba
1422 4859 1616 4922 optima
1662 4859 1709 4910 ei
1812 4864 2130 4925 nastcrium,
2161 4875 2369 4919 secreta
2417 4860 2705 4923 cerdis'sui
2739 4871 2865 4924 huic
2893 4888 2991 4928 suo
3032 4877 3197 4932 totius
3246 4881 3394 4934 boni-

164 4941 240 4992 dat
265 4947 465 4999 monita.
509 4946 805 5002 Simoniam
843 4949 1132 5015 impugnat.
1183 4947 1380 5002 Prima:
1409 4947 1706 5000 Jerusalem
1814 4953 1940 5006 tatis
1969 4952 2335 5022 patefacturus
2366 4957 2640 5028 magistro.
2673 4961 2792 5024 Ille,
2834 4961 3286 5037 Jerosolymitano
3314 4969 3398 5023 in.
3481 4941 3490 4948 Γ

165 5035 588 5100 peregrinationes.
631 5035 898 5091 Bernardi
936 5038 1035 5089 iter
1061 5036 1306 5104 Romam,
1334 5049 1440 5092 etc.
1484 5039 1708 5094 Abbonit

1843 5049 2050 5102 erdicto
2097 5050 2314 5116 itinere,
2342 5069 2410 5107 ne
2447 5057 2666 5110 omnino
2694 5057 2808 5126 ejus
2835 5057 3099 5113 voluntati
3125 5062 3397 5116 contraire

168 5119 258 5173 alia
304 5126 502 5190 epistola
555 5129 624 5181 ad
681 5123 874 5197 ipsum.
925 5126 1080 5193 Leges
1123 5147 1216 5198 pro
1271 5144 1444 5184 rerum
1488 5129 1711 5182 circum-
1819 5136 2116 5201 videretur,
2149 5137 2376 5192 Romam
2404 5150 2606 5209 petere,
2641 5119 2874 5197 montem
2906 5143 3215 5214 Garganum
3244 5149 3397 5204 adire

171 5214 350 5246 «ιπηιὶεο
374 5217 542 5246 ,θαι--..ο
586 5219 840 5246 --.Λευ-,ε
997 5217 1262 5246 D..-.......r-
1319 5223 1480 5246 -.ε-η.
1533 5222 1708 5246 ..ι.ι.-.ε
1829 5242 1980 5246 --γη
2050 5231 2084 5246 ο-
2217 5237 2254 5246 .,
2325 5228 2330 5232 -
2473 5229 2476 5232 ~
2569 5233 2608 5246 ι...
