3944 5414
564 372 670 431 399

1665 358 1724 414 s.
1761 354 1935 413 anno
1964 338 2462 412 rLot‘ttACENSts
2498 334 2739 416 an’nas.

3712 334 3808 404 too

563 504 725 561 quem
760 485 809 543 ei
850 493 909 540 ut
934 484 1319 551 obsequeretur
1337 478 1460 550 pius
1485 478 1744 549 magister
1780 476 1878 546 ipsi
1911 475 2128 534 delegato
2164 485 2212 544 Α
2240 485 2346 524 non
2378 469 2707 555 declinantes
2735 471 2802 527 ad
2842 470 3118 529 dexteram
3154 469 3237 526 vel
3282 471 3349 526 ad
3377 472 3656 529 sinistram
3672 508 3695 537 ,
3720 470 3811 525 Be-

565 590 735 641 verat,
763 594 828 632 ex
861 578 1051 631 itinere
1076 573 1143 625 ad
1170 586 1295 626 eum
1328 569 1578 634 remittit,
1621 566 1885 622 mandans
1911 579 2133 620 suorum

565 665 964 724 arcessitudiue
1008 670 1071 717 se'
1118 661 1335 716 domum
1383 658 1562 735 redire
1609 655 1978 726 compulsum;
2030 671 2137 709 non

564 773 743 817 tamen
789 755 1065 826 quidpiam
1111 768 1170 809 se
1208 751 1328 806 sine
1376 749 1496 818 ejus
1542 756 1813 820 prtecepto
1850 756 2138 814 acturum,

564 851 693 920 quin
724 848 902 919 potius
927 845 975 901 ei
1004 860 1104 915 per
1149 841 1364 905 omnia,
1404 841 1483 895 uti
1531 840 1684 909 prius
1732 838 2139 909 spoponderat,

563 944 885 1013 pariturum.
936 934 1219 1006 Simulque
1264 932 1561 1002 quzestione
1604 930 1891 1000 proposita,
1914 927 2143 998 inquirit

563 1041 873 1084 utrumnam
924 1025 1120 1082 melius
1161 1032 1305 1080 esset
1341 1028 1536 1076 cuncta
1564 1020 1890 1089 relinquere,
1939 1034 2043 1083 an,
2080 1024 2140 1072 ut

562 1123 676 1175 suis
702 1119 950 1190 praesidio
972 1117 1135 1181 foret,
1158 1114 1355 1172 sarculo
1375 1114 1552 1184 specie
1580 1121 1737 1168 lenus
1749 1112 2041 1167 deservire.
2066 1109 2140 1165 At

563 1209 810 1266 veritatis
841 1216 1051 1261 amator
1084 1204 1264 1268 Abba,
1291 1203 1537 1273 apicibus
1567 1202 1633 1257 ad
1661 1216 1784 1258 eum
1813 1201 2059 1267 directis,
2083 1208 2141 1257 et

565 1297 693 1365 quid
707 1296 809 1351 sibi
828 1294 1028 1350 rectius
1039 1294 1317 1347 videretur
1338 1291 1576 1362 exponit,
1594 1301 1649 1345 ct
1665 1290 1794 1362 qttid
1814 1290 1929 1360 ipse
1952 1298 2139 1352 tenere

562 1387 746 1442 mallet
771 1386 994 1441 liberam
1030 1385 1121 1440 dat
1148 1366 1380 1454 eligendi
1421 1383 1654 1454 copiam.
1700 1382 1755 1436 ln
1805 1382 2000 1452 quibus
2031 1396 2135 1447 non

563 1476 736 1532 solum
749 1476 922 1547 ipsum
935 1474 1269 1531 Bernardntn
1284 1472 1534 1529 abbatem
1545 1513 1559 1538 ,
1574 1473 1668 1528 sed
1681 1473 1842 1528 etiam
1857 1473 2139 1529 universos

562 1567 664 1621 via:
689 1567 808 1637 ejus
831 1574 1137 1631 consortes,
1158 1575 1249 1620 aut
1272 1564 1418 1633 gravi
1447 1563 1778 1619 laboravisse
1799 1563 2138 1619 incommodo

563 1669 658 1715 aut.
669 1666 895 1714 mortem
908 1656 1107 1713 obiisse
1118 1655 1412 1712 coudoleus
1426 1654 1750 1710 deﬂetdnter
1761 1669 1897 1724 quos
1910 1653 2139 1709 domnus

565 1749 839 1818 lletnigius
852 1747 1168 1812 monachus,
1182 1746 1271 1816 qui
1285 1755 1407 1815 post
1427 1730 1575 1801 cellae
1600 1743 1653 1798 in
1671 1760 1775 1814 qua
1792 1744 1931 1798 idem
1947 1743 2137 1797 beatus

2244 561 2470 615 tbsamis
2491 551 2829 630 pertulerunt
2858 561 2909 633 (Ι
2947 561 3078 633 Reg.
3111 578 3180 626 vt,
3212 561 3321 633 12).
3349 562 3514 631 Cujus
3541 560 3670 619 facti
3711 575 3811 617 nea

2242 648 2547 716 inunemnr,
2581 651 2871 705 recordare
2896 652 3038 722 quod
3088 651 3142 706 in
3189 652 3460 707 sacriticio
3483 653 3702 723 jubetur
3731 650 3807 704 of-

2241 737 2371 794 ferri
2403 741 2571 795 cauda
2609 741 2823 804 hostire,
2850 756 2952 796 nec
2974 741 3082 798 ulla
3123 743 3203 798 rei
3250 742 3533 800 familiaris
3561 742 3813 817 cogitalio

2241 829 2493 898 subrepat
2515 845 2635 901 qua:
2668 840 2719 886 te
2761 847 2792 886 a
2822 839 2973 887 recto
3010 831 3205 889 itinere
3233 834 3526 891 dimoveat.
3561 833 3697 890 Nam
3727 851 3809 893 oe-

2240 918 2412 971 currit
2436 919 2619 973 animo
2658 920 2801 990 quod
2846 936 3056 976 meeum
3108 921 3455 978 familiariter
3498 923 3710 981 locutus
3735 941 3811 993 es,

2240 1006 2366 1062 dum
2396 1007 2620 1063 Romam
2644 1010 2914 1080 proficisci
2939 1012 3295 1079 decrevisses,
3323 1013 3617 1070 consulens
3642 1024 3808 1071 utrum

2242 1096 2450 1152 scilicet
2479 1098 2713 1168 relinqui
2741 1100 2962 1155 deberet
2996 1100 3162 1156 semel
3197 1116 3448 1172 suscepta
3482 1119 3615 1158 cura
3639 1116 3808 1174 pasto-

2240 1186 2370 1241 ralis
2418 1189 2720 1259 regiminis,
2752 1201 2807 1245 et
2843 1199 3122 1260 oporteret
3167 1192 3295 1247 dare
3326 1191 3561 1249 libellum
3613 1196 3811 1265 repudii

2241 1275 2501 1332 fratribus
2540 1288 2595 1334 et
2620 1279 2746 1335 (iliis
2775 1282 2863 1351 qui
2897 1281 3052 1337 nobis
3089 1281 3449 1338 adversantur
3486 1284 3541 1338 in
3582 1284 3672 1339 via
3704 1284 3808 1340 Dei.

2239 1364 2336 1420 Cui
2372 1380 2494 1420 cum
2526 1382 2625 1440 ego
2654 1369 3051 1440 respondissem
3082 1371 3224 1441 quod
3253 1372 3576 1428 auctoritate
3603 1372 3811 1428 Patrrut

2239 1468 2448 1514 certum
2487 1475 2778 1527 noveram,
2817 1470 2873 1517 et
2896 1463 3116 1519 creditis
3139 1464 3332 1521 ovibus
3362 1454 3592 1519 mortem
3623 1480 3811 1534 pra‘va—

2240 1545 2352 1600 lere
2399 1548 2873 1618 persentiscercm,
2921 1562 2975 1606 te
3021 1551 3413 1608 infructuosum
3473 1553 3667 1608 saltem
3727 1554 3811 1609 tibi

2240 1637 2571 1707 persuadere
2622 1654 2721 1694 nec
2766 1656 2931 1695 ausus
2977 1657 3094 1696 sum
3142 1658 3241 1696 nec
3284 1642 3484 1708 debui,
3517 1644 3809 1713 exemplum

2241 1742 2545 1798 proponens
2571 1729 2721 1787 Pauli
2749 1733 3069 1788 Damascum
3101 1732 3357 1804 fugientis
3385 1745 3440 1790 et
3471 1735 3613 1789 beati
3656 1735 3812 1805 patris

562 1840 716 1894 Abbo
762 1852 989 1907 corpore
1024 1838 1276 1893 humatus
1303 1836 1534 1907 quiescit
1580 1835 1812 1905 prmluit,
1844 1834 1913 1889 ab
1947 1833 2135 1891 eodem
2172 1825 2216 1884 Β
2238 1820 2515 1876 Benedicti
2538 1824 2929 1881 monachorum
2959 1825 3299 1896 legislatot-is.
3329 1827 3578 1897 Denique
3603 1827 3659 1881 in
3685 1827 3810 1881 mul-

562 1931 659 1986 Dei
695 1930 889 1986 viroad
919 1931 1236 1999 obsequium
1268 1928 1549 1984 memorati
1585 1927 1820 1992 abbatis,
1844 1939 1987 1980 nunc
2021 1924 2136 1995 epi—

561 2020 731 2091 scopi,
747 2020 1005 2085 directus,
1022 2036 1209 2090 magna
1225 2020 1273 2073 vi
1301 2018 1533 2075 febrium
1547 2027 1774 2073 vexatus
1785 2025 1889 2072 est.
1908 2015 2013 2071 Sed
2038 2027 2137 2071 nos

560 2123 891 2169 memoratos
914 2113 1097 2184 apices
1127 2114 1193 2167 ad
1223 2111 1701 2168 demonstrandum
1747 2107 1908 2178 hujus
1956 2105 2134 2162 ltomi-

560 2207 646 2263 nis
661 2205 754 2262 Dei
768 2205 1117 2276 benignitatis
1138 2203 1386 2259 affectum
1405 2219 1472 2259 ex
1498 2206 1709 2274 integro
1726 2202 1853 2257 lmic
1878 2198 2134 2254 volumini

560 2301 800 2357 inserere
830 2302 1051 2372 dignum
1085 2300 1358 2365 duximus,
1410 2299 1464 2353 in
1495 2298 1719 2368 reliquis
1746 2297 1865 2369 ejus
1893 2295 2138 2368 epistolis

561 2391 953 2447 abbreviationi
979 2406 1198 2462 operam
1231 2390 1431 2445 daturi.
1474 2390 1566 2444 Est
1603 2388 1747 2443 enim
1781 2385 2083 2457 ltujusmodi
2116 2401 2133 2441 :

633 2500 652 2532 ι
690 2481 897 2536 Domno
944 2495 1067 2537 meo
1093 2520 1108 2545 ,
1149 2480 1406 2550 abbatum
1453 2478 1778 2535 cbarissimo
1804 2477 2133 2543 Bsnaanoo,

561 2589 752 2639 servus
796 2587 1077 2629 servorum
1115 2572 1212 2629 Dei
1247 2572 1412 2627 Anno.
1446 2570 1692 2641 Suscepi,
1715 2569 2041 2625 venerabilis
2082 2566 2137 2626 in

555 2664 792 2728 Clu-isto,
831 2662 982 2717 vivas
1042 2669 1148 2718 tute
1187 2659 1644 2733 peregrinationis
1691 2658 1934 2721 litteras,
1979 2666 2035 2712 et
2069 2671 2137 2713 ex

557 2768 697 2825 pene
742 2761 955 2810 mortuo
1000 2752 1316 2824 presbytero
1342 2750 1574 2807 addidici
1609 2750 1739 2821 quid
1770 2748 1913 2804 inter
1942 2747 2136 2804 ﬂuctus

552 2845 940 2916 cogitationum
985 2843 1278 2900 semivivus
1322 2843 1528 2914 lugeas,
1559 2857 1719 2913 quem
1750 2840 1996 2911 concepti
2027 2840 2136 2896 voti

555 2943 808 3012 impotem
837 2941 1027 3013 patriae
1055 2940 1338 2997 calamitas
1384 2940 1851 3011 inprmsentiarum
1881 2937 2055 2993 reddit
2081 2943 2139 2991 et

554 3033 795 3088 innatam
836 3032 1173 3087 devotionem
1198 3071 1214 3096 ,
1244 3038 1305 3085 ut
1348 3029 1562 3100 opinor,
1602 3028 1833 3091 distulit,
1863 3043 1968 3083 non
2018 3025 2139 3081 fun-

551 3125 698 3178 ditus
726 3123 1006 3179 exstinxit.
1038 3121 1191 3189 Quod
1218 3122 1442 3178 audiens
1462 3162 1478 3188 ,
1510 3119 1715 3184 fateor,
1740 3119 1903 3174 nimis
1932 3116 2134 3173 indolui

2242 1907 2311 1965 tis
2364 1909 2545 1964 causis
2592 1911 2808 1966 occasio
2835 1927 2896 1968 se
2944 1913 3237 1984 immergit,
3286 1929 3405 1983 qua:
3450 1913 3810 1970 dillicultatetn

2237 2001 2531 2055 contraria:
2576 2001 2712 2074 legis
2757 2003 2900 2061 bono
2946 2002 3093 2059 exitu
3128 2005 3407 2060 meliorem
3458 2006 3659 2061 reddit.
3692 2005 3813 2074 Quis

2238 2096 2383 2150 enim
2437 2111 2546 2151 non
2597 2096 2780 2154 laudet
2834 2112 3021 2154 curam
3069 2100 3359 2170 pastoralis
3399 2101 3722 2172 regiminis,
3770 2100 3812 2156 si

2239 2187 2448 2257 prosit?
2482 2188 2614 2254 Quis
2642 2205 2831 2255 rursus
2853 2205 2958 2246 non
2989 2189 3172 2245 laudet
3198 2191 3253 2246 in
3293 2206 3352 2246 se
3380 2191 3806 2248 benevolentiam

2236 2281 2490 2349 pastoris,
2536 2281 2580 2335 si
2614 2280 2737 2335 aliis
2766 2296 2871 2336 non
2911 2281 3115 2351 prosit?
3161 2280 3313 2339 Solet
3357 2298 3554 2354 nempe
3593 2299 3716 2339 esse
3761 2285 3807 2338 in

2238 2374 2526 2445 przeceplis
2583 2374 2783 2429 divinis
2845 2374 2987 2445 quod
3034 2385 3091 2430 et
3140 2374 3195 2430 in
3252 2375 3495 2446 antiquis
3551 2378 3812 2445 reperitur

2237 2464 2453 2520 edictis.
2478 2464 2590 2521 Lex
2615 2476 2699 2521 est
2730 2484 2744 2521 :
2770 2465 2826 2522 Si
2854 2467 2978 2536 quis
3006 2467 3281 2524 masculus
3306 2469 3570 2539 templum
3596 2468 3808 2524 Veneris

2240 2551 2405 2611 fuerit
2448 2555 2746 2628 ingressus,
2784 2558 2962 2627 capite
3003 2558 3282 2627 puniatur.
3311 2557 3543 2627 Quidam
3579 2557 3805 2630 juvenis,

2236 2645 2557 2714 prmteriens
2608 2646 2866 2719 templum
2917 2650 3160 2717 Veneris,
3211 2652 3357 2708 intus
3403 2661 3640 2711 matrem
3686 2654 3805 2709 caedi

2237 2741 2542 2812 conspexit,
2580 2751 2637 2798 et
2685 2742 3053 2813 introgressus
3101 2759 3221 2800 eam
3268 2746 3492 2816 eripuit.
3519 2748 3810 2803 Accusatur

2238 2839 2429 2887 contra
2454 2830 2625 2902 legem
2653 2831 2870 2889 fecisse.
2898 2832 3148 2891 Defendit
3183 2850 3243 2893 se
3270 2836 3360 2892 ille
3400 2836 3511 2908 legi
3547 2838 3806 2908 paruisse,

2236 2932 2315 2988 et,
2344 2924 2488 2980 inter
2527 2924 2871 2994 dissidentes,
2913 2927 2959 2983 si
2998 2928 3304 2997 percussori
3352 2928 3664 3000 ignorantia
3713 2944 3807 2984 non

2237 3016 2602 3087 prosit,juvat
2623 3032 2689 3072 ex
2720 3019 3143 3076 circumstantiis
3165 3020 3381 3077 occasio
3408 3021 3649 3092 pietatis.
3677 3022 3810 3077 Idem

2237 3116 2320 3162 est
2350 3108 2402 3161 iu
2433 3109 2635 3163 nostris
2660 3110 2985 3183 Evangeliis,
3008 3111 3099 3166 ubi
3128 3113 3475 3183 praecipimur
3505 3128 3613 3168 non
3641 3114 3807 3169 solum

554 3226 611 3272 et
654 3216 1005 3287 lacrymando
1045 3214 1217 3271 dolori
1260 3213 1530 3279 satisfeci;
1572 3210 2008 3283 quandoquidem
2058 3208 2132 3264 tui

2239 3212 2464 3253 uxorem
2518 3199 2844 3269 relinquere,
2893 3205 2987 3257 sed
3041 3202 3205 3257 etiam
3256 3202 3480 3268 odisse,
3536 3202 3807 3273 proposito

552 3309 820 3366 desiderio
881 3309 1132 3381 gemebat
1191 3307 1553 3362 circumstans
1615 3304 1844 3358 fratrum
1900 3302 2136 3355 maxima

554 3399 868 3467 multitudo,
916 3407 991 3462 et,
1041 3397 1292 3454 omnibus
1321 3397 1374 3451 in
1425 3409 1713 3452 commune
1754 3392 2132 3464 gementibus,

552 3493 764 3549 redibat
790 3491 860 3546 ad
894 3489 1213 3547 memoriam
1261 3487 1404 3556 quod
1455 3486 1542 3540 vir
1594 3500 1802 3554 magna:
1852 3482 2134 3553 gravitatis

551 3582 727 3653 llugo,
775 3582 852 3636 tui
893 3594 1077 3637 comes
1127 3578 1340 3634 itineris
1383 3585 1438 3631 et
1476 3576 1658 3630 socius
1706 3573 1943 3635 laboris,
1993 3570 2134 3627 mul-

552 3673 624 3729 tis
660 3672 818 3728 bonis
853 3669 1046 3727 flebilis
1086 3667 1320 3733 occidit,
1375 3668 1505 3723 nulli
1542 3666 1774 3722 ﬂebilior
1808 3679 1970 3734 quatn
2014 3664 2128 3725 tibi,

551 3778 649 3832 pro
693 3762 846 3831 cujus
888 3775 1115 3824 amore,
1175 3769 1297 3829 post
1351 3757 1676 3822 Dominum,
1726 3755 1981 3827 patriam,
2032 3768 2132 3823 pa-

551 3861 837 3923 rentesque
893 3850 1241 3920 relinquens,
1289 3847 1443 3905 exsul
1486 3847 1669 3902 vitam
1725 3844 1922 3901 finivit.
1975 3842 2134 3898 Cum-

548 3958 655 4012 que
699 3943 834 3997 satis
879 3941 1108 4012 egissem
1164 3939 1448 4001 mmroris,
1493 3937 1709 3992 tandem
1755 3934 1885 3989 mibi
1937 3947 2134 3989 consu-

546 4033 621 4089 lui
652 4034 808 4104 ,quia
839 4032 934 4088 tibi
959 4030 1170 4086 absenti
1199 4043 1304 4085 non
1351 4028 1534 4098 potui,
1575 4040 1736 4095 quem
1778 4025 1831 4079 in
1871 4022 2131 4079 orationi-

547 4123 646 4178 bus
691 4121 924 4178 interdiu
975 4120 1161 4174 videre
1203 4118 1424 4181 videor,
1455 4119 1582 4172 dum
1628 4113 1984 4183 omnipotenti
2020 4112 2128 4166 Deo

547 4213 875 4270 sacrificium
927 4212 1150 4282 spiritus
1205 4208 1556 4266 contribulati
1603 4205 1805 4262 oll‘erre
1868 4220 1975 4259 non
2033 4203 2129 4257 de-

548 4305 702 4358 sisto.
753 4302 1029 4371 Siquidem
1075 4301 1127 4356 id
1181 4299 1409 4354 nimium
1458 4297 1710 4360 extimui,
1746 4296 1890 4365 quod
1917 4293 2132 4362 bajulus

550 4394 831 4463 legationis
880 4392 1145 4455 innotuit,
1195 4389 1404 4443 vultum
1455 4388 1711 4442 videlicet
1760 4394 2001 4441 vestrum
2050 4384 2126 4438 ita

549 4482 879 4539 emarcuisse
925 4490 985 4535 ut
1024 4480 1115 4535 vix
1161 4478 1373 4549 queatis
1405 4476 1744 4536 subsistere,
1790 4489 1901 4528 non
1949 4471 2120 4528 solum

550 4572 838 4630 destitutus
889 4570 1185 4625 sobrietate
1228 4576 1286 4624 et
1328 4566 1568 4621 amicitia
1620 4562 1902 4628 defuncti,
1932 4576 2122 4617 verum

548 4663 709 4717 etiam
765 4661 956 4714 robore
995 4658 1195 4729 proprii
1241 4655 1507 4726 corporis.
1561 4652 1769 4708 Vereor
1819 4652 2003 4720 itaque
2056 4664 2125 4706 ne

550 4749 763 4807 insidiae
790 4747 1022 4812 diaboli,
1049 4762 1169 4817 quae
1206 4747 1388 4801 multae
1429 4752 1556 4799 sunt
1592 4752 1648 4797 et
1678 4742 1794 4796 vias
1842 4754 2123 4795 servorum

551 4840 643 4893 Dei
700 4838 871 4907 spinis
917 4835 1372 4906 circutnsepiunt,
1439 4844 1491 4889 te
1537 4850 1567 4887 a
1612 4833 1698 4886 via
1744 4830 2122 4885 mandatorum

550 4929 642 4983 bei
674 4937 923 4983 avertant
966 4937 1022 4981 et
1063 4937 1205 4981 retro
1252 4925 1522 4996 respicere
1566 4921 1913 4992 compellant,
1949 4919 2131 4990 prius-

548 5035 707 5088 quam
760 5018 827 5071 ad
878 5018 1051 5087 Segor
1100 5017 1381 5086 parvulam
1432 5015 1706 5071 civitatem
1758 5013 2040 5077 devenias,
2072 5011 2126 5065 in

548 5125 653 5180 oua
702 5117 848 5161 tuam
894 5108 1131 5161 animam
1188 5106 1403 5160 salvans
1447 5105 1660 5159 salvare
1710 5116 1879 5173 queas
1915 5098 2125 5170 (Cenes.

554 5199 706 5269 ιλιι).
737 5199 865 5253 Srio
891 5198 1093 5252 etenim
1139 5199 1282 5266 quod
1327 5211 1472 5252 nune
1524 5195 1622 5251 tibi
1671 5194 2128 5263 circumstrepunt

551 5290 970 5357 propinquorum
1005 5301 1195 5358 greges
1223 5326 1238 5351 ,
1287 5287 1517 5342 militum
1567 5284 1860 5356 phalanges
1880 5322 1895 5344 ,
1923 5283 2125 5336 amico-

551 5392 670 5414 rum
693 5378 1080 5414 mnllilnnlinnc-
1108 5389 1155 5414 al
1183 5378 1567 5414 cnlnnonlnriaﬁ
1590 5373 1973 5414 dmlamulnrin
1999 5386 2120 5414 mbr-

2239 3288 2484 3357 prtcmio,
2516 3290 2661 3359 quod
2686 3292 2777 3361 qui
2813 3292 2919 3349 ltoe
2942 3292 3135 3349 fecerit
3177 3294 3487 3364 centuplum
3514 3296 3745 3366 accipiet
3759 3303 3809 3350 et

2237 3379 2401 3433 vitam
2448 3389 2710 3435 aeternam
2754 3382 3066 3451 possidebit.
3116 3382 3326 3439 Rursus
3356 3384 3451 3455 qui
3478 3399 3705 3440 uxorem
3735 3384 3809 3439 di-

2236 3470 2466 3535 miserit,
2498 3486 2605 3527 non
2635 3472 2851 3542 quidem
2882 3474 3105 3543 praemio
3126 3514 3142 3540 ,
3191 3475 3285 3530 sed
3327 3490 3394 3531 eo
3440 3476 3706 3547 supplicio
3739 3478 3809 3532 di-

2235 3575 2373 3630 gnus
2423 3562 2679 3617 scribitur
2728 3578 2837 3633 quo
2881 3565 3079 3620 moechi
3117 3566 3364 3621 daumari
3404 3569 3805 3638 praecipiuntur.

2234 3652 2404 3708 Porro
2430 3662 2486 3709 et
2503 3654 2598 3723 qui
2624 3666 2853 3711 matrem
2879 3656 3109 3725 eripuit,
3137 3665 3193 3715 et
3210 3657 3303 3728 qui
3331 3673 3557 3715 uxorem
3587 3661 3806 3727 dimisit,

2234 3750 2460 3811 uterque
2510 3742 2879 3813 praejudicium
2910 3744 3132 3816 patitur,
3175 3748 3221 3802 si
3269 3747 3540 3819 supplicio
3570 3751 3803 3819 punitur;

2232 3834 2487 3903 quoniam
2520 3835 2645 3915 inde
2695 3838 2902 3893 auctori
2931 3837 3067 3908 legis
3113 3854 3173 3895 se
3207 3839 3424 3910 placere
3453 3850 3632 3910 putat,
3672 3842 3807 3896 unde

2230 3922 2543 3980 olfeudisse‘
2562 3925 2963 3996 praajudicatur.
3019 3926 3376 4001 Quapropter,
3410 3930 3803 3996 dilectissime,

2230 4031 2335 4071 non
2394 4018 2593 4072 bonum
2645 4017 2787 4074 malo
2841 4019 3034 4075 melius
3085 4021 3403 4087 existimes,
3458 4023 3558 4077 sed
3616 4025 3804 4077 bonum

2228 4109 2371 4165 bono
2430 4109 2621 4164 melius
2648 4109 2889 4167 credas:
2928 4120 2986 4167 et
3039 4126 3108 4168 ex
3176 4113 3471 4168 contrariis
3534 4112 3811 4171 sententiis

2226 4215 2345 4256 eam
2375 4200 2543 4270 eligas
2569 4215 2676 4270 qua
2712 4200 2860 4256 vitiis
2884 4201 3261 4271 abrenunties,
3282 4210 3338 4259 et
3371 4203 3669 4260 moralibus
3702 4205 3805 4259 vir-

2228 4304 2401 4352 tutum
2461 4295 2739 4351 exercitiis
2793 4310 3031 4352 erescas.
3086 4295 3365 4366 Denique,
3414 4297 3571 4365 dum,
3603 4297 3804 4353 abbatis

2226 4398 2366 4440 onus
2386 4393 2537 4454 porta
2547 4397 2603 4438 re
2627 4386 2844 4449 debeas,
2870 4401 2937 4439 an
2962 4385 3161 4440 debeas
3186 4385 3478 4456 deponere,
3502 4386 3801 4448 addubitas,

2226 4471 2626 4537 discretionem,
2663 4487 2770 4542 qua
2796 4473 3031 4529 maxime
3052 4488 3188 4544 epus
3234 4474 3418 4539 babes,
3447 4484 3676 4531 matrem
3704 4475 3805 4529 vir-

2226 4571 2400 4617 tutum
2425 4577 2699 4627 assumas;
2726 4572 2803 4629 et,
2831 4565 3240 4621 conscendendo
3264 4565 3502 4621 tribunal
3530 4566 3801 4621 conscien-

2227 4651 2341 4715 ti:e,
2391 4652 2603 4722 judicio
2647 4654 2858 4709 discute
2908 4654 3038 4722 quid
3095 4654 3285 4709 utilius
3340 4655 3689 4711 houestiusve
3737 4653 3803 4710 sit

2226 4743 2419 4796 animae
2452 4753 2574 4799 tum.
2601 4740 2736 4798 Nam
2759 4742 2992 4798 cilicium
3016 4743 3231 4800 abbatis
3252 4743 3501 4814 implere,
3523 4754 3581 4799 et
3598 4744 3799 4799 lucrum

2227 4830 2528 4885 animarum
2560 4846 2806 4901 quzerere
2835 4832 3274 4887 honestissimum
3302 4840 3409 4897 est,
3440 4834 3529 4887 cui
3569 4849 3677 4889 non
3705 4833 3799 4886 im-

2231 4920 2485 4989 possibile
2524 4930 2638 4986 est;
2685 4923 2772 4977 cui
2802 4937 2934 4976 vero
2959 4922 3167 4976 malitia
3210 4922 3580 4991 subjectorum
3608 4924 3796 4994 impos-

2227 5011 2384 5067 sibile
2410 5022 2527 5077 est,
2570 5014 2700 5083 quid
2736 5022 3015 5082 superest,
3053 5013 3156 5067 nisi
3215 5021 3277 5067 ut
3330 5015 3617 5071 honestius
3658 5022 3801 5085 putet

2228 5102 2413 5157 divino
2467 5118 2661 5173 parere
2714 5104 2978 5166 oraculo,
3027 5118 3134 5171 quo
3182 5105 3445 5172 scriptum
3493 5113 3626 5159 est:
3657 5102 3794 5166 Fili,

2227 5192 2469 5247 miserere
2512 5194 2704 5247 anima:
2747 5204 2852 5249 ture
2885 5193 3097 5261 placens
3128 5193 3281 5248 Deo?
3307 5193 3502 5263 (Ecdi.
3531 5209 3663 5260 xxx,
3689 5193 3795 5264 ει.)

2229 5283 2373 5339 Sane
2434 5294 2488 5339 et
2553 5287 2693 5352 apud
2755 5283 3090 5347 Ezechielem
3154 5286 3492 5353 speculator,
3564 5284 3796 5339 clamans

2229 5386 2281 5414 nl
2324 5389 2428 5414 nnn
2483 5376 2698 5414 mulilnc
2771 5376 3004 5414 nluinmln
3037 5390 3187 5414 cnam
3236 5375 3423 5414 “Iun-al
3453 5393 3466 5405 -
3515 5384 3566 5414 nl
3668 5373 3794 5414 gmu'l
