3944 5414
127 341 196 396 Μ

1114 348 1472 406 ΡηοοεΜιΑ.
1614 350 1772 404 \‘lTA
1801 350 1859 402 S.
1897 340 2204 402 ABBOXIS.

3199 349 3302 429 to:

129 455 251 505 vitate
274 452 423 520 puris
444 455 610 508 nostri
647 454 920 511 Benedicti
950 459 1092 526 quod
1118 461 1211 513 tibi
1245 461 1450 530 placeat
1484 461 1633 512 inno-
1663 465 1708 520 Α
1741 459 1874 512 nihil
1930 466 1981 512 te
2031 467 2219 510 contra
2252 471 2344 524 ius
2395 455 2584 525 fasque
2630 456 3046 525 postulaturum,
3089 472 3151 510 ac
3191 459 3309 514 ideo

130 553 268 606 tesce,
312 551 362 594 ttt
410 545 538 597 certi
599 560 724 599 esse
768 548 1037 614 possimus
1075 551 1402 618 quantocius
1438 552 1503 603 de
1545 558 1633 603 tua

128 647 248 699 quam
279 641 506 699 Optamus
536 634 735 689 salute.
767 654 786 688 ι

176 721 277 774 Car.
326 720 402 775 XI.
454 723 685 779 Abbonis
731 727 920 788 (triplex
974 731 1071 781 iter
1121 729 1361 783 Romam.
1403 730 1638 800 Gregorii

128 827 239 877 papte
274 829 551 878 responsant
581 815 655 868 ad
680 817 868 884 ipsum.
900 849 968 858 —-
996 820 1203 873 Interea
1231 822 1462 874 eximius
1489 821 1638 874 Abbo

128 900 338 971 rondiguo
375 914 635 972 apparatu
679 907 904 962 Romam
946 911 1328 978 proﬁciscitur,
1355 909 1636 981 privilegia

129 990 318 1043 ecclesia:
359 992 454 1045 sibi
494 997 810 1052 commissae
836 1002 1308 1063 corroboraturus,
1341 1001 1448 1054 imo
1485 1017 1639 1056 reno-

131 1089 314 1135 vaturu.».
338 1080 472 1136 Sane
497 1099 605 1138 non
633 1086 846 1155 qualem
879 1088 1049 1143 voluit
1079 1101 1170 1144 aut
1201 1092 1410 1158 qualem
1435 1094 1636 1158 debuit,

129 1170 235 1224 sedis
257 1172 543 1240 apostolica:
573 1177 906 1245 pontiﬁcem,
937 1181 1153 1236 nomine
1178 1180 1461 1247 Joannem,
1497 1185 1618 1238 inve

131 1262 200 1313 nit.
231 1260 407 1330 Nempe
435 1265 609 1335 turpis
641 1266 774 1323 lucri
803 1270 1057 1340 cupidum
1093 1281 1259 1343 atque
1301 1274 1356 1328 in
1387 1276 1642 1331 omnibus

130 1353 212 1410 suis
234 1355 418 1411 actilms
443 1357 690 1414 venalem
726 1360 824 1433 (8’)
859 1363 1078 1432 reperit.
1105 1365 1274 1431 Quem
1307 1375 1640 1430 exsecratus,

133 1445 411 1514 perlustratis
433 1451 701 1508 orationis
727 1456 897 1525 gratia
922 1466 1234 1513 sanctomm
1267 1461 1421 1525 locis,
1453 1464 1518 1515 ad
1546 1477 1644 1517 sua

132 1535 280 1602 rediit,
301 1539 487 1608 emptis
513 1543 736 1611 optima:
773 1546 975 1616 speciei
1005 1548 1296 1619 aliquantis
1327 1552 1646 1609 bolosericis

132 1627 269 1696 palliis
293 1632 493 1686 ornatui
520 1634 894 1693 ecclesiastico
919 1643 1195 1710 congruis.
1217 1641 1393 1699 Porro
1409 1684 1422 1709 ,
1457 1646 1645 1714 paucis

133 1717 380 1774 labentibus
413 1723 590 1786 annis,
637 1727 852 1781 occasio
893 1743 952 1784 se
991 1732 1222 1800 praebuit
1265 1742 1342 1799 ut,
1370 1745 1558 1804 rogatu
1585 1751 1648 1790 ac

1740 563 1825 602 me
1869 546 1964 600 tibi
1996 548 2270 601 contraire
2299 548 2410 600 scio
2435 561 2540 600 non
2565 562 2686 602 esse
2717 563 2949 617 arquum.
2987 567 3006 601 ›
3036 548 3163 603 Ροει
3196 550 3298 604 luet

1739 635 1924 699 verba,
1971 635 2225 689 omnibus
2273 636 2322 689 ei
2371 636 2581 692 collatis
2628 637 2789 690 victui
2847 638 3199 698 necessariis,
3243 639 3313 694 ad

1739 727 2031 795 hospitium
2081 727 2209 781 sivit
2253 727 2422 780 abire.
2461 726 2678 795 Sicque,
2717 737 2840 782 octo
2881 728 3050 782 ferme
3091 729 3314 796 diebus,

1737 835 1862 873 eum
1907 819 2154 873 detinens
2188 825 2244 873 et
2277 817 2588 887 frequenter
2615 820 2864 874 convivio
2895 834 2994 874 suo
3014 835 3137 874 eum
3173 821 3314 876 θεοῖς

1740 923 1919 969 seens,
1951 907 2167 962 cunctis
2194 921 2292 977 pro
2318 909 2514 976 quibus
2545 909 2682 961 ierat
2712 908 2884 962 libens
2908 910 3117 962 annuit.

1810 999 1937 1052 CAP.
1983 997 2097 1052 XII.
2137 995 2420 1067 Prinilegia
2445 1008 2490 1051 et
2511 999 2648 1052 dona
2678 998 2879 1052 ΑΜ)οηὶ
2905 999 2968 1052 ab
2991 1015 3052 1052 eo
3074 1014 3318 1054 concessa

1743 1087 2012 1158 Privilcgii
2041 1103 2265 1141 summa.
2299 1087 2506 1156 Amulli
2532 1090 2908 1159 archiepiscopi
2942 1092 3220 1145 restitutio.
3243 1120 3315 1131 -—-

1741 1176 1894 1230 Tunc
1931 1190 2058 1231 vero
2096 1176 2361 1232 sollicitus
2401 1187 2586 1248 pastor
2607 1178 2779 1242 Abbo,
2814 1194 3022 1233 memor
3067 1181 3316 1234 utilitatis

1742 1265 1846 1322 loci
1870 1281 2030 1336 quem
2063 1269 2306 1338 regebat,
2339 1269 2676 1337 privilegium
2724 1268 2799 1323 illi
2834 1270 3143 1340 apostolica:
3174 1270 3319 1324 utili-

1745 1359 1872 1412 tatis
1903 1357 2018 1411 fleri
2051 1359 2280 1428 rogavit.
2313 1358 2463 1424 Quod
2499 1357 2607 1413 Deo
2642 1360 2836 1430 dignus
2867 1375 3000 1430 papa
3035 1371 3140 1414 tam
3177 1360 3320 1415 favo-

1746 1447 1987 1503 rabiliter
2012 1449 2241 1517 largitus
2268 1459 2372 1514 est,
2403 1460 2461 1503 ut
2507 1465 2611 1504 non
2643 1451 2814 1504 solum
2839 1451 3042 1505 nullum
3084 1453 3324 1521 pecuniae

1745 1547 2014 1607 quaereret
2057 1539 2291 1603 lucrum,
2334 1554 2523 1595 verum
2568 1542 2917 1612 thymiamate
2962 1559 3026 1596 ac
3067 1543 3278 1611 planeta
3304 1582 3324 1609 ,

1745 1644 1849 1698 qua
1903 1631 2047 1684 inter
2083 1630 2374 1684 missarum
2427 1639 2672 1685 uteretur
2699 1632 2980 1696 solemnia,
3038 1634 3322 1698 donatum,

1747 1720 1996 1773 eumdem
2044 1719 2138 1774 Dei
2177 1719 2437 1774 famulum
2473 1721 2794 1791 gaudentem
2827 1723 2893 1776 ad
2932 1724 3205 1792 proprium
3244 1738 3331 1777 re-

134 1809 547 1881 precibusgloriosi
573 1819 720 1886 regis
742 1815 1011 1885 Botberti,
1031 1822 1345 1878 Romuleam
1362 1827 1646 1895 repedat-et

1763 1808 2169 1863 iniseritsolum.
2201 1809 2260 1864 In
2288 1825 2352 1866 eo
2379 1826 2512 1866 sane
2540 1812 2824 1883 privilegio
2852 1813 2993 1868 inter
3024 1813 3126 1867 alia
3157 1814 3331 1867 conti-

136 1901 183 1954 ad
204 1903 378 1957 urbem.
400 1903 680 1977 Praecipua
706 1924 835 1964 vero
855 1925 1044 1966 earum
1069 1929 1168 1984 pro
1189 1916 1388 1984 quibus
1413 1917 1650 1973 directus

136 2000 195 2043 est
224 2006 497 2057 causarum,
531 1996 650 2051 haec
688 1997 789 2052 fuit
817 2016 830 2051 :
870 2001 995 2068 quia
1027 2001 1310 2068 Arnnlfns,
1349 2004 1647 2058 Remorum

138 2081 541 2153 archiepiscopus,
591 2087 796 2158 absque
838 2088 985 2158 justa
1047 2093 1322 2147 autlientia
1379 2095 1507 2148 sede
1555 2110 1648 2149 sua

136 2169 328 2236 privatus
373 2175 734 2245 custodiaeque
786 2176 961 2233 fuerat
1016 2182 1376 2250 mancipatus.
1432 2180 1514 2238 Ob
1553 2184 1652 2238 hoc

138 2255 388 2326 Gregorius,
406 2262 490 2330 qui
519 2261 716 2319 Joanni
740 2265 790 2319 in
817 2268 1111 2336 apostolica
1137 2281 1476 2326 successerat
1503 2273 1648 2334 sede.

141 2361 220 2399 non
245 2348 392 2404 solum
423 2353 706 2408 nobilitate
732 2361 962 2425 generis,
988 2375 1173 2413 verum
1196 2362 1362 2415 etiam
1388 2363 1654 2431 probitate

141 2437 276 2491 clarus
315 2443 529 2508 mentis,
567 2446 666 2499 toti
699 2463 862 2516 regno
908 2451 1247 2513 Francorum
1277 2456 1564 2509 anathema
1597 2471 1656 2511 se

144 2526 419 2586 invectarum
441 2536 804 2591 comminatus
827 2549 930 2594 est.
956 2540 1067 2596 llac
1088 2541 1256 2611 igitur
1273 2558 1337 2596 ex
1367 2559 1424 2598 re
1442 2543 1655 2600 Italiam

145 2630 341 2686 repetere
389 2639 578 2679 servus
632 2627 830 2684 Christi
887 2632 979 2686 Dei
1025 2635 1257 2704 cogitur.
1291 2635 1358 2689 Et
1406 2637 1657 2706 quamvis

146 2709 252 2765 mole
280 2717 514 2784 corporis
566 2729 885 2788 gravaretur
935 2725 1106 2794 (nam,
1163 2727 1217 2781 in
1277 2729 1660 2784 transmarinis

146 2801 421 2871 tegionibus,
444 2811 848 2878 peregrinorum
875 2813 1119 2868 ciborum
1139 2815 1399 2870 inusitata
1424 2819 1658 2886 qualitas

147 2892 434 2966 tlccocL‘chte
479 2902 715 2970 pmionis
771 2905 992 2962 haustus
1037 2922 1235 2978 corpus
1288 2907 1405 2976 ejus
1464 2910 1661 2979 pingue

149 2983 442 3057 reddiderat),
486 3007 826 3062 nequaquam
868 3004 1044 3052 tamen
1101 2997 1284 3054 labore
1312 2998 1658 3070 fatigabatur.

149 3070 232 3128 Nec
261 3091 373 3132 vero
413 3080 526 3152 ipsa
583 3083 701 3151 ejus
745 3085 1010 3156 pinguedo
1059 3087 1218 3142 ullam
1279 3090 1327 3144 ci
1386 3088 1681 3160 ingerebat

1752 1907 1910 1952 netur
1967 1908 2024 1954 ιιι
2070 1900 2383 1970 episcopus.
2412 1901 2849 1967 Aurelianensis,
2897 1904 2999 1958 nisi
3046 1903 3326 1964 invitatus.

1751 1988 2056 2044 Floriacum
2105 2005 2445 2060 nequaquam
2495 1993 2651 2046 adeat
2686 1993 3021 2058 coenobium,
3068 2010 3203 2048 neve
3233 2013 3332 2047 un-

1752 2093 1913 2146 quam
1939 2079 2166 2148 quilibet
2189 2081 2502 2150 pontilicum
2527 2082 2704 2136 citlctu
2738 2085 3067 2138 monasterio
3093 2084 3331 2138 divinum

1756 2171 2046 2226 interdicat
2082 2170 2335 2237 cilicium,
2370 2173 2580 2229 etiamsi
2633 2183 2742 2229 tota
2786 2174 2995 2242 Gallia,
3045 2176 3116 2230 ob
3150 2176 3330 2246 populi

1755 2273 1977 2331 peccata
2000 2304 2014 2327 ,
2047 2265 2413 2320 anathematis
2443 2266 2668 2320 feriatur
2696 2267 2931 2321 vindicta
2977 2283 3007 2321 a
3044 2267 3170 2321 sede
3205 2283 3332 2336 apo-

1755 2355 1966 2408 stolica.
2014 2355 2119 2409 Sed
2147 2371 2213 2410 ne
2235 2357 2357 2426 quis
2385 2372 2503 2422 eos,
2535 2357 2792 2411 domuum
2817 2360 2937 2414 dico
2967 2358 3325 2427 apostolicum

1757 2453 1813 2497 et
1847 2446 2126 2499 Abbonem
2167 2457 2438 2513 sanctum,
2477 2449 2751 2502 existimet
2797 2449 2850 2502 in
2893 2449 2994 2502 hoc
3025 2449 3174 2503 facto
3204 2463 3332 2503 con-

1757 2534 1927 2587 traria
1962 2535 2161 2604 regulis
2190 2545 2502 2591 sanctorum
2537 2539 2772 2593 sensisse
2801 2539 3046 2602 Patrum,
3084 2555 3331 2593 necessa-

1759 2623 1896 2676 rium
1954 2624 2109 2678 nobis
2165 2624 2340 2679 visum
2390 2635 2504 2692 est,
2551 2642 2615 2681 ex
2665 2628 2907 2696 epistolis
2963 2627 3136 2696 Magni
3184 2642 3333 2696 papze

1759 2712 2004 2783 Gregorii
2041 2730 2212 2783 pauca
2252 2715 2319 2771 de
2351 2717 2594 2786 pluribus
2639 2719 2728 2772 hic
2767 2719 3010 2789 exetnpla
3052 2720 3322 2781 inserere,

1761 2804 1814 2858 in
1840 2805 2036 2873 quibus
2075 2808 2425 2876 exquirendis
2472 2810 2558 2879 pia
2601 2810 2726 2864 huic
2762 2811 2918 2865 beato
2961 2811 3076 2864 viro
3110 2825 3324 2879 semper

1761 2895 1866 2950 fuit
1901 2897 2150 2951 intentio.
2189 2898 2410 2954 Sciebat
2459 2917 2692 2970 namque
2736 2902 2884 2956 illum
2925 2917 3199 2972 nunquam
3244 2900 3327 2953 vel

1761 2987 1999 3042 sensisse
2051 2988 2135 3043 vel
2189 2991 2474 3060 scripsisse
2529 3003 2716 3046 contra
2771 3010 3037 3048 canonum
3093 2994 3336 3048 decretu-

1763 3074 1968 3138 Scribit
2008 3093 2137 3148 ergo
2183 3078 2320 3133 idem
2369 3083 2616 3152 egregius
2653 3098 2788 3152 papa
2829 3083 3122 3154 Gregorius
3167 3083 3338 3136 Maxi-

149 3164 551 3233 dehoneslalionis
603 3177 882 3231 maculam,
941 3179 1007 3233 Ει
1056 3182 1283 3250 cupidus
1342 3183 1491 3251 pacis
1541 3198 1662 3238 ειη,
1693 3163 1740 3228 C
1771 3169 1956 3224 miano
2007 3169 2309 3225 Ravennati
2351 3172 2636 3242 episcopo,
2674 3175 2816 3236 inter
2851 3175 2954 3230 alia
2987 3190 3002 3228 :
3039 3193 3056 3226 ι
3095 3175 3342 3241 Quoties,

147 3257 280 3323 foret,
305 3262 409 3318 leve
429 3266 656 3322 ducebat
679 3285 838 3324 omne
864 3287 1030 3340 genus
1057 3273 1482 3343 defatigationis,
1511 3276 1668 3330 dum-

151 3350 276 3403 modo
293 3367 403 3407 eum
425 3358 688 3427 reperiret
712 3361 882 3414 virum
906 3376 1003 3430 per
1020 3378 1200 3432 quem,
1225 3364 1366 3419 fama
1391 3366 1668 3436 vulgante,

153 3440 355 3496 audierat
373 3445 436 3498 ad
461 3446 749 3515 pristinum
772 3465 931 3519 posse
955 3461 1154 3507 statum
1185 3454 1459 3524 religionis
1487 3469 1670 3510 resur-

153 3543 251 3597 gere
269 3548 512 3590 normam.
538 3537 818 3596 Profectus
843 3557 975 3612 ergo
999 3542 1238 3598 Romana
1264 3545 1396 3598 itera
1407 3554 1459 3599 lo
1487 3547 1674 3603 revisit

93 3701 99 3705 π
148 3623 327 3688 maia,
357 3626 462 3694 ubi,
485 3643 552 3684 eo
573 3644 730 3698 quem
759 3634 1033 3701 qumrebat
1063 3650 1404 3705 nequaquam
1431 3645 1671 3706 reperto,

149 3723 230 3775 per
243 3727 461 3770 conca-va
489 3717 728 3782 vallium,
749 3736 846 3790 per
872 3732 1142 3792 praerupta
1164 3725 1425 3780 montium
1459 3727 1676 3782 investi-

99 3860 111 3872 .
156 3813 295 3867 satis,
341 3807 554 3862 tandem
610 3810 666 3864 in
725 3811 922 3868 ﬁnibus
981 3814 1395 3884 Spoletanorum
1445 3816 1672 3872 invenit.

157 3888 357 3962 Cumque
379 3912 435 3951 se
456 3897 685 3954 invicem
711 3900 815 3956 duo
851 3901 1104 3958 Ecclesia:
1131 3901 1332 3970 lumina
1363 3906 1677 3975 conspexis-

157 3993 271 4047 sent,
303 3988 483 4055 gaudio
505 3989 640 4045 ultra
659 4006 820 4062 quam
867 3995 1010 4049 credi
1042 3996 1215 4065 possit
1251 3997 1421 4067 gavisi
1459 4014 1675 4069 magno,

160 4070 200 4122 in
219 4085 404 4130 mutuos
433 4088 592 4133 ruunt
611 4080 906 4141 amplexus.
930 4083 997 4138 Et
1017 4084 1166 4153 prior
1193 4101 1334 4141 vera:
1358 4087 1678 4144 humilitatis

160 4173 305 4220 custos
317 4168 460 4224 Abbo
491 4174 797 4228 satutatoria
821 4190 850 4228 a
869 4164 1022 4245 parte
1039 4177 1182 4248 regis
1197 4179 1466 4246 depromit
1489 4180 1674 4234 verba.

161 4249 266 4308 'l‘utn
289 4256 529 4313 sacerdos
549 4275 671 4316 vere
691 4263 1037 4332 apostolicus,
1062 4266 1270 4320 reddita
1288 4266 1678 4323 benedictionis

162 4349 628 4416 recompensatione,
658 4351 733 4405 ait
752 4353 912 4408 beato
940 4354 1056 4408 viro
1082 4371 1096 4407 :
1129 4373 1148 4405 ‹
1166 4353 1310 4408 Bene
1325 4363 1376 4409 te
1397 4354 1679 4412 advenisse

159 4434 346 4500 gaudeo,
366 4437 458 4504 liti,
474 4439 720 4498 Ecclesia:
743 4444 1119 4514 veritatisque,
1135 4452 1194 4498 ut
1219 4445 1480 4514 comperi,
1495 4455 1680 4502 custos

164 4524 513 4584 ardentissime.
562 4531 764 4588 Etenim
818 4535 1013 4590 surdus
1064 4535 1129 4589 de
1194 4543 1245 4590 te
1293 4551 1482 4590 rumor
1531 4551 1679 4591 meas

165 4616 420 4684 repleverat
470 4637 658 4690 aures,
709 4634 760 4681 te
813 4635 924 4680 tam
992 4627 1170 4682 divina
1222 4642 1384 4696 quam
1440 4627 1678 4682 humana

166 4703 327 4768 pollere
347 4709 622 4778 sapientia,
651 4729 745 4770 nec
773 4714 1015 4784 qualibet
1043 4717 1279 4771 amicitia
1307 4732 1336 4769 ει
1361 4716 1486 4786 jure
1510 4718 1678 4786 aequi—

169 4793 267 4848 tatis
312 4797 495 4854 abduci
545 4817 712 4870 posse.
767 4804 910 4858 Vere
961 4804 1130 4859 fateor
1181 4821 1267 4860 me
1310 4804 1422 4873 jam
1476 4807 1678 4861 dudum

169 4880 513 4945 desideravisse
537 4900 675 4946 tuum
711 4895 912 4950 intueri
940 4895 1166 4961 vultum,
1188 4904 1279 4950 tuo
1305 4896 1680 4965 concupivisse

173 4977 483 5034 amicabiliter
509 4983 701 5051 perfrui
727 4985 990 5053 alloquio.
1029 4985 1292 5042 Fruamur
1329 5001 1462 5056 ergo
1489 4987 1685 5055 cupitis

169 5070 674 5139 sermocinationibus,
688 5076 1022 5142 alternisque
1040 5075 1338 5130 divinarum
1351 5084 1512 5144 atque
1537 5092 1688 5130 mon.-

177 5153 390 5188 Ασιννινιηη
426 5158 690 5188 μελαίνει.-.
739 5181 758 5188 ..
771 5165 805 5188 lt
819 5181 868 5188 ι..

875 5163 1052 5188 οηη-Ιζ..
1108 5175 1338 5188 και---ΙΑ-“
1390 5165 1653 5188 κιιΙλιηΑικ..

1769 3275 1868 3331 pro
1919 3261 2154 3316 utilitate
2209 3265 2520 3317 monasterii
2564 3265 2673 3327 sui,
2710 3265 2778 3319 ad
2803 3265 3110 3334 pontificem
3146 3265 3341 3319 Itonia.

1770 3367 1900 3406 num
1951 3353 2122 3408 abbas
2172 3354 2360 3408 venire
2389 3355 2473 3408 vel
2518 3357 2890 3411 transmittere
2924 3357 3065 3412 forte
3093 3357 3339 3418 voluerit,

1769 3442 1825 3496 id
1851 3442 1901 3497 ei
1923 3444 2096 3498 modis
2117 3445 2367 3500 omnibus
2394 3445 2574 3501 liceat.
2599 3465 2616 3498 ι
2651 3446 2806 3513 Quod
2834 3462 2961 3502 vero
2987 3449 3053 3500 ab
3075 3447 3342 3516 episcopis

1769 3542 1828 3589 et
1856 3533 2073 3592 clericis
2112 3537 2441 3592 monasteria
2479 3538 2767 3616 inquietari
2798 3554 2904 3593 non
2936 3537 3200 3600 debeant,
3234 3546 3345 3593 tatu

1767 3635 2072 3682 memorato
2118 3625 2361 3694 pontifici
2404 3641 2566 3696 quam
2608 3626 2723 3696 ejus
2762 3626 3088 3682 antecessori
3133 3625 3350 3683 Joanni.

1767 3715 2151 3785 frequentibus
2197 3717 2417 3787 scripsit
2470 3719 2732 3788 epistolis.
2790 3719 3082 3774 Luminoso
3137 3730 3352 3786 quoque

1775 3808 1958 3862 abbati
1986 3809 2051 3861 de
2076 3807 2265 3861 eadem
2295 3822 2371 3872 re,
2399 3808 2542 3862 inter
2563 3819 2780 3873 extera,
2805 3809 2886 3863 sic
2905 3809 2982 3862 ait
3009 3824 3022 3860 :
3057 3807 3348 3866 «Castorio.

1776 3897 2052 3966 inquiens,
2099 3897 2254 3952 fratri
2283 3907 2340 3952 et
2362 3899 2682 3968 coepisc0po
2722 3906 2913 3962 nostro
2935 3905 3117 3952 nostra
3152 3910 3339 3964 praece-

1776 3989 1962 4060 ptione
2011 3989 2349 4054 transmissa,
2389 3988 2438 4043 ei
2491 3987 3005 4056 successoribusque
3052 3986 3171 4055 ejus
3221 4003 3250 4038 a
3304 3995 3353 4038 to

1778 4080 2223 4150 monasterioque
2266 4087 2363 4135 tuo
2411 4087 2664 4134 cunctam
2713 4077 2984 4132 laesionem
3032 4077 3356 4131 abstulimus

1780 4168 2024 4226 funditus
2072 4179 2431 4241 potestatem,
2465 4179 2525 4225 ut
2570 4184 2669 4226 nec
2706 4169 2849 4223 ultra
2883 4168 2938 4222 in
2965 4175 3147 4222 vestro
3168 4181 3357 4223 versa»

1781 4272 1933 4319 retur
1955 4266 2286 4334 gravamine,
2319 4280 2419 4319 nec
2457 4263 2772 4318 monasterii
2815 4275 2901 4316 res
2923 4261 3219 4322 describat,
3254 4272 3357 4312 nec

1781 4353 1995 4424 publica
2044 4354 2156 4408 illic
2203 4354 2392 4408 debeat
2440 4369 2559 4408 esse
2609 4351 2901 4423 processio.
2941 4367 2960 4402 ι
2998 4348 3081 4402 Ad
3105 4346 3352 4403 eumdem

1783 4445 1946 4498 etiam
1971 4445 2300 4510 Castorium,
2333 4453 2453 4513 post
2487 4444 2689 4513 aliqua,
2722 4443 2794 4498 ita
2819 4441 3013 4496 scribit
3044 4456 3057 4491 :
3098 4459 3114 4489 ι
3143 4438 3360 4500 Missas,

1710 4514 1758 4572 D
1785 4535 1883 4598 ait,
1914 4535 2026 4590 illic
2046 4534 2216 4606 (haud
2247 4535 2469 4590 dubium
2494 4535 2625 4604 quin
2662 4531 3092 4602 in'monasterio)
3119 4530 3358 4600 publicas

1782 4638 1882 4694 per
1946 4625 2260 4693 episcopum
2315 4623 2431 4678 fieri
2497 4623 2720 4677 omnino
2772 4620 3140 4691 prohibemus,
3191 4633 3257 4672 ne
3309 4620 3363 4673 in

1786 4728 2065 4769 servorum
2137 4715 2226 4769 Dei
2274 4715 2580 4770 recessibus
2613 4755 2628 4781 ,
2671 4712 3020 4783 popularibus
3059 4711 3368 4782 praebeatur

1787 4804 1896 4860 ulla
1940 4805 2158 4860 occasio
2209 4805 2596 4868 conventibus,
2644 4813 2698 4863 et
2749 4801 3105 4871 simpliciores
3152 4816 3219 4853 ex
3269 4799 3369 4852 hoc

1788 4892 2000 4950 animos
2021 4894 2342 4963 plerumque
2357 4895 2521 4964 (quod
2546 4893 2742 4962 absit!)
2764 4892 2824 4945 iu
2845 4891 3163 4946 scandalum
3195 4889 3372 4943 trahat

1792 4983 2132 5054 frequentior
2157 5000 2376 5054 quoque
2415 4985 2696 5040 muliebris
2731 4983 3009 5038 introitus.
3047 4999 3067 5032 ι
3102 4978 3253 5045 Quod
3282 4991 3376 5028 au-

1765 5082 1902 5130 .trtn
1954 5075 2192 5129 divinum
2252 5075 2487 5130 otlici-um
2547 5073 2896 5132 monasteriis
2959 5068 3216 5124 interdici
3271 5079 3376 5117 non

1798 5173 2032 5188 ..ηρηηιαηι
2107 5164 2120 5188 I
2148 5166 2287 5188 ...ηυξ
2346 5165 2594 5188 ﬁniunt...“
2647 5165 2704 5188 ,ΙΛ
2750 5160 3071 5188 ΙΥ..Ι.ιηιη1Λ-ιῖ
3115 5159 3353 5188 ι-ηιιῖΙιυιιε
