3944 5414
610 402 709 467 lim

1701 395 1760 461 s.
1801 394 1978 452 anno
2015 379 2507 450 riomcsusts
2547 379 2786 440 ΑωΑά

3741 394 3833 448 401

605 520 925 584 subsidium,
952 533 1137 573 verum
1183 516 1341 570 etiam
1386 514 1439 571 in
1490 513 1590 569 hoc
1640 514 1967 567 monasterio
1997 513 2173 567 missze
2206 516 2245 572 Α
2278 505 2735 576 faciat,inquibus
2751 505 3372 578 quadrangulisqttatuor
3392 504 3609 559 nomina
3623 508 3834 561 erectim

600 610 952 681 prohibentur
965 607 1245 669 celebrari,
1275 604 1486 673 sepeliri
1515 604 1676 661 etiam
1705 600 1898 656 ibidem
1928 609 2169 671 mortuos

599 698 895 765 interdicis.
925 696 1077 763 Quod
1102 695 1147 750 si
1174 695 1243 748 ita
1268 703 1374 758 est,
1403 710 1431 747 a
1463 692 1551 750 tali
1576 708 1670 747 vos
1700 692 1977 746 hortamur
2007 692 2167 745 inlut-

601 789 859 851 manitate
895 786 1171 855 suspendi.
1203 794 1256 839 et
1299 782 1511 852 sepeliri
1562 782 1755 836 ibidem
1798 791 2038 836 mortuos
2084 780 2166 835 vel

598 879 860 935 celebrari
894 879 1085 933 missas
1114 876 1257 939 nulla
1283 876 1508 930 ulterius
1537 876 1717 929 habita
1744 874 2169 939 contradictione

595 971 899 1041 permittas,
931 984 999 1025 ne
1024 969 1200 1023 denuo
1229 966 1501 1035 querelam
1529 966 1594 1020 de
1622 964 1706 1019 his
1733 980 1855 1034 quae
1874 964 2015 1018 dicta
2043 970 2168 1017 sunt

596 1062 884 1132 praedictus
906 1062 987 1115 vir
1009 1059 1329 1127 venerabilis
1344 1059 1609 1126 deponere
1630 1055 2000 1125 compeUatur.
2015 1074 2032 1105 ι
2061 1054 2167 1110 Ve-

595 1165 714 1204 rum
758 1150 824 1209 de
872 1149 954 1203 bis
995 1148 1127 1206 satis
1168 1147 1397 1211 dictum;
1439 1161 1580 1209 nunc
1610 1154 1799 1215 coeptae
1839 1145 2168 1200 narrationis

593 1242 729 1293 ordo
760 1247 1054 1308 repetatur.
1186 1297 1191 1301 ,
1429 1266 1432 1270 λ
1644 1270 1647 1271 ν

665 1327 962 1398 Regressus
1005 1328 1187 1396 itaque
1229 1325 1555 1386 honorabilis
1609 1326 1762 1390 Abba
1794 1327 1862 1381 ad
1915 1340 2093 1398 regem
2133 1339 2167 1380 a

594 1434 704 1488 quo
733 1420 928 1477 missus
965 1418 1164 1486 fuerat,
1193 1427 1385 1474 cuncta
1419 1432 1516 1486 pro
1546 1418 1741 1487 quibus
1767 1418 1901 1472 ierat
1928 1418 2165 1487 perfecta

591 1509 827 1566 nuntiat.
874 1506 1159 1566 Arnulfum
1209 1507 1545 1569 Remeusem
1576 1508 1817 1577 custodia
1867 1507 1943 1578 (9)
1983 1522 2164 1561 exem-

591 1605 741 1657 ptum
762 1597 1093 1667 pontiﬁcatui
1122 1598 1355 1652 restituit
1376 1613 1393 1665 ;
1416 1596 1632 1666 pallium
1657 1596 1727 1661 illi
1759 1612 1789 1650 a
1811 1596 2005 1651 domno
2026 1612 2167 1667 papa

592 1687 855 1744 dtrectutn
903 1686 1154 1762 reddidit.
1191 1685 1320 1740 Post
1349 1685 1481 1750 haec,
1515 1701 1609 1759 per
1650 1686 2028 1756 internuntios,
2063 1687 2165 1755 ipsi

591 1777 888 1835 venerabili
944 1777 1241 1849 apostolico
1295 1779 1491 1833 donmo
1541 1778 1802 1848 Gregorio
1850 1777 2163 1834 atnieabiles

2274 599 2446 668 posita
2488 598 2774 667 leguntur:
2805 598 2856 652 in
2896 598 3106 653 duobus
3144 596 3360 666 quidem
3400 594 3528 650 Otto
3551 608 3607 650 et
3635 595 3830 661 Caesar,

2272 688 2325 741 in
2360 686 2480 741 aliis
2501 701 2630 741 vero
2653 685 2807 742 Abba
2843 694 2899 741 et
2940 685 3105 750 abba,
3132 701 3252 755 quae
3276 685 3444 740 minio
3469 685 3693 754 scripta,
3725 685 3834 740 licet

2271 775 2560 845 separatim
2584 775 2686 830 hoc
2713 782 2929 838 sonent,
2957 782 3137 829 tamen
3169 789 3292 828 cum
3321 772 3441 828 aliis
3470 786 3724 827 versuum
3754 773 3829 827 lit-

2271 866 2403 921 teris
2433 866 2485 920 in
2516 866 2706 921 ordine
2736 865 3051 936 rediguntur
3077 863 3212 933 (vide
3239 862 3427 932 infra).

2341 977 2448 1033 Sed
2475 986 2529 1034 et
2548 978 2688 1033 idem
2711 975 3035 1032 venerabilis
3055 975 3209 1030 Abbo
3231 976 3297 1029 ad
3321 974 3603 1030 0dilonem
3631 972 3832 1027 Clunia-

2266 1069 2509 1123 censium
2562 1068 2810 1122 abbatem
2862 1064 3245 1129 venerabilem,
3285 1080 3429 1119 sana:
3479 1072 3536 1117 et
3584 1062 3831 1133 religiosa

2265 1161 2389 1214 vita:
2430 1160 2640 1222 virum,
2684 1159 2959 1221 scribens,
2993 1156 3120 1225 quid
3163 1154 3405 1224 capitula
3437 1168 3548 1209 erae
3591 1154 3704 1223 (ll)
3729 1154 3831 1208 sire

2273 1251 2736 1319 adnotataaqua:
2786 1249 2837 1302 in
2890 1246 3196 1315 Evangeliis
3246 1245 3537 1309 habentur,
3601 1245 3740 1299 inter
3781 1261 3830 1298 se

2267 1342 2605 1411 discrepent;
2634 1339 2829 1408 quidve
2872 1337 2942 1394 de
3115 1345 3304 1404 aperta
3344 1335 3481 1390 satis
3517 1335 3833 1389 enodatione

2266 1430 2528 1499 declarat.
2562 1430 2812 1485 Existunt
2839 1437 2894 1483 et
2936 1427 3043 1485 alia
3074 1426 3143 1482 ad
3176 1427 3313 1483 alios
3352 1424 3517 1495 hujus
3545 1426 3725 1480 sancti
3749 1441 3833 1494 pas

2267 1522 2365 1576 tris
2389 1522 2612 1591 scripta,
2633 1534 2772 1590 quae,
2804 1532 2873 1573 ne
2891 1518 3078 1573 lectori
3102 1515 3376 1579 fastidium
3399 1523 3687 1586 generem,
3707 1531 3831 1570 nunc

2264 1611 2776 1685 interim'tegantur
2826 1622 2926 1679 per
2979 1596 3272 1663 silentium.
3338 1592 3531 1661 Unum
3559 1605 3693 1659 illud
3738 1620 3829 1659 non

2262 1701 2651 1771 omittendum,
2712 1699 2858 1770 quod
2894 1697 3077 1769 cyclos
3126 1711 3391 1751 annorum
3450 1694 3828 1749 incarnationis

2263 1793 2575 1859 Dominicaa,
2606 1792 2674 1848 ab
2704 1790 2969 1847 incarnati
2997 1787 3160 1844 Verbi
3203 1787 3357 1842 initio
3409 1787 3477 1842 ad
3525 1802 3632 1842 sua
3678 1798 3831 1854 usque

590 1870 880 1942 plenasque
908 1869 1222 1924 reverentia:
1242 1870 1421 1940 dirigit
1449 1869 1680 1934 litteras,
1711 1870 1762 1923 in
1785 1870 1979 1939 quibus
2009 1870 2160 1924 inno-

2267 1890 2537 1953 tempora,
2546 1880 2701 1950 juxta
2714 1894 2959 1934 veracem
2980 1876 3391 1949 Evangeliorum
3419 1875 3586 1943 ﬁdem
3611 1877 3828 1929 correxit

593 1961 748 2025 tescit
789 1977 849 2016 se
899 1968 1090 2015 cuncta
1136 1960 1217 2015 uti
1259 1957 1495 2027 iusserat
1541 1959 1851 2029 perfecisse.
1920 1959 2161 2027 Quarum

590 2053 731 2109 istud
775 2065 859 2106 est
905 2053 1182 2107 exordium
1216 2069 1232 2107 :
1270 2071 1286 2102 ι
1322 2050 1548 2106 Domino
1590 2066 1804 2121 semper
1847 2051 1899 2104 in
1948 2052 2164 2107 Christo

590 2143 905 2207 venerabili,
936 2153 1135 2199 sancta:
1162 2142 1416 2197 Romamn
1444 2153 1498 2197 et
1527 2142 1832 2212 apostolicae
1857 2142 1999 2197 sedis
2028 2156 2164 2211 prae-

588 2235 710 2301 suli,
741 2249 805 2290 ac
834 2236 954 2291 ideo
984 2234 1299 2299 universalis
1326 2234 1580 2301 Ecclesia:
1604 2235 1834 2301 doctori,
1880 2250 2010 2289 suus
2052 2234 2159 2300 ille,

588 2327 742 2384 Abbo
792 2327 1216 2383 Floriacensium
1269 2335 1476 2390 rector,
1528 2325 1583 2380 in
1637 2324 1856 2381 Christo
1910 2325 2159 2380 salutem.

589 2418 796 2487 Smpius
823 2420 1082 2490 contingit
1108 2428 1167 2473 ut
1190 2419 1396 2489 paritas
1423 2419 1644 2488 integrae
1677 2416 1923 2474 veritatis
1951 2417 2164 2473 vacillet

588 2509 857 2580 sepientia
889 2508 1117 2575 maleﬁdi
1143 2509 1476 2579 interpretis.
1501 2509 1653 2576 Quod
1684 2524 1807 2580 ego,
1840 2508 2163 2564 venerabilis

589 2605 765 2679 pater,
796 2612 1026 2675 cavens,
1068 2598 1234 2677 vestri
1262 2598 1425 2664 animi
1454 2613 1611 2660 sensa
1640 2598 1869 2654 ﬁdeliter
1898 2597 2162 2670 simplici-

589 2692 797 2757 ierque,
829 2695 888 2741 ut
915 2689 1265 2756 praecepistis,
1288 2688 1613 2760 deprompsi.
1640 2705 1742 2752 nec
1763 2691 2162 2749 animositatem

586 2776 731 2846 regis
759 2777 1058 2848 perhorrui,
1083 2779 1206 2832 dum
1229 2778 1405 2845 ﬁdem,
1428 2762 1589 2849 quam
1612 2781 1763 2836 vobis
1784 2762 2159 2852 promiseram,

587 2879 656 2935 es
701 2881 821 2935 asse
875 2866 1106 2935 servavi,
1138 2856 1571 2938 quandoquidem
1611 2869 1745 2929 nihil
1781 2870 1983 2936 addidi,
2025 2869 2162 2936 nihil

586 2956 777 3032 minui,
811 2957 941 3029 nihil
962 2958 1260 3026 immutavi,
1289 2959 1422 3019 nihil
1450 2961 1662 3031 reliqui.
1691 2962 1893 3021 llorum
1917 2964 2160 3023 omnium

587 3048 701 3117 ipse
742 3049 1028 3117 Amulius,
1067 3066 1099 3107 e
1145 3051 1391 3108 custodia
1443 3053 1704 3118 liberatus
1749 3064 1804 3110 et
1851 3056 2158 3120 absolutus,

589 3140 742 3200 testis
763 3150 873 3207 est;
914 3143 998 3196 cui
1026 3152 1260 3210 vestrum
1292 3144 1508 3226 pallium
1541 3161 1605 3207 eo
1633 3129 1960 3219 tenore—(l0)
1988 3146 2156 3202 obtuli
2193 3170 2215 3226 _‘

586 3232 853 3302 quomodo
893 3233 1022 3289 illud
1065 3250 1379 3317 acceperam
1423 3253 1488 3299 ex
1536 3239 1739 3299 sanctis
1777 3239 2024 3296 manibus
2054 3253 2157 3295 .ve-

588 3324 739 3392 stris.
777 3341 796 3376 ι
832 3323 1073 3395 Meminit
1106 3339 1160 3383 et
1208 3329 1263 3393 in
1312 3329 1416 3387 ﬁne
1459 3344 1643 3386 earum
1671 3330 1903 3400 planetis
1940 3331 2156 3400 abipso

588 3416 689 3483 sibi
722 3416 881 3477 datae.
915 3416 987 3471 ita
1019 3417 1267 3488 inquiens
1299 3437 1314 3477 :
1352 3438 1370 3471 ι
1404 3418 1560 3486 Nam,
1597 3420 1936 3476 liberalitatis
1965 3430 2156 3477 vestrae

558 3512 559 3517 “
589 3525 823 3575 memor,
850 3519 909 3564 ut
948 3524 1139 3566 servus
1175 3510 1403 3571 Domino
1427 3513 1629 3582 gratias
1657 3512 1856 3580 refero,
1886 3513 1977 3581 qui
2018 3512 2160 3568 inter

590 3599 877 3657 missarum
923 3599 1213 3665 solemnia,
1248 3586 1469 3656 munere
1508 3610 1690 3661 vestro
1741 3618 1869 3671 usus
1914 3602 2155 3672 planeta,

589 3692 753 3754 vestri
777 3691 920 3756 nullo
935 3693 1090 3751 modo
1107 3692 1346 3755 oblivisci
1372 3693 1523 3752 valeo
1537 3695 1588 3748 in
1615 3695 1749 3750 meis
1770 3694 2153 3749 oblationibus.

588 3782 848 3843 Creterum
872 3784 1021 3843 vobis
1050 3798 1262 3854 semper
1290 3800 1479 3855 parere
1509 3786 1744 3851 decrevi,
1769 3784 1920 3854 cujus
1942 3795 2158 3858 aposto-

588 3871 752 3933 latum
779 3874 919 3929 Dens
949 3876 1216 3930 custodiat
1255 3875 1306 3928 in
1337 3885 1535 3931 acterna
1568 3891 1717 3946 pace.
1749 3896 1768 3929 ι
1992 3928 1995 3933 .
2124 3928 2129 3933 .

658 3965 785 4020 CAP.
811 3962 941 4019 Xlll.
974 3966 1200 4021 Abbonis
1229 3966 1460 4035 epistola:
1493 3978 1539 4022 et
1573 3969 1766 4039 scripta
1793 3969 2055 4039 quedam.
2085 3997 2155 4009 —-

586 4054 767 4116 Ottoni
799 4072 1011 4127 quoque
1056 4058 1362 4126 imperatori
1398 4058 1678 4128 epistolam
1729 4060 1975 4116 versibus
2022 4076 2153 4116 con-

586 4145 803 4213 scripsit
835 4146 1184 4210 hexametris,
1207 4146 1368 4209 nullis
1391 4147 1693 4215 sapientum
1717 4148 1870 4202 istius
1900 4149 2157 4218 temporis

586 4236 999 4302 comparandam
1057 4236 1419 4302 carminibus,
1466 4251 1496 4291 e
1540 4220 1913 4307 Porphyriano
1972 4240 2159 4309 utique

548 4321 688 4385 ,lsihi
717 4322 902 4377 codice
940 4324 1215 4392 exemplar
1245 4340 1492 4387 somens,
1533 4326 1675 4386 hunc
1698 4341 1913 4394 versum
1933 4367 1947 4390 ,
1983 4337 2156 4381 mate-

589 4412 724 4467 riam
770 4422 826 4469 et
863 4415 1019 4488 quasi
1057 4415 1461 4472 fundamentum
1501 4420 1666 4488 totius
1699 4419 1982 4483 constituit
2023 4434 2154 4489 ope-

589 4503 687 4565 ris.

765 4595 896 4664 Otto,
924 4598 1090 4653 valens
1111 4599 1293 4663 Casu,
1318 4607 1482 4661 nostro
1501 4609 1553 4652 tu
1577 4601 1702 4652 cede
1724 4602 1973 4671 cothurno.

582 4704 634 4758 ls
662 4717 853 4773 nempe
890 4718 1081 4759 versus
1112 4705 1166 4759 in
1197 4707 1386 4765 eadem
1416 4707 1614 4761 desinit
1643 4706 1820 4761 littera
1851 4720 1959 4775 qua
1990 4706 2153 4760 etiam

583 4795 802 4862 incipit;
836 4795 1020 4864 sicque
1049 4796 1108 4849 ﬁt
1130 4807 1189 4850 ut
1210 4797 1323 4875 ipse
1351 4798 1614 4867 principia
1638 4812 1891 4852 versuum
1914 4797 2153 4851 omnium

581 4886 852 4954 ﬁnemque
892 4896 1097 4953 tenens,
1137 4904 1232 4959 per
1263 4889 1494 4944 medium
1529 4902 1743 4958 quoque
1770 4886 2009 4957 epistola:
2033 4901 2152 4941 cre-

581 4983 721 5039 ctu’s,
755 4975 990 5047 itemque
1052 4977 1107 5031 in
1167 4987 1537 5032 transversum
1591 4977 1643 5031 in
1700 4976 1917 5034 modum
1975 4975 2156 5031 crucis

580 5067 827 5134 incedat,
865 5068 979 5137 ipse
1013 5067 1360 5123 nihilominus
1385 5067 1623 5122 clausula
1672 5066 1933 5120 carminis
1978 5066 2151 5121 ﬁeret.

578 5158 758 5228 Atque
786 5161 888 5215 huc
913 5163 1071 5216 modo
1096 5161 1356 5228 contingit
1388 5171 1445 5219 ut
1488 5170 1545 5216 et
1589 5159 1701 5228 ipse
1726 5159 1904 5213 sexies
1931 5160 2156 5215 diversis

584 5250 758 5313 modis
788 5252 1028 5321 legatur,
1058 5259 1113 5305 et
1138 5260 1371 5319 quatuor
1394 5251 1795 5321 quadrangulos
1840 5251 1892 5306 in
1927 5250 2152 5321 epistola

2266 1982 2427 2042 atque
2472 1973 2538 2033 ad
2591 1986 2763 2025 annos
2811 1978 2997 2041 postea
3049 1968 3273 2038 circiter
3320 1966 3468 2021 mille
3517 1967 3828 2037 quingentos

2269 2063 2558 2133 nonaginta
2594 2046 2831 2132 Quinque
2883 2059 3149 2127 dilatavit.
3196 2057 3362 2129 Cujus
3405 2057 3592 2128 operis
3647 2055 3824 2127 praefa-

2267 2153 2557 2208 tiuncnlam
2590 2152 2722 2221 (1‘2),
2751 2150 3011 2216 fratribus
3041 2165 3105 2206 ac
3125 2148 3250 2204 ﬁliis
3280 2150 3417 2214 suis,
3454 2148 3619 2204 nobis
3642 2147 3825 2209 scilicet

2264 2242 2703 2300 Floriacensibus
2753 2240 3078 2312 consignans
3134 2239 3452 2303 monachis,
3510 2239 3823 2308 mentionem

2264 2334 2394 2391 facit
2431 2333 2555 2388 anni
2598 2332 2858 2386 transitus
2892 2329 3216 2399 sanctissimi
3247 2330 3418 2399 patris
3444 2327 3746 2384 Benedicti.

2333 2445 2464 2500 CAP.
2519 2440 2658 2497 XIV.
2706 2440 2965 2512 Leprosus
3016 2439 3081 2492 ab
3129 2455 3189 2493 eo
3236 2448 3474 2491 sanatus.
3503 2435 3823 2491 —Suﬂiciat

2254 2533 2366 2604 jam
2400 2547 2544 2587 ttunc
2592 2530 2804 2585 laudem
2837 2527 3010 2583 ﬁdelis
3058 2526 3254 2597 linguae
3292 2524 3427 2594 eius,
3462 2524 3698 2596 stylique
3743 2538 3822 2593 po.

2262 2623 2364 2687 liti,
2379 2631 2638 2693 quantum
2660 2617 2915 2690 possibile
2936 2616 3059 2682 fuit,
3075 2615 3469 2687 depro‘mpsisse
3483 2615 3817 2685 elegantiam;

2263 2715 2390 2772 illud
2411 2712 2612 2769 celebri
2640 2710 2786 2764 fama
2812 2709 2864 2763 in
2889 2707 3113 2779 populos
3135 2705 3415 2777 propalare
3435 2706 3818 2775 dignissimum,

2263 2820 2604 2878 nequaquam
2656 2805 2798 2859 hunc
2839 2804 3053 2859 beatum
3097 2803 3272 2856 virum
3320 2814 3350 2853 a
3397 2798 3510 2854 Dro
3563 2806 3817 2868 expertem

2262 2897 2646 2962 miraculorum
2684 2895 2956 2959 relictum,
2986 2894 3111 2948 dum
3149 2891 3325 2946 adhuc
3373 2905 3546 2944 carne
3597 2902 3814 2959 praesens

2261 2991 2524 3049 incoleret
2549 2987 2828 3045 saeculum.
2856 2986 2993 3055 Quin
3020 2985 3200 3056 potius
3233 2983 3350 3051 ejus
3376 2981 3481 3037 sibi
3511 2980 3818 3035 monstravit

2260 3078 2531 3153 placuisse
2559 3079 2721 3134 vitam
2743 3091 2906 3148 quam
2924 3074 3196 3131 miraculis
3217 3072 3381 3127 voluit
3398 3086 3526 3135 esse
3550 3071 3815 3141 insignem.

2266 3173 2466 3229 Eadem
2498 3179 2677 3233 autem
2713 3175 3031 3238 tempestate
3070 3166 3171 3220 fuit
3216 3164 3435 3235 quidam
3483 3164 3653 3218 homo
3676 3175 3815 3231 quem

2262 3265 2382 3321 dira
2430 3263 2595 3333 leprre
2642 3258 2954 3331 perfuderat
2996 3255 3227 3313 macula.
3274 3255 3374 3309 llic
3410 3254 3723 3308 admonitus
3748 3260 3817 3305 est

2260 3371 2358 3427 per
2389 3354 2656 3410 somnium
2685 3351 2764 3409 uti
2803 3350 2872 3405 ab
2898 3350 2999 3404 hoc
3028 3349 3119 3403 Dei
3163 3346 3379 3402 homine
3425 3361 3542 3401 suae
3589 3341 3816 3403 sanitatis
3882 3364 3885 3369 ι

2259 3455 2535 3516 quareret
2574 3441 2853 3499 auxilium.
2899 3440 3023 3508 Qui,
3054 3439 3262 3493 veritus
3289 3451 3385 3506 per
3409 3436 3653 3504 seipsqu
3676 3447 3814 3487 acce-

2258 3539 2389 3594 dere
2418 3534 2486 3590 ad
2517 3550 2662 3598 eum,
2704 3533 2992 3603 quemdam
3022 3531 3151 3586 boni
3174 3528 3464 3585 teStimouii
3509 3528 3815 3597 optimaque

2247 3628 2692 3687 conversationis
2722 3627 2857 3681 adiit
2886 3625 3228 3687 monachum,
3252 3621 3469 3677 nomine
3481 3620 3813 3674 Elisiernum.

2260 3721 2474 3795 [Boscio
2521 3718 2691 3781 male,
2723 3713 3071 3785 Elizerium],
3098 3713 3222 3769 huic
3249 3712 3423 3767 eidem
3467 3719 3661 3764 sancto
3684 3705 3814 3762 lami-

2245 3809 2626 3865 ~liarissimum.
2659 3806 2737 3860 Illi
2767 3820 2898 3876 ergo
2927 3818 3037 3860 suae
3075 3799 3415 3857 necessitatis
3440 3797 3668 3868 exponit
3706 3808 3814 3850 catt-
3852 3856 3861 3867 ι

2240 3916 2394 3965 sam,
2451 3899 2918 3965 manifestamque
2963 3894 3187 3951 visionis
3227 3891 3466 3948 modum.
3513 3888 3813 3943 Revelatum

2255 3992 2455 4061 quippe
2509 3990 2608 4045 sibi
2641 3989 2808 4043 fuisse
2857 3986 3038 4050 aiebat
3083 3984 3278 4045 debere
3324 3980 3577 4036 eumdem
3631 3972 3813 4031 Christi

2256 4079 2515 4134 famulum
2551 4094 2689 4148 aqua
2717 4076 3025 4137 exorcizata
3061 4088 3253 4128 manus
3283 4069 3526 4133 abluere,
3557 4081 3717 4136 quam
3744 4063 3811 4112 τί·

2243 4170 2451 4224 ράεΙὶοει
2479 4184 2672 4238 aquam
2702 4168 2815 4236 ipse
2843 4178 2989 4237 aeger
3009 4163 3282 4232 suscipere
3306 4159 3554 4220 deberet,
3578 4157 3812 4223 languen—

2256 4261 2439 4329 tiaque
2486 4261 2724 4312 membra
2750 4257 3095 4327 perfundere.
3126 4252 3365 4308 Audiens
3394 4251 3510 4303 haec
3533 4243 3811 4300 monachus

2254 4351 2432 4421 primo
2472 4347 2793 4402 detrectavit
2816 4347 2972 4400 fidem
2999 4344 3115 4414 ejus
3143 4341 3401 4396 adhibere
3430 4337 3614 4401 dictis,
3646 4329 3810 4389 simul-

2255 4454 2361 4509 que
2380 4436 2504 4491 eum
2521 4437 2604 4491 his
2624 4435 2790 4505 cmpit
2814 4433 3099 4504 obiurgare
3124 4432 3301 4486 verbis
3325 4448 3338 4482 :
3363 4449 3382 4481 ι
3404 4428 3535 4492 Cur,
3559 4423 3809 4494 inquiens,

2180 4552 2232 4611 ι)
2256 4547 2291 4588 o
2318 4533 2500 4595 homo,
2531 4542 2631 4585 nos
2662 4537 2924 4584 tentatum
2965 4526 3207 4589 advenis,
3238 4522 3571 4579 somniorum
3616 4528 3807 4611 tuorum

2254 4623 2607 4687 deliramenta
2655 4636 2755 4691 pro
2804 4620 2951 4675 veris
2994 4616 3306 4675 inferendo?
3332 4614 3476 4679 Noli,
3519 4611 3630 4667 noli
3676 4605 3807 4662 falsis

2259 4714 2366 4770 tuis
2390 4712 2789 4779 adulationibus
2817 4718 3030 4764 nostras
3072 4715 3279 4761 mentes
3321 4704 3583 4759 seducere
3612 4697 3752 4753 velle.
3784 4711 3801 4744 ι

2256 4802 2393 4858 Tum
2422 4811 2655 4874 aegrotus
2680 4810 2965 4871 persancte
2993 4795 3201 4866 deierat
3246 4807 3306 4850 se
3347 4793 3547 4847 nullam
3600 4783 3805 4842 fallaciae

2254 4895 2506 4951 nebulam
2561 4893 2927 4965 praetendere,
2975 4891 3103 4960 quin
3154 4889 3336 4957 petius
3380 4900 3509 4940 vera
3544 4882 3802 4949 allegare.

2230 5012 2233 5019 -
2255 4985 2401 5041 Abiit
2440 4999 2571 5054 ergo
2611 4982 2778 5036 frater
2800 4981 2888 5035 ille
2915 4982 2982 5034 ad
3010 4979 3152 5033 hunc
3176 4979 3242 5032 de
3266 4991 3374 5046 quo
3397 4988 3577 5030 sermo
3598 4970 3806 5025 vertitur

2226 5084 2338 5135 'ter
2374 5075 2614 5137 beatum,
2636 5082 2690 5127 et
2718 5071 2981 5131 divinum,
3012 5069 3154 5139 quod
3185 5082 3215 5121 a
3250 5067 3536 5136 languente
3553 5060 3803 5119 audierat,

2251 5164 2301 5217 ei
2361 5164 2548 5232 pandit
2600 5160 2901 5217 oraculum.
2939 5158 3011 5211 At
3058 5157 3146 5214 ille
3190 5156 3351 5227 paulo
3401 5152 3716 5209 connuotior
3757 5155 3805 5199 et

2256 5250 2585 5323 indignantis
2630 5248 2780 5304 vultu
2833 5261 3115 5318 expresso,
3169 5244 3800 5316 penequeiliactymans:
