3944 5414
138 327 221 379 illi

1142 329 1502 393 ΡΒΟἝΜΙΑ.
1543 359 1615 370 -
1648 329 1806 383 ἯΤΑ
1848 329 1905 383 S.
1944 328 2253 382 ABllliNlS.

3244 324 3351 378 ωδ

145 461 156 488 i
189 439 308 500 Non,
360 439 565 507 inquit,
601 441 862 496 hactenus
892 455 954 496 ea
987 443 1138 498 vobis
1181 444 1385 498 contuli
1421 444 1685 512 exempla,
1714 447 1763 504 Α
1790 441 1999 497 Jacobi.
2035 443 2139 497 Sed
2168 453 2222 496 et
2253 443 2430 511 paries
2452 441 2680 510 ligneus,
2710 440 2852 494 circa
2881 437 3140 492 tumulum
3169 435 3355 508 inclyti

139 544 184 582 ut
209 544 282 583 me
309 529 637 585 adulationis
657 533 781 600 quis
803 533 1034 588 aestimet
1063 533 1372 589 desiderare
1403 535 1680 603 obsequia.

140 619 441 689 Quapropter
486 621 532 674 si
565 638 746 676 mcum
779 632 829 677 te
857 623 939 678 vis
969 626 1150 679 vocari
1182 637 1236 680 et
1263 641 1383 681 esse
1407 626 1684 690 dilectum,

141 725 248 762 cave
288 725 351 765 ex
405 719 495 765 tuo
543 727 640 767 ore
688 714 826 768 istud
873 715 1130 784 deinceps
1177 716 1392 769 audiam
1444 717 1686 779 verbum,

141 801 373 869 praecipue
417 817 545 856 cum
593 805 661 858 ad
713 805 812 858 ista
867 820 954 860 me
1004 806 1308 861 nullatenus
1360 807 1527 861 sciam
1575 804 1690 859 fore

143 891 277 962 [esse]
311 892 604 958 idoneum,
637 905 691 948 et
721 907 1035 950 sanctorum
1071 897 1195 951 talia
1224 899 1332 952 sint
1362 909 1517 968 gesta
1545 899 1689 952 viro—

144 997 256 1034 rum.
293 980 385 1037 Cui
440 999 565 1038 cum
617 1002 646 1037 a
699 988 865 1040 fratre
911 987 1240 1058 objiceretiir
1283 1004 1387 1042 non
1439 998 1690 1058 oportere

143 1071 265 1124 illiilli
302 1073 532 1141 gratiam
559 1075 664 1129 sibi
699 1077 957 1132 divinitus
984 1078 1235 1133 collatam
1267 1079 1534 1145 occulere,
1570 1095 1689 1149 quae

142 1159 272 1215 saluti
299 1163 596 1230 petentium
636 1166 948 1221 crederetur
977 1183 1133 1236 posse
1163 1170 1439 1239 prodesse,
1466 1184 1691 1239 praaser-

144 1254 221 1306 tim
253 1268 366 1306 cum
403 1255 455 1308 id
489 1256 583 1311 ille
623 1267 769 1312 recta
809 1267 863 1314 et
889 1260 1116 1330 simplici
1166 1262 1292 1324 ﬁde,
1325 1276 1429 1314 non
1463 1261 1687 1314 adulan-

145 1345 256 1400 tium
277 1348 628 1416 persuaderet
655 1359 808 1414 voto;
840 1352 1055 1404 tandem
1093 1366 1151 1406 se
1190 1352 1332 1405 vinci
1364 1366 1552 1418 passus
1585 1359 1688 1416 est,

145 1435 379 1506 allatsque
419 1437 713 1494 benedicta
762 1455 920 1509 aqua,
964 1457 1155 1495 manus
1203 1442 1355 1506 lavit,
1395 1451 1691 1496 memorato

147 1525 378 1579 monacho
409 1525 623 1592 tribuit,
668 1538 726 1582 ut
755 1544 873 1583 eam
905 1532 1146 1600 poscenti
1179 1531 1396 1585 inﬁrmo
1425 1532 1693 1601 perferret

148 1613 417 1683 imperavit.
457 1616 756 1686 Acceptam
813 1619 903 1673 ille
952 1636 1148 1690 aquam
1204 1619 1420 1690 leprosu
1464 1622 1686 1691 perfert,

149 1705 277 1772 eique
313 1705 471 1761 inﬁt:
505 1725 525 1758 ι
561 1707 734 1772 Nunc,
775 1711 1042 1779 inquiens,
1075 1723 1163 1766 tua
1195 1711 1482 1766 inﬁrmitas
1512 1713 1688 1782 palam

149 1798 325 1852 cunctis
348 1808 447 1852 est.
484 1798 546 1855 Si
580 1816 709 1869 ergo
739 1803 845 1856 tuis
873 1819 969 1857 nos
993 1804 1074 1858 vis
1103 1803 1258 1858 fidem
1283 1807 1693 1863 accommodare

149 1893 475 1959 sermonibus,
511 1907 801 1967 postquam
844 1908 894 1953 te
942 1899 1026 1954 his
1066 1899 1370 1969 perfuderis
1397 1901 1573 1969 aquis,
1604 1901 1695 1956 die

150 1984 282 2038 tertia
326 1987 524 2040 nostris
575 1996 739 2043 temet
779 1990 1060 2044 visendum
1117 2000 1445 2060 reprmsenta
1487 1992 1694 2046 obtuti-

148 2073 246 2126 bus.
279 2093 297 2125 ι
331 2074 474 2130 Fecit
498 2094 652 2145 aeger
681 2089 736 2133 ut
763 2081 863 2135 sibi
896 2081 1282 2150 imperabatur,
1315 2093 1372 2138 et
1398 2099 1525 2142 ecce
1570 2093 1696 2138 ante

151 2173 419 2221 transactos
470 2168 686 2237 praefati
739 2171 948 2224 termini
1000 2171 1160 2238 soles,
1217 2174 1415 2228 dudum
1463 2174 1697 2230 discolor

151 2255 326 2308 cunctis
368 2259 607 2311 naturali
661 2260 936 2314 visebatur
989 2262 1234 2316 reinduta
1287 2262 1347 2334 [Ι.
1388 2262 1693 2334 reindutus]

153 2344 318 2411 specie.
356 2344 508 2413 Quod
569 2348 655 2404 ubi
698 2349 849 2404 fratri
907 2351 979 2405 illi
1020 2353 1409 2422 perspicaciter
1436 2355 1695 2411 credibile

154 2440 386 2505 apparuit,
412 2457 537 2496 mox
575 2442 774 2497 homini
800 2443 891 2497 Dei
922 2461 1042 2515 quin
1070 2445 1283 2499 fuerant
1309 2456 1428 2500 acta
1459 2447 1698 2502 indicare

156 2531 355 2595 curavit;
388 2547 417 2585 a
445 2548 560 2600 quo
590 2535 691 2589 sub
722 2535 945 2590 terribili
974 2537 1174 2591 Christi
1205 2539 1445 2594 nominis
1473 2540 1695 2595 invoca-

159 2617 274 2673 tione
315 2621 662 2677 interdictuni
713 2627 945 2695 suscepit
1006 2643 1074 2682 ne
1133 2629 1236 2682 hoc
1281 2628 1372 2683 ulli
1422 2630 1696 2686 hominum

157 2707 250 2776 ipse
271 2710 344 2764 vel
372 2712 417 2766 is
437 2713 535 2782 qui
564 2723 783 2770 sanatus
805 2714 979 2788 fuerat
1005 2717 1402 2774 inualescerent
1420 2761 1434 2786 ,
1463 2722 1698 2789 qiiaiidiu

159 2796 250 2864 ipse
276 2810 483 2856 sanctus
519 2804 574 2857 in
606 2820 831 2874 corpore
862 2819 1125 2864 maneret.
1167 2809 1220 2864 In
1261 2826 1365 2880 qua
1396 2828 1452 2867 re
1485 2813 1698 2868 Domini

159 2887 322 2943 Christi
345 2899 396 2943 et
414 2891 793 2964 Redemptoris
816 2898 984 2951 nostri
1014 2898 1255 2955 imitatus
1279 2902 1581 2972 exemplum
1595 2914 1698 2972 est,

160 2977 252 3043 qui,
274 2992 512 3036 sanatum
543 2999 572 3036 a
599 3001 656 3038 se
679 2986 952 3055 alloquens
974 2988 1265 3057 leprosum,
1303 2989 1452 3058 Vide,
1483 2995 1577 3059 ait,
1611 3011 1700 3049 ne-

161 3068 266 3118 mini
303 3071 489 3125 dixeris
527 3073 740 3142 (Mat/2.
773 3091 886 3140 viii,
917 3077 994 3148 4).
1025 3078 1148 3134 llaec
1187 3082 1362 3147 nobis,
1389 3093 1508 3151 post
1543 3083 1701 3151 hujus

161 3160 446 3216 sanctissimi
463 3165 510 3217 vi
522 3165 564 3218 ri
581 3167 880 3232 transitum,
897 3169 1150 3238 praefatus
1165 3173 1392 3228 domnus
1405 3174 1702 3231 Elisiernus

161 3247 242 3299 sub
274 3255 612 3308 attestatione
649 3257 831 3311 retulit
868 3260 1142 3326 veritatis;
1183 3279 1303 3332 qua:
1341 3280 1460 3330 nos,
1497 3268 1702 3336 absque

164 3337 451 3426 detrimento
502 3346 618 3399 veri
668 3359 1024 3414 augmentove
1068 3353 1344 3420 falsitatis,
1384 3356 1703 3426 simpliciter

162 3425 336 3484 referre
373 3434 694 3491 studuimus.
739 3439 831 3494 Ille
860 3443 1186 3500 venerabilis
1224 3425 1544 3513 Elisiernus,
1578 3465 1704 3509 ante

162 3528 406 3583 peractum
433 3540 497 3580 ex
525 3541 636 3595 quo
658 3529 760 3584 ista
779 3533 932 3588 nobis
961 3536 1140 3592 retulit
1165 3553 1390 3607 annum,
1419 3539 1704 3604 laudabilis

162 3608 264 3664 vita
289 3612 420 3668 diem
456 3618 655 3672 clausit
684 3621 952 3679 ultimum.

218 3700 328 3756 Car.
371 3705 482 3762 XV.
518 3709 841 3770 Ornamenla
867 3717 1096 3773 ecclesia:
1143 3721 1208 3776 ab
1238 3738 1300 3778 eo
1340 3723 1702 3792 factm—Non

165 3791 423 3886 abhorrere
454 3814 483 3852 a
516 3811 666 3855 recto
691 3803 859 3859 laudis
880 3809 1118 3866 creditur
1159 3791 1380 3882 genere,
1423 3817 1466 3871 si
1499 3831 1561 3871 ea
1585 3832 1705 3886 quae

165 3883 246 3937 sub
267 3887 369 3954 ipso
396 3889 476 3944 vel
503 3907 604 3961 per
631 3893 803 3962 ipsum
827 3899 894 3950 ad
939 3909 1190 3954 ornatum
1219 3903 1410 3958 domus
1440 3907 1554 3971 Dei,
1586 3883 1707 3977 qua:

166 3984 231 4026 est
246 3977 477 4045 ecclesia,
505 3993 658 4053 gesta
691 3995 832 4051 sunt,
863 3998 1048 4052 noster
1066 3991 1294 4061 explicet
1323 4010 1520 4059 sermo,
1537 3999 1706 4051 maxi-

165 4079 236 4156 tne
262 4083 374 4124 cuin
413 4071 553 4130 inter
583 4074 955 4133 Salomoniaca
985 4084 1254 4149 praeconia
1301 4086 1704 4156 hocpi'aecipue

165 4152 382 4214 laudetur
406 4163 544 4233 quod
576 4166 830 4235 templum
858 4170 1070 4226 Domini
1097 4176 1398 4244 magnificis
1420 4152 1708 4232 exstruxe-

168 4247 225 4302 rit
249 4251 504 4322 impensis.
557 4259 622 4311 Et
672 4263 917 4327 quamvis
942 4264 1057 4331 ejus
1087 4277 1278 4322 tenues
1304 4271 1472 4338 copia:
1501 4271 1706 4328 divitiis

167 4351 404 4408 nequeant
425 4345 704 4417 locupletis
719 4349 1022 4421 _Saloinonis
1050 4356 1541 4425 aquuariJaincn
1563 4377 1705 4430 quae,

1787 533 2119 588 confessoris
2171 533 2369 587 Christi
2433 531 2706 586 Benedicti
2765 532 3003 594 locatus,
3059 528 3222 583 simili
3277 535 3357 581 est

1787 630 2034 691 comptus
2055 623 2234 690 specie
2257 621 2477 684 metalli,
2507 632 2668 692 atque
2694 621 2746 676 in
2775 637 2841 676 eo
2861 621 3104 690 quaedam
3132 618 3359 672 miracu-

1788 711 1961 766 lorum
1991 711 2227 779 ejusdem
2250 712 2428 766 dilecti
2471 712 2683 766 Domini
2710 711 2981 766 cmlatoria
3006 717 3122 764 arte
3146 707 3360 777 perspi-

1788 801 2006 855 ciuntur
2028 816 2300 870 expressa.
2332 801 2455 856 llaec
2487 803 2668 872 itaque
2709 813 2765 856 et
2806 801 2909 855 alia
2955 798 3212 854 nonnulla
3257 797 3360 852 sub

1787 892 2004 963 egregio
2032 902 2187 962 patre
2229 891 2453 947 Abbone
2490 893 2542 946 in
2589 891 2916 960 Floriacensi
2962 889 3208 946 coenobio
3236 901 3362 958 per-
3470 947 3472 952 τ

1788 986 1928 1040 fectu
1983 998 2131 1050 sunt,
2182 985 2438 1040 instantia
2491 995 2547 1040 et
2597 985 2977 1055 procuratione
3031 978 3366 1036 honorabilis
3455 1031 3460 1048 _.

1789 1078 2039 1132 monachi
2067 1076 2378 1142 Gauzfredi,
2421 1077 2505 1131 cui
2565 1075 2678 1145 ipse
2708 1089 2989 1129 sacrorum
3017 1071 3365 1127 commiserat

1789 1171 2092 1226 custodiam
2120 1169 2518 1233 thesaurorum,
2549 1167 2702 1236 cujus
2739 1166 2904 1222 etiam
2937 1163 3225 1220 Gauzfredi
3251 1162 3362 1218 sole
3435 1165 3442 1172 '

1789 1264 2066 1318 licitudine
2091 1262 2534 1334 gazophylacium
2561 1261 2829 1330 lapideum
2861 1267 2943 1313 est
2969 1262 3363 1316 constructum,
3414 1293 3421 1338 ἰ

1790 1358 1858 1411 ad
1884 1356 2242 1426 repellendam
2267 1355 2426 1425 ignis,
2458 1355 2502 1409 si
2526 1355 2689 1424 (quod
2711 1352 2901 1421 absit!)
2928 1351 3221 1418 ingrueret,
3245 1346 3364 1400 vios

1790 1446 2009 1500 lentiam
2062 1445 2196 1500 satis
2234 1445 2511 1509 idoneum,
2538 1444 2726 1498 eodem
2753 1443 2817 1496 de
2843 1455 2950 1510 quo
2979 1438 3248 1506 loquimur
3275 1450 3364 1489 ve-
3421 1438 3430 1510 ξ

1779 1535 2016 1592 'nerahili
2061 1544 2216 1605 patre
2255 1536 2480 1590 Abbone
2511 1543 2759 1603 sumptus
2794 1529 3262 1588 subministrante,
3299 1526 3368 1580 de

1790 1625 1943 1694 cujus
1969 1625 2094 1678 vita:
2123 1625 2363 1679 moribus
2382 1631 2438 1678 et
2459 1623 2676 1692 scriptis
2714 1623 2841 1692 quia
2866 1620 3031 1680 multa
3062 1617 3367 1680 retulimus,

1799 1730 1865 1769 ne
1887 1713 2152 1770 fastidiosi
2179 1716 2234 1769 in
2265 1714 2606 1784 multiloquio
2628 1715 2798 1768 simus
2834 1712 3045 1778 lectori,
3073 1709 3272 1781 stylum
3303 1708 3370 1763 ad

1724 1784 1771 1846 Β
1796 1806 1911 1876 ejus
1940 1807 2306 1862 enarrandum
2329 1815 2603 1864 vertamus
2631 1807 2942 1863 transitum.

1727 3127 1772 3189 C

1861 1895 1989 1951 CAP.
2013 1895 2152 1952 XVI.
2195 1895 2410 1967 Regula
2433 1898 2802 1952 monasterium
2827 1897 3210 1966 reformaturus
3236 1895 3369 1948 adit.

1796 1989 1934 2044 Suos
1983 1990 2053 2042 ibi
2101 1988 2608 2060 relinquit.—lgitur
2648 2004 2770 2043 cum
2821 1989 2909 2043 hic
2961 1987 3069 2042 Deo
3125 1985 3373 2041 amabilis

1799 2078 2212 2146 hominibusque
2233 2077 2557 2133 venerabilis
2581 2079 2734 2133 Abbo
2776 2094 2872 2148 per
2897 2077 3167 2132 sexdecim
3195 2091 3373 2131 annos

1795 2168 2084 2222 cominuos
2113 2168 2222 2221 ina
2268 2169 2378 2222 Deo
2402 2168 2506 2224 sibi
2532 2168 2822 2223 commisso
2863 2169 3120 2239 pastorali
3152 2175 3374 2222 strenuo

1795 2257 2330 2319 desudassetoﬁicio,
2371 2257 2714 2313 Wascouiaiii
2745 2258 3130 2328 proﬁciscitur.
3182 2257 3276 2311 Est
3319 2257 3373 2310 in

1796 2349 1900 2404 illis
1930 2349 2174 2426 partibus
2216 2353 2604 2406 monasterium
2648 2353 2915 2422 quoddam
2940 2352 3156 2421 Squirs,
3181 2360 3240 2406 ut
3269 2351 3375 2406 fer-

1799 2449 1906 2506 tur,
1939 2442 2239 2511 antiquitus
2288 2444 2656 2509 nominatum;
2687 2461 2715 2497 a
2749 2445 3045 2508 modernis,
3095 2443 3372 2499 contrario

1797 2546 1941 2584 nunc
1992 2531 2278 2598 vocabulo,
2339 2532 2544 2604 Regula
2597 2537 2915 2590 vocitatum.
2972 2534 3124 2589 Nulla
3178 2535 3376 2604 quippe

1799 2622 2073 2692 religionis
2099 2639 2310 2690 norma,
2335 2626 2477 2680 nulla
2501 2638 2593 2681 aut
2625 2643 2745 2681 rara
2771 2627 2924 2682 bonae
2946 2628 3374 2682 conversationis

1798 2715 1988 2770 saltem
2018 2716 2243 2786 vestigia
2289 2731 2458 2786 usque
2480 2718 2548 2771 ad
2579 2717 2694 2771 hinc
2740 2718 2793 2771 in
2823 2717 3012 2772 eodem
3061 2717 3179 2772 loco
3208 2732 3374 2786 appa-

1801 2820 1960 2860 ruere
1984 2813 2245 2875 tempora.
2275 2805 2328 2860 Id
2354 2806 2673 2862 Guillelmus
2705 2806 3012 2862 Sanctionis
3055 2807 3216 2872 ﬁlius,
3245 2806 3377 2860 Bur-

1799 2895 2166 2966 degalensium
2193 2913 2377 2952 comes
2404 2913 2466 2952 ac
2501 2899 2664 2952 totius
2693 2898 3014 2953 Guasconiae
3039 2899 3168 2962 dux,
3195 2899 3377 2952 audita

1802 2985 1944 3042 fama
1979 2987 2243 3057 religiosa:
2291 2989 2413 3043 vita:
2453 2990 2634 3044 domui
2667 2991 2924 3046 llichardi
2948 2991 3375 3048 Floriacensiuin

1804 3079 2040 3145 abbatis,
2094 3080 2196 3148 ipsi
2245 3083 2760 3152 successoribusque
2807 3083 2924 3153 ejus
2971 3084 3038 3138 ad
3088 3084 3377 3153 regendum

1803 3171 2004 3226 dudum
2033 3171 2402 3238 commiserat,
2433 3182 2491 3227 ut
2523 3174 2575 3227 in
2617 3174 2754 3229 libro
2797 3174 2909 3245 (t5)
2963 3189 3123 3244 quem
3157 3173 3226 3228 de
3268 3173 3378 3225 vita

1801 3264 1885 3318 vel
1926 3266 2138 3320 actibus
2164 3267 2420 3323 abbatum
2454 3268 2624 3321 nostri
2668 3267 2771 3322 loci
2802 3266 3150 3336 scripsimus,
3171 3263 3382 3332 plenius

1801 3357 2151 3425 explanatum
2179 3368 2282 3412 est.
2315 3359 2371 3416 lu
2397 3375 2504 3429 quo
2530 3360 2672 3425 loco,
2708 3368 2816 3413 tam
2848 3359 2916 3413 ab
2942 3360 3058 3428 ipso
3084 3355 3380 3411 venerabili

1803 3445 2076 3506 llicliarilu
2131 3465 2404 3518 quamque
2447 3466 2478 3504 a
2513 3451 2722 3504 duobus
2780 3448 2895 3518 ejus
2951 3447 3382 3510 successoribus,

1801 3539 2121 3597 Amalberto
2142 3557 2204 3595 ac
2230 3541 2514 3611 Oylboldo,
2548 3543 2640 3596 diu
2671 3541 3005 3610 multumque
3046 3539 3381 3593 elaboratum

1803 3640 1910 3694 est,
1943 3645 2050 3699 quo
2074 3646 2198 3685 vere
2223 3633 2265 3684 is
2286 3631 2458 3695 locus,
2482 3647 2578 3700 per
2624 3630 2985 3686 habitatorum
3016 3629 3384 3685 conversatio-

1804 3736 1950 3786 nem,
1977 3721 2242 3775 vocahulo
2270 3730 2518 3776 uteretur
2539 3737 2666 3785 suo;
2687 3737 2785 3778 nec
2811 3722 3102 3792 quidquam
3129 3719 3381 3776 utilitatis

1804 3821 2006 3866 actum.
2039 3811 2164 3866 Post
2187 3827 2321 3880 quos
2347 3812 2473 3864 dum
2504 3813 2592 3866 hic
2624 3813 2708 3866 vir
2741 3814 2932 3867 beatus
2975 3811 3128 3866 Abbo
3160 3810 3378 3881 regimi-

1806 3902 1890 3956 nis
1937 3903 2167 3972 adeptus
2191 3910 2335 3956 esset
2360 3903 2608 3972 gradum,
2665 3902 2985 3970 quibusdam
3023 3901 3126 3955 sibi
3156 3913 3382 3970 pet-sua.-

1806 3996 2060 4051 dentihus
2097 4005 2366 4064 quatenus
2414 4009 2479 4049 co
2528 3994 2981 4063 proﬁcisceretur,
3025 3993 3384 4062 respondebat

1807 4103 1930 4141 cum
1954 4086 2079 4155 joco
2108 4102 2164 4140 se
2183 4086 2310 4140 illuc
2331 4086 2531 4140 iturum
2557 4085 2772 4153 quando
2799 4100 2921 4138 eum
2945 4085 3168 4139 satietas
3212 4084 3384 4152 cepis-

1807 4187 1892 4233 set
1921 4179 2064 4231 vitae.
2085 4177 2150 4230 Et
2170 4192 2479 4246 quanquam
2512 4177 2561 4229 id
2589 4176 2704 4249 ipse
2734 4175 2921 4230 ludens
2950 4175 3173 4238 diceret,
3202 4185 3379 4228 tamen

1809 4269 1883 4323 ita
1915 4275 2121 4335 sepost
2143 4267 2222 4321 rei
2253 4266 2440 4320 habuit
2462 4266 2657 4320 exitus.
2684 4265 2977 4320 Ferebatur
3000 4266 3229 4336 denique
3253 4266 3382 4320 nulli

1809 4358 2270 4427 praedecessorum
2292 4355 2412 4426 ejus
2441 4365 2561 4426 post
2601 4358 2703 4410 iter
2729 4355 3043 4411 Guascouim
3074 4357 3163 4410 diu
3201 4357 3386 4411 vivere

171 4445 303 4500 Ρτοιιι
323 4453 520 4510 pauper
571 4457 730 4510 quem
762 4447 982 4513 regebat
1032 4447 1183 4503 locus
1215 4458 1533 4520 tempusque
1560 4453 1707 4508 mali-
1734 4475 1785 4536 υ
1812 4446 2306 4502 licuisse.Tandem
2337 4448 2450 4515 ipse
2473 4447 2538 4501 ad
2561 4446 2672 4516 jam
2700 4437 2908 4500 dictam
2927 4447 3098 4515 pergit
3126 4447 3384 4513 patrium,

170 4535 303 4614 suum
332 4543 663 4599 persuasere,
687 4545 803 4588 acta
834 4546 980 4601 sunt,
1023 4538 1238 4594 silentio
1267 4557 1371 4594 non
1395 4551 1519 4595 sunt
1547 4544 1706 4614 digna

172 4613 462 4674 obnubilari.
522 4623 766 4692 Namque
825 4629 1152 4683 anteriorem
1221 4631 1454 4684 tabulam
1517 4613 1707 4690 altaris

174 4718 346 4763 sancta:
389 4712 478 4766 Dei
508 4716 787 4782 genitricis
841 4717 1040 4782 Mariae,
1091 4720 1159 4774 ab
1208 4730 1548 4777 antecessore
1590 4724 1706 4793 ejus

175 4795 345 4884 domno
393 4802 652 4872 Oylboldo
697 4823 828 4862 auro
881 4813 1117 4876 construi
1166 4823 1422 4881 emptam,
1469 4815 1535 4869 ad
1585 4830 1706 4884 pcr-

176 4883 349 4946 fectum
369 4909 528 4963 usque
557 4898 827 4966 perduxit,
861 4900 992 4960 duas
1015 4902 1465 4969 Cil‘CllllljttCCllleS
1487 4883 1710 4975 argento

177 4987 362 5043 opertas
381 4987 713 5054 augmentari
743 4986 890 5053 fecit,
942 4999 1017 5052 et,
1050 5001 1106 5044 ut
1133 4993 1372 5046 breviter
1395 4993 1560 5046 multa
1590 5010 1712 5063 per-

180 5067 487 5138 iltfinganius,
505 5090 599 5129 sex
625 5077 840 5140 altaria,
868 5086 970 5135 tam
997 5079 1111 5149 ejus
1140 5096 1299 5150 quam
1325 5084 1708 5149 monachorum

179 5159 262 5212 sub
277 5162 430 5230 ipsius
447 5169 705 5238 regimine
727 5169 1158 5237 consistendum,
1173 5174 1364 5227 devota
1390 5172 1707 5241 intentione,

182 5258 416 5320 argenteis
434 5259 531 5313 sibi
557 5260 728 5314 allixis
753 5259 1069 5329 praefulgent
1091 5263 1340 5316 laminis:
1368 5279 1532 5318 unum
1555 5267 1706 5320 vide-

183 5335 310 5410 licet,
354 5349 445 5403 sub
500 5353 714 5405 nomine
759 5349 936 5404 Patris
986 5351 1256 5408 Benedicti
1310 5355 1421 5407 Dco
1468 5355 1706 5409 dicatum

1813 4538 1932 4607 ejus
1963 4538 2202 4608 regionis
2222 4538 2336 4591 adit
2363 4538 2611 4603 comites,
2627 4537 2909 4598 memorati
2937 4537 3073 4592 ﬁlios
3093 4536 3386 4600 Guillelini,

1814 4630 2150 4683 Bernardum
2175 4638 2229 4681 et
2255 4628 2625 4695 Sanctionem,
2674 4629 2921 4682 eumdem
2952 4628 3125 4682 locum
3147 4643 3254 4682 non
3289 4642 3389 4695 pro

1811 4733 1931 4782 Buo,
1961 4719 2055 4772 sed
2095 4721 2331 4787 ipsorum
2381 4719 2620 4786 disponit
2665 4719 2836 4774 libitu.
2886 4719 2952 4772 Et
2993 4728 3121 4774 tunc
3171 4720 3387 4788 quidem

1810 4824 2072 4881 prospere
2097 4809 2164 4863 ad
2194 4824 2287 4863 sua
2322 4810 2504 4873 rediit,
2534 4810 2852 4879 quihusdam
2875 4824 3121 4872 suorum,
3145 4808 3297 4876 quasi
3320 4809 3392 4862 ob

1815 4902 2036 4969 tutelam
2069 4902 2190 4965 loci,
2221 4902 2447 4956 relictis.
2477 4900 2676 4955 Verum
2737 4900 2789 4954 hi
2845 4916 2982 4968 quos
3034 4899 3390 4966 relinquebat,

1813 4992 2096 5061 perﬁdiam
2127 4991 2470 5047 Guasconum
2502 4992 2678 5054 veriti,
2717 4999 2772 5044 et
2821 5001 2947 5043 tunc
2997 4990 3147 5046 inviti
3181 5001 3392 5041 reman-

1813 5095 2025 5150 serunt,
2073 5101 2138 5141 ac
2189 5083 2556 5152 postmodum,
2587 5083 2772 5138 multis
2805 5098 2833 5132 a
2872 5078 3254 5136 Giiasconihuu
3279 5091 3401 5144 per-

1811 5181 1991 5253 pessis
2021 5177 2258 5248 injuriis,
2291 5192 2412 5230 cum
2454 5176 2539 5230 his
2566 5190 2701 5245 quos
2749 5174 2855 5226 illis
2903 5173 3082 5227 veluti
3137 5167 3406 5234 adjutores

1810 5266 2059 5333 miserat,
2092 5271 2158 5323 ad
2204 5281 2328 5321 eum
2385 5273 2753 5318 revertuntur.
2797 5259 2918 5324 Qui,
2989 5273 3178 5318 eorum
3207 5254 3410 5309 inertia:

1811 5362 2024 5414 cnluam
2038 5349 2367 5414 forelfuisse]
2385 5363 2595 5414 nactus,
2610 5352 2740 5404 alios
2755 5347 2912 5402 mittit
2931 5354 3042 5414 qui
3058 5345 3194 5414 quod
3211 5343 3412 5414 priores
