3944 5414
531 404 635 469 ΜΠ

1636 397 1693 454 S.
1736 397 1911 454 A880
1944 396 2436 455 FLORIACENSIS
2470 397 2712 454 ABBAS.

3658 400 3765 457 408

530 529 693 590 atque
738 515 804 571 ad
831 515 1045 589 propria
1075 513 1395 569 minltantur
1428 527 1486 567 se
1540 526 1900 584 regressuros.
1925 508 2100 565 Unum
2128 510 2174 569 Α
2203 525 2365 579 quam
2394 526 2454 566 se
2492 510 2716 566 oblitum
2764 509 2911 564 illttttt
2967 517 3208 563 sanctum
3250 509 3451 565 habere
3502 512 3675 566 virum
3714 515 3765 568 iu

531 612 637 672 hoc
657 609 759 667 sibi
777 623 843 665 ex
862 606 1130 662 sententia
1141 603 1400 661 comitum
1422 612 1605 658 notum
1627 602 1744 658 fore
1754 600 1920 674 [esse]
1945 615 2098 655 mau-

533 702 666 756 dant
682 719 694 753 :
709 697 1015 759 liberiorem
1035 694 1140 751 sibi
1157 708 1321 765 quam
1332 694 1481 764 prius
1491 692 1779 748 an‘uturam
1793 690 1893 747 loci
1914 698 2098 761 potes-

530 797 720 854 tatem,
734 788 780 843 si
794 785 959 844 semel
972 786 1038 841 ad
1046 800 1141 842 eos
1151 785 1330 851 adeat,
1346 792 1400 839 et
1412 792 1521 839 tam
1536 783 1822 840 comitibus
1832 795 2099 852 quamque

529 875 848 947 Amalguino
896 875 1235 940 vieecomiti,
1286 889 1446 944 quem
1496 874 1612 944 ipse
1665 872 1746 929 eis
1779 873 2097 927 advocatum

530 967 775 1033 dederat,
799 966 929 1037 quid
957 967 1070 1037 ipse
1097 967 1229 1023 velit
1272 967 1436 1023 verbo
1485 975 1640 1023 tenus
1669 965 1936 1023 declaret:
1961 978 2100 1033 quos

522 1070 751 1121 manere
792 1060 1114 1125 decreverit,
1162 1074 1475 1124 mansuros;
1524 1074 1662 1129 quos
1707 1058 1859 1114 exire
1890 1057 2101 1128 judicas

526 1147 691 1213 verit,
720 1156 1056 1212 memoratos
1085 1147 1328 1220 polliceri
1374 1149 1647 1221 principes
1696 1149 1748 1204 vi
1797 1163 1859 1204 se
1910 1148 2100 1219 expul-

528 1254 591 1296 811
599 1253 707 1295 1⁵08.

598 1324 732 1388 Cap.
752 1325 913 1383 XVII.
935 1328 1172 1384 Alterum
1187 1330 1302 1400 ejus
1324 1330 1423 1384 iter
1440 1328 1693 1400 Regulam
1710 1346 1802 1400 per
1828 1327 2097 1394 Pictavos,

443 1487 447 1490 ν
528 1418 950 1476 etc.—Tandem
966 1419 1162 1479 talibus
1177 1420 1438 1489 impulsus
1450 1420 1877 1490 allegationibus,
1896 1419 2100 1487 impen-

532 1507 697 1563 dente
731 1504 844 1576 jam
873 1506 1063 1567 ultimo
1092 1510 1393 1567 vocationis
1437 1524 1549 1564 suae
1595 1509 1704 1575 die,
1735 1508 1974 1563 secundo
2000 1507 2102 1562 iter

532 1597 744 1667 arripit,
774 1598 871 1653 hos
898 1613 965 1653 ex
996 1599 1274 1654 monachis
1302 1600 1513 1655 itineris
1534 1599 1760 1655 comites
1785 1612 2094 1654 assumens:

531 1702 691 1756 supra
723 1688 1056 1743 nominatum
1085 1689 1408 1759 Remigium,
1435 1705 1626 1760 meque
1651 1689 1742 1759 qui
1774 1690 1888 1745 haec
1919 1687 2100 1744 scribo

530 1777 859 1845 Aimoinum,
885 1792 1008 1834 cum
1033 1778 1335 1846 Guillelmo,
1392 1796 1504 1836 suae
1558 1780 1902 1844 venerantia,
1941 1777 2096 1847 juxta

2200 601 2355 670 cujus
2375 601 2636 670 obsequio
2666 602 2770 656 iter
2798 601 2925 656 illud
2954 601 3392 656 conficiebatttus.

2267 693 2398 749 Car.
2428 692 2610 749 XVIII.
2665 693 2816 748 Domi
2841 711 2875 747 α
2921 691 3138 748 Giraldo
3178 706 3418 764 exceptus
3468 704 3520 749 et
3554 706 3772 750 amatr:

2200 783 2446 838 Aimoini.
2494 770 2739 848 —Nam,
2791 786 2915 839 dum
2971 784 3039 839 ad
3086 793 3345 850 castrum,
3375 787 3461 841 cui
3490 786 3769 840 Albaterra

2201 870 2525 947 [Aubeterre]
2604 890 2800 929 nomen
2829 884 2939 941 est,
3007 875 3227 931 tendere
3279 876 3769 940 deliberassemtts,

2203 973 2422 1033 repente
2466 965 2714 1019 dominus
2758 965 2926 1035 ipsius
2960 966 3125 1020 castri
3167 965 3363 1022 nobilis
3391 967 3511 1031 vir,
3560 969 3773 1023 nomine

2199 1054 2449 1111 Giraldus
2470 1095 2485 1121 ,
2517 1066 2637 1126 post
2662 1067 2869 1127 tergum
2907 1066 3147 1112 nostrum
3174 1057 3459 1113 celerrime
3484 1059 3775 1115 adveniens

2199 1146 2466 1216 apparuit.
2514 1144 2616 1212 Qui
2664 1147 2790 1201 dum
2819 1145 3118 1216 inquireret
3166 1147 3385 1217 quinam
3425 1161 3697 1211 essemus,
3724 1159 3776 1203 et

2199 1239 2413 1293 beatum
2438 1247 2645 1308 patrem
2680 1246 2924 1295 nostrum
2954 1238 3232 1295 Abbonetu
3269 1240 3463 1295 adesse
3491 1242 3771 1309 cognoris.

2199 1337 2300 1397 set,
2322 1331 2559 1399 gaudens
2585 1329 2656 1386 ob
2673 1328 2789 1399 ejus
2807 1330 3173 1399 praesentiam,
3203 1331 3277 1385 ait
3299 1332 3366 1386 ad
3387 1346 3543 1386 eum:
3565 1351 3584 1382 ι
3609 1330 3775 1385 Domi-

2198 1436 2353 1482 num,
2370 1418 2639 1490 inquiens,
2674 1419 2943 1492 iidemque
2969 1435 3140 1477 meam
3170 1431 3358 1485 testor,
3382 1438 3470 1478 me
3491 1423 3775 1477 admodum

2200 1509 2434 1581 gaudere
2463 1508 2603 1580 quod
2631 1520 2711 1575 te,
2741 1509 2957 1565 domine
2977 1551 2993 1577 ,
3024 1511 3207 1567 videre
3238 1512 3445 1576 merui;
3477 1528 3604 1568 nam
3630 1513 3777 1568 boui.

2202 1610 2284 1654 tas
2317 1609 2372 1655 et
2395 1600 2659 1669 sapientia
2695 1608 2783 1655 tua
2814 1600 3067 1657 universo
3105 1610 3288 1656 nostro
3315 1602 3627 1675 pervulgata
3659 1613 3780 1675 sunt

2198 1690 2335 1745 orbi.
2368 1689 2552 1755 Unde,
2589 1690 2634 1745 si
2684 1700 2787 1746 tute
2813 1691 2987 1762 placet
3034 1692 3351 1763 benignitati
3389 1735 3405 1760 ,
3437 1694 3636 1762 hospes
3689 1689 3778 1748 tibi

2200 1795 2296 1836 ero
2324 1780 2377 1835 in
2411 1783 2510 1836 hac
2542 1791 2699 1837 nocte
2724 1780 3085 1851 perliberalis,
3111 1791 3308 1838 cuncta
3331 1784 3497 1840 victui
3530 1799 3778 1840 necessao

528 1867 784 1923 abbatum
816 1884 1040 1936 tuorem,
1076 1880 1187 1925 tum
1226 1869 1410 1940 bajulo
1460 1870 1593 1942 (14).
1633 1869 1864 1939 Jamque
1909 1867 1963 1923 in
2008 1867 2097 1922 via
2126 1857 2175 1919 Β
2205 1871 2283 1925 ria
2340 1871 2603 1926 tribuens.
2651 1890 2670 1924 ι
2724 1870 2873 1927 Fecit
2919 1881 2977 1927 ut
3017 1873 3265 1939 dixerat,
3299 1882 3354 1929 et
3394 1888 3569 1943 usque
3597 1875 3664 1928 ad
3689 1890 3777 1929 no~

531 1959 881 2027 constitutus,
910 1960 1101 2031 legatis
1121 1961 1213 2031 qui
1236 1976 1335 2032 pro
1367 1976 1426 2016 se
1452 1968 1713 2016 venerant
1764 1960 1996 2029 imperat
2038 1971 2100 2013 se

528 2050 871 2117 antecedere,
908 2052 1134 2116 comites
1172 2053 1602 2121 advocatumque
1651 2058 1832 2106 certos
1882 2048 1950 2104 de
2000 2062 2104 2103 suo

530 2143 760 2204 adventu
787 2141 1032 2211 reddere,
1090 2158 1160 2201 ne
1201 2158 1410 2205 moram
1438 2142 1691 2212 colloquii
1720 2140 1938 2207 faciant,
1972 2141 2098 2195 dum

536 2235 650 2303 ipse
675 2234 743 2289 ad
767 2248 862 2290 eos
888 2234 1119 2299 venerit,
1160 2249 1477 2306 procurare.
1505 2234 1644 2304 Ipse,
1676 2234 1730 2289 in
1762 2232 1906 2287 nullo
1934 2231 2102 2304 negli-

533 2339 668 2396 gens
694 2325 945 2381 utilitatis
965 2325 1197 2392 emnobii
1223 2327 1369 2396 quod
1410 2325 1652 2396 regebat,
1699 2322 1947 2378 Pictavos
1976 2336 2102 2391 per-

531 2418 624 2495 git.
654 2416 997 2481 Guillelmum
1018 2417 1164 2473 illius
1187 2417 1337 2474 urbis
1377 2414 1511 2471 adiit
1530 2414 1807 2479 comitem,
1838 2411 2105 2482 prejuva-

530 2507 676 2573 mine
695 2507 1056 2578 possessionis
1079 2506 1392 2562 monasterii
1416 2506 1522 2572 sui,
1552 2520 1674 2583 quae
1712 2504 1843 2561 Salx
1881 2503 2097 2566 dicitur,

532 2596 818 2663 calumniis
845 2598 1232 2655 advocaton
1270 2597 1427 2654 valde
1450 2612 1745 2669 oppresste,
1795 2610 1921 2650 eum
1951 2609 2103 2662 roga-

533 2696 708 2744 turus.
730 2688 778 2743 A
801 2703 911 2760 quo
936 2689 1026 2745 die
1052 2689 1220 2755 dicta,
1244 2690 1298 2745 in
1322 2705 1426 2761 qua
1449 2689 1553 2744 sibi
1579 2697 1701 2759 post
1717 2703 1870 2743 suam
1892 2702 2104 2758 regres-

531 2781 737 2848 sionem
773 2782 843 2837 ab
867 2782 1056 2838 eodem
1075 2784 1275 2839 comite
1290 2783 1436 2853 justa
1474 2783 1780 2839 deferretur
1805 2782 2101 2849 audientia,

534 2884 633 2951 pro
664 2883 723 2940 re
747 2870 852 2937 alia
880 2872 1286 2943 aliquantasper
1323 2860 1456 2931 inihi
1509 2870 1689 2928 moras
1718 2873 1910 2928 nectit.
1941 2871 2105 2930 Forte

531 2960 698 3031 abbas
725 2962 1039 3018 monasterii
1070 2961 1255 3029 Sancti
1281 2963 1533 3039 Cypriani
1558 2964 1613 3018 in
1640 2964 1903 3020 suburbio
1925 2963 2105 3032 Picta-

533 3050 727 3104 γονιιὼ
744 3048 861 3116 siti,
877 3050 1049 3115 eidem
1066 3061 1256 3113 sancto
1276 3046 1748 3124 consanguinitate
1762 3052 2103 3122 conjunctus,

533 3136 796 3200 vocabulo
832 3138 1190 3207 Gislebertus,
1221 3141 1448 3197 crimine
1476 3141 1614 3197 falso
1645 3143 2023 3213 impetebatur.
2054 3143 2105 3202 Is

532 3243 658 3289 eum
679 3228 980 3286 humillima
993 3230 1223 3287 detinuit
1242 3247 1422 3301 prece,
1449 3233 1525 3288 uti
1556 3249 1668 3289 suae
1714 3248 1915 3301 causae,
1938 3249 2101 3304 quam

536 3318 593 3373 in
619 3319 867 3389 proximo
893 3321 1254 3379 ventilandant
1285 3324 1897 3389 autumabat,interesse
1916 3324 2104 3397 digna-

534 3418 705 3467 retur.
729 3409 835 3469 ῦὸ
859 3426 981 3485 eum
1009 3413 1283 3489 improbus
1304 3414 1636 3471 subsedisset
1656 3423 1962 3483 accusator,
1985 3431 2102 3470 ma-

536 3501 874 3572 nifestusque
921 3504 1037 3571 fieri
1067 3492 1363 3567 vereretur.
1413 3506 1497 3561 vir
1544 3506 1757 3562 Domini
1784 3507 1958 3574 Abbo,
2012 3507 2105 3577 qui

536 3594 747 3653 cunctis
775 3593 1027 3663 injuriam
1063 3596 1409 3673 patientibus.
1437 3605 1699 3671 quantum
1747 3597 1801 3651 in
1851 3611 1914 3653 se
1963 3605 2103 3662 erat,

535 3695 695 3756 opem
712 3680 859 3746 ferre
880 3684 1150 3761 cupiebat,
1182 3684 1393 3755 litteras
1444 3686 1619 3742 eidem
1658 3687 1959 3765 propinquo
1984 3702 2104 3754 suo,

535 3788 604 3841 ex
624 3788 724 3830 sua
745 3783 903 3844 parte
928 3775 1113 3833 abbati
1134 3775 1573 3851 Cluniacensium
1588 3776 1825 3847 0diloni,
1850 3777 1936 3847 cui
1964 3777 2106 3832 idem

535 3864 937 3934 monasterium
983 3866 1284 3938 subjectum
1334 3878 1474 3937 erat,
1515 3869 1866 3942 perferendas
1910 3870 2105 3935 tradit;

535 3968 656 4024 qua:
698 3953 951 4011 videlicet
990 3948 1181 4019 littera
1224 3967 1280 4029 et
1331 3958 1534 4027 ultima
1590 3958 1943 4029 epistolarum
1990 3959 2110 4029 ejus

533 4046 793 4110 existunt,
826 4056 887 4104 et
906 4048 1048 4119 apud
1079 4065 1178 4105 nos
1203 4065 1327 4113 cum
1379 4050 1606 4127 reliquis
1641 4048 1754 4121 (15)
1781 4040 2111 4123 conservans

536 4143 645 4197 tur.
672 4136 794 4208 Ipse
818 4139 924 4195 iter
942 4140 1086 4209 quod
1111 4151 1358 4212 coeperat
1383 4151 1657 4206 maturare
1677 4141 1974 4196 contendit.
2001 4139 2110 4203 Nos

535 4242 667 4297 ergo
686 4229 877 4298 quinta
893 4240 1179 4300 postquam
1201 4231 1273 4287 ibi
1290 4231 1685 4297 adveneramus
1705 4230 1814 4295 die,
1840 4230 2110 4303 celebrata

536 4321 780 4386 omnium
807 4331 1118 4378 sanctorum
1170 4322 1533 4389 solemnitate,
1576 4310 1765 4395 quinta
1794 4338 1950 4394 aeque
1977 4323 2109 4395 feria

537 4406 663 4462 inde
681 4410 975 4477 progressi,
1001 4424 1099 4478 per
1128 4409 1454 4467 Karrofense
1482 4410 1807 4486 [Chai-route]
1836 4396 2109 4469 monasteQ

539 4497 699 4566 riunt,
730 4499 799 4553 ad
844 4498 1221 4558 Nantoliacum
1263 4502 1576 4560 devenimus
1621 4504 2005 4569 emnobiolum,
2055 4504 2108 4558 in

2200 1972 2341 2019 ctctn
2364 1976 2686 2032 permanens
2709 2004 2723 2028 ,
2768 1963 2931 2017 etiam
2959 1963 3010 2018 in
3040 1963 3414 2034 obsequendo,
3440 1962 3631 2019 fatnuli
3664 1962 3780 2019 futt-

2200 2051 2425 2123 gebatur
2472 2051 2674 2108 ofﬁcio.
2719 2052 2960 2122 Cumque
2992 2052 3146 2123 juxta
3191 2053 3479 2124 quamdam
3524 2053 3611 2108 sui
3649 2053 3780 2124 juris

2200 2141 2483 2198 ecclesiam
2536 2142 2692 2198 nobis
2729 2141 3022 2211 hospitium
3071 2142 3419 2212 przebuisset,
3471 2151 3541 2198 ad
3583 2157 3778 2198 memo-

2200 2242 2378 2291 ratum
2407 2243 2646 2292 castrum
2681 2235 2947 2290 ineibatus
2968 2235 3120 2290 abiit.
3152 2235 3376 2290 Postero
3399 2234 3510 2300 die,
3555 2234 3612 2288 in
3643 2242 3779 2289 statu

2200 2341 2553 2399 perseverans
2629 2327 2898 2382 hesternze
2964 2325 3387 2389 benevolentia,
3461 2326 3683 2382 obviam
3733 2325 3779 2381 ci

2202 2418 2500 2489 processit,
2544 2419 2880 2489 praemittens
2912 2432 3009 2488 per
3045 2416 3408 2471 internuntios
3436 2416 3671 2488 piscium
3700 2431 3780 2469 xe-

2206 2492 2318 2573 nia.
2372 2523 2605 2578 eumque
2651 2508 2858 2577 aliquot
2897 2508 3167 2563 deducens
3201 2506 3487 2571 milliaria,
3526 2515 3638 2559 tam
3687 2505 3779 2574 ipsi

2204 2598 2404 2656 homini
2438 2598 2532 2654 Dei
2556 2613 2716 2669 quam
2762 2598 2846 2654 his
2873 2597 2963 2671 qui
3008 2598 3223 2668 hospitii
3248 2598 3420 2667 gratia
3448 2596 3780 2651 coutitabano

2207 2698 2312 2761 tur,
2335 2690 2499 2745 duces
2524 2689 2624 2744 vite
2655 2689 2877 2760 largitus
2910 2698 3010 2744 est.
3045 2688 3136 2743 Sic
3164 2687 3379 2743 demum
3408 2687 3781 2742 benedictione

2205 2782 2474 2854 postulata
2532 2793 2696 2852 atque
2740 2791 3029 2856 percepta,
3076 2781 3316 2851 gaudens
3363 2782 3671 2851 regreditur
3718 2779 3779 2835 ad

2206 2888 2328 2928 sua.
2358 2871 2483 2928 Ilaec
2556 2872 2675 2927 ideo
2722 2871 3026 2937 retulimus,
3086 2883 3144 2926 ut
3172 2880 3357 2942 aperte
3404 2871 3613 2927 clarcat
3665 2870 3780 2924 huic

2206 2974 2396 3021 sancto
2433 2965 2551 3019 viro
2593 2979 2862 3033 nunquam
2887 2962 3120 3018 defuisse
3149 2963 3387 3017 divinum
3414 3003 3431 3027 ,
3482 2961 3574 3017 ubi
3604 2962 3780 3015 buma-

2208 3070 2337 3111 num
2390 3056 2680 3127 putabatur
2720 3053 2907 3110 defore
2954 3053 3232 3108 auxilium.
3274 3053 3384 3108 Nec
3420 3065 3551 3108 tunc
3582 3052 3778 3107 solum-

2209 3147 2389 3211 modo,
2414 3160 2598 3201 verum
2629 3146 2682 3200 in
2702 3145 2952 3200 omnibus
2970 3144 3252 3199 itineribus
3273 3142 3410 3214 ejus,
3434 3160 3500 3199 ac
3520 3144 3782 3214 praecipuo

2209 3253 2307 3309 per
2355 3239 2663 3302 universam
2718 3252 2880 3307 quam
2922 3252 2985 3291 ea
3031 3245 3351 3306 tempestate
3405 3237 3576 3290 tenuit
3616 3234 3779 3299 viam,

2205 3330 2345 3385 sicut
2366 3329 2568 3385 domini
2597 3344 2629 3385 a
2658 3329 2856 3391 servis,
2900 3328 2971 3384 ita
3006 3343 3035 3383 a
3066 3328 3279 3385 cunctis
3327 3341 3424 3396 per
3449 3343 3585 3396 quos
3616 3336 3780 3379 trans-

2205 3423 2315 3476 itus
2359 3420 2481 3489 fuit,
2519 3419 2793 3490 iucundus
2837 3418 3004 3488 ipsius
3044 3416 3460 3486 praestolabatur
3505 3416 3777 3471 adventus.

2205 3513 2377 3568 Porro
2397 3527 2494 3568 nos
2514 3511 2700 3567 eadem
2730 3509 2818 3564 die
2840 3524 2943 3578 qua
2990 3508 3055 3563 de
3082 3507 3361 3562 Albaterra
3388 3508 3777 3576 promovimus.

2210 3609 2537 3657 transmeato
2611 3600 2728 3654 Elia
2784 3598 2911 3672 [Ite]
2974 3597 3231 3665 ﬂumine,
3291 3611 3397 3663 una
3452 3612 3576 3651 eum
3631 3597 3782 3662 beate

2206 3695 2458 3756 A‘nbone,
2490 3693 2543 3746 in
2572 3691 2731 3756 villa,
2758 3706 2878 3761 quae
2900 3689 3251 3744 Att-Francos
3273 3689 3503 3757 dicitur,
3535 3687 3780 3758 hospitali

2208 3797 2416 3839 sumus.
2464 3780 2715 3851 Suscepit
2753 3794 2856 3837 nos
2884 3778 3014 3834 inihi
3053 3779 3283 3850 gettitrix
3323 3793 3474 3842 mea,
3509 3769 3783 3835 memorati

2209 3876 2395 3930 militis
2422 3873 2625 3930 Giraltli
2656 3872 3081 3942 consanguinea,
3126 3870 3388 3925 vocabulo
3424 3867 3778 3927 Auuenrudis,

2209 3980 2332 4022 cum
2387 3972 2588 4035 quanta
2632 3963 2807 4033 potuit
2851 3961 3203 4017 humanitatis
3252 3960 3609 4015 exhibitione.
3667 3958 3784 4011 lia-o

2209 4054 2514 4111 devotionis
2550 4061 2607 4111 et
2652 4053 2894 4123 obsequii
2934 4051 3148 4108 fervore
3200 4052 3346 4107 circa
3386 4052 3637 4105 eumdem
3694 4047 3778 4101 Del

2210 4146 2446 4218 flagrans
2466 4145 2760 4212 hominem,
2784 4144 2983 4200 obnixe
3008 4144 3198 4198 orabat
3223 4152 3283 4198 ut
3309 4142 3472 4197 biduo
3501 4141 3641 4212 apud
3669 4154 3779 4193 eam

2210 4251 2429 4292 manere
2464 4235 2797 4305 dignaretur.
2850 4231 3003 4302 Quod
3053 4232 3146 4287 ille
3173 4231 3523 4287 vehementer
3560 4229 3741 4285 abnuit
3763 4267 3777 4290 ,

2209 4336 2288 4393 et,
2310 4326 2398 4381 die
2430 4320 2575 4391 data,
2605 4324 2717 4378 suis
2744 4329 2802 4377 ut
2829 4322 2969 4382 viam
2999 4329 3266 4379 maturato
3295 4321 3510 4390 capiant
3542 4320 3778 4386 imperat,

2213 4428 2435 4487 tumque
2458 4415 2691 4484 primum
2728 4413 2885 4483 quasi
2924 4427 3198 4483 praesagus
3245 4410 3531 4466 brachium
3558 4449 3575 4475 ,
3606 4410 3656 4462 in
3682 4419 3778 4477 quo

2212 4515 2334 4579 post
2357 4521 2645 4579 percussus
2668 4514 2779 4572 est,
2809 4503 2990 4564 dolere
3015 4503 3114 4558 sibi
3142 4502 3413 4572 praedixit.

538 4560 745 4654 bonqu
771 4589 1101 4644 sanctissimi
1126 4590 1300 4674 patris
1326 4590 1602 4648 Benedicti
1631 4560 1945 4657 fundatum;
1968 4560 2110 4648 unde
2142 4560 2189 4629 υ
2213 4560 2417 4655 Γίτλῖ
2463 4560 2604 4653 XIX.
2646 4560 2898 4667 Regula";
2941 4560 3159 4677 tandem-
3198 4592 3430 4665 appellit.
3472 4620 3545 4632 —
3575 4589 3695 4643 Inde
3718 4585 3776 4639 ad

537 4676 904 4746 digredientes
918 4670 1282 4736 SabbatOrum
1305 4682 1413 4749 die,
1428 4682 1791 4752 Engolisntatn
1817 4683 1930 4755 (l6)
1946 4684 2111 4748 adve-

539 4767 750 4834 nimus;
802 4784 835 4824 a
881 4784 990 4839 qua
1046 4772 1179 4827 urbe
1229 4771 1318 4827 die
1373 4770 1654 4831 Dominiea
1700 4774 1929 4844 egressi,
1983 4773 2109 4827 dum

539 4855 733 4914 incerti
776 4873 874 4927 pro
919 4860 1260 4925 advenientis
1289 4863 1465 4919 noctis
1513 4865 1770 4934 hospitio,
1800 4879 1866 4919 ac
1905 4864 2111 4925 idcirco

541 4958 715 5006 intesta
740 4950 1135 5020 incedereutus,
1167 4953 1406 5021 ostendit
1433 4955 1688 5017 Dominus
1727 4954 1882 5015 nobis
1907 4942 2112 5027 nequa-

2214 4690 2479 4745 Dordonte
2524 4688 2600 4762 [la
2630 4684 2932 4758 Dordognej
2960 4684 3159 4741 fluenta
3188 4694 3443 4765 ventum;
3470 4695 3581 4751 quo
3611 4677 3777 4734 enavio

2216 4792 2341 4853 gato
2379 4794 2574 4845 amne,
2622 4776 2940 4833 Guaseouite.
2982 4774 3118 4829 lines
3148 4772 3549 4849 ingrediuntur.
3581 4767 3773 4827 Trans-

2215 4870 2518 4939 meantibus
2587 4866 2947 4932 Dornouiam,
3027 4871 3316 4932 antequam
3392 4858 3460 4914 ad
3508 4854 3773 4928 praefatum

2214 4962 2465 5039 veniatur
2519 4958 2736 5039 Regula:
2802 4957 3146 5023 coenobium,
3205 4952 3371 5021 Droth
3419 4950 3533 5027 (ΓΙ)
3579 4958 3776 5029 turmis
