  <div class='ocr_page' id='page_1' title='image "/cluster/home/n/w/nwhite01/storage/ocr_20150623/139/hvd.32044015471782/210.png"; bbox 0 0 3944 5414; ppageno 0'>
   <div class='ocr_carea' id='block_1_1' title="bbox 114 377 1697 435">
    <p class='ocr_par' dir='ltr' id='par_1_1' title="bbox 114 377 1697 434">
     <span class='ocr_line' id='line_1_1' title="bbox 114 377 1697 434; baseline 0.001 -3"><span class='ocrx_word' id='word_1_1' title='bbox 114 379 198 434; x_wconf 60' lang='grc'><strong>809</strong></span> <span class='ocrx_word' id='word_1_2' title='bbox 1190 377 1545 432; x_wconf 55' lang='grc' dir='ltr'><strong>ριιωοελιιλ.</strong></span> <span class='ocrx_word' id='word_1_3' title='bbox 1562 410 1613 418; x_wconf 80' lang='lat'><strong>-</strong></span> <span class='ocrx_word' id='word_1_4' title='bbox 1646 378 1697 432; x_wconf 70' lang='lat' dir='ltr'><strong>Vl</strong></span> 
     </span>
    </p>
   </div>
   <div class='ocr_carea' id='block_1_2' title="bbox 1803 377 3345 435">
    <p class='ocr_par' dir='ltr' id='par_1_2' title="bbox 1842 377 3345 435">
     <span class='ocr_line' id='line_1_2' title="bbox 1842 377 3345 435; baseline -0.004 -2"><span class='ocrx_word' id='word_1_5' title='bbox 1842 382 1896 433; x_wconf 84' lang='lat' dir='ltr'><strong>S.</strong></span> <span class='ocrx_word' id='word_1_6' title='bbox 1940 377 2249 435; x_wconf 62' lang='lat' dir='ltr'><strong>ABBONIS.</strong></span> <span class='ocrx_word' id='word_1_7' title='bbox 3238 379 3345 431; x_wconf 58' lang='lat' dir='ltr'><strong>Alli;</strong></span> 
     </span>
    </p>
   </div>
   <div class='ocr_carea' id='block_1_3' title="bbox 114 488 3345 563">
    <p class='ocr_par' dir='ltr' id='par_1_3' title="bbox 114 488 3345 563">
     <span class='ocr_line' id='line_1_3' title="bbox 114 488 3345 563; baseline -0.001 -19"><span class='ocrx_word' id='word_1_8' title='bbox 114 496 365 553; x_wconf 52' lang='lat' dir='ltr'><strong>hccttt&#39;ril,</strong></span> <span class='ocrx_word' id='word_1_9' title='bbox 412 508 572 563; x_wconf 83' lang='lat' dir='ltr'><strong>quem</strong></span> <span class='ocrx_word' id='word_1_10' title='bbox 642 494 769 546; x_wconf 91' lang='lat' dir='ltr'><strong>dum</strong></span> <span class='ocrx_word' id='word_1_11' title='bbox 814 492 1044 547; x_wconf 84' lang='lat' dir='ltr'><strong>transire</strong></span> <span class='ocrx_word' id='word_1_12' title='bbox 1097 503 1239 545; x_wconf 68' lang='lat' dir='ltr'><strong>t-sSct</strong></span> <span class='ocrx_word' id='word_1_13' title='bbox 1288 509 1538 553; x_wconf 59' lang='lat' dir='ltr'><strong>ttt‘CPs‘s‘t‘,</strong></span> <span class='ocrx_word' id='word_1_14' title='bbox 1582 494 1665 546; x_wconf 88' lang='lat' dir='ltr'><strong>vir</strong></span> <span class='ocrx_word' id='word_1_15' title='bbox 1696 495 1739 551; x_wconf 82' lang='grc' dir='ltr'><strong>Α</strong></span> <span class='ocrx_word' id='word_1_16' title='bbox 1767 492 1817 544; x_wconf 79' lang='lat' dir='ltr'><strong>ei</strong></span> <span class='ocrx_word' id='word_1_17' title='bbox 1860 490 2135 557; x_wconf 82' lang='lat' dir='ltr'><strong>adjareret</strong></span> <span class='ocrx_word' id='word_1_18' title='bbox 2184 490 2464 560; x_wconf 83' lang='lat' dir='ltr'><strong>planities,</strong></span> <span class='ocrx_word' id='word_1_19' title='bbox 2503 489 2586 543; x_wconf 90' lang='lat' dir='ltr'><strong>cui</strong></span> <span class='ocrx_word' id='word_1_20' title='bbox 2633 488 2881 543; x_wconf 89' lang='lat' dir='ltr'><strong>conditor</strong></span> <span class='ocrx_word' id='word_1_21' title='bbox 2923 489 3198 559; x_wconf 79' lang='lat' dir='ltr'><strong>municipii</strong></span> <span class='ocrx_word' id='word_1_22' title='bbox 3246 489 3345 553; x_wconf 69' lang='grc' dir='ltr'><strong>η-ι,</strong></span> 
     </span>
    </p>
   </div>
   <div class='ocr_carea' id='block_1_4' title="bbox 117 583 1668 655">
    <p class='ocr_par' dir='ltr' id='par_1_4' title="bbox 117 583 1668 655">
     <span class='ocr_line' id='line_1_4' title="bbox 117 583 1668 655; baseline -0.006 -13"><span class='ocrx_word' id='word_1_23' title='bbox 117 589 195 643; x_wconf 83' lang='lat' dir='ltr'><strong>Dei</strong></span> <span class='ocrx_word' id='word_1_24' title='bbox 222 588 432 641; x_wconf 89' lang='lat' dir='ltr'><strong>lintrem</strong></span> <span class='ocrx_word' id='word_1_25' title='bbox 458 626 471 649; x_wconf 95' lang='lat'><strong>,</strong></span> <span class='ocrx_word' id='word_1_26' title='bbox 501 602 621 655; x_wconf 72' lang='lat' dir='ltr'><strong>qua:</strong></span> <span class='ocrx_word' id='word_1_27' title='bbox 645 584 932 654; x_wconf 79' lang='lat' dir='ltr'><strong>perexigua</strong></span> <span class='ocrx_word' id='word_1_28' title='bbox 966 583 1057 635; x_wconf 90' lang='lat' dir='ltr'><strong>illo</strong></span> <span class='ocrx_word' id='word_1_29' title='bbox 1089 583 1314 637; x_wconf 86' lang='lat' dir='ltr'><strong>habetur</strong></span> <span class='ocrx_word' id='word_1_30' title='bbox 1346 586 1395 637; x_wconf 89' lang='lat' dir='ltr'><strong>itt</strong></span> <span class='ocrx_word' id='word_1_31' title='bbox 1436 584 1668 645; x_wconf 82' lang='lat' dir='ltr'><strong>lluviolo,</strong></span> 
     </span>
    </p>
   </div>
   <div class='ocr_carea' id='block_1_5' title="bbox 118 674 1671 737">
    <p class='ocr_par' dir='ltr' id='par_1_5' title="bbox 118 674 1671 737">
     <span class='ocr_line' id='line_1_5' title="bbox 118 674 1671 737; baseline -0.003 -7"><span class='ocrx_word' id='word_1_32' title='bbox 118 680 223 731; x_wconf 80' lang='lat' dir='ltr'><strong>dum</strong></span> <span class='ocrx_word' id='word_1_33' title='bbox 246 676 512 737; x_wconf 81' lang='lat' dir='ltr'><strong>ascendit,</strong></span> <span class='ocrx_word' id='word_1_34' title='bbox 533 690 598 728; x_wconf 87' lang='lat' dir='ltr'><strong>ea</strong></span> <span class='ocrx_word' id='word_1_35' title='bbox 629 674 894 728; x_wconf 89' lang='lat' dir='ltr'><strong>introrsus</strong></span> <span class='ocrx_word' id='word_1_36' title='bbox 914 689 940 726; x_wconf 89' lang='lat' dir='ltr'><strong>a</strong></span> <span class='ocrx_word' id='word_1_37' title='bbox 964 674 1138 727; x_wconf 83' lang='lat' dir='ltr'><strong>lutoso</strong></span> <span class='ocrx_word' id='word_1_38' title='bbox 1178 674 1355 726; x_wconf 88' lang='lat' dir='ltr'><strong>littore</strong></span> <span class='ocrx_word' id='word_1_39' title='bbox 1381 674 1671 735; x_wconf 87' lang='lat' dir='ltr'><strong>relabente,</strong></span> 
     </span>
    </p>
   </div>
   <div class='ocr_carea' id='block_1_6' title="bbox 117 763 1669 832">
    <p class='ocr_par' dir='ltr' id='par_1_6' title="bbox 117 763 1669 832">
     <span class='ocr_line' id='line_1_6' title="bbox 117 763 1669 832; baseline -0.004 -12"><span class='ocrx_word' id='word_1_40' title='bbox 117 764 305 832; x_wconf 75' lang='lat' dir='ltr'><strong>cingula</strong></span> <span class='ocrx_word' id='word_1_41' title='bbox 335 774 492 818; x_wconf 88' lang='lat' dir='ltr'><strong>tenus</strong></span> <span class='ocrx_word' id='word_1_42' title='bbox 538 776 675 831; x_wconf 88' lang='lat' dir='ltr'><strong>pene</strong></span> <span class='ocrx_word' id='word_1_43' title='bbox 700 763 753 816; x_wconf 89' lang='lat' dir='ltr'><strong>in</strong></span> <span class='ocrx_word' id='word_1_44' title='bbox 799 778 990 829; x_wconf 87' lang='lat' dir='ltr'><strong>aquant</strong></span> <span class='ocrx_word' id='word_1_45' title='bbox 1021 763 1235 817; x_wconf 87' lang='lat' dir='ltr'><strong>decidit.</strong></span> <span class='ocrx_word' id='word_1_46' title='bbox 1269 763 1458 816; x_wconf 85' lang='lat' dir='ltr'><strong>Mirum</strong></span> <span class='ocrx_word' id='word_1_47' title='bbox 1488 763 1669 815; x_wconf 83' lang='lat' dir='ltr'><strong>dictu!</strong></span> 
     </span>
    </p>
   </div>
   <div class='ocr_carea' id='block_1_7' title="bbox 119 852 1678 923">
    <p class='ocr_par' dir='ltr' id='par_1_7' title="bbox 119 852 1678 923">
     <span class='ocr_line' id='line_1_7' title="bbox 119 852 1678 923; baseline -0.005 -14"><span class='ocrx_word' id='word_1_48' title='bbox 119 854 334 922; x_wconf 71' lang='lat' dir='ltr'><strong>vestigiis</strong></span> <span class='ocrx_word' id='word_1_49' title='bbox 361 853 638 923; x_wconf 86' lang='lat' dir='ltr'><strong>paululum</strong></span> <span class='ocrx_word' id='word_1_50' title='bbox 683 852 1028 915; x_wconf 79' lang='lat' dir='ltr'><strong>madefactis,</strong></span> <span class='ocrx_word' id='word_1_51' title='bbox 1059 854 1110 905; x_wconf 92' lang='lat' dir='ltr'><strong>in</strong></span> <span class='ocrx_word' id='word_1_52' title='bbox 1139 852 1361 921; x_wconf 89' lang='lat' dir='ltr'><strong>reliquis</strong></span> <span class='ocrx_word' id='word_1_53' title='bbox 1394 853 1678 906; x_wconf 86' lang='lat' dir='ltr'><strong>indumen-</strong></span> 
     </span>
    </p>
   </div>
   <div class='ocr_carea' id='block_1_8' title="bbox 122 943 1677 1012">
    <p class='ocr_par' dir='ltr' id='par_1_8' title="bbox 122 943 1677 1012">
     <span class='ocr_line' id='line_1_8' title="bbox 122 943 1677 1012; baseline 0.001 -14"><span class='ocrx_word' id='word_1_54' title='bbox 122 949 177 999; x_wconf 66' lang='lat' dir='ltr'><strong>tis</strong></span> <span class='ocrx_word' id='word_1_55' title='bbox 205 947 282 998; x_wconf 84' lang='lat' dir='ltr'><strong>vix</strong></span> <span class='ocrx_word' id='word_1_56' title='bbox 323 946 500 1000; x_wconf 87' lang='lat' dir='ltr'><strong>tenuis</strong></span> <span class='ocrx_word' id='word_1_57' title='bbox 522 943 769 1012; x_wconf 91' lang='lat' dir='ltr'><strong>apparuit</strong></span> <span class='ocrx_word' id='word_1_58' title='bbox 794 944 1005 997; x_wconf 83' lang='lat' dir='ltr'><strong>humor.</strong></span> <span class='ocrx_word' id='word_1_59' title='bbox 1035 944 1393 997; x_wconf 77' lang='lat' dir='ltr'><strong>Transmeato</strong></span> <span class='ocrx_word' id='word_1_60' title='bbox 1425 959 1553 998; x_wconf 83' lang='lat' dir='ltr'><strong>sane</strong></span> <span class='ocrx_word' id='word_1_61' title='bbox 1577 946 1677 999; x_wconf 90' lang='lat' dir='ltr'><strong>hoc</strong></span> 
     </span>
    </p>
   </div>
   <div class='ocr_carea' id='block_1_9' title="bbox 120 1032 1679 1104">
    <p class='ocr_par' dir='ltr' id='par_1_9' title="bbox 120 1032 1679 1104">
     <span class='ocr_line' id='line_1_9' title="bbox 120 1032 1679 1104; baseline -0.002 -17"><span class='ocrx_word' id='word_1_62' title='bbox 120 1034 312 1104; x_wconf 79' lang='lat' dir='ltr'><strong>pessimi</strong></span> <span class='ocrx_word' id='word_1_63' title='bbox 355 1049 619 1088; x_wconf 87' lang='lat' dir='ltr'><strong>occursus</strong></span> <span class='ocrx_word' id='word_1_64' title='bbox 660 1040 927 1095; x_wconf 87' lang='lat' dir='ltr'><strong>torrente,</strong></span> <span class='ocrx_word' id='word_1_65' title='bbox 967 1043 1182 1100; x_wconf 80' lang='lat' dir='ltr'><strong>postero</strong></span> <span class='ocrx_word' id='word_1_66' title='bbox 1209 1032 1294 1085; x_wconf 86' lang='lat' dir='ltr'><strong>die</strong></span> <span class='ocrx_word' id='word_1_67' title='bbox 1321 1032 1385 1085; x_wconf 89' lang='lat' dir='ltr'><strong>ad</strong></span> <span class='ocrx_word' id='word_1_68' title='bbox 1409 1041 1679 1085; x_wconf 80' lang='lat' dir='ltr'><strong>monaste-</strong></span> 
     </span>
    </p>
   </div>
   <div class='ocr_carea' id='block_1_10' title="bbox 123 1122 1677 1193">
    <p class='ocr_par' dir='ltr' id='par_1_10' title="bbox 123 1122 1677 1193">
     <span class='ocr_line' id='line_1_10' title="bbox 123 1122 1677 1193; baseline -0.002 -15"><span class='ocrx_word' id='word_1_69' title='bbox 123 1127 236 1178; x_wconf 86' lang='lat' dir='ltr'><strong>tium</strong></span> <span class='ocrx_word' id='word_1_70' title='bbox 284 1124 505 1193; x_wconf 71' lang='lat' dir='ltr'><strong>Regula:</strong></span> <span class='ocrx_word' id='word_1_71' title='bbox 560 1136 802 1179; x_wconf 86' lang='lat' dir='ltr'><strong>ventum.</strong></span> <span class='ocrx_word' id='word_1_72' title='bbox 856 1123 921 1177; x_wconf 83' lang='lat' dir='ltr'><strong>Et</strong></span> <span class='ocrx_word' id='word_1_73' title='bbox 956 1122 1129 1192; x_wconf 88' lang='lat' dir='ltr'><strong>primo</strong></span> <span class='ocrx_word' id='word_1_74' title='bbox 1165 1122 1379 1190; x_wconf 84' lang='lat' dir='ltr'><strong>quidem</strong></span> <span class='ocrx_word' id='word_1_75' title='bbox 1408 1123 1524 1185; x_wconf 90' lang='lat' dir='ltr'><strong>die,</strong></span> <span class='ocrx_word' id='word_1_76' title='bbox 1554 1138 1677 1177; x_wconf 92' lang='lat' dir='ltr'><strong>cum</strong></span> 
     </span>
    </p>
   </div>
   <div class='ocr_carea' id='block_1_11' title="bbox 124 1214 1681 1284">
    <p class='ocr_par' dir='ltr' id='par_1_11' title="bbox 124 1214 1681 1284">
     <span class='ocr_line' id='line_1_11' title="bbox 124 1214 1681 1284; baseline 0.001 -19"><span class='ocrx_word' id='word_1_77' title='bbox 124 1217 277 1284; x_wconf 74' lang='lat' dir='ltr'><strong>quiete</strong></span> <span class='ocrx_word' id='word_1_78' title='bbox 318 1224 671 1278; x_wconf 88' lang='lat' dir='ltr'><strong>manserunt;</strong></span> <span class='ocrx_word' id='word_1_79' title='bbox 714 1214 949 1267; x_wconf 80' lang='lat' dir='ltr'><strong>SCtUﬂdO</strong></span> <span class='ocrx_word' id='word_1_80' title='bbox 980 1229 1147 1275; x_wconf 89' lang='lat' dir='ltr'><strong>sane,</strong></span> <span class='ocrx_word' id='word_1_81' title='bbox 1202 1214 1345 1268; x_wconf 89' lang='lat' dir='ltr'><strong>inter</strong></span> <span class='ocrx_word' id='word_1_82' title='bbox 1383 1223 1598 1267; x_wconf 89' lang='lat' dir='ltr'><strong>nostros</strong></span> <span class='ocrx_word' id='word_1_83' title='bbox 1628 1221 1681 1267; x_wconf 88' lang='lat' dir='ltr'><strong>et</strong></span> 
     </span>
    </p>
   </div>
   <div class='ocr_carea' id='block_1_12' title="bbox 124 1304 1680 1375">
    <p class='ocr_par' dir='ltr' id='par_1_12' title="bbox 124 1304 1680 1375">
     <span class='ocr_line' id='line_1_12' title="bbox 124 1304 1680 1375; baseline -0.003 -14"><span class='ocrx_word' id='word_1_84' title='bbox 124 1308 409 1361; x_wconf 78' lang='lat' dir='ltr'><strong>Cttascoucs</strong></span> <span class='ocrx_word' id='word_1_85' title='bbox 460 1304 701 1375; x_wconf 77' lang='lat' dir='ltr'><strong>iurgium</strong></span> <span class='ocrx_word' id='word_1_86' title='bbox 756 1316 978 1374; x_wconf 76' lang='lat' dir='ltr'><strong>propter</strong></span> <span class='ocrx_word' id='word_1_87' title='bbox 1053 1304 1257 1358; x_wconf 89' lang='lat' dir='ltr'><strong>cibaria</strong></span> <span class='ocrx_word' id='word_1_88' title='bbox 1304 1320 1563 1372; x_wconf 91' lang='lat' dir='ltr'><strong>equorum</strong></span> <span class='ocrx_word' id='word_1_89' title='bbox 1613 1305 1680 1357; x_wconf 89' lang='lat' dir='ltr'><strong>ad</strong></span> 
     </span>
    </p>
   </div>
   <div class='ocr_carea' id='block_1_13' title="bbox 124 1396 1678 1467">
    <p class='ocr_par' dir='ltr' id='par_1_13' title="bbox 124 1396 1678 1467">
     <span class='ocr_line' id='line_1_13' title="bbox 124 1396 1678 1467; baseline -0.001 -19"><span class='ocrx_word' id='word_1_90' title='bbox 124 1411 381 1466; x_wconf 77' lang='lat' dir='ltr'><strong>vesperum</strong></span> <span class='ocrx_word' id='word_1_91' title='bbox 425 1407 606 1451; x_wconf 91' lang='lat' dir='ltr'><strong>ortum</strong></span> <span class='ocrx_word' id='word_1_92' title='bbox 664 1397 860 1467; x_wconf 77' lang='lat' dir='ltr'><strong>vixque</strong></span> <span class='ocrx_word' id='word_1_93' title='bbox 907 1416 936 1451; x_wconf 87' lang='lat' dir='ltr'><strong>a</strong></span> <span class='ocrx_word' id='word_1_94' title='bbox 977 1397 1271 1465; x_wconf 82' lang='lat' dir='ltr'><strong>majoribus</strong></span> <span class='ocrx_word' id='word_1_95' title='bbox 1300 1396 1543 1449; x_wconf 87' lang='lat' dir='ltr'><strong>sedatum</strong></span> <span class='ocrx_word' id='word_1_96' title='bbox 1580 1404 1678 1448; x_wconf 78' lang='lat' dir='ltr'><strong>est.</strong></span> 
     </span>
    </p>
   </div>
   <div class='ocr_carea' id='block_1_14' title="bbox 126 1484 1681 1555">
    <p class='ocr_par' dir='ltr' id='par_1_14' title="bbox 126 1484 1681 1555">
     <span class='ocr_line' id='line_1_14' title="bbox 126 1484 1681 1555; baseline -0.001 -17"><span class='ocrx_word' id='word_1_97' title='bbox 126 1485 254 1551; x_wconf 78' lang='lat' dir='ltr'><strong>Quod</strong></span> <span class='ocrx_word' id='word_1_98' title='bbox 287 1486 379 1541; x_wconf 89' lang='lat' dir='ltr'><strong>ubi</strong></span> <span class='ocrx_word' id='word_1_99' title='bbox 407 1486 460 1540; x_wconf 89' lang='lat' dir='ltr'><strong>in</strong></span> <span class='ocrx_word' id='word_1_100' title='bbox 486 1486 784 1540; x_wconf 88' lang='lat' dir='ltr'><strong>crastinum</strong></span> <span class='ocrx_word' id='word_1_101' title='bbox 812 1486 1134 1541; x_wconf 82' lang='lat' dir='ltr'><strong>venerabilis</strong></span> <span class='ocrx_word' id='word_1_102' title='bbox 1163 1493 1315 1555; x_wconf 91' lang='lat' dir='ltr'><strong>pater</strong></span> <span class='ocrx_word' id='word_1_103' title='bbox 1357 1484 1509 1538; x_wconf 87' lang='lat' dir='ltr'><strong>Abbo</strong></span> <span class='ocrx_word' id='word_1_104' title='bbox 1537 1500 1681 1539; x_wconf 83' lang='lat' dir='ltr'><strong>eont-</strong></span> 
     </span>
    </p>
   </div>
   <div class='ocr_carea' id='block_1_15' title="bbox 127 1574 1686 1645">
    <p class='ocr_par' dir='ltr' id='par_1_15' title="bbox 127 1574 1686 1645">
     <span class='ocr_line' id='line_1_15' title="bbox 127 1574 1686 1645; baseline -0.003 -14"><span class='ocrx_word' id='word_1_105' title='bbox 127 1576 267 1645; x_wconf 81' lang='lat' dir='ltr'><strong>perit,</strong></span> <span class='ocrx_word' id='word_1_106' title='bbox 300 1591 427 1631; x_wconf 85' lang='lat' dir='ltr'><strong>suos</strong></span> <span class='ocrx_word' id='word_1_107' title='bbox 478 1576 830 1632; x_wconf 72' lang='lat' dir='ltr'><strong>vehementer</strong></span> <span class='ocrx_word' id='word_1_108' title='bbox 880 1575 1153 1643; x_wconf 79' lang='lat' dir='ltr'><strong>redarguit</strong></span> <span class='ocrx_word' id='word_1_109' title='bbox 1198 1590 1297 1628; x_wconf 93' lang='lat' dir='ltr'><strong>cur</strong></span> <span class='ocrx_word' id='word_1_110' title='bbox 1341 1574 1581 1628; x_wconf 85' lang='lat' dir='ltr'><strong>inermes</strong></span> <span class='ocrx_word' id='word_1_111' title='bbox 1631 1583 1686 1626; x_wconf 90' lang='lat' dir='ltr'><strong>et</strong></span> 
     </span>
    </p>
   </div>
   <div class='ocr_carea' id='block_1_16' title="bbox 129 1664 1684 1737">
    <p class='ocr_par' dir='ltr' id='par_1_16' title="bbox 129 1664 1684 1737">
     <span class='ocr_line' id='line_1_16' title="bbox 129 1664 1684 1737; baseline -0.004 -15"><span class='ocrx_word' id='word_1_112' title='bbox 129 1670 246 1723; x_wconf 87' lang='lat' dir='ltr'><strong>inter</strong></span> <span class='ocrx_word' id='word_1_113' title='bbox 272 1667 539 1721; x_wconf 78' lang='lat' dir='ltr'><strong>infensam</strong></span> <span class='ocrx_word' id='word_1_114' title='bbox 588 1667 690 1721; x_wconf 90' lang='lat' dir='ltr'><strong>sibi</strong></span> <span class='ocrx_word' id='word_1_115' title='bbox 722 1676 933 1737; x_wconf 82' lang='lat' dir='ltr'><strong>gentem</strong></span> <span class='ocrx_word' id='word_1_116' title='bbox 962 1665 1098 1721; x_wconf 85' lang='lat' dir='ltr'><strong>bella</strong></span> <span class='ocrx_word' id='word_1_117' title='bbox 1126 1666 1332 1721; x_wconf 84' lang='lat' dir='ltr'><strong>cicrent</strong></span> <span class='ocrx_word' id='word_1_118' title='bbox 1361 1705 1375 1729; x_wconf 90' lang='lat'><strong>,</strong></span> <span class='ocrx_word' id='word_1_119' title='bbox 1408 1664 1684 1718; x_wconf 81' lang='lat' dir='ltr'><strong>monebat-</strong></span> 
     </span>
    </p>
   </div>
   <div class='ocr_carea' id='block_1_17' title="bbox 129 1758 1687 1827">
    <p class='ocr_par' dir='ltr' id='par_1_17' title="bbox 129 1758 1687 1827">
     <span class='ocr_line' id='line_1_17' title="bbox 129 1758 1687 1827; baseline 0.003 -20"><span class='ocrx_word' id='word_1_120' title='bbox 129 1774 215 1826; x_wconf 73' lang='lat' dir='ltr'><strong>que</strong></span> <span class='ocrx_word' id='word_1_121' title='bbox 245 1759 559 1827; x_wconf 71' lang='lat' dir='ltr'><strong>patientiam</strong></span> <span class='ocrx_word' id='word_1_122' title='bbox 614 1775 860 1825; x_wconf 83' lang='lat' dir='ltr'><strong>servare,</strong></span> <span class='ocrx_word' id='word_1_123' title='bbox 906 1758 1076 1814; x_wconf 89' lang='lat' dir='ltr'><strong>donec</strong></span> <span class='ocrx_word' id='word_1_124' title='bbox 1118 1759 1229 1827; x_wconf 87' lang='lat' dir='ltr'><strong>ipse</strong></span> <span class='ocrx_word' id='word_1_125' title='bbox 1256 1773 1378 1811; x_wconf 89' lang='lat' dir='ltr'><strong>cum</strong></span> <span class='ocrx_word' id='word_1_126' title='bbox 1405 1758 1599 1811; x_wconf 79' lang='lat' dir='ltr'><strong>comite</strong></span> <span class='ocrx_word' id='word_1_127' title='bbox 1624 1773 1687 1811; x_wconf 89' lang='lat' dir='ltr'><strong>ac</strong></span> 
     </span>
    </p>
   </div>
   <div class='ocr_carea' id='block_1_18' title="bbox 1777 582 3349 655">
    <p class='ocr_par' dir='ltr' id='par_1_18' title="bbox 1777 582 3349 655">
     <span class='ocr_line' id='line_1_18' title="bbox 1777 582 3349 655; baseline -0.003 -18"><span class='ocrx_word' id='word_1_128' title='bbox 1777 595 1833 637; x_wconf 82' lang='grc' dir='ltr'><strong>ιιι</strong></span> <span class='ocrx_word' id='word_1_129' title='bbox 1866 586 2082 655; x_wconf 78' lang='lat' dir='ltr'><strong>quidam</strong></span> <span class='ocrx_word' id='word_1_130' title='bbox 2115 585 2335 647; x_wconf 91' lang='lat' dir='ltr'><strong>volunt,</strong></span> <span class='ocrx_word' id='word_1_131' title='bbox 2381 583 2640 648; x_wconf 85' lang='lat' dir='ltr'><strong>civitatis,</strong></span> <span class='ocrx_word' id='word_1_132' title='bbox 2688 583 2876 637; x_wconf 81' lang='lat' dir='ltr'><strong>turrim</strong></span> <span class='ocrx_word' id='word_1_133' title='bbox 2914 582 3133 648; x_wconf 87' lang='lat' dir='ltr'><strong>quadris</strong></span> <span class='ocrx_word' id='word_1_134' title='bbox 3166 582 3349 649; x_wconf 85' lang='lat' dir='ltr'><strong>lapidi-</strong></span> 
     </span>
    </p>
   </div>
   <div class='ocr_carea' id='block_1_19' title="bbox 1775 672 3349 743">
    <p class='ocr_par' dir='ltr' id='par_1_19' title="bbox 1775 672 3349 743">
     <span class='ocr_line' id='line_1_19' title="bbox 1775 672 3349 743; baseline -0.003 -16"><span class='ocrx_word' id='word_1_135' title='bbox 1775 675 1877 727; x_wconf 88' lang='lat' dir='ltr'><strong>bus</strong></span> <span class='ocrx_word' id='word_1_136' title='bbox 1942 685 2270 728; x_wconf 74' lang='lat' dir='ltr'><strong>exstructam</strong></span> <span class='ocrx_word' id='word_1_137' title='bbox 2330 674 2608 743; x_wconf 89' lang='lat' dir='ltr'><strong>opposuit,</strong></span> <span class='ocrx_word' id='word_1_138' title='bbox 2686 688 2804 740; x_wconf 72' lang='lat' dir='ltr'><strong>qua:</strong></span> <span class='ocrx_word' id='word_1_139' title='bbox 2871 688 3012 725; x_wconf 90' lang='lat' dir='ltr'><strong>nunc</strong></span> <span class='ocrx_word' id='word_1_140' title='bbox 3074 672 3349 724; x_wconf 88' lang='lat' dir='ltr'><strong>ruinarum</strong></span> 
     </span>
    </p>
   </div>
   <div class='ocr_carea' id='block_1_20' title="bbox 1778 762 3352 836">
    <p class='ocr_par' dir='ltr' id='par_1_20' title="bbox 1778 762 3352 836">
     <span class='ocr_line' id='line_1_20' title="bbox 1778 762 3352 836; baseline -0.003 -15"><span class='ocrx_word' id='word_1_141' title='bbox 1778 769 2150 823; x_wconf 80' lang='lat' dir='ltr'><strong>tantummodo</strong></span> <span class='ocrx_word' id='word_1_142' title='bbox 2172 784 2391 822; x_wconf 90' lang='lat' dir='ltr'><strong>suarum</strong></span> <span class='ocrx_word' id='word_1_143' title='bbox 2409 768 2601 820; x_wconf 90' lang='lat' dir='ltr'><strong>indicia</strong></span> <span class='ocrx_word' id='word_1_144' title='bbox 2618 767 2851 836; x_wconf 84' lang='lat' dir='ltr'><strong>pra-fert.</strong></span> <span class='ocrx_word' id='word_1_145' title='bbox 2878 766 3041 835; x_wconf 79' lang='lat' dir='ltr'><strong>Igitur</strong></span> <span class='ocrx_word' id='word_1_146' title='bbox 3064 775 3166 817; x_wconf 86' lang='lat' dir='ltr'><strong>tam</strong></span> <span class='ocrx_word' id='word_1_147' title='bbox 3194 762 3352 830; x_wconf 89' lang='lat' dir='ltr'><strong>hujus</strong></span> 
     </span>
    </p>
   </div>
   <div class='ocr_carea' id='block_1_21' title="bbox 1776 854 3355 929">
    <p class='ocr_par' dir='ltr' id='par_1_21' title="bbox 1776 854 3355 929">
     <span class='ocr_line' id='line_1_21' title="bbox 1776 854 3355 929; baseline -0.003 -19"><span class='ocrx_word' id='word_1_148' title='bbox 1776 874 1936 929; x_wconf 85' lang='lat' dir='ltr'><strong>quam</strong></span> <span class='ocrx_word' id='word_1_149' title='bbox 1984 870 2301 913; x_wconf 59' lang='lat' dir='ltr'><strong>ceterorum</strong></span> <span class='ocrx_word' id='word_1_150' title='bbox 2348 858 2697 912; x_wconf 61' lang='lat' dir='ltr'><strong>aediﬁciorum</strong></span> <span class='ocrx_word' id='word_1_151' title='bbox 2752 857 2960 909; x_wconf 86' lang='lat' dir='ltr'><strong>dirutos</strong></span> <span class='ocrx_word' id='word_1_152' title='bbox 3005 854 3269 924; x_wconf 80' lang='lat' dir='ltr'><strong>parietes,</strong></span> <span class='ocrx_word' id='word_1_153' title='bbox 3300 863 3355 906; x_wconf 89' lang='lat' dir='ltr'><strong>et</strong></span> 
     </span>
    </p>
   </div>
   <div class='ocr_carea' id='block_1_22' title="bbox 1780 944 3352 1018">
    <p class='ocr_par' dir='ltr' id='par_1_22' title="bbox 1780 944 3352 1018">
     <span class='ocr_line' id='line_1_22' title="bbox 1780 944 3352 1018; baseline -0.003 -19"><span class='ocrx_word' id='word_1_154' title='bbox 1780 965 1875 1018; x_wconf 87' lang='lat' dir='ltr'><strong>per</strong></span> <span class='ocrx_word' id='word_1_155' title='bbox 1925 950 2127 1003; x_wconf 81' lang='lat' dir='ltr'><strong>devexa</strong></span> <span class='ocrx_word' id='word_1_156' title='bbox 2172 949 2334 1003; x_wconf 89' lang='lat' dir='ltr'><strong>totius</strong></span> <span class='ocrx_word' id='word_1_157' title='bbox 2382 948 2579 1001; x_wconf 91' lang='lat' dir='ltr'><strong>montis</strong></span> <span class='ocrx_word' id='word_1_158' title='bbox 2637 946 2805 999; x_wconf 81' lang='lat' dir='ltr'><strong>latera</strong></span> <span class='ocrx_word' id='word_1_159' title='bbox 2867 956 3085 1014; x_wconf 80' lang='lat' dir='ltr'><strong>preptcr</strong></span> <span class='ocrx_word' id='word_1_160' title='bbox 3142 944 3352 996; x_wconf 84' lang='lat' dir='ltr'><strong>firmam</strong></span> 
     </span>
    </p>
   </div>
   <div class='ocr_carea' id='block_1_23' title="bbox 1779 1036 3356 1107">
    <p class='ocr_par' dir='ltr' id='par_1_23' title="bbox 1779 1036 3356 1107">
     <span class='ocr_line' id='line_1_23' title="bbox 1779 1036 3356 1107; baseline -0.006 -11"><span class='ocrx_word' id='word_1_161' title='bbox 1779 1041 2025 1096; x_wconf 74' lang='grc' dir='ltr'><strong>ςςυιηριιιί</strong></span> <span class='ocrx_word' id='word_1_162' title='bbox 2076 1041 2421 1093; x_wconf 81' lang='lat' dir='ltr'><strong>tenacitatem</strong></span> <span class='ocrx_word' id='word_1_163' title='bbox 2472 1037 2871 1107; x_wconf 87' lang='lat' dir='ltr'><strong>dependentes,</strong></span> <span class='ocrx_word' id='word_1_164' title='bbox 2915 1037 3074 1089; x_wconf 82' lang='lat' dir='ltr'><strong>homo</strong></span> <span class='ocrx_word' id='word_1_165' title='bbox 3105 1036 3195 1089; x_wconf 87' lang='lat' dir='ltr'><strong>Dei</strong></span> <span class='ocrx_word' id='word_1_166' title='bbox 3223 1048 3356 1089; x_wconf 85' lang='lat' dir='ltr'><strong>eon-</strong></span> 
     </span>
    </p>
   </div>
   <div class='ocr_carea' id='block_1_24' title="bbox 1780 1124 3355 1199">
    <p class='ocr_par' dir='ltr' id='par_1_24' title="bbox 1780 1124 3355 1199">
     <span class='ocr_line' id='line_1_24' title="bbox 1780 1124 3355 1199; baseline -0.007 -15"><span class='ocrx_word' id='word_1_167' title='bbox 1780 1132 2018 1199; x_wconf 78' lang='lat' dir='ltr'><strong>spicatus</strong></span> <span class='ocrx_word' id='word_1_168' title='bbox 2078 1129 2492 1195; x_wconf 82' lang='lat' dir='ltr'><strong>admiransque,</strong></span> <span class='ocrx_word' id='word_1_169' title='bbox 2540 1126 2661 1179; x_wconf 66' lang='lat' dir='ltr'><strong>l&#39;JBlO</strong></span> <span class='ocrx_word' id='word_1_170' title='bbox 2711 1124 2863 1178; x_wconf 83' lang='lat' dir='ltr'><strong>nobis</strong></span> <span class='ocrx_word' id='word_1_171' title='bbox 2893 1124 3137 1177; x_wconf 76' lang='lat' dir='ltr'><strong>arridens</strong></span> <span class='ocrx_word' id='word_1_172' title='bbox 3166 1125 3312 1175; x_wconf 88' lang='lat' dir='ltr'><strong>vultu</strong></span> <span class='ocrx_word' id='word_1_173' title='bbox 3340 1162 3355 1184; x_wconf 94' lang='lat'><strong>,</strong></span> 
     </span>
    </p>
   </div>
   <div class='ocr_carea' id='block_1_25' title="bbox 1783 1211 3358 1285">
    <p class='ocr_par' dir='ltr' id='par_1_25' title="bbox 1783 1211 3358 1285">
     <span class='ocr_line' id='line_1_25' title="bbox 1783 1211 3358 1285; baseline -0.008 -11"><span class='ocrx_word' id='word_1_174' title='bbox 1783 1222 1900 1275; x_wconf 87' lang='lat' dir='ltr'><strong>infit</strong></span> <span class='ocrx_word' id='word_1_175' title='bbox 1943 1238 1955 1273; x_wconf 89' lang='lat'>:</span> <span class='ocrx_word' id='word_1_176' title='bbox 2003 1238 2021 1271; x_wconf 72' lang='grc' dir='ltr'><strong><em>ι</em></strong></span> <span class='ocrx_word' id='word_1_177' title='bbox 2081 1218 2391 1281; x_wconf 88' lang='lat' dir='ltr'><strong>Polentior,</strong></span> <span class='ocrx_word' id='word_1_178' title='bbox 2468 1211 2738 1285; x_wconf 81' lang='lat' dir='ltr'><strong>inquiens,</strong></span> <span class='ocrx_word' id='word_1_179' title='bbox 2792 1230 2932 1267; x_wconf 83' lang='lat' dir='ltr'><strong>nunc</strong></span> <span class='ocrx_word' id='word_1_180' title='bbox 2981 1230 3097 1267; x_wconf 86' lang='lat' dir='ltr'><strong>Sunt</strong></span> <span class='ocrx_word' id='word_1_181' title='bbox 3140 1214 3358 1269; x_wconf 86' lang='lat' dir='ltr'><strong>domino</strong></span> 
     </span>
    </p>
   </div>
   <div class='ocr_carea' id='block_1_26' title="bbox 1784 1303 3360 1379">
    <p class='ocr_par' dir='ltr' id='par_1_26' title="bbox 1784 1303 3360 1379">
     <span class='ocr_line' id='line_1_26' title="bbox 1784 1303 3360 1379; baseline -0.006 -15"><span class='ocrx_word' id='word_1_182' title='bbox 1784 1321 1970 1364; x_wconf 89' lang='lat' dir='ltr'><strong>nostro</strong></span> <span class='ocrx_word' id='word_1_183' title='bbox 1990 1325 2113 1379; x_wconf 80' lang='lat' dir='ltr'><strong>rege</strong></span> <span class='ocrx_word' id='word_1_184' title='bbox 2145 1309 2477 1363; x_wconf 80' lang='lat' dir='ltr'><strong>Francorum</strong></span> <span class='ocrx_word' id='word_1_185' title='bbox 2526 1307 2665 1360; x_wconf 90' lang='lat' dir='ltr'><strong>itttra</strong></span> <span class='ocrx_word' id='word_1_186' title='bbox 2722 1307 2820 1359; x_wconf 89' lang='lat' dir='ltr'><strong>bos</strong></span> <span class='ocrx_word' id='word_1_187' title='bbox 2862 1306 3023 1366; x_wconf 86' lang='lat' dir='ltr'><strong>lines,</strong></span> <span class='ocrx_word' id='word_1_188' title='bbox 3062 1304 3148 1357; x_wconf 86' lang='lat' dir='ltr'><strong>ubi</strong></span> <span class='ocrx_word' id='word_1_189' title='bbox 3185 1303 3360 1355; x_wconf 87' lang='lat' dir='ltr'><strong>nullus</strong></span> 
     </span>
    </p>
   </div>
   <div class='ocr_carea' id='block_1_27' title="bbox 1782 1395 3358 1467">
    <p class='ocr_par' dir='ltr' id='par_1_27' title="bbox 1782 1395 3358 1467">
     <span class='ocr_line' id='line_1_27' title="bbox 1782 1395 3358 1467; baseline -0.005 -16"><span class='ocrx_word' id='word_1_190' title='bbox 1782 1398 1898 1467; x_wconf 73' lang='lat' dir='ltr'><strong>ejus</strong></span> <span class='ocrx_word' id='word_1_191' title='bbox 1928 1408 2145 1454; x_wconf 87' lang='lat' dir='ltr'><strong>veretur</strong></span> <span class='ocrx_word' id='word_1_192' title='bbox 2193 1396 2528 1460; x_wconf 87' lang='lat' dir='ltr'><strong>dominium,</strong></span> <span class='ocrx_word' id='word_1_193' title='bbox 2591 1396 2749 1450; x_wconf 88' lang='lat' dir='ltr'><strong>talem</strong></span> <span class='ocrx_word' id='word_1_194' title='bbox 2796 1396 3075 1463; x_wconf 74' lang='lat' dir='ltr'><strong>possidens</strong></span> <span class='ocrx_word' id='word_1_195' title='bbox 3122 1395 3358 1446; x_wconf 82' lang='lat' dir='ltr'><strong>domum.</strong></span> 
     </span>
    </p>
   </div>
   <div class='ocr_carea' id='block_1_28' title="bbox 1787 1482 3364 1560">
    <p class='ocr_par' dir='ltr' id='par_1_28' title="bbox 1787 1482 3364 1560">
     <span class='ocr_line' id='line_1_28' title="bbox 1787 1482 3364 1560; baseline -0.006 -14"><span class='ocrx_word' id='word_1_196' title='bbox 1787 1494 1893 1546; x_wconf 81' lang='lat' dir='ltr'><strong>Sed</strong></span> <span class='ocrx_word' id='word_1_197' title='bbox 1943 1492 2045 1545; x_wconf 91' lang='lat' dir='ltr'><strong>heu</strong></span> <span class='ocrx_word' id='word_1_198' title='bbox 2089 1491 2224 1560; x_wconf 89' lang='lat' dir='ltr'><strong>proh</strong></span> <span class='ocrx_word' id='word_1_199' title='bbox 2257 1490 2437 1543; x_wconf 89' lang='lat' dir='ltr'><strong>dolor!</strong></span> <span class='ocrx_word' id='word_1_200' title='bbox 2478 1488 2638 1541; x_wconf 88' lang='lat' dir='ltr'><strong>aliter</strong></span> <span class='ocrx_word' id='word_1_201' title='bbox 2675 1502 2835 1556; x_wconf 89' lang='lat' dir='ltr'><strong>quant</strong></span> <span class='ocrx_word' id='word_1_202' title='bbox 2864 1487 2911 1540; x_wconf 92' lang='lat' dir='ltr'><strong>ei</strong></span> <span class='ocrx_word' id='word_1_203' title='bbox 2966 1501 3028 1539; x_wconf 91' lang='lat' dir='ltr'><strong>ac</strong></span> <span class='ocrx_word' id='word_1_204' title='bbox 3051 1484 3202 1537; x_wconf 81' lang='lat' dir='ltr'><strong>nobis</strong></span> <span class='ocrx_word' id='word_1_205' title='bbox 3234 1482 3364 1536; x_wconf 85' lang='lat' dir='ltr'><strong>utile</strong></span> 
     </span>
    </p>
   </div>
   <div class='ocr_carea' id='block_1_29' title="bbox 1789 1578 2864 1651">
    <p class='ocr_par' dir='ltr' id='par_1_29' title="bbox 1789 1578 2864 1651">
     <span class='ocr_line' id='line_1_29' title="bbox 1789 1578 2864 1651; baseline -0.007 -16"><span class='ocrx_word' id='word_1_206' title='bbox 1789 1582 1914 1646; x_wconf 82' lang='lat' dir='ltr'><strong>fuit,</strong></span> <span class='ocrx_word' id='word_1_207' title='bbox 1947 1582 2103 1651; x_wconf 84' lang='lat' dir='ltr'><strong>hujus</strong></span> <span class='ocrx_word' id='word_1_208' title='bbox 2132 1580 2233 1635; x_wconf 90' lang='lat' dir='ltr'><strong>loci</strong></span> <span class='ocrx_word' id='word_1_209' title='bbox 2265 1580 2557 1649; x_wconf 85' lang='lat' dir='ltr'><strong>parabatur</strong></span> <span class='ocrx_word' id='word_1_210' title='bbox 2578 1578 2864 1648; x_wconf 78' lang='lat' dir='ltr'><strong>possessio.</strong></span> 
     </span>
    </p>
   </div>
   <div class='ocr_carea' id='block_1_30' title="bbox 1860 1663 3367 1741">
    <p class='ocr_par' dir='ltr' id='par_1_30' title="bbox 1860 1663 3367 1741">
     <span class='ocr_line' id='line_1_30' title="bbox 1860 1663 3367 1741; baseline -0.009 -13"><span class='ocrx_word' id='word_1_211' title='bbox 1860 1674 2099 1741; x_wconf 84' lang='lat' dir='ltr'><strong>Denique</strong></span> <span class='ocrx_word' id='word_1_212' title='bbox 2158 1672 2517 1741; x_wconf 75' lang='lat' dir='ltr'><strong>malignorum</strong></span> <span class='ocrx_word' id='word_1_213' title='bbox 2570 1670 2734 1724; x_wconf 83' lang='lat' dir='ltr'><strong>factio</strong></span> <span class='ocrx_word' id='word_1_214' title='bbox 2770 1669 2858 1737; x_wconf 92' lang='lat' dir='ltr'><strong>qui</strong></span> <span class='ocrx_word' id='word_1_215' title='bbox 2916 1667 3019 1720; x_wconf 81' lang='lat' dir='ltr'><strong>illis</strong></span> <span class='ocrx_word' id='word_1_216' title='bbox 3074 1680 3209 1735; x_wconf 91' lang='lat' dir='ltr'><strong>quos</strong></span> <span class='ocrx_word' id='word_1_217' title='bbox 3253 1663 3367 1731; x_wconf 83' lang='lat' dir='ltr'><strong>ipse</strong></span> 
     </span>
    </p>
   </div>
   <div class='ocr_carea' id='block_1_31' title="bbox 1788 1755 3360 1829">
    <p class='ocr_par' dir='ltr' id='par_1_31' title="bbox 1788 1755 3360 1829">
     <span class='ocr_line' id='line_1_31' title="bbox 1788 1755 3360 1829; baseline -0.006 -14"><span class='ocrx_word' id='word_1_218' title='bbox 1788 1771 2007 1815; x_wconf 80' lang='lat' dir='ltr'><strong>sanctus</strong></span> <span class='ocrx_word' id='word_1_219' title='bbox 2051 1770 2205 1829; x_wconf 89' lang='lat' dir='ltr'><strong>pater</strong></span> <span class='ocrx_word' id='word_1_220' title='bbox 2253 1763 2318 1815; x_wconf 90' lang='lat' dir='ltr'><strong>ad</strong></span> <span class='ocrx_word' id='word_1_221' title='bbox 2352 1762 2601 1815; x_wconf 85' lang='lat' dir='ltr'><strong>eumdem</strong></span> <span class='ocrx_word' id='word_1_222' title='bbox 2633 1760 2859 1813; x_wconf 88' lang='lat' dir='ltr'><strong>miserat</strong></span> <span class='ocrx_word' id='word_1_223' title='bbox 2889 1757 3065 1811; x_wconf 87' lang='lat' dir='ltr'><strong>locum</strong></span> <span class='ocrx_word' id='word_1_224' title='bbox 3097 1755 3360 1823; x_wconf 71' lang='lat' dir='ltr'><strong>irrogave</strong></span> 
     </span>
    </p>
   </div>
   <div class='ocr_carea' id='block_1_32' title="bbox 130 1833 1697 1923">
    <p class='ocr_par' dir='ltr' id='par_1_32' title="bbox 130 1846 1686 1918">
     <span class='ocr_line' id='line_1_32' title="bbox 130 1846 1686 1918; baseline -0.003 -14"><span class='ocrx_word' id='word_1_225' title='bbox 130 1850 212 1905; x_wconf 87' lang='lat' dir='ltr'><strong>loci</strong></span> <span class='ocrx_word' id='word_1_226' title='bbox 258 1851 518 1904; x_wconf 86' lang='lat' dir='ltr'><strong>advocato</strong></span> <span class='ocrx_word' id='word_1_227' title='bbox 571 1849 968 1918; x_wconf 85' lang='lat' dir='ltr'><strong>colloqueretur</strong></span> <span class='ocrx_word' id='word_1_228' title='bbox 1008 1849 1095 1917; x_wconf 90' lang='lat' dir='ltr'><strong>qui</strong></span> <span class='ocrx_word' id='word_1_229' title='bbox 1138 1847 1251 1917; x_wconf 89' lang='lat' dir='ltr'><strong>jam</strong></span> <span class='ocrx_word' id='word_1_230' title='bbox 1301 1847 1524 1917; x_wconf 87' lang='lat' dir='ltr'><strong>jamque</strong></span> <span class='ocrx_word' id='word_1_231' title='bbox 1554 1846 1686 1900; x_wconf 66' lang='lat' dir='ltr'><strong>aliu-</strong></span> 
     </span>
    </p>
   </div>
   <div class='ocr_carea' id='block_1_33' title="bbox 1803 1833 3369 1923">
    <p class='ocr_par' dir='ltr' id='par_1_33' title="bbox 1803 1843 3369 1923">
     <span class='ocr_line' id='line_1_33' title="bbox 1803 1843 3369 1923; baseline -0.008 -16"><span class='ocrx_word' id='word_1_232' title='bbox 1803 1865 1915 1907; x_wconf 63' lang='lat' dir='ltr'><strong>raut</strong></span> <span class='ocrx_word' id='word_1_233' title='bbox 1944 1852 2190 1923; x_wconf 90' lang='lat' dir='ltr'><strong>injurias,</strong></span> <span class='ocrx_word' id='word_1_234' title='bbox 2239 1854 2291 1906; x_wconf 87' lang='lat' dir='ltr'><strong>itt</strong></span> <span class='ocrx_word' id='word_1_235' title='bbox 2340 1851 2525 1920; x_wconf 88' lang='lat' dir='ltr'><strong>idjam</strong></span> <span class='ocrx_word' id='word_1_236' title='bbox 2563 1852 2971 1920; x_wconf 89' lang='lat' dir='ltr'><strong>conspiraverat</strong></span> <span class='ocrx_word' id='word_1_237' title='bbox 2996 1857 3085 1909; x_wconf 90' lang='lat' dir='ltr'><strong>ut,</strong></span> <span class='ocrx_word' id='word_1_238' title='bbox 3114 1862 3177 1899; x_wconf 85' lang='lat' dir='ltr'><strong>cx</strong></span> <span class='ocrx_word' id='word_1_239' title='bbox 3205 1843 3369 1913; x_wconf 88' lang='lat' dir='ltr'><strong>quali-</strong></span> 
     </span>
    </p>
   </div>
   <div class='ocr_carea' id='block_1_34' title="bbox 133 1940 1684 2006">
    <p class='ocr_par' dir='ltr' id='par_1_34' title="bbox 133 1940 1684 2006">
     <span class='ocr_line' id='line_1_34' title="bbox 133 1940 1684 2006; baseline -0.003 -13"><span class='ocrx_word' id='word_1_240' title='bbox 133 1940 217 1993; x_wconf 90' lang='lat' dir='ltr'><strong>turi</strong></span> <span class='ocrx_word' id='word_1_241' title='bbox 256 1940 640 1995; x_wconf 81' lang='lat' dir='ltr'><strong>credebantur.</strong></span> <span class='ocrx_word' id='word_1_242' title='bbox 700 1940 833 1993; x_wconf 90' lang='lat' dir='ltr'><strong>Tum</strong></span> <span class='ocrx_word' id='word_1_243' title='bbox 880 1940 1096 1993; x_wconf 87' lang='lat' dir='ltr'><strong>demunt</strong></span> <span class='ocrx_word' id='word_1_244' title='bbox 1148 1954 1275 1993; x_wconf 90' lang='lat' dir='ltr'><strong>suas</strong></span> <span class='ocrx_word' id='word_1_245' title='bbox 1322 1954 1684 2006; x_wconf 86' lang='lat' dir='ltr'><strong>suorumque,</strong></span> 
     </span>
    </p>
   </div>
   <div class='ocr_carea' id='block_1_35' title="bbox 132 2028 1685 2100">
    <p class='ocr_par' dir='ltr' id='par_1_35' title="bbox 132 2028 1685 2100">
     <span class='ocr_line' id='line_1_35' title="bbox 132 2028 1685 2100; baseline 0.001 -20"><span class='ocrx_word' id='word_1_246' title='bbox 132 2046 244 2099; x_wconf 87' lang='lat' dir='ltr'><strong>quos</strong></span> <span class='ocrx_word' id='word_1_247' title='bbox 269 2032 523 2100; x_wconf 83' lang='lat' dir='ltr'><strong>primitus</strong></span> <span class='ocrx_word' id='word_1_248' title='bbox 544 2031 739 2085; x_wconf 88' lang='lat' dir='ltr'><strong>ibidem</strong></span> <span class='ocrx_word' id='word_1_249' title='bbox 769 2030 1088 2100; x_wconf 86' lang='lat' dir='ltr'><strong>reliquerat,</strong></span> <span class='ocrx_word' id='word_1_250' title='bbox 1115 2030 1339 2099; x_wconf 86' lang='lat' dir='ltr'><strong>injurias</strong></span> <span class='ocrx_word' id='word_1_251' title='bbox 1378 2028 1444 2082; x_wconf 91' lang='lat' dir='ltr'><strong>ad</strong></span> <span class='ocrx_word' id='word_1_252' title='bbox 1477 2030 1685 2082; x_wconf 88' lang='lat' dir='ltr'><strong>libitum</strong></span> 
     </span>
    </p>
   </div>
   <div class='ocr_carea' id='block_1_36' title="bbox 132 2122 1686 2193">
    <p class='ocr_par' dir='ltr' id='par_1_36' title="bbox 132 2122 1686 2193">
     <span class='ocr_line' id='line_1_36' title="bbox 132 2122 1686 2193; baseline 0 -18"><span class='ocrx_word' id='word_1_253' title='bbox 132 2123 278 2177; x_wconf 88' lang='lat' dir='ltr'><strong>ultum</strong></span> <span class='ocrx_word' id='word_1_254' title='bbox 326 2124 391 2175; x_wconf 90' lang='lat' dir='ltr'><strong>iri</strong></span> <span class='ocrx_word' id='word_1_255' title='bbox 434 2123 811 2193; x_wconf 70' lang='lat' dir='ltr'><strong>pollicebatur.</strong></span> <span class='ocrx_word' id='word_1_256' title='bbox 845 2122 938 2176; x_wconf 88' lang='lat' dir='ltr'><strong>llis</strong></span> <span class='ocrx_word' id='word_1_257' title='bbox 972 2139 1035 2176; x_wconf 89' lang='lat' dir='ltr'><strong>ac</strong></span> <span class='ocrx_word' id='word_1_258' title='bbox 1066 2122 1329 2177; x_wconf 87' lang='lat' dir='ltr'><strong>similibus</strong></span> <span class='ocrx_word' id='word_1_259' title='bbox 1353 2122 1531 2175; x_wconf 84' lang='lat' dir='ltr'><strong>verbis</strong></span> <span class='ocrx_word' id='word_1_260' title='bbox 1560 2138 1686 2175; x_wconf 85' lang='lat' dir='ltr'><strong>suo-</strong></span> 
     </span>
    </p>
   </div>
   <div class='ocr_carea' id='block_1_37' title="bbox 133 2214 1692 2270">
    <p class='ocr_par' dir='ltr' id='par_1_37' title="bbox 133 2214 1692 2270">
     <span class='ocr_line' id='line_1_37' title="bbox 133 2214 1692 2270; baseline 0.001 -3"><span class='ocrx_word' id='word_1_261' title='bbox 133 2231 232 2268; x_wconf 86' lang='lat' dir='ltr'><strong>rum</strong></span> <span class='ocrx_word' id='word_1_262' title='bbox 250 2214 571 2270; x_wconf 79' lang='lat' dir='ltr'><strong>furibundus</strong></span> <span class='ocrx_word' id='word_1_263' title='bbox 591 2216 778 2269; x_wconf 89' lang='lat' dir='ltr'><strong>sedare</strong></span> <span class='ocrx_word' id='word_1_264' title='bbox 816 2214 1056 2269; x_wconf 89' lang='lat' dir='ltr'><strong>tentabat</strong></span> <span class='ocrx_word' id='word_1_265' title='bbox 1086 2215 1314 2269; x_wconf 88' lang='lat' dir='ltr'><strong>animos.</strong></span> <span class='ocrx_word' id='word_1_266' title='bbox 1352 2214 1479 2266; x_wconf 86' lang='lat' dir='ltr'><strong>Erat</strong></span> <span class='ocrx_word' id='word_1_267' title='bbox 1503 2231 1565 2267; x_wconf 92' lang='lat' dir='ltr'><strong>ca</strong></span> <span class='ocrx_word' id='word_1_268' title='bbox 1606 2215 1692 2268; x_wconf 90' lang='lat' dir='ltr'><strong>die</strong></span> 
     </span>
    </p>
   </div>
   <div class='ocr_carea' id='block_1_38' title="bbox 134 2309 1690 2381">
    <p class='ocr_par' dir='ltr' id='par_1_38' title="bbox 134 2309 1690 2381">
     <span class='ocr_line' id='line_1_38' title="bbox 134 2309 1690 2381; baseline 0.001 -19"><span class='ocrx_word' id='word_1_269' title='bbox 134 2309 337 2364; x_wconf 65' lang='lat' dir='ltr'><strong>celebris</strong></span> <span class='ocrx_word' id='word_1_270' title='bbox 368 2310 625 2365; x_wconf 86' lang='lat' dir='ltr'><strong>universo</strong></span> <span class='ocrx_word' id='word_1_271' title='bbox 655 2310 769 2364; x_wconf 91' lang='lat' dir='ltr'><strong>orbi</strong></span> <span class='ocrx_word' id='word_1_272' title='bbox 803 2310 941 2363; x_wconf 89' lang='lat' dir='ltr'><strong>beati</strong></span> <span class='ocrx_word' id='word_1_273' title='bbox 975 2310 1246 2381; x_wconf 77' lang='lat' dir='ltr'><strong>pontificis</strong></span> <span class='ocrx_word' id='word_1_274' title='bbox 1276 2309 1487 2364; x_wconf 84' lang='lat' dir='ltr'><strong>Martini</strong></span> <span class='ocrx_word' id='word_1_275' title='bbox 1517 2310 1690 2363; x_wconf 55' lang='lat' dir='ltr'><strong>Turoo</strong></span> 
     </span>
    </p>
   </div>
   <div class='ocr_carea' id='block_1_39' title="bbox 136 2404 1693 2476">
    <p class='ocr_par' dir='ltr' id='par_1_39' title="bbox 136 2404 1693 2476">
     <span class='ocr_line' id='line_1_39' title="bbox 136 2404 1693 2476; baseline 0.003 -22"><span class='ocrx_word' id='word_1_276' title='bbox 136 2404 221 2457; x_wconf 87' lang='lat' dir='ltr'><strong>nici</strong></span> <span class='ocrx_word' id='word_1_277' title='bbox 264 2404 609 2466; x_wconf 87' lang='lat' dir='ltr'><strong>solemnitas,</strong></span> <span class='ocrx_word' id='word_1_278' title='bbox 650 2414 697 2457; x_wconf 88' lang='lat' dir='ltr'><strong>et</strong></span> <span class='ocrx_word' id='word_1_279' title='bbox 754 2415 972 2460; x_wconf 81' lang='lat' dir='ltr'><strong>sanctus</strong></span> <span class='ocrx_word' id='word_1_280' title='bbox 1024 2407 1107 2459; x_wconf 86' lang='lat' dir='ltr'><strong>vir</strong></span> <span class='ocrx_word' id='word_1_281' title='bbox 1156 2422 1347 2476; x_wconf 82' lang='lat' dir='ltr'><strong>magna</strong></span> <span class='ocrx_word' id='word_1_282' title='bbox 1404 2407 1587 2460; x_wconf 72' lang='lat' dir='ltr'><strong>cordis</strong></span> <span class='ocrx_word' id='word_1_283' title='bbox 1628 2422 1693 2459; x_wconf 91' lang='lat' dir='ltr'><strong>ac</strong></span> 
     </span>
    </p>
   </div>
   <div class='ocr_carea' id='block_1_40' title="bbox 137 2494 1691 2564">
    <p class='ocr_par' dir='ltr' id='par_1_40' title="bbox 137 2494 1691 2564">
     <span class='ocr_line' id='line_1_40' title="bbox 137 2494 1691 2564; baseline 0.005 -20"><span class='ocrx_word' id='word_1_284' title='bbox 137 2496 355 2564; x_wconf 76' lang='lat' dir='ltr'><strong>corporis</strong></span> <span class='ocrx_word' id='word_1_285' title='bbox 397 2494 681 2549; x_wconf 87' lang='lat' dir='ltr'><strong>alacritate</strong></span> <span class='ocrx_word' id='word_1_286' title='bbox 716 2496 1001 2550; x_wconf 91' lang='lat' dir='ltr'><strong>missarum</strong></span> <span class='ocrx_word' id='word_1_287' title='bbox 1030 2498 1221 2551; x_wconf 86' lang='lat' dir='ltr'><strong>festiva</strong></span> <span class='ocrx_word' id='word_1_288' title='bbox 1257 2498 1551 2550; x_wconf 77' lang='lat' dir='ltr'><strong>celebravit</strong></span> <span class='ocrx_word' id='word_1_289' title='bbox 1601 2513 1691 2551; x_wconf 88' lang='lat' dir='ltr'><strong>so-</strong></span> 
     </span>
    </p>
   </div>
   <div class='ocr_carea' id='block_1_41' title="bbox 140 2581 1690 2655">
    <p class='ocr_par' dir='ltr' id='par_1_41' title="bbox 140 2581 1690 2655">
     <span class='ocr_line' id='line_1_41' title="bbox 140 2581 1690 2655; baseline 0.005 -23"><span class='ocrx_word' id='word_1_290' title='bbox 140 2581 328 2636; x_wconf 83' lang='lat' dir='ltr'><strong>lemnia.</strong></span> <span class='ocrx_word' id='word_1_291' title='bbox 384 2582 502 2649; x_wconf 87' lang='lat' dir='ltr'><strong>Qua</strong></span> <span class='ocrx_word' id='word_1_292' title='bbox 551 2584 637 2637; x_wconf 89' lang='lat' dir='ltr'><strong>die</strong></span> <span class='ocrx_word' id='word_1_293' title='bbox 684 2594 737 2638; x_wconf 90' lang='lat' dir='ltr'><strong>et</strong></span> <span class='ocrx_word' id='word_1_294' title='bbox 786 2586 1072 2653; x_wconf 90' lang='lat' dir='ltr'><strong>sequenti,</strong></span> <span class='ocrx_word' id='word_1_295' title='bbox 1108 2602 1226 2655; x_wconf 69' lang='lat' dir='ltr'><strong>qua:</strong></span> <span class='ocrx_word' id='word_1_296' title='bbox 1258 2587 1534 2639; x_wconf 86' lang='lat' dir='ltr'><strong>Doutinica</strong></span> <span class='ocrx_word' id='word_1_297' title='bbox 1566 2586 1690 2651; x_wconf 84' lang='lat' dir='ltr'><strong>fuit,</strong></span> 
     </span>
    </p>
   </div>
   <div class='ocr_carea' id='block_1_42' title="bbox 140 2672 1696 2747">
    <p class='ocr_par' dir='ltr' id='par_1_42' title="bbox 140 2672 1696 2747">
     <span class='ocr_line' id='line_1_42' title="bbox 140 2672 1696 2747; baseline 0.004 -22"><span class='ocrx_word' id='word_1_298' title='bbox 140 2672 257 2725; x_wconf 88' lang='lat' dir='ltr'><strong>idem</strong></span> <span class='ocrx_word' id='word_1_299' title='bbox 301 2674 398 2727; x_wconf 90' lang='lat' dir='ltr'><strong>Dei</strong></span> <span class='ocrx_word' id='word_1_300' title='bbox 448 2673 683 2728; x_wconf 78' lang='lat' dir='ltr'><strong>famulus</strong></span> <span class='ocrx_word' id='word_1_301' title='bbox 715 2674 899 2737; x_wconf 86' lang='lat' dir='ltr'><strong>Abho,</strong></span> <span class='ocrx_word' id='word_1_302' title='bbox 928 2684 1047 2743; x_wconf 89' lang='lat' dir='ltr'><strong>post</strong></span> <span class='ocrx_word' id='word_1_303' title='bbox 1092 2676 1265 2729; x_wconf 91' lang='lat' dir='ltr'><strong>sancti</strong></span> <span class='ocrx_word' id='word_1_304' title='bbox 1317 2676 1566 2730; x_wconf 82' lang='lat' dir='ltr'><strong>sacriﬁcii</strong></span> <span class='ocrx_word' id='word_1_305' title='bbox 1602 2693 1696 2747; x_wconf 91' lang='lat' dir='ltr'><strong>per</strong></span> 
     </span>
    </p>
   </div>
   <div class='ocr_carea' id='block_1_43' title="bbox 142 2765 1692 2840">
    <p class='ocr_par' dir='ltr' id='par_1_43' title="bbox 142 2765 1692 2840">
     <span class='ocr_line' id='line_1_43' title="bbox 142 2765 1692 2840; baseline 0.005 -23"><span class='ocrx_word' id='word_1_306' title='bbox 142 2766 350 2832; x_wconf 83' lang='lat' dir='ltr'><strong>seipsum</strong></span> <span class='ocrx_word' id='word_1_307' title='bbox 383 2765 709 2821; x_wconf 86' lang='lat' dir='ltr'><strong>oblationem</strong></span> <span class='ocrx_word' id='word_1_308' title='bbox 752 2782 815 2823; x_wconf 88' lang='lat' dir='ltr'><strong>ac</strong></span> <span class='ocrx_word' id='word_1_309' title='bbox 844 2769 1087 2840; x_wconf 89' lang='lat' dir='ltr'><strong>corporis</strong></span> <span class='ocrx_word' id='word_1_310' title='bbox 1119 2768 1501 2835; x_wconf 74' lang='lat' dir='ltr'><strong>refectionem,</strong></span> <span class='ocrx_word' id='word_1_311' title='bbox 1538 2788 1692 2825; x_wconf 85' lang='lat' dir='ltr'><strong>mon-</strong></span> 
     </span>
    </p>
   </div>
   <div class='ocr_carea' id='block_1_44' title="bbox 144 2860 1697 2934">
    <p class='ocr_par' dir='ltr' id='par_1_44' title="bbox 144 2860 1697 2934">
     <span class='ocr_line' id='line_1_44' title="bbox 144 2860 1697 2934; baseline 0.004 -23"><span class='ocrx_word' id='word_1_312' title='bbox 144 2868 233 2911; x_wconf 81' lang='lat' dir='ltr'><strong>lctn</strong></span> <span class='ocrx_word' id='word_1_313' title='bbox 278 2860 327 2911; x_wconf 89' lang='lat' dir='ltr'><strong>in</strong></span> <span class='ocrx_word' id='word_1_314' title='bbox 357 2875 467 2930; x_wconf 86' lang='lat' dir='ltr'><strong>quo</strong></span> <span class='ocrx_word' id='word_1_315' title='bbox 496 2866 881 2917; x_wconf 87' lang='lat' dir='ltr'><strong>monasterium</strong></span> <span class='ocrx_word' id='word_1_316' title='bbox 922 2866 1084 2919; x_wconf 90' lang='lat' dir='ltr'><strong>situm</strong></span> <span class='ocrx_word' id='word_1_317' title='bbox 1121 2876 1203 2920; x_wconf 86' lang='lat' dir='ltr'><strong>est</strong></span> <span class='ocrx_word' id='word_1_318' title='bbox 1237 2866 1474 2934; x_wconf 87' lang='lat' dir='ltr'><strong>undique</strong></span> <span class='ocrx_word' id='word_1_319' title='bbox 1520 2864 1697 2933; x_wconf 90' lang='lat' dir='ltr'><strong>perlu-</strong></span> 
     </span>
    </p>
   </div>
   <div class='ocr_carea' id='block_1_45' title="bbox 144 2952 1696 3012">
    <p class='ocr_par' dir='ltr' id='par_1_45' title="bbox 144 2952 1696 3012">
     <span class='ocr_line' id='line_1_45' title="bbox 144 2952 1696 3012; baseline 0.003 -9"><span class='ocrx_word' id='word_1_320' title='bbox 144 2958 335 3012; x_wconf 80' lang='lat' dir='ltr'><strong>strans,</strong></span> <span class='ocrx_word' id='word_1_321' title='bbox 395 2952 618 3007; x_wconf 89' lang='lat' dir='ltr'><strong>laudare</strong></span> <span class='ocrx_word' id='word_1_322' title='bbox 668 2952 821 3007; x_wconf 90' lang='lat' dir='ltr'><strong>simul</strong></span> <span class='ocrx_word' id='word_1_323' title='bbox 879 2969 940 3007; x_wconf 91' lang='lat' dir='ltr'><strong>ac</strong></span> <span class='ocrx_word' id='word_1_324' title='bbox 999 2954 1183 3006; x_wconf 89' lang='lat' dir='ltr'><strong>ntirari</strong></span> <span class='ocrx_word' id='word_1_325' title='bbox 1232 2969 1335 3007; x_wconf 93' lang='lat' dir='ltr'><strong>non</strong></span> <span class='ocrx_word' id='word_1_326' title='bbox 1374 2953 1545 3007; x_wconf 91' lang='lat' dir='ltr'><strong>solum</strong></span> <span class='ocrx_word' id='word_1_327' title='bbox 1594 2952 1696 3007; x_wconf 91' lang='lat' dir='ltr'><strong>loci</strong></span> 
     </span>
    </p>
   </div>
   <div class='ocr_carea' id='block_1_46' title="bbox 145 3041 1695 3115">
    <p class='ocr_par' dir='ltr' id='par_1_46' title="bbox 145 3041 1695 3115">
     <span class='ocr_line' id='line_1_46' title="bbox 145 3041 1695 3115; baseline 0.003 -23"><span class='ocrx_word' id='word_1_328' title='bbox 145 3041 464 3104; x_wconf 81' lang='lat' dir='ltr'><strong>ﬁrmitatem,</strong></span> <span class='ocrx_word' id='word_1_329' title='bbox 540 3057 725 3095; x_wconf 85' lang='lat' dir='ltr'><strong>verum</strong></span> <span class='ocrx_word' id='word_1_330' title='bbox 790 3044 952 3097; x_wconf 86' lang='lat' dir='ltr'><strong>etiam</strong></span> <span class='ocrx_word' id='word_1_331' title='bbox 996 3046 1353 3099; x_wconf 84' lang='lat' dir='ltr'><strong>maximorum</strong></span> <span class='ocrx_word' id='word_1_332' title='bbox 1402 3062 1521 3115; x_wconf 70' lang='lat' dir='ltr'><strong>qttat</strong></span> <span class='ocrx_word' id='word_1_333' title='bbox 1568 3044 1695 3099; x_wconf 92' lang='lat' dir='ltr'><strong>inibi</strong></span> 
     </span>
    </p>
   </div>
   <div class='ocr_carea' id='block_1_47' title="bbox 148 3130 1699 3207">
    <p class='ocr_par' dir='ltr' id='par_1_47' title="bbox 148 3130 1699 3207">
     <span class='ocr_line' id='line_1_47' title="bbox 148 3130 1699 3207; baseline 0.007 -25"><span class='ocrx_word' id='word_1_334' title='bbox 148 3130 338 3185; x_wconf 83' lang='lat' dir='ltr'><strong>fuerant</strong></span> <span class='ocrx_word' id='word_1_335' title='bbox 378 3132 731 3188; x_wconf 66' lang='lat' dir='ltr'><strong>aediﬁciorum</strong></span> <span class='ocrx_word' id='word_1_336' title='bbox 768 3134 1115 3191; x_wconf 85' lang='lat' dir='ltr'><strong>fundamenta</strong></span> <span class='ocrx_word' id='word_1_337' title='bbox 1143 3140 1325 3207; x_wconf 70' lang='lat' dir='ltr'><strong>cmpit.</strong></span> <span class='ocrx_word' id='word_1_338' title='bbox 1359 3138 1561 3193; x_wconf 89' lang='lat' dir='ltr'><strong>llorum</strong></span> <span class='ocrx_word' id='word_1_339' title='bbox 1599 3141 1699 3193; x_wconf 83' lang='lat' dir='ltr'><strong>ita-</strong></span> 
     </span>
    </p>
   </div>
   <div class='ocr_carea' id='block_1_48' title="bbox 1790 1936 3373 2004">
    <p class='ocr_par' dir='ltr' id='par_1_48' title="bbox 1790 1936 3373 2004">
     <span class='ocr_line' id='line_1_48' title="bbox 1790 1936 3373 2004; baseline -0.005 -7"><span class='ocrx_word' id='word_1_340' title='bbox 1790 1945 1880 1998; x_wconf 86' lang='lat' dir='ltr'><strong>bet</strong></span> <span class='ocrx_word' id='word_1_341' title='bbox 1929 1943 2212 1999; x_wconf 87' lang='lat' dir='ltr'><strong>occasione</strong></span> <span class='ocrx_word' id='word_1_342' title='bbox 2264 1952 2535 1997; x_wconf 91' lang='lat' dir='ltr'><strong>commoto</strong></span> <span class='ocrx_word' id='word_1_343' title='bbox 2609 1941 2879 2004; x_wconf 89' lang='lat' dir='ltr'><strong>tumultu,</strong></span> <span class='ocrx_word' id='word_1_344' title='bbox 2944 1947 3089 1992; x_wconf 89' lang='lat' dir='ltr'><strong>tanta</strong></span> <span class='ocrx_word' id='word_1_345' title='bbox 3140 1936 3373 1990; x_wconf 87' lang='lat' dir='ltr'><strong>famulos</strong></span> 
     </span>
    </p>
   </div>
   <div class='ocr_carea' id='block_1_49' title="bbox 1792 2026 3369 2105">
    <p class='ocr_par' dir='ltr' id='par_1_49' title="bbox 1792 2026 3369 2105">
     <span class='ocr_line' id='line_1_49' title="bbox 1792 2026 3369 2105; baseline -0.008 -17"><span class='ocrx_word' id='word_1_346' title='bbox 1792 2035 1960 2105; x_wconf 91' lang='lat' dir='ltr'><strong>ipsius</strong></span> <span class='ocrx_word' id='word_1_347' title='bbox 1990 2035 2151 2089; x_wconf 69' lang='lat' dir='ltr'><strong>caulis</strong></span> <span class='ocrx_word' id='word_1_348' title='bbox 2165 2034 2491 2087; x_wconf 88' lang='lat' dir='ltr'><strong>contumelia</strong></span> <span class='ocrx_word' id='word_1_349' title='bbox 2510 2030 2772 2095; x_wconf 87' lang='lat' dir='ltr'><strong>alliceret,</strong></span> <span class='ocrx_word' id='word_1_350' title='bbox 2806 2038 3073 2098; x_wconf 90' lang='lat' dir='ltr'><strong>quatenus</strong></span> <span class='ocrx_word' id='word_1_351' title='bbox 3097 2041 3196 2080; x_wconf 89' lang='lat' dir='ltr'><strong>nec</strong></span> <span class='ocrx_word' id='word_1_352' title='bbox 3222 2026 3334 2093; x_wconf 79' lang='lat' dir='ltr'><strong>ipse</strong></span> <span class='ocrx_word' id='word_1_353' title='bbox 3354 2063 3369 2086; x_wconf 93' lang='lat'><strong>,</strong></span> 
     </span>
    </p>
   </div>
   <div class='ocr_carea' id='block_1_50' title="bbox 1793 2112 3374 2195">
    <p class='ocr_par' dir='ltr' id='par_1_50' title="bbox 1793 2112 3374 2195">
     <span class='ocr_line' id='line_1_50' title="bbox 1793 2112 3374 2195; baseline -0.009 -15"><span class='ocrx_word' id='word_1_354' title='bbox 1793 2143 1891 2181; x_wconf 88' lang='lat' dir='ltr'><strong>nec</strong></span> <span class='ocrx_word' id='word_1_355' title='bbox 1916 2125 2138 2195; x_wconf 89' lang='lat' dir='ltr'><strong>quilibet</strong></span> <span class='ocrx_word' id='word_1_356' title='bbox 2179 2125 2316 2178; x_wconf 92' lang='lat' dir='ltr'><strong>alter</strong></span> <span class='ocrx_word' id='word_1_357' title='bbox 2338 2165 2351 2187; x_wconf 97' lang='lat'><strong>,</strong></span> <span class='ocrx_word' id='word_1_358' title='bbox 2391 2138 2484 2176; x_wconf 89' lang='lat' dir='ltr'><strong>eos</strong></span> <span class='ocrx_word' id='word_1_359' title='bbox 2515 2122 2738 2176; x_wconf 91' lang='lat' dir='ltr'><strong>ulterius</strong></span> <span class='ocrx_word' id='word_1_360' title='bbox 2769 2119 2919 2172; x_wconf 88' lang='lat' dir='ltr'><strong>adire</strong></span> <span class='ocrx_word' id='word_1_361' title='bbox 2948 2118 3189 2170; x_wconf 88' lang='lat' dir='ltr'><strong>auderet.</strong></span> <span class='ocrx_word' id='word_1_362' title='bbox 3221 2112 3374 2179; x_wconf 83' lang='lat' dir='ltr'><strong>Quod</strong></span> 
     </span>
    </p>
   </div>
   <div class='ocr_carea' id='block_1_51' title="bbox 1792 2209 3374 2272">
    <p class='ocr_par' dir='ltr' id='par_1_51' title="bbox 1792 2209 3374 2272">
     <span class='ocr_line' id='line_1_51' title="bbox 1792 2209 3374 2272; baseline -0.008 -1"><span class='ocrx_word' id='word_1_363' title='bbox 1792 2234 1922 2272; x_wconf 90' lang='lat' dir='ltr'><strong>vero</strong></span> <span class='ocrx_word' id='word_1_364' title='bbox 1954 2226 2181 2271; x_wconf 91' lang='lat' dir='ltr'><strong>mortem</strong></span> <span class='ocrx_word' id='word_1_365' title='bbox 2229 2217 2371 2270; x_wconf 90' lang='lat' dir='ltr'><strong>illius</strong></span> <span class='ocrx_word' id='word_1_366' title='bbox 2416 2217 2558 2269; x_wconf 90' lang='lat' dir='ltr'><strong>inter</strong></span> <span class='ocrx_word' id='word_1_367' title='bbox 2610 2214 2760 2269; x_wconf 91' lang='lat' dir='ltr'><strong>dolos</strong></span> <span class='ocrx_word' id='word_1_368' title='bbox 2812 2211 3114 2265; x_wconf 88' lang='lat' dir='ltr'><strong>machinata</strong></span> <span class='ocrx_word' id='word_1_369' title='bbox 3162 2209 3374 2261; x_wconf 89' lang='lat' dir='ltr'><strong>sitnon</strong></span> 
     </span>
    </p>
   </div>
   <div class='ocr_carea' id='block_1_52' title="bbox 1796 2295 3373 2377">
    <p class='ocr_par' dir='ltr' id='par_1_52' title="bbox 1796 2295 3373 2377">
     <span class='ocr_line' id='line_1_52' title="bbox 1796 2295 3373 2377; baseline -0.008 -18"><span class='ocrx_word' id='word_1_370' title='bbox 1796 2326 1920 2363; x_wconf 76' lang='lat' dir='ltr'><strong>vere</strong></span> <span class='ocrx_word' id='word_1_371' title='bbox 1967 2308 2167 2372; x_wconf 89' lang='lat' dir='ltr'><strong>scitur,</strong></span> <span class='ocrx_word' id='word_1_372' title='bbox 2219 2308 2322 2361; x_wconf 89' lang='lat' dir='ltr'><strong>nisi</strong></span> <span class='ocrx_word' id='word_1_373' title='bbox 2368 2308 2492 2377; x_wconf 90' lang='lat' dir='ltr'><strong>quia</strong></span> <span class='ocrx_word' id='word_1_374' title='bbox 2539 2306 2584 2360; x_wconf 84' lang='lat' dir='ltr'><strong>is</strong></span> <span class='ocrx_word' id='word_1_375' title='bbox 2618 2305 2706 2373; x_wconf 94' lang='lat' dir='ltr'><strong>qui</strong></span> <span class='ocrx_word' id='word_1_376' title='bbox 2738 2318 2859 2357; x_wconf 92' lang='lat' dir='ltr'><strong>eum</strong></span> <span class='ocrx_word' id='word_1_377' title='bbox 2888 2299 3217 2371; x_wconf 81' lang='lat' dir='ltr'><strong>percussisse</strong></span> <span class='ocrx_word' id='word_1_378' title='bbox 3242 2295 3373 2349; x_wconf 87' lang='lat' dir='ltr'><strong>dici-</strong></span> 
     </span>
    </p>
   </div>
   <div class='ocr_carea' id='block_1_53' title="bbox 1798 2389 3378 2470">
    <p class='ocr_par' dir='ltr' id='par_1_53' title="bbox 1798 2389 3378 2470">
     <span class='ocr_line' id='line_1_53' title="bbox 1798 2389 3378 2470; baseline -0.01 -15"><span class='ocrx_word' id='word_1_379' title='bbox 1798 2414 1884 2457; x_wconf 85' lang='lat' dir='ltr'><strong>tur</strong></span> <span class='ocrx_word' id='word_1_380' title='bbox 1942 2402 1997 2455; x_wconf 93' lang='lat' dir='ltr'><strong>in</strong></span> <span class='ocrx_word' id='word_1_381' title='bbox 2038 2401 2216 2470; x_wconf 75' lang='lat' dir='ltr'><strong>jurgio</strong></span> <span class='ocrx_word' id='word_1_382' title='bbox 2260 2400 2459 2452; x_wconf 79' lang='lat' dir='ltr'><strong>nostris</strong></span> <span class='ocrx_word' id='word_1_383' title='bbox 2491 2398 2691 2451; x_wconf 90' lang='lat' dir='ltr'><strong>dixisse</strong></span> <span class='ocrx_word' id='word_1_384' title='bbox 2744 2394 2918 2448; x_wconf 84' lang='lat' dir='ltr'><strong>fertur</strong></span> <span class='ocrx_word' id='word_1_385' title='bbox 2971 2406 3067 2460; x_wconf 90' lang='lat' dir='ltr'><strong>pro</strong></span> <span class='ocrx_word' id='word_1_386' title='bbox 3104 2389 3269 2442; x_wconf 89' lang='lat' dir='ltr'><strong>nihilo</strong></span> <span class='ocrx_word' id='word_1_387' title='bbox 3318 2401 3378 2439; x_wconf 89' lang='lat' dir='ltr'><strong>se</strong></span> 
     </span>
    </p>
   </div>
   <div class='ocr_carea' id='block_1_54' title="bbox 1796 2481 3374 2560">
    <p class='ocr_par' dir='ltr' id='par_1_54' title="bbox 1796 2481 3374 2560">
     <span class='ocr_line' id='line_1_54' title="bbox 1796 2481 3374 2560; baseline -0.013 -10"><span class='ocrx_word' id='word_1_388' title='bbox 1796 2497 1991 2551; x_wconf 83' lang='lat' dir='ltr'><strong>ducere</strong></span> <span class='ocrx_word' id='word_1_389' title='bbox 2020 2497 2068 2551; x_wconf 92' lang='lat' dir='ltr'><strong>si</strong></span> <span class='ocrx_word' id='word_1_390' title='bbox 2095 2495 2277 2549; x_wconf 91' lang='lat' dir='ltr'><strong>lancea</strong></span> <span class='ocrx_word' id='word_1_391' title='bbox 2312 2502 2554 2548; x_wconf 83' lang='lat' dir='ltr'><strong>ventrem</strong></span> <span class='ocrx_word' id='word_1_392' title='bbox 2580 2491 2697 2560; x_wconf 88' lang='lat' dir='ltr'><strong>ejus</strong></span> <span class='ocrx_word' id='word_1_393' title='bbox 2719 2487 3086 2542; x_wconf 86' lang='lat' dir='ltr'><strong>transforaret.</strong></span> <span class='ocrx_word' id='word_1_394' title='bbox 3131 2481 3374 2535; x_wconf 88' lang='lat' dir='ltr'><strong>Secunda</strong></span> 
     </span>
    </p>
   </div>
   <div class='ocr_carea' id='block_1_55' title="bbox 1798 2573 3381 2661">
    <p class='ocr_par' dir='ltr' id='par_1_55' title="bbox 1798 2573 3381 2661">
     <span class='ocr_line' id='line_1_55' title="bbox 1798 2573 3381 2661; baseline -0.01 -18"><span class='ocrx_word' id='word_1_395' title='bbox 1798 2590 1962 2661; x_wconf 65' lang='lat' dir='ltr'><strong>igitur</strong></span> <span class='ocrx_word' id='word_1_396' title='bbox 2006 2588 2156 2649; x_wconf 84' lang='lat' dir='ltr'><strong>feria,</strong></span> <span class='ocrx_word' id='word_1_397' title='bbox 2184 2603 2288 2657; x_wconf 90' lang='lat' dir='ltr'><strong>qua</strong></span> <span class='ocrx_word' id='word_1_398' title='bbox 2334 2585 2507 2639; x_wconf 88' lang='lat' dir='ltr'><strong>sancti</strong></span> <span class='ocrx_word' id='word_1_399' title='bbox 2562 2580 2889 2638; x_wconf 83' lang='lat' dir='ltr'><strong>confessoris</strong></span> <span class='ocrx_word' id='word_1_400' title='bbox 2933 2576 3089 2629; x_wconf 77' lang='lat' dir='ltr'><strong>Bt‘icii</strong></span> <span class='ocrx_word' id='word_1_401' title='bbox 3120 2573 3381 2645; x_wconf 79' lang='lat' dir='ltr'><strong>agebatur</strong></span> 
     </span>
    </p>
   </div>
   <div class='ocr_carea' id='block_1_56' title="bbox 1800 2669 3379 2744">
    <p class='ocr_par' dir='ltr' id='par_1_56' title="bbox 1800 2669 3379 2744">
     <span class='ocr_line' id='line_1_56' title="bbox 1800 2669 3379 2744; baseline -0.014 -9"><span class='ocrx_word' id='word_1_402' title='bbox 1800 2680 2089 2744; x_wconf 86' lang='lat' dir='ltr'><strong>festivitas,</strong></span> <span class='ocrx_word' id='word_1_403' title='bbox 2145 2679 2493 2740; x_wconf 90' lang='lat' dir='ltr'><strong>monachum,</strong></span> <span class='ocrx_word' id='word_1_404' title='bbox 2547 2676 2636 2744; x_wconf 90' lang='lat' dir='ltr'><strong>qui</strong></span> <span class='ocrx_word' id='word_1_405' title='bbox 2680 2676 2778 2727; x_wconf 88' lang='lat' dir='ltr'><strong>ltus</strong></span> <span class='ocrx_word' id='word_1_406' title='bbox 2808 2684 2928 2725; x_wconf 81' lang='lat' dir='ltr'><strong>esse</strong></span> <span class='ocrx_word' id='word_1_407' title='bbox 2954 2669 3234 2722; x_wconf 47' lang='lat' dir='ltr'><strong>dicebatur</strong></span> <span class='ocrx_word' id='word_1_408' title='bbox 3266 2678 3379 2715; x_wconf 85' lang='lat' dir='ltr'><strong>ma-</strong></span> 
     </span>
    </p>
   </div>
   <div class='ocr_carea' id='block_1_57' title="bbox 1799 2759 3380 2837">
    <p class='ocr_par' dir='ltr' id='par_1_57' title="bbox 1799 2759 3380 2837">
     <span class='ocr_line' id='line_1_57' title="bbox 1799 2759 3380 2837; baseline -0.013 -10"><span class='ocrx_word' id='word_1_409' title='bbox 1799 2775 2051 2827; x_wconf 88' lang='lat' dir='ltr'><strong>chinatus</strong></span> <span class='ocrx_word' id='word_1_410' title='bbox 2078 2772 2247 2834; x_wconf 86' lang='lat' dir='ltr'><strong>dolos,</strong></span> <span class='ocrx_word' id='word_1_411' title='bbox 2273 2779 2493 2825; x_wconf 91' lang='lat' dir='ltr'><strong>sanctus</strong></span> <span class='ocrx_word' id='word_1_412' title='bbox 2524 2779 2679 2837; x_wconf 88' lang='lat' dir='ltr'><strong>pater</strong></span> <span class='ocrx_word' id='word_1_413' title='bbox 2706 2774 2890 2818; x_wconf 87' lang='lat' dir='ltr'><strong>noster</strong></span> <span class='ocrx_word' id='word_1_414' title='bbox 2914 2762 3066 2815; x_wconf 83' lang='lat' dir='ltr'><strong>Abbo</strong></span> <span class='ocrx_word' id='word_1_415' title='bbox 3097 2759 3380 2827; x_wconf 85' lang='lat' dir='ltr'><strong>increpare</strong></span> 
     </span>
    </p>
   </div>
   <div class='ocr_carea' id='block_1_58' title="bbox 1800 2848 3382 2932">
    <p class='ocr_par' dir='ltr' id='par_1_58' title="bbox 1800 2848 3382 2932">
     <span class='ocr_line' id='line_1_58' title="bbox 1800 2848 3382 2932; baseline -0.016 -13"><span class='ocrx_word' id='word_1_416' title='bbox 1800 2865 1985 2932; x_wconf 73' lang='lat' dir='ltr'><strong>cmpil,</strong></span> <span class='ocrx_word' id='word_1_417' title='bbox 2013 2862 2176 2931; x_wconf 88' lang='lat' dir='ltr'><strong>quod,</strong></span> <span class='ocrx_word' id='word_1_418' title='bbox 2229 2862 2345 2913; x_wconf 89' lang='lat' dir='ltr'><strong>sine</strong></span> <span class='ocrx_word' id='word_1_419' title='bbox 2375 2858 2487 2925; x_wconf 80' lang='lat' dir='ltr'><strong>cjns</strong></span> <span class='ocrx_word' id='word_1_420' title='bbox 2511 2855 2725 2910; x_wconf 87' lang='lat' dir='ltr'><strong>licentia</strong></span> <span class='ocrx_word' id='word_1_421' title='bbox 2761 2854 2826 2906; x_wconf 90' lang='lat' dir='ltr'><strong>de</strong></span> <span class='ocrx_word' id='word_1_422' title='bbox 2855 2848 3179 2905; x_wconf 89' lang='lat' dir='ltr'><strong>monasterio</strong></span> <span class='ocrx_word' id='word_1_423' title='bbox 3200 2858 3382 2913; x_wconf 77' lang='lat' dir='ltr'><strong>egres-</strong></span> 
     </span>
    </p>
   </div>
   <div class='ocr_carea' id='block_1_59' title="bbox 1801 2935 3379 3016">
    <p class='ocr_par' dir='ltr' id='par_1_59' title="bbox 1801 2935 3379 3016">
     <span class='ocr_line' id='line_1_59' title="bbox 1801 2935 3379 3016; baseline -0.014 -9"><span class='ocrx_word' id='word_1_424' title='bbox 1801 2968 1914 3016; x_wconf 89' lang='lat' dir='ltr'><strong>sus,</strong></span> <span class='ocrx_word' id='word_1_425' title='bbox 1973 2952 2118 3003; x_wconf 88' lang='lat' dir='ltr'><strong>foras</strong></span> <span class='ocrx_word' id='word_1_426' title='bbox 2170 2948 2495 3001; x_wconf 88' lang='lat' dir='ltr'><strong>manducare</strong></span> <span class='ocrx_word' id='word_1_427' title='bbox 2543 2942 2990 3014; x_wconf 72' lang='lat' dir='ltr'><strong>przesutupsisset.</strong></span> <span class='ocrx_word' id='word_1_428' title='bbox 3030 2937 3127 2990; x_wconf 90' lang='lat' dir='ltr'><strong>llic</strong></span> <span class='ocrx_word' id='word_1_429' title='bbox 3163 2935 3379 2987; x_wconf 85' lang='lat' dir='ltr'><strong>Attczau</strong></span> 
     </span>
    </p>
   </div>
   <div class='ocr_carea' id='block_1_60' title="bbox 1802 3033 3382 3108">
    <p class='ocr_par' dir='ltr' id='par_1_60' title="bbox 1802 3033 3382 3108">
     <span class='ocr_line' id='line_1_60' title="bbox 1802 3033 3382 3108; baseline -0.014 -10"><span class='ocrx_word' id='word_1_430' title='bbox 1802 3044 2019 3099; x_wconf 84' lang='lat' dir='ltr'><strong>nomine</strong></span> <span class='ocrx_word' id='word_1_431' title='bbox 2065 3042 2345 3095; x_wconf 66' lang='lat' dir='ltr'><strong>dicebatur</strong></span> <span class='ocrx_word' id='word_1_432' title='bbox 2375 3038 2609 3108; x_wconf 88' lang='lat' dir='ltr'><strong>proprio,</strong></span> <span class='ocrx_word' id='word_1_433' title='bbox 2643 3044 2801 3105; x_wconf 80' lang='lat' dir='ltr'><strong>gente</strong></span> <span class='ocrx_word' id='word_1_434' title='bbox 2845 3033 3106 3086; x_wconf 89' lang='lat' dir='ltr'><strong>barbarus</strong></span> <span class='ocrx_word' id='word_1_435' title='bbox 3129 3043 3191 3080; x_wconf 87' lang='lat' dir='ltr'><strong>ac</strong></span> <span class='ocrx_word' id='word_1_436' title='bbox 3224 3040 3382 3079; x_wconf 81' lang='lat' dir='ltr'><strong>voca-</strong></span> 
     </span>
    </p>
   </div>
   <div class='ocr_carea' id='block_1_61' title="bbox 1801 3120 3387 3201">
    <p class='ocr_par' dir='ltr' id='par_1_61' title="bbox 1801 3120 3387 3201">
     <span class='ocr_line' id='line_1_61' title="bbox 1801 3120 3387 3201; baseline -0.013 -12"><span class='ocrx_word' id='word_1_437' title='bbox 1801 3135 1945 3190; x_wconf 87' lang='lat' dir='ltr'><strong>bulo.</strong></span> <span class='ocrx_word' id='word_1_438' title='bbox 1996 3134 2095 3201; x_wconf 84' lang='lat' dir='ltr'><strong>Qui</strong></span> <span class='ocrx_word' id='word_1_439' title='bbox 2132 3134 2253 3185; x_wconf 87' lang='lat' dir='ltr'><strong>dttnt</strong></span> <span class='ocrx_word' id='word_1_440' title='bbox 2284 3131 2454 3185; x_wconf 80' lang='lat' dir='ltr'><strong>sancti</strong></span> <span class='ocrx_word' id='word_1_441' title='bbox 2485 3129 2581 3183; x_wconf 86' lang='lat' dir='ltr'><strong>viri</strong></span> <span class='ocrx_word' id='word_1_442' title='bbox 2614 3126 3035 3195; x_wconf 82' lang='lat' dir='ltr'><strong>increpatioucm</strong></span> <span class='ocrx_word' id='word_1_443' title='bbox 3067 3137 3125 3175; x_wconf 90' lang='lat' dir='ltr'><strong>se</strong></span> <span class='ocrx_word' id='word_1_444' title='bbox 3177 3120 3387 3189; x_wconf 77' lang='lat' dir='ltr'><strong>patien-</strong></span> 
     </span>
    </p>
   </div>
   <div class='ocr_carea' id='block_1_62' title="bbox 148 3209 3386 3290">
    <p class='ocr_par' dir='ltr' id='par_1_62' title="bbox 148 3209 3386 3290">
     <span class='ocr_line' id='line_1_62' title="bbox 148 3209 3386 3290; baseline -0.003 -17"><span class='ocrx_word' id='word_1_445' title='bbox 148 3237 236 3290; x_wconf 86' lang='lat' dir='ltr'><strong>que</strong></span> <span class='ocrx_word' id='word_1_446' title='bbox 262 3223 499 3278; x_wconf 89' lang='lat' dir='ltr'><strong>locorum</strong></span> <span class='ocrx_word' id='word_1_447' title='bbox 550 3225 710 3278; x_wconf 91' lang='lat' dir='ltr'><strong>situm</strong></span> <span class='ocrx_word' id='word_1_448' title='bbox 737 3266 752 3290; x_wconf 94' lang='lat'><strong>,</strong></span> <span class='ocrx_word' id='word_1_449' title='bbox 806 3241 837 3278; x_wconf 88' lang='lat' dir='ltr'><strong>a</strong></span> <span class='ocrx_word' id='word_1_450' title='bbox 874 3238 1060 3281; x_wconf 90' lang='lat' dir='ltr'><strong>sancto</strong></span> <span class='ocrx_word' id='word_1_451' title='bbox 1088 3229 1204 3282; x_wconf 89' lang='lat' dir='ltr'><strong>viro</strong></span> <span class='ocrx_word' id='word_1_452' title='bbox 1236 3228 1508 3282; x_wconf 87' lang='lat' dir='ltr'><strong>laudatum</strong></span> <span class='ocrx_word' id='word_1_453' title='bbox 1532 3269 1546 3288; x_wconf 91' lang='lat'><strong>.</strong></span> <span class='ocrx_word' id='word_1_454' title='bbox 1588 3245 1703 3283; x_wconf 85' lang='lat' dir='ltr'><strong>suc-</strong></span> <span class='ocrx_word' id='word_1_455' title='bbox 1733 3209 1777 3271; x_wconf 69' lang='grc' dir='ltr'><strong>Ο</strong></span> <span class='ocrx_word' id='word_1_456' title='bbox 1812 3214 2058 3283; x_wconf 61' lang='grc' dir='ltr'><strong>ιετῖθτισθ</strong></span> <span class='ocrx_word' id='word_1_457' title='bbox 2106 3224 2343 3287; x_wconf 85' lang='lat' dir='ltr'><strong>simulat,</strong></span> <span class='ocrx_word' id='word_1_458' title='bbox 2392 3224 2481 3277; x_wconf 66' lang='lat' dir='ltr'><strong>Sed</strong></span> <span class='ocrx_word' id='word_1_459' title='bbox 2520 3217 3001 3275; x_wconf 81' lang='lat' dir='ltr'><strong>circuutstautilnts</strong></span> <span class='ocrx_word' id='word_1_460' title='bbox 3028 3224 3386 3269; x_wconf 76' lang='lat' dir='ltr'><strong>contumacra:</strong></span> 
     </span>
    </p>
   </div>
   <div class='ocr_carea' id='block_1_63' title="bbox 149 3312 1704 3386">
    <p class='ocr_par' dir='ltr' id='par_1_63' title="bbox 149 3312 1704 3386">
     <span class='ocr_line' id='line_1_63' title="bbox 149 3312 1704 3386; baseline 0.006 -21"><span class='ocrx_word' id='word_1_461' title='bbox 149 3312 345 3367; x_wconf 88' lang='lat' dir='ltr'><strong>cinctim</strong></span> <span class='ocrx_word' id='word_1_462' title='bbox 376 3315 569 3369; x_wconf 89' lang='lat' dir='ltr'><strong>litteris</strong></span> <span class='ocrx_word' id='word_1_463' title='bbox 590 3317 848 3369; x_wconf 88' lang='lat' dir='ltr'><strong>mamlare</strong></span> <span class='ocrx_word' id='word_1_464' title='bbox 877 3328 1237 3386; x_wconf 89' lang='lat' dir='ltr'><strong>opportumnn</strong></span> <span class='ocrx_word' id='word_1_465' title='bbox 1269 3319 1381 3374; x_wconf 84' lang='lat' dir='ltr'><strong>fore</strong></span> <span class='ocrx_word' id='word_1_466' title='bbox 1410 3321 1704 3375; x_wconf 90' lang='lat' dir='ltr'><strong>credimus.</strong></span> 
     </span>
    </p>
   </div>
   <div class='ocr_carea' id='block_1_64' title="bbox 208 3402 1706 3479">
    <p class='ocr_par' dir='ltr' id='par_1_64' title="bbox 208 3402 1706 3479">
     <span class='ocr_line' id='line_1_64' title="bbox 208 3402 1706 3479; baseline 0.003 -22"><span class='ocrx_word' id='word_1_467' title='bbox 208 3402 327 3458; x_wconf 72' lang='lat' dir='ltr'><strong>Car.</strong></span> <span class='ocrx_word' id='word_1_468' title='bbox 354 3403 472 3459; x_wconf 79' lang='lat' dir='ltr'><strong>XX.</strong></span> <span class='ocrx_word' id='word_1_469' title='bbox 498 3404 711 3475; x_wconf 77' lang='lat' dir='ltr'><strong>Regula:</strong></span> <span class='ocrx_word' id='word_1_470' title='bbox 737 3408 890 3461; x_wconf 81' lang='lat' dir='ltr'><strong>situs.</strong></span> <span class='ocrx_word' id='word_1_471' title='bbox 909 3406 1316 3479; x_wconf 78' lang='lat' dir='ltr'><strong>Cassiuogilum.</strong></span> <span class='ocrx_word' id='word_1_472' title='bbox 1339 3409 1706 3479; x_wconf 76' lang='lat' dir='ltr'><strong>Regulensium</strong></span> 
     </span>
    </p>
   </div>
   <div class='ocr_carea' id='block_1_65' title="bbox 153 3482 1710 3570">
    <p class='ocr_par' dir='ltr' id='par_1_65' title="bbox 153 3482 1710 3570">
     <span class='ocr_line' id='line_1_65' title="bbox 153 3482 1710 3570; baseline 0.006 -24"><span class='ocrx_word' id='word_1_473' title='bbox 153 3496 296 3562; x_wconf 70' lang='lat' dir='ltr'><strong>factio</strong></span> <span class='ocrx_word' id='word_1_474' title='bbox 339 3500 391 3550; x_wconf 82' lang='lat' dir='ltr'><strong>in</strong></span> <span class='ocrx_word' id='word_1_475' title='bbox 437 3499 720 3551; x_wconf 83' lang='lat' dir='ltr'><strong>Abbonem.</strong></span> <span class='ocrx_word' id='word_1_476' title='bbox 768 3500 994 3553; x_wconf 72' lang='lat' dir='ltr'><strong>Abbam‘s</strong></span> <span class='ocrx_word' id='word_1_477' title='bbox 1040 3482 1218 3570; x_wconf 65' lang='lat' dir='ltr'><strong>plaga.</strong></span> <span class='ocrx_word' id='word_1_478' title='bbox 1252 3502 1524 3557; x_wconf 78' lang='lat' dir='ltr'><strong>Interitus.</strong></span> <span class='ocrx_word' id='word_1_479' title='bbox 1560 3501 1710 3557; x_wconf 78' lang='lat' dir='ltr'><strong>Sedi-</strong></span> 
     </span>
    </p>
   </div>
   <div class='ocr_carea' id='block_1_66' title="bbox 154 3587 1708 3664">
    <p class='ocr_par' dir='ltr' id='par_1_66' title="bbox 154 3587 1708 3664">
     <span class='ocr_line' id='line_1_66' title="bbox 154 3587 1708 3664; baseline 0.007 -28"><span class='ocrx_word' id='word_1_480' title='bbox 154 3587 376 3664; x_wconf 73' lang='lat' dir='ltr'><strong>tiosorum</strong></span> <span class='ocrx_word' id='word_1_481' title='bbox 410 3589 583 3656; x_wconf 81' lang='lat' dir='ltr'><strong>furor.</strong></span> <span class='ocrx_word' id='word_1_482' title='bbox 612 3590 838 3643; x_wconf 78' lang='lat' dir='ltr'><strong>Abbom&#39;s</strong></span> <span class='ocrx_word' id='word_1_483' title='bbox 883 3591 1060 3657; x_wconf 77' lang='lat' dir='ltr'><strong>funus.</strong></span> <span class='ocrx_word' id='word_1_484' title='bbox 1092 3592 1370 3661; x_wconf 75' lang='lat' dir='ltr'><strong>Sepultum</strong></span> <span class='ocrx_word' id='word_1_485' title='bbox 1399 3612 1515 3647; x_wconf 87' lang='lat' dir='ltr'><strong>cum</strong></span> <span class='ocrx_word' id='word_1_486' title='bbox 1542 3593 1708 3647; x_wconf 77' lang='lat' dir='ltr'><strong>solitis</strong></span> 
     </span>
    </p>
   </div>
   <div class='ocr_carea' id='block_1_67' title="bbox 155 3677 1710 3753">
    <p class='ocr_par' dir='ltr' id='par_1_67' title="bbox 155 3677 1710 3753">
     <span class='ocr_line' id='line_1_67' title="bbox 155 3677 1710 3753; baseline 0.006 -24"><span class='ocrx_word' id='word_1_487' title='bbox 155 3677 371 3735; x_wconf 68' lang='lat' dir='ltr'><strong>restibus.</strong></span> <span class='ocrx_word' id='word_1_488' title='bbox 390 3709 463 3717; x_wconf 95' lang='lat'><strong>—</strong></span> <span class='ocrx_word' id='word_1_489' title='bbox 482 3679 1111 3751; x_wconf 66' lang='lat' dir='ltr'><strong>MonasterinmRegulae,</strong></span> <span class='ocrx_word' id='word_1_490' title='bbox 1135 3684 1187 3737; x_wconf 90' lang='lat' dir='ltr'><strong>in</strong></span> <span class='ocrx_word' id='word_1_491' title='bbox 1215 3684 1418 3753; x_wconf 88' lang='lat' dir='ltr'><strong>honore</strong></span> <span class='ocrx_word' id='word_1_492' title='bbox 1450 3685 1710 3753; x_wconf 88' lang='lat' dir='ltr'><strong>principis</strong></span> 
     </span>
    </p>
   </div>
   <div class='ocr_carea' id='block_1_68' title="bbox 157 3752 1707 3844">
    <p class='ocr_par' dir='ltr' id='par_1_68' title="bbox 157 3752 1707 3844">
     <span class='ocr_line' id='line_1_68' title="bbox 157 3752 1707 3844; baseline 0.008 -29"><span class='ocrx_word' id='word_1_493' title='bbox 157 3767 494 3831; x_wconf 86' lang='lat' dir='ltr'><strong>apostolorum</strong></span> <span class='ocrx_word' id='word_1_494' title='bbox 550 3768 657 3824; x_wconf 88' lang='lat' dir='ltr'><strong>Deo</strong></span> <span class='ocrx_word' id='word_1_495' title='bbox 710 3771 975 3835; x_wconf 91' lang='lat' dir='ltr'><strong>dicatum,</strong></span> <span class='ocrx_word' id='word_1_496' title='bbox 1028 3773 1078 3825; x_wconf 93' lang='lat' dir='ltr'><strong>in</strong></span> <span class='ocrx_word' id='word_1_497' title='bbox 1121 3782 1300 3827; x_wconf 90' lang='lat' dir='ltr'><strong>monte</strong></span> <span class='ocrx_word' id='word_1_498' title='bbox 1328 3752 1424 3828; x_wconf 74' lang='lat' dir='ltr'><strong>est</strong></span> <span class='ocrx_word' id='word_1_499' title='bbox 1452 3752 1707 3844; x_wconf 88' lang='lat' dir='ltr'><strong>positum.</strong></span> 
     </span>
    </p>
   </div>
   <div class='ocr_carea' id='block_1_69' title="bbox 156 3857 1705 3933">
    <p class='ocr_par' dir='ltr' id='par_1_69' title="bbox 156 3857 1705 3933">
     <span class='ocr_line' id='line_1_69' title="bbox 156 3857 1705 3933; baseline 0.008 -23"><span class='ocrx_word' id='word_1_500' title='bbox 156 3857 243 3924; x_wconf 75' lang='lat' dir='ltr'><strong>Qui</strong></span> <span class='ocrx_word' id='word_1_501' title='bbox 265 3862 506 3918; x_wconf 82' lang='lat' dir='ltr'><strong>videlicet</strong></span> <span class='ocrx_word' id='word_1_502' title='bbox 582 3879 736 3919; x_wconf 89' lang='lat' dir='ltr'><strong>mons</strong></span> <span class='ocrx_word' id='word_1_503' title='bbox 787 3882 815 3919; x_wconf 91' lang='lat' dir='ltr'><strong>a</strong></span> <span class='ocrx_word' id='word_1_504' title='bbox 869 3868 1042 3922; x_wconf 91' lang='lat' dir='ltr'><strong>tribus</strong></span> <span class='ocrx_word' id='word_1_505' title='bbox 1090 3869 1381 3933; x_wconf 85' lang='lat' dir='ltr'><strong>lateribus,</strong></span> <span class='ocrx_word' id='word_1_506' title='bbox 1424 3871 1705 3933; x_wconf 84' lang='lat' dir='ltr'><strong>orientali,</strong></span> 
     </span>
    </p>
   </div>
   <div class='ocr_carea' id='block_1_70' title="bbox 159 3952 1705 4031">
    <p class='ocr_par' dir='ltr' id='par_1_70' title="bbox 159 3952 1705 4031">
     <span class='ocr_line' id='line_1_70' title="bbox 159 3952 1705 4031; baseline 0.009 -30"><span class='ocrx_word' id='word_1_507' title='bbox 159 3952 421 4017; x_wconf 82' lang='lat' dir='ltr'><strong>aquilonali</strong></span> <span class='ocrx_word' id='word_1_508' title='bbox 469 3963 523 4009; x_wconf 88' lang='lat' dir='ltr'><strong>et</strong></span> <span class='ocrx_word' id='word_1_509' title='bbox 561 3957 921 4023; x_wconf 89' lang='lat' dir='ltr'><strong>occidentali,</strong></span> <span class='ocrx_word' id='word_1_510' title='bbox 959 3961 1080 4015; x_wconf 89' lang='lat' dir='ltr'><strong>aliis</strong></span> <span class='ocrx_word' id='word_1_511' title='bbox 1122 3962 1356 4031; x_wconf 84' lang='lat' dir='ltr'><strong>cingitur</strong></span> <span class='ocrx_word' id='word_1_512' title='bbox 1404 3963 1705 4027; x_wconf 87' lang='lat' dir='ltr'><strong>montibus;</strong></span> 
     </span>
    </p>
   </div>
   <div class='ocr_carea' id='block_1_71' title="bbox 159 4046 1711 4123">
    <p class='ocr_par' dir='ltr' id='par_1_71' title="bbox 159 4046 1711 4123">
     <span class='ocr_line' id='line_1_71' title="bbox 159 4046 1711 4123; baseline 0.01 -31"><span class='ocrx_word' id='word_1_513' title='bbox 159 4053 186 4092; x_wconf 70' lang='grc' dir='ltr'>ι</span> <span class='ocrx_word' id='word_1_514' title='bbox 231 4046 443 4101; x_wconf 87' lang='lat' dir='ltr'><strong>meridie</strong></span> <span class='ocrx_word' id='word_1_515' title='bbox 481 4046 734 4101; x_wconf 85' lang='lat' dir='ltr'><strong>Garonna</strong></span> <span class='ocrx_word' id='word_1_516' title='bbox 770 4049 1004 4104; x_wconf 88' lang='lat' dir='ltr'><strong>vallatur</strong></span> <span class='ocrx_word' id='word_1_517' title='bbox 1043 4050 1264 4106; x_wconf 88' lang='lat' dir='ltr'><strong>ﬂumine</strong></span> <span class='ocrx_word' id='word_1_518' title='bbox 1304 4054 1711 4123; x_wconf 87' lang='lat' dir='ltr'><strong>periculosaque</strong></span> 
     </span>
    </p>
   </div>
   <div class='ocr_carea' id='block_1_72' title="bbox 159 4127 1707 4211">
    <p class='ocr_par' dir='ltr' id='par_1_72' title="bbox 159 4127 1707 4211">
     <span class='ocr_line' id='line_1_72' title="bbox 159 4127 1707 4211; baseline 0.01 -30"><span class='ocrx_word' id='word_1_519' title='bbox 159 4127 297 4183; x_wconf 78' lang='lat' dir='ltr'><strong>vallis</strong></span> <span class='ocrx_word' id='word_1_520' title='bbox 338 4135 612 4202; x_wconf 81' lang='lat' dir='ltr'><strong>voragine.</strong></span> <span class='ocrx_word' id='word_1_521' title='bbox 666 4136 746 4189; x_wconf 89' lang='lat' dir='ltr'><strong>Ab</strong></span> <span class='ocrx_word' id='word_1_522' title='bbox 775 4138 983 4192; x_wconf 87' lang='lat' dir='ltr'><strong>oriente</strong></span> <span class='ocrx_word' id='word_1_523' title='bbox 1012 4140 1153 4197; x_wconf 87' lang='lat' dir='ltr'><strong>inter</strong></span> <span class='ocrx_word' id='word_1_524' title='bbox 1202 4142 1373 4211; x_wconf 90' lang='lat' dir='ltr'><strong>ipsum</strong></span> <span class='ocrx_word' id='word_1_525' title='bbox 1395 4150 1448 4195; x_wconf 88' lang='lat' dir='ltr'><strong>et</strong></span> <span class='ocrx_word' id='word_1_526' title='bbox 1481 4142 1707 4196; x_wconf 90' lang='lat' dir='ltr'><strong>alterum</strong></span> 
     </span>
    </p>
   </div>
   <div class='ocr_carea' id='block_1_73' title="bbox 161 4222 1712 4299">
    <p class='ocr_par' dir='ltr' id='par_1_73' title="bbox 161 4222 1712 4299">
     <span class='ocr_line' id='line_1_73' title="bbox 161 4222 1712 4299; baseline 0.009 -29"><span class='ocrx_word' id='word_1_527' title='bbox 161 4229 372 4276; x_wconf 87' lang='lat' dir='ltr'><strong>montem</strong></span> <span class='ocrx_word' id='word_1_528' title='bbox 422 4222 579 4276; x_wconf 88' lang='lat' dir='ltr'><strong>vallis</strong></span> <span class='ocrx_word' id='word_1_529' title='bbox 606 4224 790 4278; x_wconf 81' lang='lat' dir='ltr'><strong>existit</strong></span> <span class='ocrx_word' id='word_1_530' title='bbox 840 4238 1165 4299; x_wconf 73' lang='lat' dir='ltr'><strong>perangusta</strong></span> <span class='ocrx_word' id='word_1_531' title='bbox 1192 4271 1207 4295; x_wconf 90' lang='lat'><strong>,</strong></span> <span class='ocrx_word' id='word_1_532' title='bbox 1250 4246 1343 4299; x_wconf 91' lang='lat' dir='ltr'><strong>per</strong></span> <span class='ocrx_word' id='word_1_533' title='bbox 1386 4246 1546 4299; x_wconf 92' lang='lat' dir='ltr'><strong>quam</strong></span> <span class='ocrx_word' id='word_1_534' title='bbox 1591 4230 1712 4285; x_wconf 84' lang='lat' dir='ltr'><strong>fons</strong></span> 
     </span>
    </p>
   </div>
   <div class='ocr_carea' id='block_1_74' title="bbox 162 4317 1711 4391">
    <p class='ocr_par' dir='ltr' id='par_1_74' title="bbox 162 4317 1711 4391">
     <span class='ocr_line' id='line_1_74' title="bbox 162 4317 1711 4391; baseline 0.008 -28"><span class='ocrx_word' id='word_1_535' title='bbox 162 4324 327 4376; x_wconf 85' lang='lat' dir='ltr'><strong>meat,</strong></span> <span class='ocrx_word' id='word_1_536' title='bbox 375 4331 537 4383; x_wconf 90' lang='lat' dir='ltr'><strong>quam</strong></span> <span class='ocrx_word' id='word_1_537' title='bbox 588 4317 775 4372; x_wconf 83' lang='lat' dir='ltr'><strong>incolae</strong></span> <span class='ocrx_word' id='word_1_538' title='bbox 825 4318 1097 4375; x_wconf 82' lang='lat' dir='ltr'><strong>Mosellam</strong></span> <span class='ocrx_word' id='word_1_539' title='bbox 1154 4331 1494 4391; x_wconf 89' lang='lat' dir='ltr'><strong>nuncupant;</strong></span> <span class='ocrx_word' id='word_1_540' title='bbox 1548 4320 1711 4375; x_wconf 88' lang='lat' dir='ltr'><strong>simili</strong></span> 
     </span>
    </p>
   </div>
   <div class='ocr_carea' id='block_1_75' title="bbox 167 4404 1713 4484">
    <p class='ocr_par' dir='ltr' id='par_1_75' title="bbox 167 4404 1713 4484">
     <span class='ocr_line' id='line_1_75' title="bbox 167 4404 1713 4484; baseline 0.008 -30"><span class='ocrx_word' id='word_1_541' title='bbox 167 4404 311 4458; x_wconf 89' lang='lat' dir='ltr'><strong>modo</strong></span> <span class='ocrx_word' id='word_1_542' title='bbox 342 4406 408 4460; x_wconf 88' lang='lat' dir='ltr'><strong>ab</strong></span> <span class='ocrx_word' id='word_1_543' title='bbox 464 4410 749 4469; x_wconf 89' lang='lat' dir='ltr'><strong>occidente</strong></span> <span class='ocrx_word' id='word_1_544' title='bbox 794 4415 1015 4469; x_wconf 88' lang='lat' dir='ltr'><strong>alterius</strong></span> <span class='ocrx_word' id='word_1_545' title='bbox 1061 4413 1227 4469; x_wconf 84' lang='lat' dir='ltr'><strong>fontis</strong></span> <span class='ocrx_word' id='word_1_546' title='bbox 1261 4415 1449 4484; x_wconf 89' lang='lat' dir='ltr'><strong>rapido</strong></span> <span class='ocrx_word' id='word_1_547' title='bbox 1492 4414 1713 4468; x_wconf 88' lang='lat' dir='ltr'><strong>alluitur</strong></span> 
     </span>
    </p>
   </div>
   <div class='ocr_carea' id='block_1_76' title="bbox 165 4498 1710 4559">
    <p class='ocr_par' dir='ltr' id='par_1_76' title="bbox 165 4498 1710 4559">
     <span class='ocr_line' id='line_1_76' title="bbox 165 4498 1710 4559; baseline 0.008 -14"><span class='ocrx_word' id='word_1_548' title='bbox 165 4506 341 4558; x_wconf 78' lang='lat' dir='ltr'><strong>cursu,</strong></span> <span class='ocrx_word' id='word_1_549' title='bbox 386 4498 471 4552; x_wconf 90' lang='lat' dir='ltr'><strong>cui</strong></span> <span class='ocrx_word' id='word_1_550' title='bbox 506 4499 649 4555; x_wconf 83' lang='lat' dir='ltr'><strong>Mosa</strong></span> <span class='ocrx_word' id='word_1_551' title='bbox 682 4519 873 4558; x_wconf 91' lang='lat' dir='ltr'><strong>nomen</strong></span> <span class='ocrx_word' id='word_1_552' title='bbox 902 4514 1001 4559; x_wconf 90' lang='lat' dir='ltr'><strong>est.</strong></span> <span class='ocrx_word' id='word_1_553' title='bbox 1027 4505 1153 4559; x_wconf 69' lang='lat' dir='ltr'><strong>Haec</strong></span> <span class='ocrx_word' id='word_1_554' title='bbox 1180 4506 1395 4558; x_wconf 90' lang='lat' dir='ltr'><strong>nomina</strong></span> <span class='ocrx_word' id='word_1_555' title='bbox 1426 4520 1453 4557; x_wconf 90' lang='lat' dir='ltr'><strong>a</strong></span> <span class='ocrx_word' id='word_1_556' title='bbox 1487 4505 1710 4558; x_wconf 89' lang='lat' dir='ltr'><strong>Francis</strong></span> 
     </span>
    </p>
   </div>
   <div class='ocr_carea' id='block_1_77' title="bbox 168 4579 1714 4663">
    <p class='ocr_par' dir='ltr' id='par_1_77' title="bbox 168 4579 1714 4663">
     <span class='ocr_line' id='line_1_77' title="bbox 168 4579 1714 4663; baseline 0.009 -30"><span class='ocrx_word' id='word_1_557' title='bbox 168 4579 262 4636; x_wconf 85' lang='lat' dir='ltr'><strong>illis</strong></span> <span class='ocrx_word' id='word_1_558' title='bbox 301 4585 544 4654; x_wconf 73' lang='lat' dir='ltr'><strong>imposita</strong></span> <span class='ocrx_word' id='word_1_559' title='bbox 587 4592 949 4656; x_wconf 81' lang='lat' dir='ltr'><strong>:cstimantur,</strong></span> <span class='ocrx_word' id='word_1_560' title='bbox 998 4594 1088 4663; x_wconf 92' lang='lat' dir='ltr'><strong>qui</strong></span> <span class='ocrx_word' id='word_1_561' title='bbox 1130 4609 1159 4646; x_wconf 90' lang='lat' dir='ltr'><strong>a</strong></span> <span class='ocrx_word' id='word_1_562' title='bbox 1205 4594 1396 4663; x_wconf 79' lang='lat' dir='ltr'><strong>Magno</strong></span> <span class='ocrx_word' id='word_1_563' title='bbox 1423 4594 1618 4649; x_wconf 89' lang='lat' dir='ltr'><strong>Carolo</strong></span> <span class='ocrx_word' id='word_1_564' title='bbox 1648 4595 1714 4648; x_wconf 91' lang='lat' dir='ltr'><strong>ad</strong></span> 
     </span>
    </p>
   </div>
   <div class='ocr_carea' id='block_1_78' title="bbox 170 4669 1717 4755">
    <p class='ocr_par' dir='ltr' id='par_1_78' title="bbox 170 4669 1717 4755">
     <span class='ocr_line' id='line_1_78' title="bbox 170 4669 1717 4755; baseline 0.012 -31"><span class='ocrx_word' id='word_1_565' title='bbox 170 4669 422 4728; x_wconf 85' lang='lat' dir='ltr'><strong>tuitionem</strong></span> <span class='ocrx_word' id='word_1_566' title='bbox 471 4680 763 4746; x_wconf 77' lang='lat' dir='ltr'><strong>provincia:</strong></span> <span class='ocrx_word' id='word_1_567' title='bbox 830 4682 902 4736; x_wconf 92' lang='lat' dir='ltr'><strong>ibi</strong></span> <span class='ocrx_word' id='word_1_568' title='bbox 946 4683 1116 4737; x_wconf 90' lang='lat' dir='ltr'><strong>relicti</strong></span> <span class='ocrx_word' id='word_1_569' title='bbox 1193 4693 1367 4755; x_wconf 20' lang='lat' dir='ltr'><strong>suutu</strong></span> <span class='ocrx_word' id='word_1_570' title='bbox 1398 4684 1509 4737; x_wconf 75' lang='lat' dir='ltr'><strong>Non</strong></span> <span class='ocrx_word' id='word_1_571' title='bbox 1563 4686 1717 4755; x_wconf 84' lang='lat' dir='ltr'><strong>longe</strong></span> 
     </span>
    </p>
   </div>
   <div class='ocr_carea' id='block_1_79' title="bbox 171 4751 1719 4845">
    <p class='ocr_par' dir='ltr' id='par_1_79' title="bbox 171 4751 1719 4845">
     <span class='ocr_line' id='line_1_79' title="bbox 171 4751 1719 4845; baseline 0.012 -32"><span class='ocrx_word' id='word_1_572' title='bbox 171 4760 345 4831; x_wconf 86' lang='lat' dir='ltr'><strong>quippe</strong></span> <span class='ocrx_word' id='word_1_573' title='bbox 391 4766 459 4820; x_wconf 89' lang='lat' dir='ltr'><strong>ibi</strong></span> <span class='ocrx_word' id='word_1_574' title='bbox 506 4769 660 4824; x_wconf 89' lang='lat' dir='ltr'><strong>abest</strong></span> <span class='ocrx_word' id='word_1_575' title='bbox 713 4772 968 4840; x_wconf 88' lang='lat' dir='ltr'><strong>palatium</strong></span> <span class='ocrx_word' id='word_1_576' title='bbox 1018 4774 1187 4841; x_wconf 90' lang='lat' dir='ltr'><strong>ipsius</strong></span> <span class='ocrx_word' id='word_1_577' title='bbox 1237 4751 1413 4844; x_wconf 63' lang='lat' dir='ltr'><strong>magiri</strong></span> <span class='ocrx_word' id='word_1_578' title='bbox 1459 4751 1719 4845; x_wconf 67' lang='lat' dir='ltr'><strong>principis</strong></span> 
     </span>
    </p>
   </div>
   <div class='ocr_carea' id='block_1_80' title="bbox 172 4851 1720 4936">
    <p class='ocr_par' dir='ltr' id='par_1_80' title="bbox 172 4851 1720 4936">
     <span class='ocr_line' id='line_1_80' title="bbox 172 4851 1720 4936; baseline 0.013 -33"><span class='ocrx_word' id='word_1_579' title='bbox 172 4851 572 4927; x_wconf 79' lang='lat' dir='ltr'><strong>Cassinogilum,</strong></span> <span class='ocrx_word' id='word_1_580' title='bbox 621 4864 711 4916; x_wconf 90' lang='lat' dir='ltr'><strong>sed</strong></span> <span class='ocrx_word' id='word_1_581' title='bbox 749 4865 901 4933; x_wconf 91' lang='lat' dir='ltr'><strong>quasi</strong></span> <span class='ocrx_word' id='word_1_582' title='bbox 956 4866 1126 4921; x_wconf 89' lang='lat' dir='ltr'><strong>tribus</strong></span> <span class='ocrx_word' id='word_1_583' title='bbox 1176 4866 1475 4930; x_wconf 91' lang='lat' dir='ltr'><strong>milliariis,</strong></span> <span class='ocrx_word' id='word_1_584' title='bbox 1527 4867 1577 4920; x_wconf 92' lang='lat' dir='ltr'><strong>in</strong></span> <span class='ocrx_word' id='word_1_585' title='bbox 1613 4884 1720 4936; x_wconf 91' lang='lat' dir='ltr'><strong>quo</strong></span> 
     </span>
    </p>
   </div>
   <div class='ocr_carea' id='block_1_81' title="bbox 174 4944 1718 5025">
    <p class='ocr_par' dir='ltr' id='par_1_81' title="bbox 174 4944 1718 5025">
     <span class='ocr_line' id='line_1_81' title="bbox 174 4944 1718 5025; baseline 0.01 -29"><span class='ocrx_word' id='word_1_586' title='bbox 174 4944 300 4999; x_wconf 88' lang='lat' dir='ltr'><strong>idem</strong></span> <span class='ocrx_word' id='word_1_587' title='bbox 329 4948 617 5018; x_wconf 89' lang='lat' dir='ltr'><strong>imperator</strong></span> <span class='ocrx_word' id='word_1_588' title='bbox 641 4970 860 5011; x_wconf 85' lang='lat' dir='ltr'><strong>uxorem</strong></span> <span class='ocrx_word' id='word_1_589' title='bbox 888 4971 1059 5022; x_wconf 91' lang='lat' dir='ltr'><strong>suam,</strong></span> <span class='ocrx_word' id='word_1_590' title='bbox 1085 4957 1337 5011; x_wconf 88' lang='lat' dir='ltr'><strong>Ludovici</strong></span> <span class='ocrx_word' id='word_1_591' title='bbox 1367 4956 1445 5011; x_wconf 88' lang='lat' dir='ltr'><strong>Pii</strong></span> <span class='ocrx_word' id='word_1_592' title='bbox 1471 4968 1718 5025; x_wconf 88' lang='lat' dir='ltr'><strong>tnatrem,</strong></span> 
     </span>
    </p>
   </div>
   <div class='ocr_carea' id='block_1_82' title="bbox 174 5038 1721 5116">
    <p class='ocr_par' dir='ltr' id='par_1_82' title="bbox 174 5038 1721 5116">
     <span class='ocr_line' id='line_1_82' title="bbox 174 5038 1721 5116; baseline 0.008 -28"><span class='ocrx_word' id='word_1_593' title='bbox 174 5038 427 5101; x_wconf 70' lang='lat' dir='ltr'><strong>gravidam</strong></span> <span class='ocrx_word' id='word_1_594' title='bbox 478 5043 720 5112; x_wconf 85' lang='lat' dir='ltr'><strong>reliquit,</strong></span> <span class='ocrx_word' id='word_1_595' title='bbox 766 5048 892 5100; x_wconf 89' lang='lat' dir='ltr'><strong>dum</strong></span> <span class='ocrx_word' id='word_1_596' title='bbox 927 5058 1114 5102; x_wconf 89' lang='lat' dir='ltr'><strong>contra</strong></span> <span class='ocrx_word' id='word_1_597' title='bbox 1144 5049 1474 5102; x_wconf 86' lang='lat' dir='ltr'><strong>Sarracenos</strong></span> <span class='ocrx_word' id='word_1_598' title='bbox 1505 5048 1721 5116; x_wconf 77' lang='lat' dir='ltr'><strong>expedi-</strong></span> 
     </span>
    </p>
   </div>
   <div class='ocr_carea' id='block_1_83' title="bbox 179 5126 1721 5208">
    <p class='ocr_par' dir='ltr' id='par_1_83' title="bbox 179 5126 1721 5208">
     <span class='ocr_line' id='line_1_83' title="bbox 179 5126 1721 5208; baseline 0.012 -33"><span class='ocrx_word' id='word_1_599' title='bbox 179 5126 357 5183; x_wconf 89' lang='lat' dir='ltr'><strong>tionem</strong></span> <span class='ocrx_word' id='word_1_600' title='bbox 387 5132 438 5185; x_wconf 91' lang='lat' dir='ltr'><strong>in</strong></span> <span class='ocrx_word' id='word_1_601' title='bbox 484 5133 747 5203; x_wconf 83' lang='lat' dir='ltr'><strong>Hispaniis</strong></span> <span class='ocrx_word' id='word_1_602' title='bbox 780 5148 979 5208; x_wconf 83' lang='lat' dir='ltr'><strong>ageret.</strong></span> <span class='ocrx_word' id='word_1_603' title='bbox 1010 5140 1160 5207; x_wconf 85' lang='lat' dir='ltr'><strong>Quod</strong></span> <span class='ocrx_word' id='word_1_604' title='bbox 1191 5150 1243 5194; x_wconf 88' lang='lat' dir='ltr'><strong>et</strong></span> <span class='ocrx_word' id='word_1_605' title='bbox 1275 5140 1575 5195; x_wconf 83' lang='lat' dir='ltr'><strong>lleinardns</strong></span> <span class='ocrx_word' id='word_1_606' title='bbox 1602 5142 1721 5194; x_wconf 69' lang='lat' dir='ltr'><strong>vita:</strong></span> 
     </span>
    </p>
   </div>
   <div class='ocr_carea' id='block_1_84' title="bbox 180 5216 1721 5296">
    <p class='ocr_par' dir='ltr' id='par_1_84' title="bbox 180 5216 1721 5296">
     <span class='ocr_line' id='line_1_84' title="bbox 180 5216 1721 5296; baseline 0.01 -28"><span class='ocrx_word' id='word_1_607' title='bbox 180 5216 309 5272; x_wconf 84' lang='lat' dir='ltr'><strong>illius</strong></span> <span class='ocrx_word' id='word_1_608' title='bbox 341 5222 535 5277; x_wconf 88' lang='lat' dir='ltr'><strong>relator</strong></span> <span class='ocrx_word' id='word_1_609' title='bbox 579 5228 781 5296; x_wconf 82' lang='lat' dir='ltr'><strong>scribit,</strong></span> <span class='ocrx_word' id='word_1_610' title='bbox 836 5242 893 5283; x_wconf 87' lang='lat' dir='ltr'><strong>et</strong></span> <span class='ocrx_word' id='word_1_611' title='bbox 938 5246 1034 5284; x_wconf 83' lang='lat' dir='ltr'><strong>nos</strong></span> <span class='ocrx_word' id='word_1_612' title='bbox 1082 5233 1132 5285; x_wconf 94' lang='lat' dir='ltr'><strong>in</strong></span> <span class='ocrx_word' id='word_1_613' title='bbox 1177 5231 1313 5286; x_wconf 91' lang='lat' dir='ltr'><strong>libro</strong></span> <span class='ocrx_word' id='word_1_614' title='bbox 1341 5232 1721 5285; x_wconf 88' lang='lat' dir='ltr'><strong>miraculorum</strong></span> 
     </span>
    </p>
   </div>
   <div class='ocr_carea' id='block_1_85' title="bbox 181 5310 1723 5387">
    <p class='ocr_par' dir='ltr' id='par_1_85' title="bbox 181 5310 1723 5387">
     <span class='ocr_line' id='line_1_85' title="bbox 181 5310 1723 5387; baseline 0.009 -29"><span class='ocrx_word' id='word_1_615' title='bbox 181 5310 336 5361; x_wconf 77' lang='lat' dir='ltr'><strong>sancti</strong></span> <span class='ocrx_word' id='word_1_616' title='bbox 364 5314 525 5377; x_wconf 89' lang='lat' dir='ltr'><strong>patris</strong></span> <span class='ocrx_word' id='word_1_617' title='bbox 550 5314 820 5373; x_wconf 89' lang='lat' dir='ltr'><strong>Benedicti</strong></span> <span class='ocrx_word' id='word_1_618' title='bbox 872 5319 1106 5372; x_wconf 88' lang='lat' dir='ltr'><strong>breviter</strong></span> <span class='ocrx_word' id='word_1_619' title='bbox 1134 5319 1519 5387; x_wconf 83' lang='lat' dir='ltr'><strong>expressimus.</strong></span> <span class='ocrx_word' id='word_1_620' title='bbox 1552 5319 1723 5373; x_wconf 89' lang='lat' dir='ltr'><strong>Locus</strong></span> 
     </span>
    </p>
   </div>
   <div class='ocr_carea' id='block_1_86' title="bbox 1808 3303 3382 3385">
    <p class='ocr_par' dir='ltr' id='par_1_86' title="bbox 1808 3303 3382 3385">
     <span class='ocr_line' id='line_1_86' title="bbox 1808 3303 3382 3385; baseline -0.012 -13"><span class='ocrx_word' id='word_1_621' title='bbox 1808 3320 1973 3373; x_wconf 88' lang='lat' dir='ltr'><strong>verba</strong></span> <span class='ocrx_word' id='word_1_622' title='bbox 2028 3317 2342 3385; x_wconf 83' lang='lat' dir='ltr'><strong>respondet,</strong></span> <span class='ocrx_word' id='word_1_623' title='bbox 2375 3315 2552 3368; x_wconf 83' lang='lat' dir='ltr'><strong>subito</strong></span> <span class='ocrx_word' id='word_1_624' title='bbox 2587 3312 2803 3366; x_wconf 89' lang='lat' dir='ltr'><strong>auditur</strong></span> <span class='ocrx_word' id='word_1_625' title='bbox 2841 3309 3046 3363; x_wconf 85' lang='lat' dir='ltr'><strong>clamor</strong></span> <span class='ocrx_word' id='word_1_626' title='bbox 3075 3303 3382 3385; x_wconf 79' lang='lat' dir='ltr'><strong>mulierum,</strong></span> 
     </span>
    </p>
   </div>
   <div class='ocr_carea' id='block_1_87' title="bbox 1804 3382 3388 3480">
    <p class='ocr_par' dir='ltr' id='par_1_87' title="bbox 1804 3382 3388 3480">
     <span class='ocr_line' id='line_1_87' title="bbox 1804 3382 3388 3480; baseline -0.009 -21"><span class='ocrx_word' id='word_1_627' title='bbox 1804 3411 1958 3480; x_wconf 85' lang='lat' dir='ltr'><strong>juxta</strong></span> <span class='ocrx_word' id='word_1_628' title='bbox 2008 3382 2211 3461; x_wconf 84' lang='lat' dir='ltr'><strong>morem</strong></span> <span class='ocrx_word' id='word_1_629' title='bbox 2263 3408 2374 3476; x_wconf 91' lang='lat' dir='ltr'><strong>(l8)</strong></span> <span class='ocrx_word' id='word_1_630' title='bbox 2428 3406 2604 3474; x_wconf 81' lang='lat' dir='ltr'><strong>gentis</strong></span> <span class='ocrx_word' id='word_1_631' title='bbox 2646 3403 2807 3465; x_wconf 92' lang='lat' dir='ltr'><strong>illius,</strong></span> <span class='ocrx_word' id='word_1_632' title='bbox 2852 3400 2940 3453; x_wconf 91' lang='lat' dir='ltr'><strong>ubi</strong></span> <span class='ocrx_word' id='word_1_633' title='bbox 2981 3382 3185 3451; x_wconf 69' lang='lat' dir='ltr'><strong>seditid</strong></span> <span class='ocrx_word' id='word_1_634' title='bbox 3211 3396 3388 3450; x_wconf 82' lang='lat' dir='ltr'><strong>oritur</strong></span> 
     </span>
    </p>
   </div>
   <div class='ocr_carea' id='block_1_88' title="bbox 1810 3484 3383 3554">
    <p class='ocr_par' dir='ltr' id='par_1_88' title="bbox 1810 3484 3383 3554">
     <span class='ocr_line' id='line_1_88' title="bbox 1810 3484 3383 3554; baseline -0.01 -3"><span class='ocrx_word' id='word_1_635' title='bbox 1810 3508 1901 3553; x_wconf 88' lang='lat' dir='ltr'><strong>aut</strong></span> <span class='ocrx_word' id='word_1_636' title='bbox 1939 3514 2085 3552; x_wconf 88' lang='lat' dir='ltr'><strong>mors</strong></span> <span class='ocrx_word' id='word_1_637' title='bbox 2132 3496 2367 3549; x_wconf 88' lang='lat' dir='ltr'><strong>hominis</strong></span> <span class='ocrx_word' id='word_1_638' title='bbox 2397 3494 2703 3554; x_wconf 88' lang='lat' dir='ltr'><strong>intervenit,</strong></span> <span class='ocrx_word' id='word_1_639' title='bbox 2736 3488 3212 3544; x_wconf 84' lang='lat' dir='ltr'><strong>conclamantiutn.</strong></span> <span class='ocrx_word' id='word_1_640' title='bbox 3249 3484 3383 3537; x_wconf 87' lang='lat' dir='ltr'><strong>Tum</strong></span> 
     </span>
    </p>
   </div>
   <div class='ocr_carea' id='block_1_89' title="bbox 1812 3574 3383 3657">
    <p class='ocr_par' dir='ltr' id='par_1_89' title="bbox 1812 3574 3383 3657">
     <span class='ocr_line' id='line_1_89' title="bbox 1812 3574 3383 3657; baseline -0.01 -16"><span class='ocrx_word' id='word_1_641' title='bbox 1812 3588 1899 3642; x_wconf 89' lang='lat' dir='ltr'><strong>ille</strong></span> <span class='ocrx_word' id='word_1_642' title='bbox 1940 3585 2200 3657; x_wconf 88' lang='lat' dir='ltr'><strong>perfidus,</strong></span> <span class='ocrx_word' id='word_1_643' title='bbox 2229 3584 2346 3638; x_wconf 88' lang='lat' dir='ltr'><strong>solo</strong></span> <span class='ocrx_word' id='word_1_644' title='bbox 2393 3584 2610 3635; x_wconf 89' lang='lat' dir='ltr'><strong>nomine</strong></span> <span class='ocrx_word' id='word_1_645' title='bbox 2646 3580 2958 3639; x_wconf 78' lang='lat' dir='ltr'><strong>monachus,</strong></span> <span class='ocrx_word' id='word_1_646' title='bbox 2990 3578 3055 3629; x_wconf 90' lang='lat' dir='ltr'><strong>ad</strong></span> <span class='ocrx_word' id='word_1_647' title='bbox 3085 3590 3179 3627; x_wconf 89' lang='lat' dir='ltr'><strong>eos</strong></span> <span class='ocrx_word' id='word_1_648' title='bbox 3202 3574 3291 3641; x_wconf 92' lang='lat' dir='ltr'><strong>qui</strong></span> <span class='ocrx_word' id='word_1_649' title='bbox 3324 3589 3383 3625; x_wconf 81' lang='lat' dir='ltr'><strong>se</strong></span> 
     </span>
    </p>
   </div>
   <div class='ocr_carea' id='block_1_90' title="bbox 1811 3664 3387 3735">
    <p class='ocr_par' dir='ltr' id='par_1_90' title="bbox 1811 3664 3387 3735">
     <span class='ocr_line' id='line_1_90' title="bbox 1811 3664 3387 3735; baseline -0.011 -4"><span class='ocrx_word' id='word_1_650' title='bbox 1811 3677 2235 3731; x_wconf 84' lang='lat' dir='ltr'><strong>circumstabant</strong></span> <span class='ocrx_word' id='word_1_651' title='bbox 2288 3674 2405 3727; x_wconf 91' lang='lat' dir='ltr'><strong>infit</strong></span> <span class='ocrx_word' id='word_1_652' title='bbox 2455 3690 2467 3724; x_wconf 87' lang='lat'><strong>:</strong></span> <span class='ocrx_word' id='word_1_653' title='bbox 2515 3691 2531 3722; x_wconf 75' lang='grc' dir='ltr'>ι</span> <span class='ocrx_word' id='word_1_654' title='bbox 2572 3670 2725 3724; x_wconf 86' lang='lat' dir='ltr'><strong>Nunc</strong></span> <span class='ocrx_word' id='word_1_655' title='bbox 2757 3710 2772 3733; x_wconf 88' lang='lat'><strong>,</strong></span> <span class='ocrx_word' id='word_1_656' title='bbox 2850 3667 3119 3735; x_wconf 84' lang='lat' dir='ltr'><strong>inquiens,</strong></span> <span class='ocrx_word' id='word_1_657' title='bbox 3179 3664 3387 3715; x_wconf 85' lang='lat' dir='ltr'><strong>dicetur</strong></span> 
     </span>
    </p>
   </div>
   <div class='ocr_carea' id='block_1_91' title="bbox 1812 3753 3388 3823">
    <p class='ocr_par' dir='ltr' id='par_1_91' title="bbox 1812 3753 3388 3823">
     <span class='ocr_line' id='line_1_91' title="bbox 1812 3753 3388 3823; baseline -0.011 0"><span class='ocrx_word' id='word_1_658' title='bbox 1812 3786 1931 3823; x_wconf 90' lang='lat' dir='ltr'><strong>meo</strong></span> <span class='ocrx_word' id='word_1_659' title='bbox 1964 3768 2167 3822; x_wconf 91' lang='lat' dir='ltr'><strong>monitu</strong></span> <span class='ocrx_word' id='word_1_660' title='bbox 2220 3767 2320 3819; x_wconf 92' lang='lat' dir='ltr'><strong>hoc</strong></span> <span class='ocrx_word' id='word_1_661' title='bbox 2360 3781 2479 3818; x_wconf 87' lang='lat' dir='ltr'><strong>esse</strong></span> <span class='ocrx_word' id='word_1_662' title='bbox 2506 3775 2683 3816; x_wconf 93' lang='lat' dir='ltr'><strong>ortum</strong></span> <span class='ocrx_word' id='word_1_663' title='bbox 2720 3761 3054 3815; x_wconf 86' lang='lat' dir='ltr'><strong>scandalum.</strong></span> <span class='ocrx_word' id='word_1_664' title='bbox 3089 3777 3105 3807; x_wconf 73' lang='grc' dir='ltr'>ι</span> <span class='ocrx_word' id='word_1_665' title='bbox 3139 3756 3235 3809; x_wconf 89' lang='lat' dir='ltr'><strong>Cui</strong></span> <span class='ocrx_word' id='word_1_666' title='bbox 3267 3753 3388 3821; x_wconf 91' lang='lat' dir='ltr'><strong>qui-</strong></span> 
     </span>
    </p>
   </div>
   <div class='ocr_carea' id='block_1_92' title="bbox 1811 3845 3390 3929">
    <p class='ocr_par' dir='ltr' id='par_1_92' title="bbox 1811 3845 3390 3929">
     <span class='ocr_line' id='line_1_92' title="bbox 1811 3845 3390 3929; baseline -0.015 -11"><span class='ocrx_word' id='word_1_667' title='bbox 1811 3865 1932 3919; x_wconf 85' lang='lat' dir='ltr'><strong>dam</strong></span> <span class='ocrx_word' id='word_1_668' title='bbox 1966 3878 2031 3915; x_wconf 80' lang='lat' dir='ltr'><strong>ex</strong></span> <span class='ocrx_word' id='word_1_669' title='bbox 2062 3862 2141 3913; x_wconf 85' lang='lat' dir='ltr'><strong>his</strong></span> <span class='ocrx_word' id='word_1_670' title='bbox 2163 3860 2253 3929; x_wconf 90' lang='lat' dir='ltr'><strong>qui</strong></span> <span class='ocrx_word' id='word_1_671' title='bbox 2283 3861 2509 3911; x_wconf 88' lang='lat' dir='ltr'><strong>aderant</strong></span> <span class='ocrx_word' id='word_1_672' title='bbox 2541 3874 2551 3907; x_wconf 91' lang='lat'>:</span> <span class='ocrx_word' id='word_1_673' title='bbox 2590 3875 2607 3905; x_wconf 83' lang='grc'><strong>‹</strong></span> <span class='ocrx_word' id='word_1_674' title='bbox 2643 3854 2721 3915; x_wconf 87' lang='lat' dir='ltr'><strong>Si,</strong></span> <span class='ocrx_word' id='word_1_675' title='bbox 2752 3854 2850 3914; x_wconf 90' lang='lat' dir='ltr'><strong>ait,</strong></span> <span class='ocrx_word' id='word_1_676' title='bbox 2876 3852 2926 3903; x_wconf 92' lang='lat' dir='ltr'><strong>id</strong></span> <span class='ocrx_word' id='word_1_677' title='bbox 2959 3850 3173 3909; x_wconf 84' lang='lat' dir='ltr'><strong>metuis,</strong></span> <span class='ocrx_word' id='word_1_678' title='bbox 3206 3845 3390 3899; x_wconf 86' lang='lat' dir='ltr'><strong>nobis-</strong></span> 
     </span>
    </p>
   </div>
   <div class='ocr_carea' id='block_1_93' title="bbox 1811 3942 3389 4015">
    <p class='ocr_par' dir='ltr' id='par_1_93' title="bbox 1811 3942 3389 4015">
     <span class='ocr_line' id='line_1_93' title="bbox 1811 3942 3389 4015; baseline -0.013 -6"><span class='ocrx_word' id='word_1_679' title='bbox 1811 3972 1933 4011; x_wconf 91' lang='lat' dir='ltr'><strong>cum</strong></span> <span class='ocrx_word' id='word_1_680' title='bbox 1965 3955 2031 4006; x_wconf 91' lang='lat' dir='ltr'><strong>ad</strong></span> <span class='ocrx_word' id='word_1_681' title='bbox 2068 3954 2163 4005; x_wconf 88' lang='lat' dir='ltr'><strong>hos</strong></span> <span class='ocrx_word' id='word_1_682' title='bbox 2189 3950 2455 4005; x_wconf 88' lang='lat' dir='ltr'><strong>sedandos</strong></span> <span class='ocrx_word' id='word_1_683' title='bbox 2487 3947 2813 4015; x_wconf 71' lang='lat' dir='ltr'><strong>progredere</strong></span> <span class='ocrx_word' id='word_1_684' title='bbox 2844 3954 3040 3996; x_wconf 87' lang='lat' dir='ltr'><strong>motus.</strong></span> <span class='ocrx_word' id='word_1_685' title='bbox 3077 3942 3274 3993; x_wconf 85' lang='lat' dir='ltr'><strong>Verum</strong></span> <span class='ocrx_word' id='word_1_686' title='bbox 3322 3952 3389 3990; x_wconf 89' lang='lat' dir='ltr'><strong>co</strong></span> 
     </span>
    </p>
   </div>
   <div class='ocr_carea' id='block_1_94' title="bbox 1811 4029 3389 4106">
    <p class='ocr_par' dir='ltr' id='par_1_94' title="bbox 1811 4029 3389 4106">
     <span class='ocr_line' id='line_1_94' title="bbox 1811 4029 3389 4106; baseline -0.013 -5"><span class='ocrx_word' id='word_1_687' title='bbox 1811 4045 2114 4106; x_wconf 81' lang='lat' dir='ltr'><strong>dilfercnte,</strong></span> <span class='ocrx_word' id='word_1_688' title='bbox 2164 4043 2230 4094; x_wconf 90' lang='lat' dir='ltr'><strong>ad</strong></span> <span class='ocrx_word' id='word_1_689' title='bbox 2284 4052 2497 4094; x_wconf 89' lang='lat' dir='ltr'><strong>nostros</strong></span> <span class='ocrx_word' id='word_1_690' title='bbox 2554 4036 2923 4106; x_wconf 90' lang='lat' dir='ltr'><strong>rcprimendos</strong></span> <span class='ocrx_word' id='word_1_691' title='bbox 2964 4035 3007 4087; x_wconf 90' lang='lat' dir='ltr'><strong>is</strong></span> <span class='ocrx_word' id='word_1_692' title='bbox 3058 4033 3145 4101; x_wconf 91' lang='lat' dir='ltr'><strong>qui</strong></span> <span class='ocrx_word' id='word_1_693' title='bbox 3185 4029 3389 4084; x_wconf 87' lang='lat' dir='ltr'><strong>monita</strong></span> 
     </span>
    </p>
   </div>
   <div class='ocr_carea' id='block_1_95' title="bbox 1812 4126 3392 4201">
    <p class='ocr_par' dir='ltr' id='par_1_95' title="bbox 1812 4126 3392 4201">
     <span class='ocr_line' id='line_1_95' title="bbox 1812 4126 3392 4201; baseline -0.012 -11"><span class='ocrx_word' id='word_1_694' title='bbox 1812 4138 2037 4191; x_wconf 86' lang='lat' dir='ltr'><strong>dederat</strong></span> <span class='ocrx_word' id='word_1_695' title='bbox 2100 4134 2298 4188; x_wconf 89' lang='lat' dir='ltr'><strong>cursim</strong></span> <span class='ocrx_word' id='word_1_696' title='bbox 2375 4131 2740 4201; x_wconf 82' lang='lat' dir='ltr'><strong>progreditur.</strong></span> <span class='ocrx_word' id='word_1_697' title='bbox 2794 4126 2966 4180; x_wconf 87' lang='lat' dir='ltr'><strong>Causa</strong></span> <span class='ocrx_word' id='word_1_698' title='bbox 3026 4131 3203 4175; x_wconf 86' lang='lat' dir='ltr'><strong>autem</strong></span> <span class='ocrx_word' id='word_1_699' title='bbox 3255 4128 3392 4172; x_wconf 66' lang='lat' dir='ltr'><strong>ortte</strong></span> 
     </span>
    </p>
   </div>
   <div class='ocr_carea' id='block_1_96' title="bbox 1814 4212 3395 4288">
    <p class='ocr_par' dir='ltr' id='par_1_96' title="bbox 1814 4212 3395 4288">
     <span class='ocr_line' id='line_1_96' title="bbox 1814 4212 3395 4288; baseline -0.011 -5"><span class='ocrx_word' id='word_1_700' title='bbox 1814 4228 2094 4283; x_wconf 72' lang='lat' dir='ltr'><strong>seditionis</strong></span> <span class='ocrx_word' id='word_1_701' title='bbox 2125 4228 2236 4281; x_wconf 79' lang='lat' dir='ltr'><strong>lucc</strong></span> <span class='ocrx_word' id='word_1_702' title='bbox 2262 4235 2396 4280; x_wconf 89' lang='lat' dir='ltr'><strong>erat.</strong></span> <span class='ocrx_word' id='word_1_703' title='bbox 2425 4224 2555 4277; x_wconf 88' lang='lat' dir='ltr'><strong>Tam</strong></span> <span class='ocrx_word' id='word_1_704' title='bbox 2586 4221 2811 4276; x_wconf 89' lang='lat' dir='ltr'><strong>Francis</strong></span> <span class='ocrx_word' id='word_1_705' title='bbox 2834 4235 2995 4288; x_wconf 88' lang='lat' dir='ltr'><strong>quant</strong></span> <span class='ocrx_word' id='word_1_706' title='bbox 3017 4212 3395 4271; x_wconf 87' lang='lat' dir='ltr'><strong>Gnasconibus</strong></span> 
     </span>
    </p>
   </div>
   <div class='ocr_carea' id='block_1_97' title="bbox 1814 4304 3391 4376">
    <p class='ocr_par' dir='ltr' id='par_1_97' title="bbox 1814 4304 3391 4376">
     <span class='ocr_line' id='line_1_97' title="bbox 1814 4304 3391 4376; baseline -0.015 0"><span class='ocrx_word' id='word_1_707' title='bbox 1814 4338 1871 4376; x_wconf 88' lang='lat' dir='ltr'><strong>se</strong></span> <span class='ocrx_word' id='word_1_708' title='bbox 1920 4320 2212 4375; x_wconf 88' lang='lat' dir='ltr'><strong>alterutros</strong></span> <span class='ocrx_word' id='word_1_709' title='bbox 2256 4317 2517 4373; x_wconf 89' lang='lat' dir='ltr'><strong>conviciis</strong></span> <span class='ocrx_word' id='word_1_710' title='bbox 2547 4312 2956 4374; x_wconf 88' lang='lat' dir='ltr'><strong>lacessentibus,</strong></span> <span class='ocrx_word' id='word_1_711' title='bbox 2988 4321 3125 4365; x_wconf 86' lang='lat' dir='ltr'><strong>unus</strong></span> <span class='ocrx_word' id='word_1_712' title='bbox 3156 4304 3391 4363; x_wconf 66' lang='lat' dir='ltr'><strong>FriIIICO-s</strong></span> 
     </span>
    </p>
   </div>
   <div class='ocr_carea' id='block_1_98' title="bbox 1817 4392 3393 4479">
    <p class='ocr_par' dir='ltr' id='par_1_98' title="bbox 1817 4392 3393 4479">
     <span class='ocr_line' id='line_1_98' title="bbox 1817 4392 3393 4479; baseline -0.013 -14"><span class='ocrx_word' id='word_1_713' title='bbox 1817 4429 1957 4477; x_wconf 84' lang='lat' dir='ltr'><strong>rum,</strong></span> <span class='ocrx_word' id='word_1_714' title='bbox 1985 4411 2211 4465; x_wconf 92' lang='lat' dir='ltr'><strong>nimium</strong></span> <span class='ocrx_word' id='word_1_715' title='bbox 2261 4409 2548 4479; x_wconf 88' lang='lat' dir='ltr'><strong>impatiens</strong></span> <span class='ocrx_word' id='word_1_716' title='bbox 2579 4404 2807 4461; x_wconf 89' lang='lat' dir='ltr'><strong>convicii</strong></span> <span class='ocrx_word' id='word_1_717' title='bbox 2861 4400 3077 4455; x_wconf 92' lang='lat' dir='ltr'><strong>domino</strong></span> <span class='ocrx_word' id='word_1_718' title='bbox 3107 4412 3203 4449; x_wconf 87' lang='lat' dir='ltr'><strong>suo</strong></span> <span class='ocrx_word' id='word_1_719' title='bbox 3234 4392 3393 4460; x_wconf 79' lang='lat' dir='ltr'><strong>illati,</strong></span> 
     </span>
    </p>
   </div>
   <div class='ocr_carea' id='block_1_99' title="bbox 1817 4484 3396 4558">
    <p class='ocr_par' dir='ltr' id='par_1_99' title="bbox 1817 4484 3396 4558">
     <span class='ocr_line' id='line_1_99' title="bbox 1817 4484 3396 4558; baseline -0.011 -1"><span class='ocrx_word' id='word_1_720' title='bbox 1817 4504 2236 4558; x_wconf 87' lang='lat' dir='ltr'><strong>conviciatorem</strong></span> <span class='ocrx_word' id='word_1_721' title='bbox 2287 4498 2479 4555; x_wconf 92' lang='lat' dir='ltr'><strong>baculo</strong></span> <span class='ocrx_word' id='word_1_722' title='bbox 2533 4500 2677 4552; x_wconf 89' lang='lat' dir='ltr'><strong>inter</strong></span> <span class='ocrx_word' id='word_1_723' title='bbox 2725 4493 2990 4549; x_wconf 86' lang='lat' dir='ltr'><strong>cervicem</strong></span> <span class='ocrx_word' id='word_1_724' title='bbox 3038 4497 3093 4541; x_wconf 91' lang='lat' dir='ltr'><strong>et</strong></span> <span class='ocrx_word' id='word_1_725' title='bbox 3147 4484 3396 4552; x_wconf 70' lang='lat' dir='ltr'><strong>scapulas</strong></span> 
     </span>
    </p>
   </div>
   <div class='ocr_carea' id='block_1_100' title="bbox 1818 4576 3395 4660">
    <p class='ocr_par' dir='ltr' id='par_1_100' title="bbox 1818 4576 3395 4660">
     <span class='ocr_line' id='line_1_100' title="bbox 1818 4576 3395 4660; baseline -0.017 -11"><span class='ocrx_word' id='word_1_726' title='bbox 1818 4595 1983 4649; x_wconf 88' lang='lat' dir='ltr'><strong>ictum</strong></span> <span class='ocrx_word' id='word_1_727' title='bbox 2008 4591 2154 4647; x_wconf 90' lang='lat' dir='ltr'><strong>humi</strong></span> <span class='ocrx_word' id='word_1_728' title='bbox 2181 4589 2493 4660; x_wconf 87' lang='lat' dir='ltr'><strong>prostravit.</strong></span> <span class='ocrx_word' id='word_1_729' title='bbox 2510 4588 2585 4641; x_wconf 84' lang='lat' dir='ltr'><strong>Eo</strong></span> <span class='ocrx_word' id='word_1_730' title='bbox 2604 4594 2895 4657; x_wconf 89' lang='lat' dir='ltr'><strong>prostrato,</strong></span> <span class='ocrx_word' id='word_1_731' title='bbox 2912 4591 3019 4634; x_wconf 90' lang='lat' dir='ltr'><strong>tam</strong></span> <span class='ocrx_word' id='word_1_732' title='bbox 3044 4576 3209 4631; x_wconf 87' lang='lat' dir='ltr'><strong>nostri</strong></span> <span class='ocrx_word' id='word_1_733' title='bbox 3234 4586 3395 4642; x_wconf 87' lang='lat' dir='ltr'><strong>quant</strong></span> 
     </span>
    </p>
   </div>
   <div class='ocr_carea' id='block_1_101' title="bbox 1819 4669 3396 4748">
    <p class='ocr_par' dir='ltr' id='par_1_101' title="bbox 1819 4669 3396 4748">
     <span class='ocr_line' id='line_1_101' title="bbox 1819 4669 3396 4748; baseline -0.016 -8"><span class='ocrx_word' id='word_1_734' title='bbox 1819 4685 2059 4740; x_wconf 77' lang='lat' dir='ltr'><strong>seditiosi</strong></span> <span class='ocrx_word' id='word_1_735' title='bbox 2106 4694 2279 4738; x_wconf 87' lang='lat' dir='ltr'><strong>semet</strong></span> <span class='ocrx_word' id='word_1_736' title='bbox 2328 4689 2513 4735; x_wconf 92' lang='lat' dir='ltr'><strong>mutuo</strong></span> <span class='ocrx_word' id='word_1_737' title='bbox 2562 4679 2801 4748; x_wconf 89' lang='lat' dir='ltr'><strong>lapidare</strong></span> <span class='ocrx_word' id='word_1_738' title='bbox 2850 4680 3149 4743; x_wconf 70' lang='lat' dir='ltr'><strong>cmpcrunt.</strong></span> <span class='ocrx_word' id='word_1_739' title='bbox 3187 4669 3396 4727; x_wconf 80' lang='lat' dir='ltr'><strong>Interea</strong></span> 
     </span>
    </p>
   </div>
   <div class='ocr_carea' id='block_1_102' title="bbox 1818 4754 3399 4835">
    <p class='ocr_par' dir='ltr' id='par_1_102' title="bbox 1818 4754 3399 4835">
     <span class='ocr_line' id='line_1_102' title="bbox 1818 4754 3399 4835; baseline -0.016 -5"><span class='ocrx_word' id='word_1_740' title='bbox 1818 4778 1902 4830; x_wconf 80' lang='lat' dir='ltr'><strong>vir</strong></span> <span class='ocrx_word' id='word_1_741' title='bbox 1932 4775 2141 4828; x_wconf 88' lang='lat' dir='ltr'><strong>Domini</strong></span> <span class='ocrx_word' id='word_1_742' title='bbox 2184 4774 2358 4835; x_wconf 83' lang='lat' dir='ltr'><strong>Abbo,</strong></span> <span class='ocrx_word' id='word_1_743' title='bbox 2404 4773 2543 4824; x_wconf 87' lang='lat' dir='ltr'><strong>intra</strong></span> <span class='ocrx_word' id='word_1_744' title='bbox 2580 4772 2874 4824; x_wconf 87' lang='lat' dir='ltr'><strong>claustrum</strong></span> <span class='ocrx_word' id='word_1_745' title='bbox 2918 4759 3231 4816; x_wconf 86' lang='lat' dir='ltr'><strong>monasterii</strong></span> <span class='ocrx_word' id='word_1_746' title='bbox 3266 4754 3399 4807; x_wconf 81' lang='lat' dir='ltr'><strong>resi-</strong></span> 
     </span>
    </p>
   </div>
   <div class='ocr_carea' id='block_1_103' title="bbox 1823 4848 3401 4933">
    <p class='ocr_par' dir='ltr' id='par_1_103' title="bbox 1823 4848 3401 4933">
     <span class='ocr_line' id='line_1_103' title="bbox 1823 4848 3401 4933; baseline -0.016 -13"><span class='ocrx_word' id='word_1_747' title='bbox 1823 4867 1954 4920; x_wconf 89' lang='lat' dir='ltr'><strong>dens</strong></span> <span class='ocrx_word' id='word_1_748' title='bbox 2027 4876 2083 4920; x_wconf 87' lang='lat' dir='ltr'><strong>ct</strong></span> <span class='ocrx_word' id='word_1_749' title='bbox 2134 4865 2393 4933; x_wconf 86' lang='lat' dir='ltr'><strong>quasdam</strong></span> <span class='ocrx_word' id='word_1_750' title='bbox 2448 4862 2688 4929; x_wconf 90' lang='lat' dir='ltr'><strong>contputi</strong></span> <span class='ocrx_word' id='word_1_751' title='bbox 2742 4855 3071 4911; x_wconf 89' lang='lat' dir='ltr'><strong>ratiunculas</strong></span> <span class='ocrx_word' id='word_1_752' title='bbox 3124 4848 3401 4906; x_wconf 75' lang='lat' dir='ltr'><strong>dictitans,</strong></span> 
     </span>
    </p>
   </div>
   <div class='ocr_carea' id='block_1_104' title="bbox 1824 4934 3404 5010">
    <p class='ocr_par' dir='ltr' id='par_1_104' title="bbox 1824 4934 3404 5010">
     <span class='ocr_line' id='line_1_104' title="bbox 1824 4934 3404 5010; baseline -0.012 -1"><span class='ocrx_word' id='word_1_753' title='bbox 1824 4956 2265 5010; x_wconf 89' lang='lat' dir='ltr'><strong>tumultuantium</strong></span> <span class='ocrx_word' id='word_1_754' title='bbox 2312 4955 2548 5008; x_wconf 87' lang='lat' dir='ltr'><strong>clamore</strong></span> <span class='ocrx_word' id='word_1_755' title='bbox 2584 4950 2864 5008; x_wconf 86' lang='lat' dir='ltr'><strong>exaudito,</strong></span> <span class='ocrx_word' id='word_1_756' title='bbox 2895 4945 3040 4997; x_wconf 82' lang='lat' dir='ltr'><strong>foras</strong></span> <span class='ocrx_word' id='word_1_757' title='bbox 3071 4944 3137 4995; x_wconf 88' lang='lat' dir='ltr'><strong>ab</strong></span> <span class='ocrx_word' id='word_1_758' title='bbox 3162 4934 3404 4992; x_wconf 66' lang='lat' dir='ltr'><strong>i..&quot;cri0l&quot;t</strong></span> 
     </span>
    </p>
   </div>
   <div class='ocr_carea' id='block_1_105' title="bbox 1830 5033 3406 5117">
    <p class='ocr_par' dir='ltr' id='par_1_105' title="bbox 1830 5033 3406 5117">
     <span class='ocr_line' id='line_1_105' title="bbox 1830 5033 3406 5117; baseline -0.011 -17"><span class='ocrx_word' id='word_1_759' title='bbox 1830 5049 2027 5100; x_wconf 89' lang='lat' dir='ltr'><strong>montis</strong></span> <span class='ocrx_word' id='word_1_760' title='bbox 2056 5060 2207 5117; x_wconf 90' lang='lat' dir='ltr'><strong>parte</strong></span> <span class='ocrx_word' id='word_1_761' title='bbox 2253 5045 2633 5115; x_wconf 75' lang='lat' dir='ltr'><strong>progreditur,</strong></span> <span class='ocrx_word' id='word_1_762' title='bbox 2682 5052 2733 5097; x_wconf 86' lang='lat' dir='ltr'><strong>et</strong></span> <span class='ocrx_word' id='word_1_763' title='bbox 2762 5039 2827 5092; x_wconf 88' lang='lat' dir='ltr'><strong>ad</strong></span> <span class='ocrx_word' id='word_1_764' title='bbox 2858 5033 3233 5101; x_wconf 85' lang='lat' dir='ltr'><strong>reprimendus</strong></span> <span class='ocrx_word' id='word_1_765' title='bbox 3254 5036 3406 5083; x_wconf 78' lang='lat' dir='ltr'><strong>suos.</strong></span> 
     </span>
    </p>
   </div>
   <div class='ocr_carea' id='block_1_106' title="bbox 1829 5116 3414 5210">
    <p class='ocr_par' dir='ltr' id='par_1_106' title="bbox 1829 5116 3414 5210">
     <span class='ocr_line' id='line_1_106' title="bbox 1829 5116 3414 5210; baseline -0.013 -17"><span class='ocrx_word' id='word_1_766' title='bbox 1829 5142 1919 5209; x_wconf 91' lang='lat' dir='ltr'><strong>qui</strong></span> <span class='ocrx_word' id='word_1_767' title='bbox 1954 5144 2235 5210; x_wconf 88' lang='lat' dir='ltr'><strong>superiora</strong></span> <span class='ocrx_word' id='word_1_768' title='bbox 2273 5148 2677 5205; x_wconf 86' lang='lat' dir='ltr'><strong>occupaverant</strong></span> <span class='ocrx_word' id='word_1_769' title='bbox 2717 5134 2853 5192; x_wconf 83' lang='lat' dir='ltr'><strong>loca,</strong></span> <span class='ocrx_word' id='word_1_770' title='bbox 2884 5125 3174 5182; x_wconf 76' lang='lat' dir='ltr'><strong>festinans,</strong></span> <span class='ocrx_word' id='word_1_771' title='bbox 3205 5116 3271 5168; x_wconf 76' lang='lat' dir='ltr'><strong>ab</strong></span> <span class='ocrx_word' id='word_1_772' title='bbox 3301 5127 3414 5163; x_wconf 78' lang='grc' dir='ltr'><strong>υιὶυ</strong></span> 
     </span>
    </p>
   </div>
   <div class='ocr_carea' id='block_1_107' title="bbox 1831 5208 3419 5301">
    <p class='ocr_par' dir='ltr' id='par_1_107' title="bbox 1831 5208 3419 5301">
     <span class='ocr_line' id='line_1_107' title="bbox 1831 5208 3419 5301; baseline -0.014 -18"><span class='ocrx_word' id='word_1_773' title='bbox 1831 5233 2072 5284; x_wconf 64' lang='lat' dir='ltr'><strong>adversm</strong></span> <span class='ocrx_word' id='word_1_774' title='bbox 2097 5231 2262 5301; x_wconf 87' lang='lat' dir='ltr'><strong>partis</strong></span> <span class='ocrx_word' id='word_1_775' title='bbox 2290 5228 2518 5281; x_wconf 87' lang='lat' dir='ltr'><strong>satellite</strong></span> <span class='ocrx_word' id='word_1_776' title='bbox 2552 5227 2737 5279; x_wconf 88' lang='lat' dir='ltr'><strong>lancea</strong></span> <span class='ocrx_word' id='word_1_777' title='bbox 2767 5231 2873 5273; x_wconf 89' lang='lat' dir='ltr'><strong>tam</strong></span> <span class='ocrx_word' id='word_1_778' title='bbox 2898 5215 3078 5269; x_wconf 85' lang='lat' dir='ltr'><strong>valide</strong></span> <span class='ocrx_word' id='word_1_779' title='bbox 3106 5208 3419 5265; x_wconf 58' lang='lat' dir='ltr'><strong>vulnerat&quot;?</strong></span> 
     </span>
    </p>
   </div>
   <div class='ocr_carea' id='block_1_108' title="bbox 1834 5300 3421 5373">
    <p class='ocr_par' dir='ltr' id='par_1_108' title="bbox 1834 5300 3421 5373">
     <span class='ocr_line' id='line_1_108' title="bbox 1834 5300 3421 5373; baseline -0.022 -1"><span class='ocrx_word' id='word_1_780' title='bbox 1834 5322 1885 5372; x_wconf 90' lang='lat' dir='ltr'><strong>in</strong></span> <span class='ocrx_word' id='word_1_781' title='bbox 1940 5320 2072 5373; x_wconf 68' lang='lat' dir='ltr'><strong>lmvo</strong></span> <span class='ocrx_word' id='word_1_782' title='bbox 2100 5300 2320 5373; x_wconf 81' lang='lat' dir='ltr'><strong>lacerto</strong></span> <span class='ocrx_word' id='word_1_783' title='bbox 2368 5327 2422 5368; x_wconf 89' lang='lat' dir='ltr'><strong>ttt</strong></span> <span class='ocrx_word' id='word_1_784' title='bbox 2453 5314 2714 5367; x_wconf 85' lang='lat' dir='ltr'><strong>interiora</strong></span> <span class='ocrx_word' id='word_1_785' title='bbox 2744 5316 3016 5361; x_wconf 83' lang='lat' dir='ltr'><strong>costarum</strong></span> <span class='ocrx_word' id='word_1_786' title='bbox 3054 5304 3303 5355; x_wconf 67' lang='lat' dir='ltr'><strong>adactum</strong></span> <span class='ocrx_word' id='word_1_787' title='bbox 3334 5300 3421 5353; x_wconf 78' lang='lat' dir='ltr'><strong>pc-</strong></span> 
     </span>
    </p>
   </div>
   <div class='ocr_carea' id='block_1_109' title="bbox 2370 5382 3424 5414">
    <p class='ocr_par' dir='ltr' id='par_1_109' title="bbox 2370 5382 3424 5414">
     <span class='ocr_line' id='line_1_109' title="bbox 2370 5382 3424 5414; baseline 0 0"><span class='ocrx_word' id='word_1_788' title='bbox 2370 5406 2398 5414; x_wconf 69' lang='lat'><strong>-</strong></span> <span class='ocrx_word' id='word_1_789' title='bbox 2450 5404 2459 5414; x_wconf 88' lang='lat'><strong>.</strong></span> <span class='ocrx_word' id='word_1_790' title='bbox 2861 5409 2958 5414; x_wconf 55' lang='grc' dir='ltr'><strong>η--.</strong></span> <span class='ocrx_word' id='word_1_791' title='bbox 3046 5394 3057 5414; x_wconf 93' lang='lat' dir='ltr'><strong>I</strong></span> <span class='ocrx_word' id='word_1_792' title='bbox 3124 5382 3264 5414; x_wconf 69' lang='grc' dir='ltr'><strong>...η-ἱ·</strong></span> <span class='ocrx_word' id='word_1_793' title='bbox 3320 5391 3424 5414; x_wconf 84' lang='lat' dir='ltr'><strong>mm</strong></span> 
     </span>
    </p>
   </div>
  </div>
