3944 5414
529 341 625 397 411

1654 354 1710 413 s.
1752 357 1934 415 anno
1969 356 2462 423 FLORMCENSIS
2497 370 2736 427 ausas.
3682 357 3771 409 “3

530 469 918 524 verumtamen,
938 464 1039 520 hoc
1072 473 1277 521 tantum
1299 468 1811 536 dicensulste,ait,
1829 472 1972 528 serio
1992 474 2105 527 lucc
2132 469 2419 547 Aqvidendi
2447 521 2461 546 ,
2511 484 2699 537 eadem
2734 485 2824 539 die
2869 502 2991 541 cum
3038 489 3358 558 quibusdam
3412 492 3534 546 aliis
3581 495 3757 548 ibidem

532 551 687 618 fecit,
712 571 730 604 ι
764 553 831 607 ad
850 554 1064 610 domum
1086 558 1173 633 ubi
1198 559 1279 613 sui
1302 559 1487 616 famuli
1512 562 1801 633 hospitium
1832 566 2102 621 habebant

536 642 827 709 ascendere
873 646 1057 714 cmpit.
1116 632 1467 705 Sustentabat
1525 632 1704 708 autem
1772 670 1894 709 eum
1938 640 2105 713 frater

533 735 769 803 quidam,
790 738 1004 793 nomine
1026 738 1361 807 Gnillelmus,
1379 743 1532 812 cujus
1548 762 1710 816 supra
1736 749 2100 806 meminimus.

534 822 663 893 Ego,
692 826 917 895 vestigia
941 827 1057 898 ejus
1082 841 1415 899 persecutus,
1446 837 1721 906 conspicio
1747 853 1909 907 super
1939 840 2101 896 limen

532 916 745 980 domus,
767 932 925 986 quatn
953 919 1033 975 vir
1058 924 1571 999 sanctns‘iugressus
1592 928 1702 997 jam
1737 940 1877 993 erat,
1894 943 2103 1000 partem

530 1005 797 1079 coagulati
851 1008 1148 1091 sanguinis.
1184 1014 1636 1087 Iziterrogansqne
1691 1021 1759 1092 de
1796 1037 1903 1091 quo
1940 1022 2104 1090 foret,

534 1097 635 1150 hoc
693 1113 722 1151 a
778 1100 869 1153 Dei
931 1101 1153 1158 homine
1201 1120 1518 1179 responsum
1569 1113 1801 1181 accepi:
1844 1135 1863 1166 ι
1892 1114 1968 1172 De
1997 1132 2100 1179 me,

533 1186 726 1256 inquit,
747 1199 851 1258 est,
884 1199 1051 1247 testor
1071 1195 1383 1267 Dominum;
1418 1219 1433 1249 ι
1463 1203 1718 1269 continuo
1746 1206 1874 1260 mihi
1905 1218 2106 1270 stetere

532 1292 726 1343 eorum;
762 1280 1062 1352 horrorque
1099 1284 1306 1343 infusus
1355 1292 1566 1360 corpori
1605 1296 1944 1359 raucisonam
1986 1300 2108 1356 red-

533 1366 668 1423 didit
694 1383 901 1427 vocem.
929 1373 1175 1430 Nondum
1214 1380 1357 1439 enim
1402 1385 1668 1452 quispiam
1717 1389 2107 1448 animadverte-

535 1465 621 1510 rat
660 1472 784 1513 eum
835 1462 889 1516 in
945 1479 1107 1520 carne
1151 1482 1276 1525 esse
1327 1474 1848 1556 v’ulneratuin;'Sed
1898 1491 2106 1538 tantum

535 1551 845 1612 indumenta
916 1560 1316 1629 aestimabamus
1368 1569 1536 1626 fuisse
1586 1551 1879 1645 perforata.
1919 1579 2108 1652 Itaque

536 1646 623 1736 aio
665 1648 731 1702 ad
777 1664 898 1704 eum
930 1670 944 1716 :
977 1655 1219 1721 Quanam
1269 1660 1323 1717 in
1363 1672 1550 1731 parte,
1588 1666 1847 1736 inquam,‘
1883 1672 1980 1726 tibi
2012 1646 2107 1729 do-

537 1735 684 1790 mino
743 1754 865 1813 meo
912 1742 1115 1801 illatum
1159 1748 1352 1806 vulnus
1399 1755 1523 1809 est?
1554 1735 1711 1822 Tum,
1743 1775 1808 1814 eo
1862 1762 2107 1820 elevante

535 1827 817 1889 brachium
855 1840 919 1903 ut
950 1835 1158 1906 plagam
1189 1839 1494 1911 detegeret,
1531 1858 1753 1916 repente
1804 1851 1872 1906 ab
1903 1853 2106 1910 intimis

536 1927 807 1975 costarum
860 1929 1164 1999 recessibus
1196 1934 1335 1988 unda
1394 1940 1673 2008 sanguinis
1714 1958 2106 2016 prorumpens,

540 2011 748 2067 manica
767 2013 990 2072 laxioris
1010 2020 1247 2088 pellicem
1264 2028 1549 2098 excipitur.
1580 2031 1775 2089 Verum
1805 2036 1918 2107 ipse
1940 2011 2108 2096 nihilo

536 2098 743 2156 tristior
765 2143 779 2166 ,
839 2120 938 2161 nec
983 2110 1161 2170 vultus
1187 2115 1367 2171 colore
1396 2131 1602 2177 mutato
1621 2165 1635 2187 ,
1658 2141 1778 2180 cum
1811 2144 1898 2183 me
1934 2132 2109 2200 trepi-

535 2186 665 2244 dare
695 2193 865 2263 magis
891 2198 1167 2270 magisque
1194 2207 1450 2262 sensisset
1479 2219 1585 2266 tam
1611 2230 1677 2268 ex
1700 2216 1854 2272 faciei
1888 2235 2103 2289 permu-

536 2279 738 2336 tatione
765 2300 923 2354 quam
953 2302 1019 2344 ex
1050 2293 1226 2348 verbis
1254 2300 1624 2369 querimonim,
1675 2307 1841 2367 alacri
1874 2279 2016 2367 vultu
2056 2324 2111 2370 et

537 2384 675 2439 pene
720 2374 912 2432 ridenti
981 2381 1207 2451 similis,
1261 2389 1336 2443 ait
1378 2408 1392 2444 ε
1447 2411 1465 2443 ‹
1502 2395 1636 2461 Quid
1682 2403 1766 2464 tu,
1813 2402 2063 2472 inquiens
2091 2448 2107 2473 ,

538 2469 860 2533 ageres,.si
909 2470 1021 2539 ipse
1086 2477 1398 2539 vulneratus
1460 2489 1653 2544 esses?
1709 2501 1945 2550 attamen
1998 2498 2106 2553 noli

538 2566 817 2625 metuere;
849 2563 977 2632 quin
1011 2568 1189 2635 petitis
1219 2571 1365 2629 foras
1416 2577 1480 2630 ad
1511 2589 1727 2637 nostros
1755 2589 2107 2656 progredere,

464 2694 467 2699 .
537 2662 742 2719 eosque
773 2652 841 2708 ad
865 2669 948 2710 me
967 2660 1152 2714 venire
1175 2660 1358 2730 facito,
1391 2669 1578 2727 utlnec
1604 2652 2105 2735 sedenturwturbteu

537 2738 692 2807 Quod
724 2758 844 2843 cum
875 2746 1145 2843 fecissem,
1175 2754 1358 2828 illique
1407 2761 1838 2834 obtemperantes
1885 2772 2113 2843 ingressi

536 2841 756 2897 essent,
809 2836 961 2907 ipse,
1008 2841 1119 2911 jam
1154 2852 1441 2922 exsanguis
1493 2854 1690 2920 factus,
1755 2861 1894 2916 inter
1922 2836 2114 2922 manus

539 2924 923 2997 discipulorum
1003 2935 1433 3013 famulorumque
1514 2964 1573 3004 se
1643 2956 2135 3025 sustentantium,‘

538 3017 718 3076 Idibus
764 3023 1081 3085 Novembris
1105 3034 1350 3102 spiritum
1384 3040 1632 3096 reddidit.
1669 3042 1987 3102 Retulerunt
2014 3017 2133 3104 au;

2207 566 2515 633 advenerat,
2570 588 2741 642 eoque
2786 575 2930 639 viso,
2980 579 3047 630 ad
3101 587 3357 632 metatum
3398 596 3575 643 suum,
3622 586 3756 650 quasi

2205 656 2456 712 milliaria
2493 675 2556 714 ac
2581 663 2745 717 semis
2781 663 2991 718 distan‘s
3013 682 3043 720 a
3074 667 3422 731 monasterio,
3457 681 3762 725 secesserat.

2202 748 2273 812 Is,
2305 750 2392 804 ubi
2419 761 2615 807 nostra:
2650 754 2879 808 miseriae
2903 757 3146 810 nuntium
3176 758 3406 827 accepit,
3437 758 3504 812 ad
3532 771 3764 814 nostrum

2204 839 2460 893 auxilium
2487 856 2610 896 eum
2651 844 2763 897 suis
2799 845 3057 899 velociter
3084 848 3339 901 accurrit.

2276 931 2338 986 Ili
2368 947 2497 1003 ergo
2525 949 2721 1003 corpus
2751 935 2986 1000 beatum,
3011 939 3153 1007 quod
3180 939 3355 993 adhuc
3390 939 3444 994 in
3485 940 3642 995 domo
3664 981 3678 1004 ,
3721 941 3765 993 in

2204 1037 2309 1091 qua
2332 1023 2565 1078 animam
2591 1025 2834 1081 Creatori
2858 1027 3184 1092 reddiderat,
3214 1040 3376 1100 super
3402 1031 3597 1084 nudam
3634 1024 3767 1098 pene

2204 1113 2425 1167 humum
2474 1115 2730 1184 jacebat,
2775 1110 2935 1187 tapeti
2975 1118 3318 1187 impositum,
3368 1120 3435 1173 ad
3481 1135 3576 1174 nos
3606 1136 3765 1189 usque

2204 1203 2561 1270 pertulerunt,
2578 1207 2775 1263 nostris
2791 1218 3008 1277 propter
3018 1209 3300 1278 caliginem
3317 1210 3764 1265 noctiseclaustro

2205 1297 2517 1350 monasterii
2577 1298 2798 1353 minime
2854 1300 3006 1355 exire
3063 1301 3425 1356 audentibus-
3471 1300 3762 1355 Dubitalum

2205 1386 2511 1456 aliquandiu
2535 1399 2616 1444 est
2643 1405 2874 1458 quonam
2906 1392 2957 1446 in
2985 1392 3102 1446 loco
3126 1393 3248 1462 poni
3276 1393 3520 1448 deberet.
3550 1391 3695 1447 Tunc
3716 1393 3764 1446 in

2184 1495 2490 1536 commune
2543 1481 2887 1550 placuittnt,
2939 1485 3153 1553 quando
3205 1486 3522 1540 innocenter
3563 1500 3624 1539 ac
3674 1500 3765 1554 pro

2205 1572 2433 1627 veritate
2481 1588 2601 1643 qua:
2638 1573 2904 1630 'Cltristus
2958 1584 3040 1630 est
3094 1576 3450 1644 interemptus
3505 1583 3661 1638 erat,
3714 1576 3766 1628 in

2207 1660 2432 1715 ecclesia
2460 1664 2802 1731 poneretur,
2840 1663 2929 1717 ubi
2982 1679 3151 1733 usque
3179 1664 3246 1719 ad
3291 1655 3581 1718 diluculum
3628 1662 3769 1717 feria

2208 1763 2435 1820 quarta},
2466 1754 2674 1809 duabus
2704 1755 2948 1810 videlicet
2976 1754 3221 1811 noctibus
3250 1772 3465 1827 unaque
3493 1758 3599 1822 die,
3627 1771 3767 1818 cum,

2209 1850 2331 1898 cum
2379 1852 2577 1913 quanta
2622 1846 2892 1915 potuimus
2949 1846 3275 1914 psalmorum
3321 1856 3376 1901 et
3417 1845 3770 1918 lacrymarum

2206 1934 2519 2000 devotione,
2567 1936 2889 2006 insepultum
2935 1935 3287 1993 servavimus.
3339 1938 3550 1993 Relerri
3594 1938 3773 2007 nequit

2204 2026 2295 2096 qui
2325 2025 2498 2081 luctus
2528 2029 2684 2096 quive
2706 2028 2934 2098 gemitus
2954 2030 3022 2084 ab
3046 2030 3129 2085 bis
3149 2030 3237 2099 qui
3262 2030 3326 2084 ad
3349 2045 3472 2084 eum
3498 2030 3772 2084 visendum

2206 2132 2237 2171 e
2283 2118 2595 2188 propinquis
2638 2129 2895 2174 venerant
2935 2120 3066 2175 locis
3095 2120 3272 2175 editus
3317 2121 3422 2184 sit,
3468 2135 3589 2175 cum
3631 2134 3771 2182 eum,

2207 2223 2366 2279 quem
2439 2210 2704 2266 viventem
2775 2227 2999 2267 cernere
3041 2213 3444 2282 concupierant,
3515 2220 3773 2265 mortuum

2207 2299 2628 2370 conspiciebant.
2676 2300 3187 2373 Contemplabantur
3233 2318 3364 2358 sane
3411 2302 3617 2356 vultum
3662 2299 3774 2369 ejus

2208 2394 2384 2448 adhuc
2417 2394 2634 2449 sudario
2659 2410 2996 2465 nequaquam
3026 2403 3303 2465 opertum,
3347 2394 3437 2460 qui
3466 2393 3775 2446 dormientis

2208 2484 2387 2554 potius
2408 2500 2566 2554 quam
2606 2484 2801 2539 mortui
2833 2485 3066 2554 speciem
3101 2500 3166 2538 ex
3208 2484 3403 2537 rubore
3432 2478 3770 2551 prazferebat,

2210 2587 2266 2632 et
2330 2577 2579 2649 lacrymis
2643 2577 3047 2647 applebantur;
3126 2573 3589 2642 incredibileque,
3654 2572 3773 2625 dum

2210 2668 2505 2733 adviveret,
2536 2666 2815 2723 videbatur
2833 2681 2954 2720 eum
2987 2675 3093 2720 tam
3118 2664 3387 2734 ingentem
3415 2671 3535 2732 post
3555 2662 3771 2719 obitum,

2213 2779 2319 2819 non
2368 2762 2540 2821 solum
2593 2779 2623 2817 a
2670 2762 2824 2827 suis,
2872 2776 3056 2816 verum
3105 2761 3267 2814 etiam
3315 2756 3676 2827 lacrymosum
3716 2756 3775 2808 ab

2212 2854 2487 2910 extraneis
2505 2853 2815 2909 habiturum
2838 2851 3131 2921 planctum.
3157 2849 3291 2903 Nam
3310 2846 3541 2918 quilibet
3558 2846 3772 2921 adveni-

2215 2955 2484 3012 ret,notus
2495 2961 2586 3000 seu
2604 2944 2952 3015 ignotus,ejus
2969 2943 3083 2997 viso
3097 2940 3464 3010 corpore,sive
3476 2948 3596 3010 post
3613 2948 3777 2991 tumu-

2214 3040 2469 3095 lationcm
2492 3037 2754 3106 sepulcro,
2769 3035 3022 3091 continuo
3038 3034 3091 3087 in
3106 3034 3369 3119 lacrymas
3382 3028 3774 3119 prorumpebat.

542 3116 650 3164 tem
690 3114 780 3181 qni
807 3115 925 3181 ejus
953 3130 1196 3178 sanetum
1226 3124 1384 3182 linem
1414 3132 1598 3187 videre
1628 3147 1937 3193 meruerunt
1965 3147 2110 3210 (nam
2139 3169 2185 3230 ο
2215 3128 2476 3184 Μθῑυιίιιο
2530 3140 2660 3182 sane
2708 3134 2950 3224 ιθιηροιτξ
2994 3121 3140 3223 feris“?
3189 3127 3395 3222 (Ιυξπῑω
3418 3158 3434 3183 ν
3485 3133 3610 3174 Cum
3655 3131 3778 3230 ιιζξιξ

543 3215 642 3230 nan
693 3202 758 3230 ιιι.
800 3207 1059 3230 Λιιληηνιν--
1095 3222 1106 3230 ι
1248 3217 1276 3230 ιν
1405 3229 1408 3230 ,
1516 3221 1534 3230 ρ
1601 3225 1611 3230 -
2293 3218 2324 3230 ιι
2438 3218 2449 3230 ο
2514 3219 2525 3230 ι
2572 3225 2582 3230 -
2778 3224 2790 3230 -
2862 3228 2874 3230 _
2915 3224 2927 3230 -
3020 3220 3147 3230 -μ.--
3197 3226 3269 3230 η--
3312 3224 3424 3230 η---
3461 3216 3541 3230 --ι
3575 3221 3694 3230 ---Α
3721 3222 3775 3230 ....

542 3215 644 3271 ego
691 3202 759 3256 ob
799 3207 1065 3266 sedandos
1094 3217 1480 3276 tumultuantes
1510 3221 1812 3282 forinsecus
1840 3244 2114 3287 remanse-

544 3291 682 3364 ram)
713 3296 855 3350 buue
893 3299 1056 3369 ipsius
1086 3305 1327 3362 ultimum
1350 3309 1514 3367 fuisse
1538 3328 1840 3373 sermonem
1868 3337 1883 3375 :
1913 3340 1930 3372 ι
1960 3321 2117 3376 Mise-

545 3396 704 3448 rere,
760 3385 1036 3457 iuquiens.
1097 3394 1237 3452 Deus
1286 3402 1659 3472 omnipotens,
1713 3409 1906 3465 animae
1942 3427 2113 3479 mete,

543 3471 769 3544 locoque
823 3492 886 3533 ac
933 3489 1369 3554 congregationi,
1421 3506 1584 3561 quam
1641 3512 1783 3551 nunc
1834 3515 2001 3571 usque
2063 3512 2116 3557 te

545 3566 876 3622 concedente
931 3574 1064 3627 rexi.
1102 3593 1121 3627 ι
1181 3574 1248 3631 Ει
1293 3580 1377 3635 ille
1411 3584 1627 3651 quidem
1659 3588 1773 3642 haec
1801 3566 2027 3659 eﬂ‘atus,
2059 3602 2117 3648 ut

545 3657 860 3725 praedictum
892 3673 1005 3727 εει,
1037 3667 1270 3724 animam
1299 3671 1515 3729 elllavit.

618 3748 691 3803 At
708 3752 945 3808 seditiosi
962 3755 1197 3825 domum,
1216 3761 1381 3831 inqua
1397 3765 1586 3823 beatus
1607 3769 1875 3841 paterjam
1890 3772 2127 3830 defunc~‘

548 3847 636 3894 tus
670 3855 700 3894 a
736 3843 849 3898 suis
900 3844 1324 3918 lamentabatur,
1373 3856 1788 3925 circumdantes,
1840 3864 2119 3920 obseratos

548 3931 889 3986 succiderunt
912 3936 1157 3993 cardines
1177 3942 1460 3998 ostiorum.
1476 3945 1671 4017 Sicque
1683 3948 2117 4022 furensingrcssa

550 4020 726 4087 turba,
772 4023 1037 4093 aliquibus
1085 4027 1400 4099 vulneratis,
1445 4037 1827 4095 cubicularium
1870 4020 1970 4097 viri
2000 4043 2116 4110 Dei,

551 4112 808 4204 vocabulo
834 4116 1182 4185 Adelardum,
1217 4125 1307 4191 qui
1333 4135 1495 4194 caput
1530 4129 1731 4185 domini
1777 4133 1857 4186 sui
1887 4136 2120 4204 prepriis

549 4203 773 4270 genibus
821 4210 1152 4276 suppositum
1207 4213 1461 4285 lacrymis
1518 4219 1762 4290 rigabat,
1812 4225 1879 4279 ad
1932 4203 2117 4280 necem

548 4307 719 4363 usque
749 4294 977 4363 fustibus
1001 4305 1286 4368 praeacutis
1313 4322 1376 4361 ac
1404 4307 1607 4365 lanceis
1632 4313 2002 4382 conciderunt;
2028 4317 2119 4387 qni

551 4398 750 4452 aegrum
780 4403 945 4456 usque
974 4392 1040 4444 ad
1071 4394 1239 4459 tertiae
1288 4396 1433 4451 feriae
1463 4401 1754 4476 diluculum
1799 4407 2120 4473 protrahens

2215 3218 2409 3289 quibus
2436 3218 2654 3273 indutus
2679 3224 2795 3271 erat
2819 3211 3174 3275 vestimentis,
3197 3210 3272 3264 uti
3312 3224 3428 3262 mos
3454 3216 3544 3263 est
3572 3206 3778 3277 sepeliri

2215 3309 2586 3377 interemptos,
2623 3305 2801 3361 illotus
2829 3304 2990 3358 etiam
3016 3343 3030 3368 ,
3080 3301 3288 3370 lapideo
3328 3298 3628 3354 tumulatus
3672 3312 3778 3352 Sar-

2215 3400 2474 3470 copbago,
2504 3399 2555 3453 in
2588 3397 2930 3455 interioribus
2951 3403 3181 3464 cryptae,
3212 3401 3336 3447 ante
3362 3390 3534 3446 altare
3560 3390 3778 3446 sanctis-

2215 3492 2335 3547 simi
2365 3492 2534 3561 patris
2567 3476 2881 3545 Benedictif
2901 3488 2967 3541 Et
2987 3486 3200 3558 quidem
3228 3485 3359 3539 satis
3387 3483 3779 3545 decentissime,

2216 3584 2261 3638 si
2290 3600 2393 3638 non
2420 3583 2468 3639 ei
2502 3591 2608 3636 tam
2642 3582 2945 3651 insperatus
2990 3578 3304 3647 contigisset
3347 3574 3471 3629 linis
3500 3575 3645 3627 vitae.

2216 3676 2492 3746 Scriptura
2519 3684 2650 3730 teste
2677 3674 2922 3728 novimus
2947 3672 3070 3741 quia
3090 3671 3289 3741 justus.
3325 3682 3633 3767 quaerion
3654 3679 3781 3767 mer-

2218 3780 2267 3824 te
2287 3778 2675 3837 prmoccupatua
2696 3765 2855 3833 fuerit
2872 3804 2886 3826 ,
2912 3765 2965 3816 in
3002 3762 3268 3830 refrigerio
3292 3759 3389 3813 en’t
3414 3756 3567 3828 (Sap.
3617 3766 3689 3817 iv,
3713 3756 3777 3819 ἲ).

2242 3914 2250 3919 .
2288 3860 2415 3914 CAP.
2443 3857 2580 3912 XXI.
2608 3857 2881 3911 Sociorum
2906 3852 3020 3922 ejus
3043 3853 3237 3905 reditus
3265 3847 3591 3902 Floriacum.
3619 3842 3779 3895 Abbo-

2220 3949 2298 4003 nis
2329 3964 2466 4001 mors
2487 3947 2745 4000 luctuosa.
2777 3943 2836 3998 S.
2864 3940 3130 4007 Benedicti
3155 3937 3346 3997 celebre
3366 3936 3415 4004 fe
3443 3946 3553 3988 tum
3582 3932 3783 3985 Deccm-

2220 4036 2501 4093 bri.—Nos
2530 4036 2691 4105 igitur
2713 4042 2906 4103 quarto
2928 4047 2958 4085 a
2983 4028 3330 4085 tumulatione
3357 4025 3527 4080 sancti
3555 4020 3781 4089 corporis

2220 4129 2307 4183 die
2333 4128 2455 4182 inde
2481 4125 2722 4194 digressi,
2750 4138 2845 4193 per
2867 4122 3084 4177 biduum
3118 4135 3148 4173 a
3170 4116 3487 4173 vicecomite
3509 4112 3789 4174 Amaluino.

2219 4218 2445 4287 ejusque
2475 4231 2639 4271 uxore
2662 4213 3023 4282 Rosemberga
3044 4209 3242 4265 detenti
3265 4206 3589 4262 charitativo
3611 4219 3785 4258 sumus.

2221 4306 2433 4362 affectu.
2472 4305 2635 4373 Cujus
2672 4302 2909 4356 mulieris
2954 4298 3387 4369 benignissimam
3425 4310 3554 4361 erga
3587 4302 3783 4393 nostros

2223 4397 2647 4465 compassionem
2676 4433 2690 4458 ,
2738 4393 2894 4447 nobis
2947 4391 3014 4443 ad
3060 4387 3462 4443 conclusionem
3510 4384 3784 4438 voluminis

551 4475 838 4546 Spiritum,
882 4481 1076 4537 defecit
1128 4500 1192 4540 ac
1229 4499 1472 4543 mortuus
1521 4502 1625 4557 est,
1680 4494 2025 4566 sepultusque
2068 4497 2120 4550 in
2149 4516 2200 4575 ι)
2225 4487 2589 4548 tendentibus,
2613 4484 2848 4539 breviter
2874 4478 3482 4575 memorare-congruit.-
3520 4476 3655 4531 Nam
3683 4486 3782 4542 ipsa

553 4567 792 4624 claustro
841 4576 1191 4638 monasterii.
1242 4577 1397 4647 juxta
1452 4598 1610 4652 quem
1668 4600 1883 4655 quoque
1939 4597 2122 4643 custos

552 4669 812 4726 equorum
864 4662 1031 4731 ipsius
1060 4669 1259 4722 sancti
1284 4680 1467 4739 postea
1515 4674 1806 4732 tumulatus
1849 4686 1952 4732 est.
1996 4678 2120 4744 Qui,

553 4755 683 4803 tunc
708 4749 922 4817 quidem
960 4754 1289 4823 vulneratus,
1319 4777 1489 4831 usque
1529 4764 1596 4818 ad
1629 4766 1768 4820 diem
1815 4766 2123 4823 festivitatis

552 4841 721 4896 sancti
750 4843 977 4907 Andreae
1020 4846 1241 4918 languit,
1268 4853 1450 4922 sicque
1473 4855 1624 4910 obiit.
1670 4856 1933 4913 Caeterum
1963 4867 2125 4913 emta:

553 4934 720 4991 cladis
744 4938 1146 5006 compilatores,
1179 4945 1481 5001 certissime
1519 4958 1872 5019 agnoscentes
1908 4948 2123 5004 beatum

550 5024 749 5082 abiisse
766 5027 1067 5097 Abbonem,
1089 5033 1334 5088 certatim
1348 5038 1524 5090 cuncti
1549 5036 1601 5091 in
1624 5036 1801 5108 fugam
1825 5049 2126 5104 vertuntur,

551 5115 629 5171 ita
660 5126 740 5183 ut,
786 5121 944 5174 terris
993 5122 1201 5177 reddito
1236 5125 1361 5190 die,
1410 5141 1478 5180 ne
1524 5127 1775 5181 mulieres
1821 5127 2037 5196 quidem
2076 5129 2128 5183 in

553 5208 819 5264 universis
834 5211 1135 5267 forensibus
1150 5215 1317 5283 ipsius
1331 5216 1467 5270 villze
1483 5217 1850 5272 invenirentur
1861 5218 2125 5275 domibus.

556 5296 852 5363 Quatriduo
895 5312 1016 5369 post
1060 5304 1263 5358 obitum
1315 5307 1486 5359 sancti
1534 5308 1633 5363 viri
1683 5309 1876 5364 morati
1921 5325 2127 5376 sumus,

556 5405 615 5414 ..Α
627 5403 857 5414 ...ιε-,Α-η-.
869 5400 886 5414 Δ

2226 4581 2343 4634 viro
2368 4592 2466 4633 suo
2492 4585 2550 4631 ut
2576 4575 2884 4630 vulneratos
2911 4573 3071 4628 etiam
3112 4570 3354 4626 nolentes
3384 4567 3646 4648 retineret
3670 4578 3784 4617 sua-

2226 4671 2315 4726 sit.
2343 4668 2591 4725 Iletentis
2619 4675 2796 4720 autem
2838 4665 2954 4732 ipsa
2999 4669 3192 4716 cuncta
3231 4658 3419 4713 tribuit
3466 4651 3782 4713 necessaria,

2227 4779 2334 4818 non
2358 4761 2528 4817 solum
2575 4746 2973 4829 languentibus,
3020 4769 3206 4808 verum
3249 4752 3412 4806 etiam
3452 4762 3645 4803 eorum
3686 4757 3784 4799 set-

2225 4854 2527 4919 vientibus,
2576 4862 2735 4921 atque
2773 4850 2966 4919 equis,
3014 4848 3103 4917 qui
3148 4859 3335 4900 omnes
3375 4841 3647 4897 sexdecim
3689 4834 3786 4907 (l9)

2227 4955 2384 5001 erant
2435 4958 2679 5003 numero.
2727 4939 2992 4995 Medicum
3044 4938 3158 5006 ipsa
3186 4932 3454 5004 quaesivit,
3503 4932 3659 4999 eique
3703 4939 3787 4995 pro

2229 5030 2483 5086 sanandis
2504 5030 2660 5098 aagris
2687 5028 2799 5095 ipsa
2833 5024 3064 5095 pretium
3087 5019 3332 5091 praebuit.
3372 5018 3417 5071 A
3443 5031 3530 5070 me
3567 5024 3781 5083 quoque,

2230 5133 2292 5178 ut
2312 5139 2433 5179 cum
2462 5124 2542 5177 eis
2573 5132 2925 5174 remanerem.
2957 5131 3062 5170 non
3105 5113 3278 5169 solum
3312 5118 3594 5165 mansueta
3623 5118 3784 5202 prece.

2232 5229 2420 5270 verum
2465 5211 2695 5282 quadam
2764 5208 3049 5277 imperiosa
3096 5200 3787 5271 consanguinitatisexegit.

2233 5307 2574 5362 auctoritate.
2609 5304 2669 5358 Ili
2704 5317 2831 5357 vero
2877 5300 2968 5369 qui
3009 5299 3123 5352 sani
3159 5307 3398 5356 evasere,
3427 5308 3456 5345 a
3486 5296 3788 5360 procurato-

3386 5399 3441 5414 Λιι
3476 5392 3552 5414 inc
3562 5392 3639 5414 illc
3680 5392 3786 5414 Min

3121 5405 3217 5414 ιιι-ιι
3258 5401 3378 5414 Λιιιιι
