3944 5414
183 315 316 393 ns

1189 347 1551 408 PROtEMIA.
1584 384 1650 392 -
1691 352 2039 407 MlRAClILA
2082 353 2138 407 S.
2180 353 2484 410 ABBONIS.

3341 362 3447 417 4H

182 452 310 516 iter,
343 455 564 511 tandem
596 457 842 514 Floriaco
869 459 1115 515 ccenobio
1135 462 1448 518 intulerunt.
1481 465 1611 532 Quis
1649 475 1773 519 tunc
1802 469 1851 528 Α
1880 467 2008 520 stris
2049 467 2360 536 ampliorem
2409 470 2637 522 addebat
2685 471 2921 526 dolorem
2952 475 3092 541 quod
3138 475 3227 528 tali
3271 477 3440 530 forent

182 545 371 601 luctus
396 548 560 617 quive
599 550 752 605 dolor
799 559 962 606 totam
993 564 1229 609 nostram
1252 567 1493 610 sanetam
1522 559 1773 612 invaserit

183 643 694 706 congregationem,
722 659 900 696 sermo
928 646 1199 713 explicare
1215 664 1316 701 non
1330 647 1541 710 snllicit,
1567 667 1686 702 cuttt
1706 652 1772 703 ab

185 729 268 781 his
291 745 519 797 quoque
540 732 736 800 quibus
755 733 870 799 ejus
882 737 1118 803 gravitas
1130 753 1356 792 onerosa
1375 739 1673 798 videbatur.
1693 742 1772 793 itt-

185 821 599 877 cousolabiliter
627 823 920 894 lugeretur.
948 828 1111 882 Auxit
1141 829 1282 884 hunc
1319 831 1588 899 ingentem
1627 831 1772 886 dolo-

186 925 299 962 rem
339 914 612 965 adventus
665 917 1016 983 plurimorum
1063 921 1313 973 abbatum
1359 922 1410 974 in
1459 923 1770 976 imminente

183 1000 364 1054 sancti
398 1003 571 1070 patris
607 1003 877 1060 Benedicti
925 1007 1285 1073 solemnitate,
1336 1025 1456 1080 quae
1501 1011 1551 1064 in
1589 1025 1770 1066 mense

183 1089 388 1144 colitur
409 1091 711 1157 Decembri,
740 1088 1144 1152 confluentium.
1180 1099 1378 1152 Horum
1414 1101 1502 1153 alii
1536 1101 1601 1153 ab
1632 1102 1766 1170 ipso,

185 1182 252 1239 ob
271 1185 539 1252 quasdam
560 1187 886 1242 ordinandas
912 1191 1189 1255 utilitates,
1216 1206 1372 1251 erant
1392 1195 1596 1247 evocati
1625 1211 1638 1256 ;
1679 1195 1767 1248 alii

183 1289 409 1328 suarum
441 1279 822 1334 necessitatum
849 1282 1011 1336 certis
1031 1297 1096 1336 ex
1120 1285 1296 1337 causis
1321 1299 1441 1338 eum
1471 1285 1768 1340 consulturi

187 1367 557 1434 advenerant;
598 1371 739 1424 inter
781 1389 915 1442 quos
964 1380 1292 1431 reverendus
1336 1377 1766 1432 Cluniacensium

183 1457 354 1510 abbas
386 1458 543 1512 0dilo
564 1462 772 1524 aderat,
803 1466 1122 1520 charitativo
1150 1468 1431 1522 laudabilis
1467 1470 1518 1521 in
1547 1470 1768 1522 Domino

187 1547 573 1605 familiaritatis
611 1551 819 1622 glutino
873 1557 920 1610 ei
979 1557 1030 1610 itt
1087 1559 1232 1611 omni
1292 1575 1386 1611 sua
1453 1560 1767 1628 conjunctus

185 1639 310 1691 vita.
361 1636 576 1694 Talium
620 1644 802 1714 itaque
846 1652 1151 1715 pneseutia,
1180 1659 1233 1703 et
1276 1651 1442 1718 ipsius
1492 1652 1762 1717 absentia,

187 1741 406 1800 propter
434 1749 594 1802 quem
625 1746 905 1801 venerant,
934 1739 1212 1809 ingerebat
1236 1743 1566 1806 mmstitiatn,
1600 1754 1651 1797 ct
1671 1759 1764 1795 no-

1875 562 2092 622 pastore
2114 557 2360 619 desolati,
2389 559 2474 611 cui
2508 561 2740 626 prudens
2763 561 3043 616 consilium
3087 564 3312 618 aliorum
3351 582 3441 619 ex-

1872 655 2115 714 peterent
2147 648 2344 716 prt’clati
2371 649 2755 702 ctenobiorum.

1945 733 2067 788 llaec
2095 737 2157 789 de
2188 737 2317 799 vita,
2348 738 2583 792 moribus
2612 748 2666 792 et
2692 739 2918 801 actibus,
2949 755 3152 793 necnon
3184 741 3440 812 martyrio

1871 828 2196 882 sanctissimi
2230 831 2396 898 patris
2424 831 2592 883 nostri
2617 831 2878 893 Abbonis,
2915 833 3108 900 partim
3134 848 3162 884 a
3197 833 3441 888 iilelibus

1870 918 2002 971 viris
2032 921 2237 982 audita,
2269 919 2462 987 partim
2527 937 2554 973 a
2612 922 2767 974 nobis
2825 923 2958 986 visa,
2992 924 3056 975 ad
3091 933 3159 984 te,
3187 939 3436 977 reveren-

1874 1009 2080 1063 tissime
2108 1009 2698 1074 clericorum-l-lervee,
2742 1019 2798 1062 ut
2846 1020 2933 1064 ttta
2974 1013 3234 1065 sanctitas
3263 1012 3440 1080 petiit,

1872 1102 2044 1156 veraci
2067 1118 2162 1170 pro
2189 1117 2345 1170 posse
2363 1101 2531 1155 relatu
2555 1101 2889 1170 scripsimus.
2915 1101 3066 1154 Nunc
3089 1109 3230 1154 tuam
3249 1117 3442 1172 expos-

1870 1195 2041 1248 cimus
2065 1184 2446 1262 benignitatem
2483 1201 2744 1262 quatenus
2770 1208 2864 1260 pro
2904 1191 3057 1246 nobis
3097 1191 3305 1244 Domini
3340 1193 3438 1244 int-

1869 1290 2045 1360 plores
2068 1290 2434 1352 clementiam,
2465 1298 2538 1352 ut,
2591 1290 2634 1343 si
2677 1288 2802 1357 qttid
2834 1287 2972 1341 forte
3005 1302 3127 1340 eum
3156 1287 3207 1340 itt
3256 1297 3438 1340 nostra

1868 1380 2186 1434 olfendimtts
2210 1381 2537 1445 narratione,
2580 1379 2688 1448 ipse
2723 1395 2816 1431 sua
2856 1377 3098 1446 piissima
3157 1376 3438 1442 indulgere

1869 1473 2118 1541 dignetur
2202 1472 2578 1536 miseratione;
2655 1478 2727 1531 et,
2799 1468 2890 1538 qui
2959 1465 3075 1535 ejus
3130 1466 3434 1535 sepulcrum

1867 1563 2116 1631 dignatus
2169 1572 2253 1616 est
2297 1561 2566 1615 miraculis
2618 1561 2913 1624 illustrare,
2969 1559 3098 1612 mihi
3131 1557 3435 1612 facultatem

1867 1657 2117 1725 dignetur
2168 1655 2434 1718 conferre,
2489 1655 2541 1707 itt
2608 1653 2852 1721 sequenti
2908 1651 3200 1713 volumine,
3256 1664 3320 1705 ea
3370 1649 3438 1704 ad

1869 1744 2078 1798 laudent
2111 1745 2344 1798 nominis
2366 1745 2446 1797 sui
2485 1744 2728 1798 lidelibtts
2752 1740 3115 1798 manifestare.

1103 1868 1711 1997 MIRA'QJULA
1764 1873 1886 1997 Is.
1950 1870 2506 1997 ‘ABBONIS,

1375 1975 1602 2035 Eodem
1635 1986 1890 2037 auctore
1924 1981 1968 2037 Α
1983 1979 2234 2045 ιἠιοίηο,

255 2066 470 2120 LAmto
508 2068 894 2125 incarnationis
926 2072 1220 2128 Dominicm
1242 2074 1526 2129 millesimo
1555 2085 1764 2144 quarto,
1801 2089 1840 2146 Β
1875 2079 2137 2147 reperisse
2169 2077 2440 2146 professus
2474 2088 2555 2134 est
2581 2095 2595 2144 ;
2619 2093 2738 2148 qua:
2766 2091 2936 2147 usque
2964 2091 3120 2139 mane
3157 2073 3435 2147 sequentis

191 2157 480 2211 indictione
525 2161 760 2214 secunda
782 2201 796 2224 ,
835 2163 920 2217 die
951 2165 1152 2218 mensis
1201 2164 1516 2220 Novembris
1549 2166 1764 2219 decimo.

193 2249 365 2311 tertio,
431 2252 818 2321 martyrizatus
872 2263 956 2309 est
1011 2257 1329 2311 venerabilis
1373 2258 1541 2311 abbas
1583 2258 1756 2321 Abbo,

194 2343 335 2407 cuius
368 2344 486 2396 dies
517 2346 784 2413 passionis
806 2362 926 2400 cum
959 2347 1123 2401 celeri
1150 2349 1402 2413 transitu,
1448 2358 1556 2402 tmn
1585 2349 1758 2404 sancti

195 2429 368 2494 lit-icti,
403 2443 518 2486 tuttt
578 2434 740 2488 etiam
796 2434 1084 2491 festivitate
1132 2437 1407 2504 cujusdam
1437 2439 1628 2501 sancti,
1657 2455 1755 2492 no-

197 2527 329 2580 mine
361 2527 616 2590 llerardi,
652 2528 873 2597 insignis
909 2530 1138 2582 habetur
1174 2547 1187 2583 :
1229 2531 1380 2599 cujus
1402 2531 1573 2583 sancti
1597 2538 1756 2598 caput

197 2615 242 2668 itt
273 2619 601 2671 monasterio
631 2619 860 2688 Regulae,
886 2620 1146 2689 reliquum
1177 2622 1417 2689 corporis
1446 2621 1497 2673 itt
1521 2621 1754 2688 quadam

200 2708 352 2774 ipsius
388 2713 626 2766 cmuobii
683 2713 814 2766 cella
866 2714 1144 2766 humatum
1201 2721 1468 2766 servatur.
1525 2713 1598 2766 De
1625 2727 1751 2781 quo,

199 2804 308 2870 quis
335 2803 500 2859 fuerit
528 2806 721 2874 quidve
745 2807 935 2875 egerit,
971 2821 1138 2874 usque
1166 2805 1324 2860 hodie
1355 2807 1406 2859 in
1438 2806 1655 2874 scriptis
1681 2805 1754 2858 nil

199 2894 329 2947 aliud
381 2898 622 2965 reperire
648 2900 935 2967 quivintus,
980 2915 1138 2968 quam
1167 2898 1304 2952 diem
1330 2899 1586 2952 transitus
1614 2898 1748 2967 ejus.

201 2982 354 3040 Porro
379 2987 447 3041 de
487 2989 798 3044 honorando
849 3002 1000 3060 patre
1039 2999 1224 3045 nostro
1249 3006 1310 3045 ea
1340 3005 1457 3057 qute
1485 3005 1580 3058 per
1627 3005 1749 3044 eum

203 3075 444 3132 Dominus
521 3081 733 3149 Operari
815 3091 937 3152 post
999 3081 1114 3150 ejus
1170 3083 1460 3136 transitum
1513 3082 1752 3134 decrevit

205 3168 465 3242 miracula,
528 3171 722 3226 litteris
791 3173 1048 3225 mandare
1107 3173 1326 3242 dignunt
1382 3172 1635 3225 duximus
1684 3171 1749 3224 ad

204 3264 425 3317 notitiam
449 3275 804 3332 posterorum.
853 3265 985 3317 Dum
1019 3264 1181 3333 igitur
1207 3264 1381 3316 adhuc
1412 3264 1749 3319 ittltttmatuttt

204 3367 380 3422 corpus
405 3354 516 3422 ejus
557 3354 610 3410 in
651 3354 876 3410 ecclesia
927 3363 1252 3419 servaretur,
1310 3357 1520 3411 cuidam
1565 3357 1747 3420 debili,

1858 2169 1962 2224 diei
1995 2171 2318 2238 perdurasse
2347 2171 2456 2224 visa
2481 2181 2583 2226 est.

1928 2262 1981 2314 4.
2014 2261 2202 2315 Caecus
2228 2262 2444 2330 quidam
2476 2271 2596 2314 erat
2622 2259 2951 2331 Petragorici
3002 2259 3147 2329 pagi,
3200 2257 3283 2312 cui
3335 2271 3434 2327 per

1858 2351 2028 2404 visum
2053 2352 2344 2405 revelatum
2398 2359 2581 2414 estut,
2623 2351 2667 2404 si
2693 2351 2876 2404 videre
2911 2349 3093 2413 vellet,
3125 2347 3430 2416 sepulcrum

1858 2442 2016 2509 hujus
2046 2441 2217 2496 sancti
2256 2449 2561 2510 expeteret,
2599 2451 2656 2494 ttt
2680 2439 2794 2507 ejus
2829 2440 3128 2494 interventu
3154 2454 3182 2490 a
3209 2438 3431 2491 Domino

1856 2533 2034 2586 lumen
2087 2532 2367 2599 reciperet.
2427 2530 2526 2596 Qui
2571 2546 2689 2584 cum
2731 2532 2885 2600 juxta
2935 2538 3318 2599 praeustensaut
3348 2527 3428 2578 vi-

1855 2624 2062 2677 sionem
2093 2623 2157 2675 ad
2188 2622 2362 2675 locum
2391 2622 2603 2691 Regula:
2633 2623 2972 2684 accessisset,
3019 2636 3082 2676 ac
3141 2619 3206 2673 ad
3256 2619 3428 2674 sancti

1857 2713 2120 2765 tumulant
2153 2712 2456 2780 aliquantus
2491 2711 2776 2781 pervigiles
2826 2712 3070 2766 duxisset
3109 2720 3318 2774 noctes,
3354 2711 3429 2762 vi-

1854 2820 1970 2858 sunt
1997 2805 2218 2873 recepit.
2268 2804 2438 2866 Unde,
2488 2813 2693 2872 partem
2732 2804 3061 2863 haereditatis
3100 2818 3209 2862 suae
3239 2810 3428 2855 sancto

1853 2894 2013 2949 Petro
2042 2911 2104 2948 ac
2133 2894 2291 2947 beato
2346 2893 2658 2956 Benedicto,
2715 2909 2925 2947 necnon
2969 2901 3156 2946 sancto
3201 2890 3425 2961 martyri

1851 2987 2059 3039 Abboni
2108 2985 2318 3054 illisque
2372 2983 2752 3038 famulantibus
2807 2982 3054 3054 largitus,
3105 2983 3170 3036 ad
3211 2980 3424 3051 propria

1853 3077 2029 3132 rediit.
2533 3103 2536 3106 ί
2675 3104 2678 3108 -
2873 3107 2876 3112 ι
3049 3113 3051 3115 ι

1921 3169 1975 3226 5.
2011 3168 2162 3230 Alter
2197 3182 2410 3240 quoque
2430 3181 2606 3225 εωοιιε
2651 3166 2715 3223 de
2741 3180 2877 3239 pago
2905 3162 3306 3234 Burdcsptlensi,
3331 3177 3428 3233 per

1851 3266 2026 3319 visunt
2083 3263 2264 3318 itidem
2297 3263 2602 3316 admonitus
2640 3269 2722 3314 est
2763 3260 2838 3313 uti
2894 3257 3274 3312 monasterium
3325 3256 3424 3309 lte-

1853 3357 1988 3426 gulae
2016 3357 2217 3409 adiret:
2245 3355 2375 3407 ittibi
2405 3368 2524 3408 esse
2564 3361 2832 3416 sanctum,
2867 3368 2960 3421 per
2987 3351 3142 3420 cujus
3172 3349 3422 3402 meritum

205 3456 344 3508 quem
403 3445 557 3514 longa
613 3446 692 3500 vis
738 3445 964 3500 febrium
1020 3459 1412 3511 maceraverat,
1453 3464 1546 3516 per
1579 3451 1751 3504 visum
1780 3459 1823 3517 Ο
1858 3449 2116 3502 Dominus
2142 3447 2189 3501 ei
2213 3446 2390 3500 lumen
2415 3445 2766 3500 condonaret.
2789 3444 2886 3511 Qui
2912 3453 3178 3512 praecepto
3203 3456 3420 3510 parens,

208 3532 475 3588 revelatum
535 3544 621 3589 est
671 3545 744 3599 ut,
785 3537 828 3590 si
891 3552 1056 3590 sanus
1101 3551 1219 3590 esse
1259 3538 1437 3602 vellet,
1468 3537 1747 3593 dexteram

205 3634 397 3676 manum
432 3625 552 3692 ejus
604 3625 743 3679 ablui
802 3641 938 3695 aqua
970 3637 1238 3694 posceret,
1292 3627 1509 3696 ἱρδενιιιιε
1538 3645 1654 3682 eam
1695 3630 1746 3683 in

206 3721 366 3778 potuttt
413 3725 674 3770 sumeret.
725 3717 875 3783 Quod
922 3733 1042 3772 cunt
1081 3734 1110 3772 a
1138 3719 1335 3772 domno
1371 3719 1616 3788 Remigio
1641 3736 1748 3774 mo-

208 3808 385 3873 nacho,
441 3807 561 3876 ejus
597 3808 696 3863 loci
739 3819 919 3878 postea
970 3812 1278 3880 praeposito,
1307 3812 1637 3881 poposcisset
1683 3828 1747 3867 ac

207 3895 596 3965 impetravisset,
639 3899 830 3954 hausto
866 3910 994 3970 potu
1052 3891 1293 3970 pristinae
1337 3901 1619 3956 restitutus
1664 3909 1747 3955 est

209 3991 414 4044 sanitati.

264 4077 311 4128 2.
361 4080 483 4137 Dein
523 4097 670 4147 vero,
713 4083 800 4138 die
847 4085 1080 4138 secunda
1130 4084 1310 4138 obitus
1353 4083 1521 4153 ipsius
1573 4081 1745 4137 sancti

210 4167 312 4229 viri,
335 4188 426 4225 una
453 4190 521 4227 ex
549 4174 631 4227 his
654 4175 964 4229 mulieribus
1002 4191 1120 4245 quae
1149 4175 1380 4230 clamore
1401 4191 1498 4229 suo
1528 4167 1746 4229 seditio-

208 4272 310 4312 nem
332 4266 719 4318 coacitaverant
743 4304 758 4328 ,
799 4278 975 4321 mente
1026 4275 1180 4334 capta
1211 4277 1427 4334 totoque
1456 4266 1591 4318 nuda
1621 4279 1745 4318 cor—

210 4363 316 4415 POI'e
339 4370 424 4422 per
446 4357 730 4410 ecclesiam
757 4359 1050 4413 rotabatur.
1080 4358 1208 4412 Post
1262 4359 1379 4412 haec
1427 4358 1575 4428 lepra
1621 4372 1744 4426 per-

211 4452 340 4494 cussa
391 4456 440 4499 et
500 4461 531 4499 a
571 4449 842 4503 consortio
894 4450 1168 4504 hominum
1211 4449 1653 4518 espulsa,usque
1675 4447 1742 4502 ad

211 4529 344 4585 linem
372 4536 488 4591 vitae
523 4553 628 4592 non
648 4526 741 4594 est
765 4543 1039 4594 mundata.

267 4624 312 4676 5.
337 4626 492 4682 Porro
547 4631 634 4685 die
689 4641 902 4703 quarta,
930 4631 1055 4686 dum
1080 4640 1261 4686 custos
1309 4632 1551 4687 ecclesia:
1606 4631 1742 4686 duas

212 4709 420 4774 lucernas
467 4720 579 4790 (20)
628 4737 893 4775 mensurae
939 4722 1281 4791 semipedalis
1326 4731 1447 4791 post
1494 4724 1738 4793 syttaxim

1854 3537 2025 3590 locum
2065 3536 2219 3600 adiit,
2272 3535 2444 3605 spatio
2497 3533 2668 3590 ferme
2706 3535 2912 3588 dierum
2980 3542 3103 3586 octo
3156 3529 3266 3602 (:21)
3297 3538 3423 3582 ante

1849 3627 2020 3680 sancti
2080 3627 2316 3680 tumbam
2374 3625 2730 3693 pernoctavit.
2789 3624 2902 3679 Una
2969 3639 3097 3677 vero
3148 3621 3417 3684 noctium,

1847 3718 1971 3773 dum
1998 3716 2194 3772 fratres
2225 3718 2290 3771 ad
2333 3717 2622 3771 matutinos
2663 3725 2948 3786 surgerent
2992 3716 3246 3786 hymnos,
3285 3727 3419 3782 pue-

1849 3823 1967 3861 rum
2003 3817 2126 3861 ante
2154 3822 2214 3861 se
2255 3806 2522 3875 jacentem
2572 3807 2846 3869 excitavit,
2902 3805 3128 3858 dicens:
3167 3820 3185 3853 ι
3223 3801 3415 3870 Surge,

1806 3907 1907 3951 ~tll
1948 3897 2150 3967 pariter
2215 3897 2618 3950 matutinalibus
2677 3897 2945 3966 possimus
3002 3895 3260 3948 interesse
3305 3890 3421 3945 olli--

1847 3988 1964 4042 ciis.
1995 4006 2014 4039 ι
2074 3986 2172 4040 Cui
2213 4001 2334 4038 cum
2382 3984 2469 4038 ille
2511 4001 2615 4039 non
2674 4001 2732 4039 se
2762 3986 2960 4038 habere
2987 3983 3073 4035 ubi
3100 3981 3419 4035 accenderet

1846 4076 2045 4144 lumen,
2091 4077 2448 4132 obtenderet:
2493 4096 2510 4128 ι
2553 4075 2744 4139 Video,
2803 4076 2914 4141 ait,
2971 4075 3242 4126 lucernam
3294 4081 3417 4123 ante

1845 4166 2014 4221 altare
2076 4177 2276 4221 sancta:
2326 4168 2501 4222 crucis
2552 4168 2852 4222 ardentem.
2900 4186 2918 4218 ι
2968 4165 3046 4217 Ad
3086 4164 3200 4217 haec
3237 4178 3412 4232 pttet':

1849 4278 1868 4311 ι
1905 4259 1962 4313 Si
1995 4260 2161 4321 vides,
2201 4260 2394 4329 inquit,
2455 4262 2618 4325 vade,
2652 4269 2706 4313 ct
2732 4274 2853 4313 eam
2885 4258 2988 4312 huc
3016 4255 3183 4309 defer.
3226 4273 3244 4304 ι
3271 4254 3418 4308 Abiit

1843 4350 1956 4414 ille,
1977 4361 2031 4405 et
2071 4353 2408 4421 apprehenso
2453 4351 2676 4415 lumine,
2709 4351 2760 4404 in
2792 4349 3066 4418 superiora
3098 4354 3319 4416 cryptae,
3345 4343 3450 4400 ad’

1841 4459 1934 4498 eos
1985 4444 2077 4513 qui
2133 4443 2444 4513 psalmodite
2515 4442 2875 4504 insistebant,
2940 4440 3141 4512 absque
3196 4435 3417 4488 ductore

1813 4535 2104 4589 ascendit.
2163 4534 2218 4600 lu
2262 4535 2579 4599 crastinum,
2623 4531 2882 4598 fratribus
2945 4535 3137 4582 cuncta
3169 4538 3287 4593 qua:
3314 4523 3415 4578 sibi

1841 4629 2150 4682 acciderant
2199 4627 2477 4689 referens,
2542 4627 2610 4679 ad
2680 4620 2982 4677 reddendas
3065 4619 3175 4673 Deo
3231 4615 3418 4668 laudes

1840 4735 2027 4773 eorum
2062 4729 2270 4772 mentes
2327 4715 2593 4770 accendit.
2656 4713 2839 4767 Fidem
2865 4710 3042 4764 verbis
3062 4708 3176 4778 ejus
3207 4719 3418 4759 accom-

214 4810 502 4877 completorii
554 4817 910 4880 accendisset,
974 4831 1131 4869 unatn
1180 4825 1304 4870 ante
1350 4816 1519 4870 altare
1571 4817 1742 4870 sancti
1771 4804 1820 4866 D
1849 4809 2105 4862 tuodabat
2133 4817 2239 4862 tant
2265 4807 2459 4861 decora
2483 4805 2715 4859 canities
2755 4815 2918 4870 quant
2945 4801 3108 4854 etiam
3137 4796 3332 4858 vultus,
3357 4807 3422 4846 ac

213 4894 327 4952 Petri
353 4906 535 4968 posuit,
571 4904 797 4957 alteram
848 4914 974 4958 ante
1026 4906 1328 4974 sepulcrum
1359 4907 1612 4974 martyris
1632 4905 1740 4957 Ab-

213 4987 352 5041 tionis.
387 4991 619 5063 Cumque
656 4995 721 5046 ad
764 4994 1055 5048 matutinos
1088 4995 1415 5048 surrexisset
1451 4995 1738 5064 designan-

214 5080 288 5144 dos
335 5079 565 5149 hymnos,
613 5098 732 5136 eam
777 5097 937 5150 quam
967 5099 1148 5137 coram
1176 5084 1346 5137 altare
1367 5085 1542 5138 sancti
1589 5084 1735 5138 Petri

213 5177 440 5235 posuerat,
471 5191 644 5228 arsatn
675 5173 908 5243 reperit;
943 5173 1082 5229 illaut
1141 5190 1269 5230 vero
1319 5190 1479 5244 quam
1529 5175 1594 5228 ad
1646 5191 1737 5228 ca-

318 5261 492 5294 IIIII‘Ihm
535 5266 699 5294 auo-nl:
764 5263 868 5294 ":':
911 5276 1156 5294 ratur-annual
1215 5283 1352 5294 unus“
1388 5265 1398 5294 ί

965 5276 1156 5294 lbi-Ann.
1215 5283 1352 5294 “alia
1388 5277 1649 5294 ΙιὶΙΑηκῆιιὶ
1675 5279 1733 5294 an

1844 4901 2007 4955 totius
2033 4899 2276 4970 corporis
2304 4900 2558 4952 honestus
2588 4905 2781 4951 status.

1913 4991 2137 5059 Semper
2158 4991 2248 5060 qui
2298 4991 2544 5058 proprios
2572 4987 2784 5042 meritis
2804 4992 3033 5038 exornat
3062 4980 3283 5036 amicos,

1911 5081 1977 5134 Et
2006 5083 2097 5135 dat
2125 5082 2402 5135 Floriacos
2441 5081 2583 5134 cudo
2619 5080 2814 5132 ﬂorere
2842 5083 3127 5144 patronos,
3453 5103 3460 5138 ;

1907 5174 2185 5227 Ριτιοειειιιε
2215 5178 2535 5241 perpetuam
2577 5179 2702 5242 post
2758 5164 2944 5218 carnis
2998 5164 3186 5216 funera
3250 5151 3438 5203 Vilallh

2546 5265 2571 5294 Α
2589 5274 2708 5294 ηιοη
