3944 5414
453 253 560 309 415
594 272 595 275 ‘

455 396 732 411 *υ*

1516 263 1580 319 S.
1619 262 1910 320 ABBOMS
1949 263 2441 323 FLOBIACENSIS
2487 269 2775 326 ABBATIS

3603 272 3717 328 416

734 400 3695 432 ..__.___.__..____________________._____________________________

874 519 1382 615 NOTITIA
1467 527 2067 619 LITTERAR

2148 537 2207 617 Α
2278 530 2405 620 IN
2495 530 2588 621 s.
2664 502 3270 626 ABBONEM.

1262 714 1450 786 (Apud
1477 714 1797 785 Oudinutn,
1835 716 2030 788 δοτῆρι.
2070 717 2280 785 ccclcs.,
2306 727 2437 774 tom.
2483 719 2548 787 ll,
2584 736 2710 793 pag.
2734 720 2885 793 509.)

525 917 585 972 S.
605 914 760 974 Abbo
793 915 1124 972 Floriacenis
1144 916 1313 973 abbas
1337 925 1393 971 et
1417 928 1653 993 martyr,
1682 921 1800 977 sive
1841 920 2028 979 Sancti
2055 930 2109 990 Α
2132 921 2605 980 Benedictinornm
2634 921 2821 978 Sancti
2861 921 3116 979 Germani
3152 922 3478 983 Parisiensis
3524 928 3720 985 biblio-

454 1007 731 1064 Benedicti
784 1008 850 1061 ad
889 1006 1143 1077 Ligerim,
1175 1007 1230 1062 in
1276 1008 1594 1081 episcOpatu
1625 1011 2026 1082 Aurelianensi,

2130 1017 2395 1083 thecario,
2424 1014 2686 1097 Epistolas
2730 1016 2960 1072 Abbonis
3004 1018 3289 1077 nonnullas
3330 1019 3385 1075 in
3415 1023 3721 1083 manuscri-

454 1103 538 1154 vir
564 1101 755 1157 doctus
785 1115 849 1154 ac
870 1109 1107 1166 sanctus,
1149 1100 1301 1169 cujus
1330 1102 1635 1159 doctrinam
1666 1106 1816 1161 varia
1840 1106 1909 1161 ab
1944 1106 2031 1161 illo
2128 1110 2238 1181 ptis
2278 1107 2556 1164 codicibus
2580 1109 2905 1180 quibusdam
2931 1108 3233 1168 Pithaeanis
3285 1113 3554 1180 inventas,
3582 1129 3722 1184 quas

455 1194 655 1264 scripta
685 1209 848 1263 opera
869 1191 1121 1263 probant,
1168 1192 1321 1268 cujus
1369 1196 1714 1252 sanctitatem
1737 1196 1939 1253 eﬂ'usus
1966 1198 2033 1253 ad
2130 1200 2453 1256 bibliotheca
2503 1200 2750 1272 quadam
2798 1198 3045 1256 Parisina
3094 1204 3437 1270 asservabat,
3473 1220 3723 1283 quasque

453 1284 880 1341 conservandam
924 1285 1329 1344 observantiam
1376 1288 1586 1343 ordinis
1614 1296 1777 1358 atque
1822 1287 2034 1343 oblatus

455 1375 678 1446 sanguis
702 1382 935 1430 testatur
1014 1373 1308 1432 Meminero
1331 1378 1490 1448 hujus
1520 1378 1783 1445 Abbonis,
1807 1389 1867 1435 ut
1894 1378 2036 1434 infra

454 1481 671 1537 quoque
700 1466 962 1530 dicemus,
1000 1464 1320 1536 Sigehertus
1343 1469 1394 1522 in
1424 1468 1682 1539 Gatologo
1710 1467 2036 1541 Scriptorum

455 1557 947 1624 ecclesiasticarum,
978 1572 1102 1627 cap.
1129 1559 1249 1626 139,
1276 1569 1333 1615 et
1366 1559 1421 1615 in
1448 1558 1708 1615 Chronico
1741 1560 1808 1614 ad
1835 1576 2036 1616 annum

455 1650 601 1716 990,
654 1658 710 1705 et
750 1649 990 1709 Senatus
1049 1667 1285 1723 quoque,
1328 1652 1630 1707 Bravonius
1657 1691 1672 1716 ,
1734 1651 1913 1706 surculi
1960 1667 2037 1707 xu

457 1743 711 1813 scriptor,
741 1742 794 1799 in
823 1741 950 1800 Vita
999 1745 1059 1800 S.
1093 1745 1349 1810 Oswaldi,
1380 1745 1519 1815 apud
1545 1744 1761 1799 Surium
1798 1744 1865 1799 ad
1894 1744 2039 1799 diem

457 1833 527 1887 15
582 1829 854 1890 Octobris.
921 1834 999 1889 Ex
1074 1850 1182 1904 quo
1253 1835 1630 1907 cognoscimus
1700 1834 1917 1888 hortatu
1977 1831 2038 1888 S.

457 1924 785 1991 Dnustanni,
845 1926 972 1981 dum
997 1926 1048 1980 in
1089 1921 1279 1996 Anglia
1334 1936 1659 1990 moraretur,
1708 1926 1855 1979 illum
1907 1926 2042 1980 scri-

459 2017 636 2086 psisse
686 2014 991 2071 Passionem
1043 2015 1110 2069 Β.
1169 2015 1439 2071 Edmundi
1479 2017 1611 2086 regis
1654 2026 1699 2069 et
1754 2016 2040 2086 martyris,

458 2122 623 2178 quam
678 2108 941 2164 habemus
1003 2108 1147 2179 apud
1210 2091 1429 2163 Surium
1494 2117 1644 2164 tomo
1683 2106 1770 2170 Vl,
1804 2108 1869 2163 ad
1900 2108 2042 2163 diem

458 2199 530 2253 2t)
558 2196 897 2264 Novembris,
945 2206 1000 2262 et
1045 2213 1166 2268 quae
1217 2198 1580 2267 manuscripta
1636 2206 1814 2252 exstat
1858 2196 1911 2251 in
1961 2195 2045 2250 bi-

2134 1290 2276 1345 haud
2302 1292 2463 1347 dubie
2504 1292 2703 1347 eruditi
2751 1289 2913 1360 hujus
2966 1291 3130 1360 regiae
3178 1293 3327 1351 urbis
3363 1294 3469 1350 viri
3513 1295 3720 1353 dudum

2136 1391 2305 1450 latere
2366 1383 2599 1441 ineditas
2643 1399 2751 1441 non
2806 1394 3142 1455 paterentur.
3183 1383 3386 1440 [larum
3428 1402 3591 1440 unam
3654 1386 3722 1441 ad

2135 1472 2372 1528 abbatem
2404 1472 2720 1531 Fuldensem
2767 1476 2938 1533 edidit
2986 1476 3293 1548 Stephanus
3321 1477 3602 1543 Baluzius,
3645 1486 3723 1533 to-

2136 1562 2275 1617 mol
2332 1561 2789 1619 Miscellaneorum
2831 1580 2955 1637 pag.
3017 1566 3153 1634 409;
3196 1568 3500 1640 fragmenta
3537 1576 3723 1635 autem

2139 1653 2367 1709 aliarum
2396 1653 2548 1708 dedit
2573 1654 2937 1712 Aimoinusin
3005 1654 3126 1712 Vita
3180 1657 3240 1714 Ss.
3291 1659 3551 1723 Abbonis,
3600 1659 3725 1729 Epi-

2139 1743 2400 1799 stolarum
2424 1743 2641 1813 quidem
2662 1744 2888 1801 duarum
2909 1745 2979 1799 ad
2999 1743 3330 1801 Bernardum
3351 1748 3593 1802 abbatem
3606 1746 3724 1801 Bel-

2141 1831 2458 1898 h'locensem,
2482 1832 2644 1903 hujus
2657 1832 2794 1889 Vita:
2814 1849 2933 1905 cap.
2959 1834 3046 1890 10.
3066 1835 3303 1892 Alterius
3320 1838 3390 1891 ad
3409 1836 3723 1907 Gregorium

2156 1919 2216 1987 V,
2243 1921 2540 1977 Romanum
2564 1924 2881 1994 pontiﬁcem,
2905 1924 3039 1981 ibid.
3060 1940 3180 1995 cap.
3214 1926 3297 1981 12.
3326 1926 3574 1997 Denique
3612 1926 3724 1995 epi-

2144 2013 2295 2069 stola!
2318 2015 2650 2070 hexametris
2681 2015 2931 2072 versibus
2974 2016 3046 2070 ad
3073 2016 3313 2072 Ottonem
3354 2017 3723 2086 imperatorem

2143 2104 2381 2173 scriptae,
2411 2104 2542 2159 ibid.
2575 2119 2696 2175 cap.
2742 2106 2829 2160 15.
2884 2104 2995 2161 llas
3046 2103 3175 2163 olim
3221 2106 3446 2162 Abbonis
3474 2106 3724 2176 epistolas

2144 2195 2354 2252 viderat
2404 2195 2643 2253 Joannes
2693 2197 2922 2263 Balteus,
2964 2199 3190 2270 Anglus,
3242 2202 3441 2272 quippe
3492 2216 3723 2271 quarum

459 2290 729 2346 bliotheea
757 2290 969 2361 privata
999 2289 1313 2345 Lumleiaua
1346 2288 1397 2343 in
1439 2288 1656 2361 Anglia,
1684 2297 1850 2358 atque
1874 2287 2039 2342 etiam
2069 2280 2117 2341 B
2144 2286 2435 2358 assignatis
2461 2301 2650 2342 earum
2682 2288 2854 2343 titulis
2902 2288 3018 2360 ipse
3045 2291 3311 2354 meminit,
3342 2290 3396 2345 in
3434 2304 3605 2359 opere
3630 2304 3723 2344 suo

461 2382 518 2437 in
570 2381 738 2453 Regia
782 2379 1078 2438 Galliarum
1133 2379 1484 2445 bibliotheca,
1535 2379 1724 2434 codice
1751 2394 1852 2433 ms.
1876 2376 2038 2443 ⁵5861,

463 2473 559 2533 fol.
593 2473 682 2528 66.
714 2472 943 2529 Exstant
966 2473 1127 2543 hujus
1157 2473 1398 2529 Abbouis
1445 2487 1605 2544 opera
1643 2469 1896 2527 nonnulla
1942 2470 2045 2524 im-

463 2580 671 2637 pressa,
702 2565 809 2620 alia
865 2574 1170 2635 temporum
1224 2564 1373 2635 lapsu
1427 2563 1838 2619 interciderunt.
1889 2561 2044 2616 Scri-

465 2664 651 2726 pserat
679 2655 841 2711 libros
883 2654 1185 2709 dialecticos
1222 2663 1269 2708 et
1298 2653 1693 2716 astronomicos,
1732 2661 1792 2706 ut
1815 2658 2045 2706 testatur

464 2749 750 2805 Aimoinus
801 2748 854 2802 in
914 2748 1032 2819 ejus
1081 2745 1199 2802 Vita
1223 2787 1238 2810 ,
1284 2762 1403 2816 cap.
1432 2747 1488 2812 5,
1520 2762 1656 2816 quos
1682 2745 1876 2817 injuria
1907 2752 2045 2799 tem-

432 2828 657 2909 'porum
705 2839 861 2893 nobis
912 2838 1168 2909 abripuit.
1216 2837 1467 2909 Ejusdem
1516 2835 1933 2891 Commentarius
1988 2836 2044 2889 in

479 2926 693 2982 Victorii
720 2926 984 2982 Cononem
1033 2926 1354 2997 paschalem,
1405 2941 1512 2996 quo
1539 2926 1733 2997 Cyclos
1781 2940 2045 2980 armorum

467 3018 535 3071 ab
590 3019 962 3073 incarnatione
1014 3018 1227 3074 Domini
1301 3018 1367 3073 ad
1429 3034 1524 3073 sua
1566 3032 1739 3087 usque
1804 3026 2045 3086 tempora

464 3108 621 3177 juxta
672 3123 854 3163 veram
913 3108 1321 3180 Evangeliorum
1374 3107 1530 3163 fidem
1589 3107 1847 3173 correxit,
1895 3106 2046 3177 lapsu

471 3207 773 3270 temporum
821 3201 1029 3255 interiit
1060 3219 1074 3255 :
1120 3201 1273 3270 cujus
1304 3202 1619 3256 memoriam
1649 3201 1804 3256 nobis
1836 3201 2049 3269 reliquit

472 3287 787 3358 Sigehertus
815 3288 869 3344 in
897 3289 1037 3344 libro
1056 3290 1131 3345 De
1179 3290 1474 3345 illustribus
1525 3288 1775 3344 Ecclesia:
1831 3291 2049 3360 scripto»

472 3379 640 3446 ribus,
689 3394 808 3449 cap.
869 3378 991 3445 159,
1040 3380 1124 3435 his
1158 3381 1338 3436 verbis
1375 3380 1683 3447 :Quantum
1726 3379 1947 3435 valuerit
1994 3382 2049 3436 in

473 3476 694 3540 utraque
730 3470 947 3523 scientia
971 3471 1214 3535 ostendit,
1242 3487 1360 3524 cum
1389 3487 1546 3540 super
1571 3471 1831 3525 calculum
1872 3468 2047 3526 Victo-

473 3560 542 3614 rii
565 3569 944 3616 commentatus
995 3572 1103 3627 est;
1140 3577 1299 3632 quem
1331 3563 1396 3618 ad
1425 3579 1519 3618 sua
1588 3579 1760 3632 usque
1808 3548 2047 3634 tempora

476 3650 788 3717 adductum,
831 3652 898 3707 ad
925 3668 1094 3709 annos
1118 3663 1303 3724 postea
1341 3655 1559 3711 circiter
1614 3655 1753 3711 1595
1783 3655 2045 3711 dilatavit.

474 3743 838 3816 Apologeticus
889 3762 1103 3817 quoque
1164 3748 1393 3803 Abbonis
1427 3748 1498 3802 ad
1535 3747 1832 3819 ‘Hugonem
1868 3748 2047 3802 Fran-

475 3849 657 3887 corum
720 3851 888 3904 regem
938 3834 1051 3906 (2⁸2)
1110 3853 1205 3907 pro
1281 3836 1693 3892 immunitatibus
1748 3838 2051 3893 monasterii

476 3920 856 3989 Floriacensis,
911 3925 1104 3996 periit;
1172 3924 1323 3996 cujus
1346 3935 1563 3983 exstant
1586 3925 1885 3998 fragmenta
1914 3925 2051 3996 apud

478 4011 783 4068 Aimonium
838 4013 893 4069 in
952 4013 1072 4069 Vita
1116 4014 1343 4069 Abbonis
1391 4030 1547 4086 capp.
1603 4015 1637 4071 8
1672 4024 1727 4071 et
1762 4014 1957 4070 9.Jam
1986 4014 2054 4070 ad

475 4118 641 4171 opera
673 4104 934 4171 impressa
975 4103 1273 4158 veniamus.
1330 4103 1522 4159 Exstat
1549 4103 1789 4174 Epitome
1812 4118 1877 4158 ae
1924 4103 2053 4157 Vitis

432 4254 435 4255 ν
480 4189 832 4246 Romanorum
861 4193 1161 4263 pontiﬁcum
1192 4192 1359 4260 XCI,
1414 4194 1640 4250 collecta
1665 4209 1733 4249 ex
1784 4195 2055 4250 Anastasii

475 4280 878 4338 Bibliothecarii
935 4282 1172 4339 llistoria
1226 4286 1522 4355 poutilicia,
1578 4293 1634 4341 et
1694 4301 1816 4341 cum
1865 4287 2057 4342 eadem

479 4371 768 4443 Moguntia:
827 4389 971 4430 anno
1020 4375 1156 4430 1602
1209 4376 1263 4429 in
1316 4376 1352 4429 4
1393 4390 1615 4440 excusa,
1669 4376 1847 4431 studio
1897 4384 2061 4445 atque

480 4476 649 4531 opera
709 4461 932 4518 Joannis
995 4462 1169 4519 Busan
1230 4461 1705 4534 Noviomagensis,
1758 4479 1873 4520 soc.
1933 4461 2060 4519 Jesu

476 4550 738 4621 theologi.
802 4547 917 4604 Vita
980 4551 1147 4605 sancti
1195 4550 1467 4606 Edmundi
1510 4550 1797 4623 Anglorum
1845 4553 1980 4623 regis
2013 4560 2061 4607 et

477 4642 758 4713 martyris,
808 4657 970 4712 quam
1003 4642 1129 4697 dum
1176 4641 1229 4696 in
1285 4641 1480 4713 Anglia
1532 4652 1901 4698 commoratus
1927 4652 2060 4697 esta

487 4734 763 4790 Dutistano
811 4741 1029 4802 rogatus
1080 4731 1322 4803 scripsit,
1377 4741 1558 4787 exstat
1579 4734 1720 4803 apud
1753 4731 1971 4787 Surium
1997 4733 2064 4789 ad

2142 2378 2221 2433 De
2271 2378 2877 2449 scriptoribusAnglire,
2936 2380 3027 2435 ubi
3069 2379 3137 2435 de
3183 2380 3409 2436 Abbone
3435 2381 3509 2433 ita
3536 2379 3719 2434 habet:

2149 2487 2167 2522 ι
2206 2469 2380 2534 Abbo,
2412 2468 2773 2525 Floriacensis
2800 2470 3032 2527 casnobii
3069 2469 3255 2537 abbas,
3278 2469 3487 2533 Gallus,
3544 2471 3717 2539 patria

2142 2559 2563 2621 Aurelianensis,
2610 2560 2830 2630 scripsit
2874 2558 3051 2615 Vitam
3098 2560 3400 2616 Eadmundi
3445 2561 3723 2631 martyris.

2141 2652 2384 2716 librisu;
2408 2650 2815 2720 Apologeticum
2839 2652 2905 2706 ad
2927 2651 3262 2706 Francorum
3292 2663 3445 2721 rcges
3463 2649 3663 2704 librum
3685 2664 3720 2713 ις

2145 2739 2322 2811 Super
2340 2740 2548 2796 calculo
2580 2741 2812 2797 Victorii
2843 2741 2939 2797 lib.
2964 2757 3012 2808 1;
3039 2741 3360 2796 Additiones
3391 2739 3446 2794 in
3476 2740 3721 2795 eumdem

2144 2830 2238 2889 lib.
2273 2849 2329 2900 t;
2357 2833 2435 2888 De
2476 2833 2714 2890 motibus
2751 2833 3033 2889 stellarum
3075 2833 3171 2889 lib.
3194 2849 3232 2899 ις
3286 2833 3361 2888 De
3382 2832 3721 2904 planetarum

2145 2938 2304 2980 cursu
2316 2923 2437 2991 ,lib.
2455 2940 2494 2991 ις
2516 2925 3013 2981 Demonstrationes
3027 2926 3369 2983 astronomia:
3380 2924 3520 2990 liba;
3532 2924 3722 2983 Comm

2145 3013 2455 3084 episcopum
2478 3013 2918 3071 Aurelianensem
2943 3014 3041 3071 lib.
3076 3031 3115 3080 ις
3148 3013 3476 3069 Rudimenta
3505 3011 3721 3084 puerilia

2146 3103 2241 3160 lib.
2267 3104 2739 3175 t;Categoriarum
2772 3105 3134 3175 spiritualium
3165 3104 3259 3159 lib.
3293 3119 3340 3169 l;
3370 3103 3446 3158 De
3475 3112 3722 3173 computo

2146 3193 2241 3248 lib.
2274 3208 2324 3257 ις
2353 3192 2615 3249 Ποηιίιίαδ
2640 3194 2692 3249 in
2716 3194 3000 3265 Evangelia
3025 3195 3120 3250 lib.
3149 3211 3199 3258 ις
3234 3195 3309 3250 De
3337 3210 3495 3250 creua
3524 3195 3723 3249 Domini

2146 3283 2242 3339 lib.
2262 3284 2595 3355 1;Epistolas
2609 3287 2675 3341 ad
2690 3286 3008 3359 Gregorium
3030 3289 3093 3353 V,
3113 3289 3402 3344 liobertum
3422 3303 3625 3357 regem,
3640 3288 3723 3341 im,

2147 3392 2274 3447 pera
2284 3385 2453 3432 torem
2467 3377 2717 3434 Ottonem
2728 3419 2743 3446 ,
2759 3378 3433 3447 Bernarduchllilocum,
3451 3380 3722 3436 0diloncm

2147 3467 2578 3525 Cluniacensem.
2603 3470 2681 3525 De
2703 3479 2893 3527 sancto
2914 3470 3193 3542 Stephano
3216 3481 3461 3542 protoma
3471 3480 3556 3543 rty
3566 3488 3619 3526 re
3649 3487 3719 3524 se-

2149 3558 2424 3624 quentiam
2440 3574 2600 3614 unam
2616 3568 2670 3614 et
2691 3559 3050 3630 ReSponsoria
3074 3562 3317 3631 qmedam
3335 3561 3530 3626 edidit;
3549 3562 3724 3617 Circu-

2152 3648 2232 3702 los
2292 3663 2556 3704 annorum
2608 3649 3001 3705 incarnationis
3027 3652 3320 3707 Dominiiea:
3346 3651 3414 3705 ad
3440 3667 3538 3705 sua
3569 3654 3724 3718 asilus

2150 3748 2393 3808 tempora
2420 3740 2678 3795 correxit.
2719 3739 2864 3796 Obiit
2914 3756 3056 3797 anno
3085 3741 3243 3804 1001,
3264 3758 3294 3796 a
3317 3741 3432 3795 suis
3458 3740 3725 3795 monachis

2150 3828 2488 3895 interfectus,
2528 3827 2682 3898 cujus
2740 3828 2916 3886 Vitam
2970 3830 3505 3902 seripsitAimoinus
3538 3830 3725 3885 Floria-

2151 3919 2347 3975 censis.
2379 3939 2397 3972 ι
2432 3919 2557 3975 Haec
2584 3920 2812 3986 Balaeus,
2840 3922 2931 3991 qui
2977 3936 3042 3976 ex
3066 3922 3356 3977 occasione
3391 3920 3583 3992 Anglis
3624 3919 3725 3976 suis

2151 4009 2315 4076 hunc,
2343 4009 2576 4075 Gallum,
2607 4010 2854 4076 inseruit,
2887 4010 3067 4066 forsan
3096 4011 3237 4081 quod
3271 4010 3388 4078 ejus
3417 4009 3600 4080 Opera
3627 4024 3726 4063 ma-

2154 4101 2432 4170 nuscripta
2456 4100 2619 4157 simul
2653 4102 2835 4156 omnia
2894 4101 3008 4157 haec
3064 4101 3120 4156 in
3173 4099 3364 4171 Anglia
3414 4099 3722 4154 invenisset.

2154 4190 2406 4264 Epistola:
2432 4208 2594 4262 porro
2619 4193 2737 4247 ista:
2792 4207 2914 4247 cum
2942 4191 3274 4263 Apolcgetico
3300 4190 3369 4244 ad
3405 4188 3724 4244 Francorum

2156 4288 2324 4353 regem
2372 4283 2474 4337 hoc
2518 4272 2662 4338 au'no
2700 4282 2835 4338 1687
2879 4282 3037 4337 editae
3062 4290 3191 4337 sunt
3217 4290 3377 4350 atque
3402 4280 3657 4334 immissa:
3679 4277 3724 4330 in

2157 4372 2333 4444 Opera
2355 4374 2642 4444 posthuma
2689 4373 2836 4429 Petri
2865 4373 3061 4429 Pitbtei
3093 4371 3399 4435 Trecensis,
3425 4385 3547 4440 quae
3571 4370 3726 4423 tribus

2160 4468 2216 4522 in
2263 4465 2391 4521 folio
2445 4465 2810 4521 voluminibus
2851 4480 2919 4521 ex
2992 4465 3146 4537 prelo
3212 4463 3511 4519 Galliarum
3596 4458 3725 4530 regio

2160 4560 2501 4630 prodierunt,
2534 4573 2727 4630 magno
2775 4557 2938 4628 hujus
2976 4557 3201 4629 insignis
3232 4556 3332 4612 viri
3365 4553 3458 4627 qui
3485 4553 3557 4607 ab
3587 4551 3727 4607 annis

2166 4658 2382 4704 centum
2442 4647 2528 4704 vel
2581 4648 2802 4703 circiter
2851 4648 3007 4713 obiit,
3061 4646 3334 4715 multaque
3359 4644 3717 4711 manuscripta

2168 4740 2405 4811 reliquit,
2434 4740 2641 4796 honore
2679 4748 2736 4795 et
2793 4740 3080 4796 desiderio.
3133 4739 3323 4794 Exstat
3375 4735 3726 4806 Apologetim

485 4825 629 4878 diem
687 4824 757 4878 ΞΟ
817 4822 1161 4879 Novembris.
1226 4825 1465 4894 Epitome
1520 4842 1611 4880 seu
1657 4823 2066 4882 Collectiuncula
2165 4831 2263 4885 iste
2288 4830 2515 4885 Abbonis
2539 4845 2663 4886 cum
2690 4829 2947 4900 Epistolis
2974 4831 3137 4884 uariis
3192 4840 3336 4887 tutuo
3384 4828 3426 4890 Ι,
3462 4841 3587 4897 pag.
3639 4821 3727 4879 595

472 4930 741 4971 canonum
785 4915 880 4970 sub
927 4915 1079 4969 certis
1139 4917 1479 4972 materiarum
1538 4920 1835 4987 capitibus,
1903 4935 2066 4990 quam
2099 4980 2137 4990 ,ι
2169 4929 2224 4974 et
2270 4920 2338 4975 de
2372 4920 2728 4990 sequentibus
2780 4921 2847 4975 ad
2897 4934 3023 4989 pag.
3079 4918 3205 4973 429.
3238 4914 3388 4983 Quod
3419 4916 3651 4970 diximus
3672 4911 3726 4966 de

474 5005 657 5059 edidit.
679 5003 917 5061 Joannes
951 5005 1226 5072 Mabillon,
1256 4995 1400 5062 tomo
1428 5008 1467 5062 ll
1499 4980 2062 5081 Analectorun1,-pag.
2092 4980 2144 5038 Β
2171 5019 2331 5065 aetate
2358 4980 2493 5079 ejus,
2521 5011 2773 5081 cognosci
2801 4980 3072 5080 potestex
3098 5024 3164 5064 eo
3192 4980 3333 5077 quod
3354 5004 3726 5075 Apolageticmn

474 5095 590 5177 2.18
617 5105 671 5151 et
692 5098 1062 5167 sequentibus,
1119 5098 1209 5153 ubi
1255 5100 1404 5155 varia
1460 5099 1807 5170 prteluditDc
1856 5101 2065 5171 scriptis

512 5204 594 5214 nam
630 5199 785 5214 Αιιὶιίιι
813 5206 965 5214 και-..-

2173 5117 2328 5158 suum
2363 5102 2429 5157 ad
2451 5101 2731 5173 Hugonem
2784 5102 3042 5172 Capetum
3084 5101 3360 5180 liliumque
3394 5097 3512 5165 ejus
3533 5094 3725 5153 lioher-

2474 5192 2483 5202 ι
2961 5190 2972 5202 υ
3109 5190 3118 5200 ο

2217 5207 2282 5214 .-..
2347 5191 2642 5214 βΑΙΙ..-....-..
2668 5206 2822 5214 ..δα-ο...
2871 5197 3143 5214 Αι›“-“Αιικ..
3210 5187 3303 5214 kin-

2173 5200 2282 5214 .-.-..
2347 5191 2642 5214 n-n:-.......
2668 5206 2822 5214 ψη.--
2871 5190 3143 5214 -....:........:.
3210 5187 3339 5214 Νη...
3393 5187 3561 5214 1.,,οιιο
3592 5183 3728 5214 nun.
