3944 5414
518 167 628 225 419

514 280 679 333 Abba.
728 277 975 347 Religiosi
1018 276 1268 347 propositi
1294 286 1472 335 tenax.
1518 275 1648 347 nihil

1503 160 1564 220 S.
1604 157 1894 222 ABBONIS
1942 162 2438 219 FLORIACENSIS
2477 163 2761 220 ABBATIS

1687 272 2351 345 ﬂagrantius'desiderabat
2380 291 2559 344 quam,
2589 276 2815 330 solutum
2854 278 2993 331 curis
3025 293 3192 332 rerum
3231 281 3599 344 Immanarum,
3632 291 3675 333 et
3704 300 3733 334 a

3639 166 3734 220 ιεο

513 350 740 419 tumultu
768 343 1039 410 remotum,
1067 343 1213 401 beato
1237 349 1341 400 otio
1370 346 1590 414 perfrui.
1634 343 1820 398 Verum
1850 345 1918 396 ad
1941 345 2244 419 monasterii
2266 343 2689 419 procurationem
2717 363 2833 419 cum
2861 357 3073 419 vocatus
3100 348 3302 417 fuisset,
3334 350 3512 402 multis
3535 353 3735 419 negotiis

511 418 795 484 implicitus
822 428 897 471 est
922 428 968 471 et
994 418 1324 479 constrictus,
1354 412 1664 488 coactusque
1696 429 2064 488 nonnunquam
2091 412 2155 466 de
2194 429 2249 488 re
2285 414 2392 479 vili,
2433 415 2498 469 tle
2522 416 2964 488 possessiuncula,
2985 418 3067 488 Vde
3092 412 3303 472 decimis
3331 419 3511 472 aliisve
3540 412 3733 488 ju'ribus

509 488 842 557 infestissime
873 488 1175 540 contendere
1203 503 1317 539 cuin
1341 485 1737 557 praepotentibus
1765 484 1909 549 viris,
1940 495 1985 536 et
2014 484 2357 557 praesulibus;
2389 495 2437 557 et
2468 486 2713 557 adrers_us
2738 502 2917 539 eorum
2948 487 3046 539 uim
3071 497 3118 540 et
3147 489 3385 549 insidias.
3412 484 3731 542 Christianis-

508 552 759 611 siinorunt
806 572 1009 625 regum.
1056 565 1102 608 et
1150 571 1470 608 summorum
1516 554 1821 675 pont‘trcum
1872 553 2233 605 auctoritatem
2280 552 2579 620 implorare.
2632 554 2958 609 Postremum
3000 557 3096 609 hoc
3138 558 3461 625 potissimum
3510 560 3731 626 praestitit

509 627 840 676 Anoloaetico
867 636 913 676 et
938 626 1137 676 'aliauot
1167 642 1231 676 ea:
1255 626 1504 676 eriistolis.
1536 624 1612 676 De
1688 625 1849 676 bbone
1874 638 1991 676 vero
2041 623 2153 676 ipso
2179 638 2275 675 cur
2300 623 2430 676 nihil
2454 626 2711 676 dicamus.
2739 626 2794 676 in
2824 640 2985 676 causa
3014 638 3132 676 sunt
3161 638 3387 676 veterum
3414 638 3461 676 et
3497 630 3729 676 recentio-

508 627 840 695 Apblogetico
867 636 913 678 et
938 626 1137 694 aliquot
1167 642 1231 679 ex
1255 626 1504 690 epistolis.
1536 624 1612 677 De

510 713 626 752 rum
660 699 722 750 de
750 712 808 748 co
838 696 1131 748 testimonia
1163 711 1280 765 qme
1309 694 1632 763 subjicimus.

1720 625 1849 676 bone
1874 638 1991 676 vero
2041 623 2153 692 ipso
2179 638 2275 675 cur
2300 623 2430 676 nihil
2454 626 2711 688 dicamus,
2739 626 2794 677 in
2824 640 2985 679 causa
3014 623 3387 681 suut'veterum
3414 638 3461 681 et
3497 623 3729 682 recentio-

696 849 1165 974 VETERUM
1237 875 1362 974 ET
1418 840 2121 975 RECENTIORUM
2201 878 2326 974 ne
2384 878 2459 976 s.
2530 841 3588 1015 ABBONETESTIMONIA.

648 1040 888 1096 Fulbcrti
909 1082 924 1105 ,
942 1038 1185 1122 episcopi
1217 1022 1581 1098 Carnot‘eusis,’
1599 1035 1817 1107 epistola
1842 1037 1935 1092 21.

542 1116 737 1186 Ῥῑεηο
767 1116 1006 1191 virtutis,
1050 1136 1104 1182 et
1153 1128 1322 1196 gratia
1363 1125 1714 1187 circumfuso,
1758 1126 2081 1182 charissimo

502 1203 646 1256 Pstri
689 1201 918 1262 Ahboni,
950 1197 1231 1253 Fdlbertds
1259 1211 1409 1252 suus.
1456 1199 1697 1264 Quanam
1727 1204 1777 1250 te
1820 1197 2083 1253 resaluta-

503 1276 648 1328 tione
676 1273 883 1340 digner,
910 1286 943 1325 ο
974 1284 1129 1323 sacer
1157 1269 1317 1330 abba.
1342 1283 1376 1321 ο
1399 1269 1590 1337 magne
1615 1266 1967 1337 philosophe?

502 1380 758 1453 Sigeberti
777 1380 1016 1453 m_onachi
1036 1376 1441 1453 Gemblacensis,
1457 1377 1510 1431 in
1532 1377 1761 1453 libr-ope
1782 1377 2075 1433 illustribus

795 1449 1426 1519 Ecclesiw-scriptoribus,
1456 1449 1623 1517 capite
1655 1448 1776 1502 MO.

569 1545 720 1598 Abbo
743 1544 908 1596 abbas
933 1540 1290 1595 Floriacensis
1311 1531 1827 1609 quantum’valuerit
1852 1540 1904 1594 in
1929 1549 2076 1595 utra-

499 1613 860 1683 qnescientia
896 1611 1161 1683 ostendit,
1205 1626 1352 1683 cum
1365 1625 1528 1683 super
1553 1610 1819 1665 calculum
1850 1611 2074 1667 Victorii

497 1680 889 1763 covinnentatus
916 1690 1017 1763 est.
1049 1680 1248 1751 Martyr
1269 1680 1423 1734 obiit.

606 1756 899 1845 “Ejusdem,
928 1758 981 1826 in
1009 1772 1456 1842 Chrouographia,
1488 1772 1557 1825 ad
1585 1788 1781 1826 annum
1808 1771 1932 1827 994.

566 1864 718 1919 Abba
753 1865 919 1919 abbas
949 1863 1326 1929 Floriacensis,
1363 1862 1453 1931 qui
1491 1877 1654 1933 super
1684 1862 1952 1918 calculum
1980 1863 2072 1920 Vi-

498 1936 650 1990 ctorii
675 1938 1069 1989 commentatus
1093 1943 1197 1987 est.

691 2022 873 2078 Senati
904 2022 1170 2083 Bravonii.
1199 2023 1254 2076 in
1295 2021 1411 2077 Vita
1437 2023 1605 2077 sancti
1634 2021 1872 2077 Osualdi.

563 2112 733 2167 Porro
770 2115 824 2167 in
866 2114 1195 2167 monasterio
1235 2112 1533 2168 Rameseiae
1566 2113 1719 2168 Abho
1761 2113 2070 2170 Floriaccn-

497 2198 610 2255 sem
641 2184 960 2255 monachum
990 2183 1183 2255 degere
1206 2184 1374 2237 voluit
1394 2200 1601 2237 morum
1625 2185 1909 2238 sanctitate
1936 2202 2071 2255 prte-

494 2253 728 2318 clarum,
772 2263 826 2308 et
871 2253 1066 2307 litteris
1099 2255 1312 2322 egregie
1335 2254 1629 2317 eruditum,
1673 2263 1730 2305 ut
1774 2253 2069 2309 monachos

494 2326 740 2386 doceret,
789 2322 989 2378 scholis
1035 2332 1318 2391 praeesset,
1357 2332 1409 2376 et
1461 2333 1570 2376 tum
1616 2323 1916 2391 regularem
1954 2326 2068 2379 sive

2105 1040 2154 1099 Α
2182 1037 2456 1113 probatus.
2484 1038 2619 1113 Dum
2657 1039 2708 1093 in
2744 1039 3006 1113 Vasconia
3027 1022 3252 1113 verbum
3283 1042 3374 1096 Dei
3405 1023 3728 1113 pradicant.

2184 1106 2305 1181 lidei
2335 1108 2641 1181 christiana:
2669 1110 2820 1163 testis
2852 1112 3126 1181 sanguinis
3149 1106 3613 1167 ell‘usioue'factus
3638 1106 3728 1168 est.

2149 1177 2412 1247 ~Scripsit
2456 1181 2618 1247 super
2641 1181 2851 1233 calculo
2875 1177 3094 1235 Victorii
3143 1181 3336 1235 librum
3380 1198 3568 1249 unum,
3597 1184 3731 1238 addi—

2179 1249 2356 1321 tiones
2394 1248 2444 1302 in
2475 1249 2743 1313 eumdem,
2777 1249 2966 1321 librum
3014 1267 3198 1314 unum,
3235 1262 3289 1305 et
3331 1248 3576 1321 quaedam
3616 1254 3729 1308 alia.

2177 1318 2386 1373 Claruit
2414 1321 2745 1388 temporibus
2773 1318 2986 1375 Ottonis
3013 1321 3192 1391 primi,
3220 1318 3364 1376 anno
3385 1322 3598 1377 Domini
3618 1323 3730 1379 970.

2173 1406 2359 1463 Jacobi
2400 1407 2634 1479 Philippi
2674 1409 3020 1478 Bergomatis,
3061 1410 3437 1466 Chronicorum
3473 1411 3605 1465 libro
3642 1428 3729 1475 xu,

2214 1548 2217 1555 λ
2386 1550 2389 1553 Α
2598 1530 2601 1533 .
2737 1482 2806 1534 ad
2835 1498 3030 1535 annum
3060 1480 3182 1538 982.
3212 1556 3219 1559 _

2243 1569 2395 1626 Abho
2439 1566 2603 1627 etiam
2647 1570 3006 1627 Floriaceusis
3052 1572 3219 1627 abbas
3260 1590 3275 1627 :
3318 1571 3403 1627 vir
3451 1574 3503 1628 in
3548 1574 3731 1628 divin”:

2174 1639 2791 1713 ‘Scripturisadmodum
2821 1644 3169 1707 exercitatus,
3200 1652 3362 1713 atque
3393 1644 3446 1697 in
3474 1644 3733 1699 szeculari-

2172 1710 2273 1765 bus
2307 1712 2620 1793 disciplinis
2650 1713 2865 1793 egregie
2893 1710 3489 1793 doetus,_it.a_quoque
3517 1725 3573 1768 et
3609 1718 3730 1769 mira

2171 1782 2580 1837 conversatione
2608 1782 2851 1851 insignis,
2881 1793 3006 1846 εισι,
3038 1794 3095 1836 ut
3125 1782 3473 1843 Tritbemius.

2487 1873 2714 1927 Conradi
2741 1871 2979 1938 Gesneri,
3005 1874 3060 1926 in
3084 1873 3425 1929 Bibliotheca.

2244 1963 2392 2019 Ahho
2427 1963 2784 2019 Floriacensis
2826 1965 3055 2021 coenobii
3100 1948 3527 2031 ahbas,iGallus,
3568 1967 3732 2021 Aure-

2169 2034 2456 2099 lianensis,
2502 2034 2717 2107 scripsit
2766 2034 2902 2107 Viue
2940 2035 3235 2107 Egdmundi
3284 2037 3732 2107 martyrisrlibros

2170 2108 2337 2167 duos:
2397 2104 2786 2175 apoltigeticum
2816 2104 3289 2175 _ad__Fraucorum
3340 2104 3494 2175 reges
3548 2106 3731 2175 Illarum

2124 2213 2129 2217 -
2171 2191 2335 2231 unum
2360 2190 2375 2239 ;
2403 2170 2457 2227 et
2482 2170 2641 2243 super
2662 2173 2866 2228 calculo
2897 2173 3117 2228 Victorii
3146 2173 3339 2229 librum
3358 2170 3522 2229 unum
3546 2192 3560 2240 ;
3595 2170 3732 2232 addi.

2171 2248 2348 2302 tiones
2386 2244 2438 2297 in
2474 2244 2721 2298 etnndem
2754 2243 2946 2298 librum
2979 2260 3171 2308 unum;
3203 2245 3267 2298 de
3304 2245 3534 2298 molibus
3562 2246 3733 2298 stella-

2172 2333 2291 2371 rum
2339 2314 2533 2368 librum
2582 2330 2781 2378 unum;
2832 2313 2899 2383 de
2946 2313 3279 2383 planetarum
3328 2329 3489 2368 cursu
3544 2315 3729 2369 lihnun

494 2381 844 2447 motusdcam
885 2381 1254 2463 disciplinam,
1294 2381 1406 2446 tum
1449 2381 1745 2447 littera‘ruvm
1785 2396 2067 2449 scientiam
2103 2392 2144 2449 Β
2175 2401 2371 2463 ειιιιιιης
2404 2384 2779 2463 Ettislolgsﬁd
2821 2381 3139 2453 Gregorium
3159 2384 3459 2463 ,Ωιιίηῑιιξιτο
3490 2384 3730 2463 Οιιρῑιειιι

494 2472 853 2532 promoveret.
892 2462 943 2517 1s
970 2462 1142 2525 Ahho.
1191 2463 1448 2517 Dunstani
1493 2464 1742 2526 hortatu,
1778 2464 1919 2517 beati
1966 2466 2071 2519 Ed-

493 2533 681 2605 mundi
726 2533 868 2605 regis
894 2542 962 2605 et
1006 2534 1261 2605 martyris
1303 2534 1603 2603 passionem
1651 2544 1904 2605 accurate
1944 2551 2072 2589 con-

493 2602 729 2670 srripsit.
759 2601 996 2658 Tandem
1041 2601 1342 2657 Floriacum
1382 2618 1647 2666 reversus,
1682 2610 1737 2657 et
1766 2601 1873 2658 illic
1906 2604 2072 2658 abbas

491 2670 738 2739 eﬂ‘ectus,
769 2688 799 2727 a
826 2674 938 2728 suis
964 2674 1240 2729 monachis
1267 2674 1479 2728 occisus
1506 2682 1610 2728 est.

495 2786 768 2842 Trithemii
799 2787 1019 2854 abbatis,
1049 2786 1182 2842 libro
1209 2786 1287 2841 De
1316 2786 1655 2857 scriptoribus
1685 2785 2070 2840 ecclesiasticis.

562 2881 734 2943 Abba,
764 2878 1120 2933 Floriaceusis
1150 2876 1460 2932 monasterii
1488 2876 1678 2939 abbas,
1701 2876 1908 2931 ordinis
1930 2875 2067 2929 Sau-

495 2950 564 3003 cti
594 2949 897 3011 BenediCti,
932 2951 1014 3002 vir
1049 2950 1100 3001 in
1128 2947 1326 3003 divinis
1356 2946 1650 3014 Scripturis
1682 2946 1795 3016 jugi
1836 2947 2065 3001 lectione

494 3028 549 3072 et
574 3020 754 3073 studio
793 3020 1141 3082 exercitatus,
1189 3026 1243 3071 et
1278 3019 1329 3070 in
1379 3016 1726 3071 smcularihus
1768 3016 2065 3085 disciplinis

494 3088 708 3158 egregie
753 3089 965 3152 doctus,
1011 3089 1119 3141 vita
1167 3103 1377 3156 quoque
1427 3096 1481 3141 et
1523 3087 1931 3158 conversatione
1982 3086 2065 3139 in-

496 3157 684 3228 s'gais,
732 3167 787 3212 et
816 3172 984 3228 usque
1026 3160 1093 3212 ad
1125 3158 1369 3228 martyrii
1413 3171 1666 3210 coronam
1695 3157 2066 3224 dignus‘com-

507 3312 3167 3338 W

1269 3416 1682 3571 sum
1760 3415 2246 3601 ABBONIS
2294 3581 2298 3587 ,
2340 3292 2937 3572 EPISTM.

1009 3737 1337 3799 EPISTOLA
1375 3743 1605 3799 PRIMA.

725 3855 790 3894 Αυ
828 3852 1133 3893 GREGOBIU!
1172 3853 1201 3889 V
1240 3852 1457 3892 ευωίωι
1501 3853 1836 3893 ΡοΝτιπιεΕυ.

574 3932 798 3987 Domino
837 3944 1051 3999 semper
1098 3928 1150 3982 in
1199 3927 1414 3982 Christo
1461 3927 1751 3983 venerabili
1792 3927 2069 3984 Gnscomo

499 4030 704 4077 sanctzc
730 4018 985 4072 Bottiana:
1010 4025 1064 4070 et
1084 4016 1388 4086 apostolica:
1412 4017 1553 4071 sedis
1576 4017 1791 4086 praesuli
1809 4057 1823 4080 ,
1848 4032 1913 4072 ac
1948 4017 2071 4071 ideo

501 4111 820 4168 universalis
849 4109 1101 4165 Ecclesiae
1132 4108 1357 4172 doctori,
1386 4124 1515 4163 suus
1560 4108 1701 4164 illius
1734 4110 1900 4174 Aeno,
1947 4107 2073 4173 ΕΙοτ
2102 4148 2109 4169 τ

504 4200 824 4256 riacensium
853 4207 1051 4262 rector,
1080 4196 1304 4251 salutem
1332 4197 1384 4250 in
1406 4196 1643 4252 Christo.
1738 4244 1747 4245 ,

577 4288 783 4359 Smpius
804 4287 1070 4355 contingit
1100 4296 1158 4340 ut
1188 4288 1393 4356 paritas
1423 4287 1642 4357 integra:
1676 4287 1918 4343 veritatis
1947 4303 2072 4344 sen—

512 4380 676 4434 tentia
708 4377 921 4432 vacillet
941 4376 1173 4431 maleﬁdi
1203 4377 1532 4444 interpretis;
1564 4376 1702 4445 quod
1733 4377 1832 4446 e'go
1857 4418 1871 4442 ,
1905 4382 2094 4433 vene-’

511 4475 697 4531 rabilis
740 4473 922 4549 Pater,
965 4485 1181 4534 cavens,
1221 4471 1385 4525 vestri
1426 4469 1591 4524 animi
1639 4486 1794 4525 sensa
1844 4472 2075 4526 ﬁdeliter
2132 4512 2137 4517 .

505 4567 950 4637 simpliciterque,
983 4571 1041 4617 ut
1067 4561 1419 4632 praecepistis,
1446 4561 1781 4645 deprompsi;
1815 4578 1916 4617 nec
1955 4562 2074 4617 ani-

508 4657 812 4712 mositatem
837 4653 980 4723 regis
1007 4652 1310 4722 perhorrui,
1349 4652 1476 4705 dum
1515 4652 1673 4706 (idem
1712 4667 1874 4721 quam
1921 4654 2105 4729 vobis,

504 4748 859 4820 promiseram
889 4760 953 4798 ex
994 4757 1114 4798 asse
1155 4743 1364 4798 servavi
1399 4757 1414 4796 :
1456 4742 1890 4813 quandoquidem
1938 4743 2073 4798 nihil

510 4841 710 4904 addidi,
742 4837 873 4893 nihil
912 4837 1102 4901 minui,
1128 4836 1257 4891 nihil
1303 4837 1527 4899 mutavi,
1558 4836 1689 4890 nihil
1723 4836 1934 4905 reliqui.
1973 4835 2074 4890 Ho-

512 4947 629 4987 rum
659 4928 897 4984 omnium
930 4927 1041 4996 ipse
1067 4926 1372 4997 Artutlphus
1403 4925 1684 4981 Bernensis
1706 4926 2074 4997 archiepisco-

505 5037 602 5046 ”···
629 5036 654 5054 η
681 5018 918 5073 custodia
945 5010 1200 5072 liberatus
1232 5026 1287 5071 et
1318 5006 1597 5072 absolutus
1634 5016 1791 5070 testis
1821 5024 1903 5070 est
1929 5032 1943 5074 :
1989 5016 2073 5069 cui

2174 2452 2574 2526 imperatorem,
2605 2454 2892 2526 liobelftum
2926 2452 3125 2520 regem,
3158 2452 3488 2526 Bernardum
3530 2453 3733 2526 Belliln-

2173 2522 2331 2589 cum,
2383 2522 2662 2578 0dilonem
2718 2522 3158 2588 Cluniaccnsem;
3215 2523 3730 2577 Demonstratiouum

2174 2593 2656 2650 astronomicarum
2711 2593 2905 2645 librum
2961 2603 3380 2657 unum;contra
3431 2594 3731 2661 cpiscOpum

2172 2665 2616 2721 Aurelianensem
2662 2663 2855 2716 librum
2901 2678 3105 2733 unum;
3137 2663 3537 2733 Categoriarum
3582 2662 3734 2730 spiria

2174 2735 2395 2788 tualium
2427 2733 2620 2787 librum
2657 2747 2852 2796 unum;
2900 2732 2967 2787 de
3006 2731 3290 2800 Compulo‘
3314 2733 3508 2786 librum
3552 2748 3729 2791 unum,

2175 2803 2526 2859 Homiliarum
2573 2802 2627 2857 in
2658 2801 2941 2871 Evangelia
2986 2802 3180 2856 librum
3221 2817 3416 2867 unum;
3458 2804 3533 2867 de
3577 2802 3730 2855 Creusa

2174 2874 2383 2929 Domini
2426 2872 2621 2926 librum
2669 2887 2868 2937 unum;
2898 2873 2963 2926 de
2992 2883 3182 2926 sancto
3206 2873 3481 2940 Stephano
3507 2880 3731 2940 martyre

2173 2943 2519 3014 Sequentiam
2557 2958 2746 3014 unam,
2785 2939 3140 3014 Responsoria
3195 2939 3471 3014 quaedam:
3501 2939 3731 2996 Circulos

2173 3012 2439 3068 annorum
2485 3012 2871 3066 incarnationis
2917 3012 3210 3066 Dominicse
3252 3012 3318 3064 ad
3366 3027 3462 3065 sua
3502 3021 3730 3080 tempora

2171 3086 2427 3138 correxit.
2479 3081 2809 3137 Ohiit‘anuo
2840 3080 2997 3144 1004,
3029 3097 3057 3134 a
3102 3081 3214 3134 suis
3257 3082 3537 3136 monachis
3580 3082 3733 3135 inter-

2170 3154 2361 3209 fectus.
2388 3152 2519 3222 Ejus
2544 3150 2715 3205 Vitam
2745 3152 2958 3221 scripsit
2985 3152 3261 3206 Aintoinus
3288 3150 3667 3205 Floriacensis.

3178 3311 3701 3337 *ι*

2099 3753 2147 3814 C
2176 3747 2603 3820 principi,cujus
2628 3748 2773 3804 vices
2813 3750 2867 3805 in
2917 3746 3079 3806 terris
3128 3762 3272 3807 nunc
3318 3748 3525 3822 geritis.
3574 3746 3730 3807 Porro

2173 3855 2338 3894 unum
2372 3849 2566 3894 vestrae
2597 3839 2867 3907 majestati
2902 3842 3222 3909 persuadeo,
3269 3858 3377 3912 quo
3426 3844 3730 3911 praedictum

2173 3930 2638 4000 archiepiscOpum
2670 3930 2908 3985 doceatis
2932 3930 3165 4000 qualiter
3206 3946 3327 3985 cum
3367 3933 3483 3987 suis
3531 3932 3733 3988 clericis

2172 4023 2484 4078 conversari
2533 4024 2747 4091 debeat,
2794 4024 3030 4093 qualiter
3081 4024 3220 4079 ﬁlios
3259 4041 3369 4080 suae
3410 4026 3665 4082 Ecclesia
3701 4040 3733 4081 ι

2171 4114 2415 4184 pristinis
2457 4114 2735 4169 erroribus
2784 4115 3098 4180 abstrahat,
3130 4124 3187 4170 et
3213 4119 3410 4185 prtedia
3468 4133 3560 4173 seu
3617 4130 3734 4188 pos-

2172 4204 2441 4259 sessiones
2454 4219 2587 4272 quas
2615 4214 2803 4259 sancta
2832 4190 2995 4259 Maria
3027 4206 3258 4276 perdidit
3278 4209 3554 4262 restituat.
3585 4206 3729 4271 Nam,

2173 4294 2313 4349 sicut
2336 4294 2411 4348 ait
2435 4295 2648 4364 quidam
2673 4295 3010 4350 smeularium
3044 4313 3058 4349 :

2361 4403 2604 4467 Quidquid
2630 4404 2842 4455 delirant
2863 4416 3035 4467 reges,
3061 4404 3339 4468 plectuntur
3363 4407 3557 4459 Achivi.

2382 4510 2390 4515 ·
2648 4526 2651 4531 -
3094 4490 3300 4544 (Henr.
3327 4492 3422 4551 Bp.
3447 4491 3485 4550 Ι,
3507 4506 3559 4555 u,
3587 4492 3681 4555 It.)

2173 4566 2249 4621 Ita
2298 4567 2546 4623 Remensi
2578 4568 2850 4643 Ecclesiae“
2886 4570 3082 4626 accidit
3113 4580 3170 4624 ut
3220 4572 3273 4625 in
3329 4572 3491 4641 rebus
3545 4580 3733 4626 sanctas

2177 4643 2360 4714 Maria:
2390 4660 2717 4715 vindicatum
2748 4662 2820 4716 sit
2860 4663 3116 4731 quidquid
3161 4662 3473 4732 Aruulphus
3508 4672 3566 4717 et
3611 4661 3762 4727 Gerg

2176 4749 2362 4805 bertus
2403 4751 2797 4806 commiserunt
2839 4753 3000 4815 mali;
3045 4744 3137 4818 ct,
3175 4753 3301 4821 quia
3345 4743 3630 4824 utrumque
3678 4751 3733 4808 ul

2177 4842 2407 4896 amicum
2435 4852 2489 4897 et
2509 4844 2628 4898 colo
2649 4852 2705 4898 et
2729 4843 2892 4906 colui,
2926 4843 2969 4898 si
2999 4859 3101 4913 qua
3132 4843 3182 4897 in
3211 4845 3292 4899 eis
3324 4845 3732 4915 reprehensione

2183 4932 2341 5002 digna
2369 4933 2632 5002 comperi,
2663 4933 2912 5002 quamvis
2952 4933 3031 4987 cis
3070 4931 3407 5000 displiceret.
3437 4948 3540 4987 non
3574 4932 3729 4987 tacui.

2179 5019 2321 5074 Nihil
2351 5031 2527 5074 tamen
2562 5023 2630 5074 ab
2665 5022 2750 5074 his
2789 5021 2990 5074 factum
3038 5024 3515 5074 renrebensibilius
3556 5022 3729 5074 didici.
