3944 5414
571 248 676 311 123

1551 258 1612 318 S.
1649 261 1936 319 ABBO'NIS
1974 262 2477 324 FLORIACENSIS
2517 270 2808 331 ABBATIS

3689 293 3778 347 ιξι

568 380 838 450 quisistis;
884 381 966 436 cui
996 391 1279 454 postquam
1307 384 1589 441 historiam
1623 385 1873 457 patefeci,
1902 403 2042 454 eam,
2075 396 2134 443 ιιι
2162 392 2208 449 Λ
2238 389 2486 463 vileginm
2514 433 2531 457 ,
2593 395 2720 449 illud
2775 411 3027 467 magnum
3071 408 3122 454 et
3169 401 3477 462 inviolabile
3531 406 3783 473 Nim’nnm

558 468 801 538 iussistis
831 470 1201 543 Transalpinis
1229 472 1506 542 legendam
1528 473 1761 545 dirigere
1788 492 1894 530 non
1918 477 2133 532 distuli:

567 563 757 618 ethoc
806 564 1039 619 indiculo
1085 565 1235 619 vobis
1285 564 1546 621 satisfeci.
1601 567 1782 622 Direxi
1820 568 1982 623 etiam
2028 572 2135 625 duo

563 655 782 709 vascula
812 655 1140 720 Manzerina,
1175 656 1226 710 in
1258 657 1455 726 quibus
1481 658 1784 730 anaglypho
1813 675 1978 729 opere
2003 677 2134 717 con-

563 743 804 801 tinentur
834 747 1086 802 Charitas
1113 756 1168 803 et
1198 747 1385 803 Ethica
1413 765 1427 815 ;
1456 764 1683 819 quarum
1731 752 1921 818 altera,
1967 754 2016 807 id
2048 763 2134 809 est

562 837 836 901 Charitas,
862 849 1091 908 utraque
1116 854 1275 893 manu
1300 839 1465 894 Vetus
1489 849 1544 894 et
1570 839 1774 895 Novum
1816 839 2131 899 Testamen-

560 938 673 984 tum
705 928 922 999 pru-fert
963 945 1061 999 per
1115 928 1323 999 singula
1366 930 1695 1000 epithemata
1722 973 1737 997 ,
1778 932 1967 988 Ethica
2025 933 2128 988 alis

557 1021 673 1074 suis
722 1020 1101 1089 complectitur
1152 1020 1430 1073 historiam
1480 1030 1533 1074 et
1559 1021 1912 1093 allegoriam:
1963 1024 2127 1079 itaut

556 1121 788 1182 utraque
812 1113 1008 1175 virtus,
1037 1111 1290 1165 Charitas
1324 1112 1531 1166 scilicet
1561 1128 1621 1168 ac
1652 1113 1860 1179 Ethica,
1894 1124 2128 1183 quatuor

559 1204 792 1259 virtutes
822 1219 919 1274 per
939 1202 1152 1273 singula
1184 1202 1524 1258 vaseulorum
1554 1222 1647 1260 ora
1675 1206 1974 1263 exclusoris
1996 1223 2126 1277 ope-

563 1311 621 1349 re
651 1296 1004 1366 praetendant.

555 1391 816 1446 Fascibus
839 1398 1120 1460 exemptos
1150 1392 1275 1446 dum
1311 1389 1582 1444 cernimus
1615 1388 1776 1444 Urbis
1814 1388 2083 1454 alumnos,

623 1482 873 1537 Externis
897 1483 1130 1538 dominis
1159 1485 1371 1540 subdita
1397 1484 1563 1539 Roma
1589 1482 1737 1537 furit.

551 1572 661 1628 Nec
690 1575 884 1628 mirum
912 1589 1032 1629 cnru
1059 1590 1219 1629 scena
1251 1576 1351 1631 sibi
1381 1575 1440 1630 lit
1460 1576 1657 1630 saevior
1685 1574 1819 1641 illis,

618 1664 687 1719 Et
714 1664 948 1720 crudelis
974 1666 1157 1732 habet,
1183 1668 1323 1722 unde
1357 1674 1582 1722 cruenta
1617 1665 1730 1720 fiet.

2237 480 2548 547 concilium,
2576 485 2719 553 quod
2744 488 3119 545 sanctissimus
3162 506 3297 563 papa
3321 493 3615 567 Gregorius
3640 501 3705 555 ita
3733 519 3781 560 se

2234 566 2434 624 fatetur
2480 574 2772 641 venerari,
2820 591 2885 631 ac
2933 578 2979 633 si
3015 589 3260 637 sanctum
3310 566 3678 658 Evangelium.
3720 593 3782 650 De

2232 658 2528 729 privilegiis
2578 676 2792 733 quoque
2849 664 2990 720 idem
3052 683 3190 740 papa
3244 675 3568 732 venerabilis
3613 680 3780 738 scribit

2231 746 2487 817 episcopo
2537 747 2754 817 Joanni,
2793 754 3041 825 inquiens
3074 776 3088 813 :
3121 758 3289 817 Grave
3334 766 3493 821 nimis
3534 780 3582 823 et
3618 784 3779 828 contra

2229 840 2555 896 sacerdotale
2583 855 2786 900 constat
2823 863 2935 902 esse
2952 853 3272 921 propositum
3294 890 3311 923 ,
3345 861 3651 932 cujusquam
3680 881 3778 919 ruo-

2230 930 2446 983 nastcrii
2486 934 2759 1006 privilegia
2784 938 2907 993 olim
2932 941 3138 997 indulta
3174 930 3534 1017 confundere,
3570 963 3620 1006 et
3660 953 3779 1009 arri-

2228 1028 2335 1074 tum
2351 1019 2468 1117 (sic)
2482 1040 2599 1093 qua:
2617 1038 2736 1081 sunt
2746 1046 2840 1098 pro
2852 1033 3022 1101 quiete
3030 1034 3283 1105 disposita
3299 1041 3396 1095 niti
3408 1042 3659 1099 deducere
3672 1046 3756 1117 (lib

2225 1124 2335 1178 vn,
2384 1115 2543 1184 epist.
2596 1118 2709 1187 35).
2763 1120 2830 1175 Et
2877 1122 3053 1179 infra:
3086 1126 3315 1184 Proinde
3359 1131 3443 1186 his
3487 1115 3752 1190 fraternita

2227 1209 2334 1255 tem
2365 1214 2596 1260 vestram
2638 1209 2918 1266 hortamur
2961 1213 3253 1285 aﬂ‘atibus,
3298 1228 3356 1275 ut
3402 1235 3431 1275 a
3480 1227 3770 1282 monasterii

2224 1293 2470 1348 moleStia
2517 1309 2581 1353 se
2607 1299 2727 1356 sine
2767 1302 2946 1373 aliqua
2987 1307 3334 1365 excusatione
3369 1315 3679 1383 contineat,
3725 1328 3775 1373 et

2222 1397 2344 1453 qua:
2373 1385 2454 1441 eis
2507 1396 2635 1443 sunt
2688 1391 2889 1450 diutius
2931 1398 3223 1465 custodita,
3262 1400 3460 1457 nullius
3493 1408 3775 1462 occasionis

2226 1478 2401 1529 tentet
2441 1478 2794 1548 usurpatione
2837 1485 3140 1541 convellere
3165 1527 3181 1553 ,
3222 1489 3317 1544 sed
3364 1499 3559 1548 cuncta
3587 1493 3774 1552 illibata

2221 1571 2277 1615 et
2314 1563 2431 1619 sine
2460 1565 2640 1637 aliqua
2666 1571 2879 1626 studeat
2922 1573 3281 1647 refragatione
3302 1594 3552 1650 servare;
3591 1593 3645 1640 et
3669 1585 3774 1656 plus

2223 1653 2322 1709 sibi
2372 1656 2425 1710 in
2466 1659 2653 1715 eodem
2700 1666 3048 1734 monasterio,
3095 1684 3255 1740 quam
3302 1653 3771 1741 pmdeccssoribns

547 1757 719 1824 Quam
776 1772 970 1813 caveas
1030 1759 1170 1812 alter
1225 1774 1380 1830 mage
1408 1797 1425 1824 ν
1489 1772 1649 1828 quam
1702 1755 1813 1826 iam
1883 1757 2117 1826 denique
2145 1743 2333 1813 Bsuis
2361 1744 2530 1813 licuit,
2564 1753 2778 1807 noverit
2806 1768 2910 1808 non
2941 1754 3124 1814 licere.
3172 1761 3332 1816 Absit
3371 1763 3597 1834 itaque,
3645 1767 3772 1824 absit

1806 1844 2048 1917 [quintus

611 1934 927 2006 Gregorius,
959 1937 1141 1991 mundi
1166 1937 1393 2008 pervigil
1426 1936 1697 1992 excubiis.

543 2029 707 2098 Cujus
734 2046 917 2085 amore
938 2044 1098 2087 vacas
1127 2030 1430 2086 transcendi
1462 2044 1697 2085 cernuus
1716 2028 1879 2099 Alpes

617 2120 981 2190 lieridanique
1010 2122 1325 2176 nivcsAbbo
1350 2122 1623 2192 sequendo
1653 2136 1830 2192 pares.

542 2207 856 2265 Translatos
880 2208 1061 2265 Patris
1100 2211 1311 2266 cineres
1338 2210 1481 2265 Bene
1508 2210 1726 2264 nomine
1748 2209 1899 2275 dicti,

612 2300 866 2355 Mandant
896 2301 1165 2372 ιῐρειιθιὶἰδ
1190 2310 1244 2357 et
1270 2302 1385 2368 tibi,
1414 2301 1611 2356 Sancte
1645 2299 1764 2355 Dei.

541 2388 653 2445 llos
680 2390 854 2447 loculo
878 2392 1082 2461 pariter
1106 2392 1298 2447 Franci
1323 2407 1646 2446 veneramur
1670 2398 1920 2456 ovantes,

612 2484 677 2537 Et
710 2500 990 2550 venerare,
1019 2486 1105 2540 cui
1134 2495 1283 2556 gesta
1314 2485 1537 2554 legenda
1565 2484 1706 2540 dedi.

1105 2574 1437 2632 EPISTOLA
1476 2574 1541 2630 ν.

887 2683 955 2721 ΑΙ)
982 2683 1256 2723 MONACHOS
1290 2683 1475 2723 SANCTI
1509 2684 1751 2725 NARTINI.

608 2756 703 2813 llis
749 2758 994 2827 patribus
1031 2766 1087 2811 et
1125 2757 1384 2813 fratribus
1429 2759 1479 2813 in
1541 2759 1869 2814 monasterio
1919 2758 2103 2816 Sancti

538 2846 755 2902 Martini
797 2847 1365 2917 connnanipularibus,
1402 2849 1637 2904 maxime
1663 2850 1905 2905 Hnmvso
1947 2850 2104 2905 bonae

536 2939 733 2998 indolis
767 2940 1008 3011 speculo,
1062 2950 1366 2997 amatorum
1399 2940 1597 2996 Christi
1624 2951 1835 2997 amator
1853 2942 2019 2998 Anno.

602 3030 987 3102 Opportunitas
1020 3031 1278 3101 temporis
1323 3029 1460 3086 solet
1505 3031 1672 3100 quazri
1696 3032 1762 3085 ad
1808 3046 2105 3101 exsequen-

530 3120 654 3175 dam
684 3120 973 3175 ellicaciam
1002 3119 1251 3190 cjuslibet
1275 3121 1468 3190 negotii
1499 3158 1515 3184 ,
1556 3119 1989 3190 quandoquidem
2016 3121 2097 3175 ni-
2127 3110 2174 3177 ϐ

529 3210 604 3264 hil
635 3209 693 3264 lit
720 3211 860 3280 quod
890 3225 954 3264 eo
982 3223 1166 3264 carere
1193 3213 1380 3278 possit.
1413 3209 1564 3276 Quod
1601 3211 1718 3265 ideo
1745 3219 1940 3265 vestra:
1969 3211 2101 3266 chao

528 3301 678 3358 ritati
707 3302 902 3372 objrci,
923 3301 1045 3370 quia
1077 3300 1198 3370 plus
1231 3316 1386 3371 atque
1411 3301 1696 3356 distulistis
1723 3301 1937 3356 mittere
1961 3303 2100 3357 indi-

528 3392 706 3448 culnm
760 3401 953 3446 vestra:
1007 3391 1292 3462 legationis
1327 3406 1342 3445 :
1388 3406 1452 3447 ac
1490 3392 1692 3446 idcirco
1714 3392 1869 3448 vobis
1907 3407 2099 3463 parere

531 3483 660 3539 mihi
718 3482 817 3538 fuit
861 3482 1233 3551 impossibile,
1282 3483 1477 3551 quibus
1526 3482 1737 3552 placere
1773 3484 2097 3539 omnimodis

524 3578 698 3647 gestio
720 3616 735 3641 ,
766 3591 867 3631 ncc
909 3589 1142 3644 unquam
1170 3573 1431 3630 bonorum
1473 3575 1754 3644 praeceptis
1783 3576 2096 3630 inobediens

524 3666 815 3738 apparebo,
845 3665 946 3720 nisi
974 3664 1303 3720 constrictus
1331 3673 1423 3719 aut
1462 3664 1735 3734 religionis
1774 3666 2050 3736 preposito
2078 3706 2092 3731 ,

523 3769 617 3813 aut
660 3757 914 3828 temporis
961 3756 1210 3812 articulo.
1242 3756 1439 3811 Verum
1486 3772 1608 3812 cum
1659 3759 1979 3814 charitative
2025 3760 2092 3814 ad

522 3849 830 3920 expeditum
870 3849 973 3903 iter
1007 3848 1369 3911 monuissctis,
1400 3847 1516 3902 hmc
1537 3848 1671 3902 adeo
1696 3848 1933 3904 demiror
1956 3889 1971 3914 ,
1999 3865 2097 3903 cur

523 3954 743 3994 causam
773 3939 1128 4008 promotionis
1174 3937 1228 3992 in
1271 3938 1467 3992 vestris
1519 3937 1714 3994 litteris
1756 3954 1863 3994 non
1892 3940 2067 4011 signili

521 4032 687 4088 castis
719 4048 734 4086 :
765 4045 890 4086 nam
921 4029 1274 4085 auctoritates
1315 4040 1626 4085 sanctorum
1681 4029 1927 4097 Patrum,
1958 4046 2093 4100 quas

520 4123 827 4196 specialiter
870 4120 1067 4176 deferri
1115 4119 1394 4188 iussistis,
1430 4134 1646 4190 quoquo
1697 4119 1936 4175 locorum
1982 4135 2094 4190 pra:

498 4208 771 4271 ‘manibus
793 4216 987 4276 habeo,
1011 4226 1078 4268 ne
1098 4213 1340 4284 decipiar
1359 4213 1672 4268 aemulorum
1698 4212 1986 4278 lenocinio,
2000 4213 2091 4281 qui

520 4305 676 4361 fratri
710 4312 902 4374 parant
932 4303 1141 4357 foveam
1169 4343 1184 4368 ,
1234 4312 1287 4357 et
1334 4302 1580 4358 fortassis
1607 4304 1845 4358 incident
1884 4305 1938 4357 in
1969 4317 2090 4357 cam

522 4394 720 4461 (Eccle.
744 4410 808 4457 χ,
852 4393 927 4464 8).
961 4390 1140 4447 Unum
1171 4392 1323 4459 quasi
1353 4407 1417 4447 ex
1453 4392 1594 4460 vulgi
1638 4393 1892 4461 opinione
1939 4391 2093 4445 addi-

2220 1845 2279 1890 ut
2306 1846 2617 1894 sanctorum
2650 1843 2912 1910 virorum,
2943 1855 2999 1901 et
3019 1849 3254 1907 maxime
3274 1855 3617 1924 antiquorum
3644 1874 3770 1929 pon-

2221 1927 2422 1984 tiﬁcum
2453 1929 2822 1990 Romanorum
2847 1939 3048 2010 scripta
3074 1943 3455 2001 modernorum
3485 1927 3771 2007 sustineant

2213 2018 2523 2088 praeiudicia
2549 2063 2566 2090 ,
2627 2032 2682 2079 et
2736 2025 3128 2098 ﬂoccipendant
3173 2037 3532 2103 posteriorum
3577 2058 3724 2098 sensa
3751 2085 3767 2110 ,

2215 2124 2446 2180 quorum
2496 2125 2825 2172 venerantur
2863 2123 3181 2179 memorias!
3240 2125 3297 2182 Si
3353 2129 3499 2184 enim
3541 2130 3770 2199 iuniores

2215 2207 2455 2271 tempore
2482 2212 2727 2260 veterum
2756 2221 3116 2278 aspernantur
3137 2215 3332 2280 edicta,
3371 2219 3570 2289 quibus
3599 2238 3769 2278 assen-

2213 2304 2332 2345 sum
2362 2294 2603 2361 praebere
2633 2295 2950 2366 debuerant,
2982 2303 3111 2371 quid
3143 2315 3345 2373 restat,
3369 2310 3475 2366 nisi
3514 2321 3575 2368 ut
3603 2314 3768 2383 plum-

2211 2380 2338 2434 bum
2367 2382 2524 2451 aquis
2580 2397 2935 2456 supernatet,
2985 2392 3188 2463 lignum
3235 2413 3366 2455 vero
3408 2400 3578 2458 fundo
3605 2380 3768 2460 ttenus

2212 2483 2448 2561 mersum
2494 2470 2773 2529 dehiscat?
2821 2482 3118 2545 prmsertim
3179 2499 3299 2541 cum
3347 2491 3609 2561 scriptum
3656 2495 3765 2548 sit:

2212 2555 2295 2612 Ne
2316 2562 2719 2630 transgrediaris
2747 2567 2992 2623 terminos
3029 2587 3159 2641 quos
3182 2555 3475 2645 posuerunt
3503 2591 3677 2650 patres
3696 2584 3768 2637 tsi

2211 2646 2394 2717 (Prov.
2425 2665 2539 2742 sint
2565 2693 2580 2719 ,
2612 2654 2724 2726 28).
2757 2654 2870 2713 Hoc
2892 2674 3055 2715 unum
3085 2666 3282 2721 suadeo
3301 2706 3319 2734 ,
3369 2677 3428 2723 ut
3453 2646 3769 2742 perquiratis

2208 2741 2402 2795 merita
2459 2741 2857 2801 Turonensium
2902 2757 2957 2804 et
3017 2750 3380 2812 Romanorum
3421 2741 3765 2828 pontiﬁcum.

2206 2848 2435 2902 quorum
2480 2836 2618 2890 alter
2655 2838 2862 2905 edixit,
2908 2841 3045 2898 alter
3080 2848 3436 2920 conscripsit,
3490 2862 3549 2906 et
3593 2865 3764 2923 postea

2206 2932 2387 2977 utrum
2438 2924 2545 2979 illis
2574 2940 2604 2978 a
2644 2929 3132 2988 contradicentium
3184 2937 3449 2995 industria
3498 2958 3609 3013 pra:
3645 2959 3765 3013 pon-

2205 3018 2333 3072 dere
2354 3017 2651 3086 diiudicare
2682 3021 2950 3089 poleritis.
2987 3022 3190 3080 Valete.

2763 3114 3095 3171 EPISTOLA
3138 3116 3223 3172 Vl.

2499 3220 2567 3256 an
2607 3221 2892 3262 nonmruu
2932 3223 3108 3262 ιιεοειι
3143 3213 3481 3267 inssconmt.

2272 3294 2566 3350 Rorunn'ro
2597 3298 2708 3367 regi
2741 3297 3072 3353 Francorum
3096 3300 3296 3371 inclyte
3328 3301 3655 3359 lamulorum
3677 3303 3765 3362 Dei

2198 3386 2434 3443 famulus
2460 3389 2625 3455 Anno,
2675 3405 2885 3445 utemur
2935 3390 3064 3445 salis
3090 3394 3230 3461 quod
3257 3393 3552 3464 aliquando
3580 3396 3634 3451 in
3674 3413 3763 3467 pa-

2197 3479 2327 3535 latio
2353 3482 2584 3536 comedi.

2268 3570 2414 3626 Satis
2440 3571 2726 3626 admodum
2768 3572 2935 3626 miror
2982 3571 3123 3625 unde
3176 3572 3229 3626 hi
3260 3573 3400 3628 sales
3449 3575 3765 3646 eloquentia:

2195 3671 2602 3732 proruperunt,
2638 3677 2868 3733 quorum
2919 3662 3380 3728 amaritudinem,
3423 3666 3646 3721 domine
3697 3683 3761 3723 nu

2198 3770 2289 3810 rex
2318 3795 2333 3820 ,
2378 3756 2657 3825 inepinato
2684 3755 2959 3821 abhorrui,
2992 3755 3291 3811 abhorrens
3317 3743 3538 3813 silentio
3591 3771 3766 3831 tegere

2196 3846 2431 3915 nequivi,
2461 3860 2586 3899 nam
2612 3845 2849 3914 palatina
2880 3843 3134 3899 facundia
3166 3846 3423 3902 hactenus
3452 3864 3586 3903 usus
3618 3866 3760 3915 sum,

2193 3948 2248 3989 et
2270 3936 2336 3989 ab
2369 3935 2500 4004 ipsis
2545 3935 2827 3989 cunabulis
2859 3949 2996 4004 pene
3025 3936 3078 3989 in
3111 3939 3439 3993 monasterio
3482 3941 3762 3996 veritatem

2193 4039 2327 4095 puer
2364 4024 2556 4089 didici,
2586 4039 2748 4093 quam
2798 4040 2883 4079 me
2921 4026 3167 4081 amisisse
3208 4039 3466 4083 causatur
3499 4030 3590 4086 ille
3616 4050 3649 4087 ιι
3686 4049 3767 4088 se-

2194 4118 2375 4173 cretis.
2409 4119 2543 4172 Dum
2561 4117 2673 4186 jam
2704 4118 2847 4173 albet
2871 4119 2962 4174 nix
2989 4122 3198 4191 capitis,
3231 4124 3316 4178 cui
3342 4116 3545 4195 gratias
3569 4125 3761 4192 refero,

2192 4212 2445 4280 quoniam
2491 4225 2578 4265 me
2622 4210 2688 4264 ad
2728 4225 2814 4264 me
2844 4212 3094 4280 reduxit,
3123 4216 3556 4285 quandoquidem
3587 4218 3763 4274 homi—

2192 4319 2313 4357 nem
2338 4316 2457 4357 esse
2494 4303 2745 4362 innotuit.
2783 4318 2942 4373 quem
2984 4304 3260 4360 mutabilis
3290 4306 3519 4363 fortuna:
3548 4312 3763 4365 casibus

2194 4396 2461 4450 subditum
2483 4407 2538 4448 et
2554 4394 2752 4449 dixitet
2766 4397 2999 4466 scripsit;
3017 4396 3093 4450 ait
3109 4398 3248 4451 enim
3268 4398 3760 4470 Scripturarﬂmnis

520 4459 647 4548 dici,
678 4459 933 4537 detnnnm
955 4481 1208 4535 videlicet
1234 4480 1347 4533 Alt.
1375 4459 1839 4552 archiepiscopum
1871 4488 2091 4535 contra-
2118 4459 2169 4518 θ
2191 4485 2344 4536 homo
2371 4483 2598 4537 mendas:
2626 4481 2744 4552 (Ps.
2772 4459 2895 4548 cxv,
2928 4486 3046 4551 li);
3078 4487 3172 4541 sed
3203 4459 3450 4543 fortassis
3479 4505 3602 4544 cum
3633 4491 3760 4547 Pro-

519 4574 700 4629 dicerc
721 4571 1013 4643 privilegiis
1038 4570 1209 4626 sancti
1234 4569 1305 4625 Μ.
1334 4573 1636 4627 communis
1662 4572 1906 4642 patroni;
1944 4569 2087 4642 quod

518 4665 641 4735 quis
668 4663 937 4733 desipiens
959 4662 1203 4717 crederet
1228 4702 1242 4724 .
1278 4671 1336 4715 ut
1374 4663 1457 4716 vir
1489 4672 1651 4718 tantae
1680 4663 2016 4718 auctoritatis
2035 4670 2090 4715 et

521 4752 946 4809 mansuetudinis
991 4753 1264 4806 contraire
1294 4751 1419 4805 velit
1463 4750 1826 4807 Romanorum
1873 4752 2089 4822 pontifi-

516 4860 638 4901 cum
672 4842 901 4899 decretis
924 4851 979 4897 et
1005 4854 1313 4898 sanctormn
1355 4857 1623 4897 canonum
1666 4843 1966 4898 institutis?
1996 4842 2083 4895 Si-

514 4936 730 5007 quidem
769 4935 1007 4991 Romana
1040 4935 1279 4990 Ecclesia
1333 4950 1429 4989 sua
1470 4949 1631 5002 super
1678 4947 1866 4987 omnes
1896 4931 2081 4986 Eccle-

513 5029 622 5082 sias
639 5027 953 5083 excellentia
986 5027 1088 5080 hoc
1118 5026 1279 5080 habet
1312 5024 1596 5093 privilegii,
1632 5032 1710 5089 ut,
1740 5023 1878 5079 sicut
1916 5022 2086 5078 clavi-

511 5135 608 5191 ger
658 5118 806 5190 regni
850 5117 1088 5172 caelestis
1134 5115 1338 5170 obtinet
1386 5115 1746 5183 principatum
1802 5114 2082 5184 apostolici

513 5210 779 5254 culminis-
814 5210 886 5254 ita
926 5208 1113 5254 eadem
1161 5206 1399 5254 llomana
1441 5205 1673 5254 Ecclesia
1704 5208 2079 5254 auctoritatem

2196 4571 2354 4640 pheta
2376 4572 2429 4626 in
2470 4574 2668 4627 exstasi
2703 4575 2803 4628 hoc
2830 4575 3080 4643 protulit,
3106 4577 3247 4646 quod
3291 4592 3391 4650 ego
3431 4595 3650 4651 quoque
3674 4585 3761 4637 be-

2193 4663 2354 4731 nigne
2374 4666 2724 4735 accepissem.
2748 4666 2849 4721 nisi
2874 4677 3014 4721 esset
3044 4670 3302 4738 scriptum
3328 4687 3340 4722 :
3365 4669 3561 4726 l’crdes
3588 4690 3760 4729 omnes

2191 4755 2280 4826 qui
2314 4754 2596 4826 loquuntur
2625 4757 2949 4811 mendacium
2996 4756 3113 4822 (l’s.
3144 4774 3195 4822 v,
3225 4759 3301 4827 7).
3330 4760 3408 4813 Ad
3446 4763 3576 4829 quid
3618 4763 3759 4816 enim

2193 4844 2335 4899 aliud
2382 4846 2590 4900 amicus
2630 4860 2783 4901 meus
2809 4847 3034 4917 apostoli
3064 4850 3226 4905 verba
3275 4849 3340 4903 ad
3384 4866 3470 4906 me
3503 4853 3757 4914 retorsit.

2189 4938 2315 4991 dum
2366 4937 2418 4991 in
2466 4952 2715 4995 sermone
2761 4954 2880 4995 meo
2921 4950 2994 4993 εει
3045 4949 3101 4995 et
3144 4958 3244 4995 non
3287 4956 3408 4997 esse
3461 4943 3761 4998 enuntiavit

2190 5025 2332 5096 (Jac.
2361 5042 2424 5089 v,
2479 5027 2594 5094 12),
2634 5028 2735 5081 nisi
2766 5029 2891 5097 quia
2919 5038 3012 5083 aut
3048 5030 3189 5098 quod
3217 5041 3299 5084 est
3329 5045 3434 5084 non
3496 5047 3635 5093 esse.
3668 5040 3759 5086 aut

2188 5120 2330 5186 quod
2381 5133 2485 5170 non
2529 5126 2611 5170 est
2641 5132 2763 5173 esse
2806 5118 3060 5173 latentem
3118 5122 3516 5188 reprehendere
3562 5123 3759 5177 voluit?

2189 5208 2341 5254 cuius
2363 5209 2608 5254 criminis
2654 5208 2705 5254 in
2738 5210 2837 5254 hac.
2871 5224 2927 5254 re.
2956 5224 3042 5254 me
3085 5211 3229 5254 nulla
3259 5211 3418 5254 snndn
3451 5229 3600 5254 mum
3641 5227 3758 5254 ρευ-
