3944 5414
146 346 231 405 ιιι

1561 350 1940 415 EPISTOLE.

3277 370 3385 427 $26

147 464 204 518 lui
225 504 241 525 .
284 464 628 521 abominatus
675 467 983 538 superbiam
1027 470 1170 527 illius
1199 475 1292 543 qui
1325 472 1425 527 fuit
1454 474 1704 542 signacw
1733 482 1781 535 Α
1810 474 1878 534 si.
1911 471 2052 540 quod
2083 469 2385 527 faciendum
2426 474 2478 528 in
2524 468 2745 543 reliquis
2773 512 2789 540 ,
2837 480 2995 533 unius
3041 485 3385 551 evangelista.

147 557 237 609 hun
284 556 660 613 similitudinis
711 562 804 615 Dei
854 562 1071 629 (laudi.
1127 579 1296 619 xxvm
1326 606 1342 630 ,
1389 565 1499 633 12).
1536 566 1705 621 Porro

146 646 265 700 sicut
298 661 461 701 nemo
488 647 687 715 bonus,
716 653 819 705 nisi
864 653 1012 708 solus
1055 655 1196 709 Deus
1221 655 1441 725 (Mam,
1469 672 1499 709 χ
1525 696 1540 720 ,
1570 659 1657 724 l8)
1690 698 1703 719 .

145 736 209 791 sic
243 737 377 792 nihil
408 748 493 793 est
525 741 577 793 in
612 758 791 796 rerum
825 746 1092 799 creaturis
1115 784 1129 810 ,
1180 746 1309 799 nihil
1352 749 1496 800 enim
1545 749 1595 802 in
1629 750 1707 802 eis

146 836 213 881 est
240 828 383 897 quod
423 831 687 886 mutabile
736 847 841 887 non
882 844 1002 899 est,
1051 845 1105 889 et
1152 836 1196 889 si
1236 838 1411 891 ontuis
1456 849 1705 892 creatura

148 917 399 973 mutabilis
438 929 543 983 est,
590 912 862 990 quomodo
894 926 1116 979 verbum
1151 924 1268 993 ejus
1296 928 1553 981 mutabile
1602 945 1705 982 non

146 1007 237 1061 est?
272 1007 415 1065 Sane
461 1010 569 1064 hoc
623 1012 726 1066 sibi
782 1014 1058 1084 proprium
1110 1018 1444 1081 reservavit,
1478 1018 1544 1072 de
1601 1035 1708 1087 quo

146 1099 325 1153 dictum
352 1109 437 1155 est
467 1102 522 1155 in
553 1101 736 1158 Veteri
774 1104 1124 1162 Testamento
1158 1122 1172 1160 :
1214 1108 1317 1174 Qui
1347 1121 1419 1161 est
1447 1111 1586 1162 misit
1628 1126 1709 1163 me

146 1190 200 1241 ad
226 1206 305 1243 vos
334 1188 561 1260 (Exod.,
591 1210 672 1257 ιιι,
710 1195 819 1265 14).
853 1197 1015 1262 Ecce,
1051 1199 1376 1254 venerabilis
1411 1216 1525 1261 rex.
1557 1217 1708 1255 meus

146 1281 260 1349 apud
300 1280 644 1349 majestatem
678 1296 914 1342 vestram
966 1304 1144 1343 sermo
1177 1290 1541 1360 apologeticus
1562 1333 1575 1354 ,
1608 1301 1661 1346 et
1689 1333 1704 1351 .

149 1389 201 1427 ne
226 1374 442 1444 hujusce
472 1376 771 1433 locutionis
812 1380 1032 1449 ineptiis
1071 1381 1413 1450 deeipiamiui
1441 1424 1455 1446 ,
1489 1396 1704 1438 cautum

147 1480 243 1521 esse
269 1479 396 1539 Opto
421 1480 479 1525 et
509 1487 728 1542 semper
754 1477 954 1543 Optavi.
991 1477 1208 1542 Valete.

667 1566 1001 1622 EPISTOLA
1045 1568 1153 1623 Vll.

347 1668 417 1707 AD
452 1669 728 1710 ODILONEII
766 1673 1010 1712 ABBATEH
1050 1676 1464 1716 CLUSIACENSEM.

203 1741 415 1797 Domino
467 1759 691 1814 semper
754 1750 1048 1803 venerabili
1115 1750 1339 1806 ODll.ONl
1397 1752 1703 1809 Cluuieusis

1810 562 2087 615 adnotatio
2137 564 2402 634 descripta
2450 581 2548 635 pro
2587 567 2834 635 exemplo
2886 570 2973 623 sit.
3027 571 3165 627 Sunt
3206 574 3390 643 itaque

1810 652 1951 720 apud
2010 651 2314 706 Mattlueum
2354 655 2584 724 capitula
2647 673 2816 710 xxvm
2849 698 2865 721 ,
2920 659 3062 715 inter
3094 678 3216 732 qua:
3261 677 3389 719 sunt
3451 684 3474 733 ,θ

1810 742 2219 798 subnotationes
2245 759 2425 807 ccccv,
2460 746 2655 814 quibus
2678 747 2902 817 singulis
2944 751 3153 820 adjecta
3179 762 3265 808 est
3293 769 3387 809 sua
3459 760 3467 817 ς

1810 846 1962 893 tera,
2031 847 2099 885 ex
2170 847 2273 901 qua
2326 846 2684 902 cognoscatur
2746 839 2797 891 in
2848 853 2955 908 quo
3008 857 3216 897 canone
3275 846 3389 913 ipsa
3458 870 3467 895 ι

1810 922 2121 976 subnotatio
2152 924 2473 993 reperiatur.
2506 924 2573 980 Ut
2603 936 2780 982 autem
2826 930 3011 986 decem
3062 934 3172 989 sint
3220 951 3385 991 caun-

1810 1030 1906 1067 nes
1926 1023 1982 1069 et
2007 1032 2111 1069 non
2143 1017 2373 1086 amplius
2404 1058 2417 1082 ,
2452 1019 2505 1072 in
2551 1021 2745 1088 quibus
2792 1025 3132 1094 evangelista:
3162 1028 3263 1081 sibi
3295 1047 3391 1083 no-

1810 1106 1927 1160 vies
1973 1116 2181 1161 tantum
2232 1108 2588 1165 conferuntur
2617 1153 2631 1175 ,
2666 1113 2792 1167 illud
2833 1115 2961 1170 facit
2988 1121 3128 1187 quod
3174 1120 3391 1178 Marcus

1811 1194 1948 1249 hanc
1972 1198 2358 1266 proprietatem
2388 1211 2573 1255 servat
2594 1218 2716 1256 cum
2740 1203 2965 1271 Joanne,
2988 1224 3092 1277 qua
3116 1226 3381 1282 nusquam

1810 1290 1858 1343 ci
1890 1288 1988 1341 soli
2021 1290 2153 1343 solvi
2182 1293 2470 1346 consentit.
2511 1293 2621 1349 Nec
2671 1296 2843 1349 eidem
2890 1314 3010 1353 cum
3042 1302 3213 1357 altero
3242 1346 3255 1368 ,
3287 1306 3391 1359 nisi

1808 1393 1931 1431 cum
1960 1376 2213 1433 Mattlneo
2253 1396 2265 1433 :
2305 1397 2427 1434 nam
2453 1382 2593 1437 inter
2617 1395 2849 1452 quatuor
2887 1389 2928 1441 si
2960 1394 3245 1446 concordia
3284 1398 3386 1458 sit,

1809 1484 1948 1522 Unus
2008 1471 2198 1525 modus
2233 1474 2445 1537 existit;
2500 1476 2639 1531 alter
2687 1493 2815 1534 vero
2857 1483 2897 1535 si
2954 1484 3385 1556 discrepaverit,

1811 1569 2047 1630 quatuor
2071 1564 2211 1617 modi
2248 1565 2630 1622 inveniuntur:
2672 1571 2716 1624 si
2751 1588 2886 1627 unus
2928 1578 3153 1641 quilibet
3178 1580 3389 1634 duobm

1806 1654 2119 1709 conferatur
2146 1696 2160 1720 ,
2189 1672 2285 1711 sex
2332 1658 2399 1711 ad
2434 1669 2736 1716 extremum
2768 1676 2948 1729 erunt,
2995 1669 3039 1722 si
3089 1670 3154 1724 ad
3197 1672 3389 1725 simili-

1811 1745 2048 1799 tudinem
2128 1748 2516 1802 monomachia:
2590 1766 2727 1807 unus
2814 1756 3037 1824 reliquis
3109 1761 3380 1829 sigillalim

146 1837 559 1904 congregationis
585 1838 755 1903 patri,
785 1840 1023 1910 ejusdem
1057 1842 1213 1897 “me”
1245 1845 1421 1910 A330,
1449 1846 1701 1915 iudignus
1734 1825 1778 1883 Β
1808 1837 2145 1904 respondeat.
2189 1837 2454 1894 Carterum
2486 1840 2588 1895 hoc
2620 1842 2672 1894 in
2728 1845 2920 1899 :isdem
2961 1850 3256 1906 cauonibus
3300 1868 3386 1907 est

146 1922 438 1981 famulorum
475 1928 677 1984 Christi
702 1931 955 1988 famulus.

201 2014 344 2083 Saepe
397 2019 665 2089 contingit
719 2028 776 2074 ut
822 2023 1120 2091 spiritualis
1146 2025 1499 2097 pltilosopbize
1547 2029 1698 2098 dapi-

145 2105 228 2157 bus
271 2107 462 2161 amicis
509 2109 760 2164 convivia
816 2127 913 2180 pro
971 2115 1186 2167 modulo
1253 2127 1437 2170 nostro
1490 2135 1699 2188 pracpa—

144 2208 337 2259 rcmus,
386 2209 671 2266 sperantes
719 2202 819 2256 hac
878 2203 1271 2260 introductith
1316 2223 1499 2261 eorum
1566 2210 1700 2264 deli-

143 2285 224 2336 ciis
267 2289 709 2354 communicare,
765 2294 1018 2362 quoniam
1048 2335 1061 2357 ,
1114 2306 1172 2349 ut
1228 2298 1356 2351 dicit
1399 2298 1701 2369 Scriptura,

142 2376 417 2432 anucorum
495 2391 621 2435 sunt
691 2385 870 2438 omnia
949 2388 1308 2453 communia;
1374 2404 1704 2464 quapropter

144 2468 426 2536 quempiam
495 2469 667 2524 solum
720 2474 833 2528 suis
894 2477 1086 2531 studiis
1144 2479 1220 2532 uti
1284 2481 1505 2534 minime
1559 2484 1701 2539 dele-

145 2563 274 2619 ctat,
329 2568 385 2612 et
456 2560 741 2617 cliaritatis
793 2567 980 2633 epulas
1053 2578 1179 2624 tunc
1240 2572 1379 2627 bona
1450 2574 1701 2629 voluntas

146 2642 347 2702 libenter
369 2649 648 2718 degustat.
675 2668 795 2708 cum
834 2656 977 2711 inter
997 2658 1237 2725 ejusdem
1262 2664 1503 2720 scientiae
1532 2677 1703 2721 secta-

148 2743 267 2789 tores
285 2753 393 2792 non
424 2748 509 2793 est
536 2756 730 2811 expers
769 2747 1011 2801 muneris
1042 2764 1150 2817 quo
1173 2751 1274 2805 sibi
1310 2753 1462 2807 illicit
1493 2766 1702 2811 amato-

146 2828 503 2883 rcsveritatis.
541 2830 708 2895 Unde,
743 2838 1066 2891 venerabilis
1094 2849 1269 2909 pater.
1304 2842 1702 2913 ﬂoccipendeus

144 2917 438 2971 anulorum
471 2923 765 2989 vesaniam,
796 2926 970 2980 instar
990 2935 1438 2987 commentatoris
1464 2937 1700 2993 scribere

146 3000 333 3059 decrevi
368 3008 576 3078 aliquid
619 3023 827 3082 gratum
860 3018 1048 3072 amicis
1076 3060 1089 3083 ,
1132 3021 1265 3075 utile
1303 3027 1554 3092 posteris,
1594 3043 1701 3096 quo

145 3100 581 3154 communicatum
634 3112 683 3158 te
727 3120 847 3160 esse
903 3108 1096 3172 volui,
1152 3127 1313 3181 quem
1345 3155 1360 3175 ,
1413 3127 1697 3186 postquam

146 3189 291 3242 semel
340 3194 615 3260 cognovi,
666 3212 879 3268 semper
916 3200 969 3253 in
1001 3202 1251 3259 omnibus
1292 3206 1381 3275 pio
1416 3225 1601 3261 amore
1646 3220 1701 3266 et

147 3276 286 3344 diligo
321 3290 375 3334 et
404 3282 589 3336 dilexi.
642 3284 750 3341 Nec
790 3288 953 3357 pudet
984 3298 1036 3344 te
1081 3291 1538 3361 baberejudicem
1576 3315 1701 3367 pro-

146 3368 312 3433 posita:
338 3375 649 3441 quaestionis
672 3418 687 3443 ,
737 3394 897 3448 quem
935 3384 1277 3440 commendat
1315 3387 1465 3457 lepor
1504 3391 1700 3448 dulcis-

147 3458 277 3511 simae
328 3459 697 3530 aﬂahilitatis,
770 3478 827 3523 ut
891 3483 1020 3540 puta
1099 3475 1332 3545 antiquae
1404 3481 1702 3538 nobilitatis

146 3558 395 3618 comptum
430 3556 675 3625 prosapia
697 3599 711 3621 ,
756 3574 878 3615 cum
914 3561 1216 3631 eloquentia
1247 3583 1408 3637 quam
1452 3583 1701 3629 venuslat

149 3634 381 3706 frequens
428 3651 482 3696 et
515 3644 730 3702 humilis
778 3650 1075 3719 sapientia;
1110 3656 1247 3711 hanc
1290 3659 1543 3714 nimirum
1584 3664 1702 3732 plus

148 3726 285 3781 solito
313 3740 572 3799 expertus
610 3750 725 3789 sum
772 3742 1156 3809 compendiose
1176 3746 1379 3819 itinere
1404 3790 1417 3815 ,
1452 3765 1574 3805 cum
1608 3770 1702 3821 pa-

150 3815 267 3868 riter
307 3834 705 3878 remoraremur
748 3835 855 3881 tam
903 3829 955 3882 in
1002 3818 1185 3887 nostro
1223 3851 1382 3903 quam
1414 3839 1465 3892 in
1514 3841 1698 3896 Sam-ti

149 3900 229 3956 Dei
270 3912 633 3977 monasterio,
672 3915 757 3969 ubi
790 3917 1009 3983 quidam
1050 3936 1115 3974 ex
1161 3921 1420 3978 fratribus
1462 3931 1654 3982 vestris
1686 3972 1699 3995 ,

148 4001 199 4043 ut
226 3996 345 4050 mihi
398 4000 572 4053 visum
620 4003 739 4068 fuit,
779 4009 913 4061 satis
970 4010 1304 4078 benevolus,
1359 4026 1598 4073 attentus
1651 4032 1706 4075 et

148 4084 338 4154 docilis,
393 4095 676 4161 requisivit
706 4099 771 4151 de
801 4102 1124 4168 repetitione
1166 4106 1423 4163 similium
1456 4128 1705 4167 numero-

148 4190 252 4231 rum
303 4182 393 4248 qui
440 4184 702 4240 habentur
752 4189 1089 4259 frequentius
1116 4198 1167 4249 in
1198 4202 1496 4255 canonibus
1525 4204 1701 4258 Evan-

151 4268 419 4333 geliorum.
456 4274 620 4339 Quam
662 4283 1016 4347 quaestionem
1058 4290 1391 4355 expediendo
1425 4294 1470 4346 ei
1500 4300 1564 4348 ad
1592 4297 1703 4364 ple-

150 4372 262 4411 num
310 4363 625 4420 satisfacere
673 4372 930 4438 nequivi,
979 4378 1175 4442 partim
1227 4380 1294 4434 ob
1341 4363 1702 4441 difﬁcultatem

148 4450 239 4511 sui,
269 4457 467 4521 partim
517 4460 641 4528 quia
674 4477 773 4516 nec
822 4465 973 4521 locus
1015 4484 1111 4522 nec
1159 4482 1369 4541 tempus
1407 4478 1697 4533 sutliciebat

151 4544 345 4609 negotio
380 4545 716 4614 hujusmodi;
748 4569 891 4608 nunc
920 4571 1068 4621 vero,
1101 4563 1440 4618 occasionem
1473 4579 1665 4623 nactus
1687 4610 1701 4632 .

149 4633 408 4702 eXplicabo
437 4643 703 4706 quomodo
726 4660 784 4699 se
826 4647 1021 4701 habeat
1044 4653 1325 4720 congeries
1352 4672 1701 4715 numerorum

153 4718 199 4773 in
232 4726 499 4791 prxdictis
542 4734 834 4788 canonibus
858 4776 874 4799 ,
906 4739 1148 4804 exposita
1183 4743 1331 4809 prius
1360 4755 1569 4801 ratione
1598 4766 1701 4817 qua

154 4809 200 4863 in
223 4813 443 4885 singulis
476 4816 879 4889 Evangeliorum
914 4827 1067 4882 libris
1097 4841 1222 4885 sunt
1252 4820 1536 4904 tripliciter
1564 4854 1700 4908 pra:-

156 4898 233 4954 lixi
272 4906 479 4960 numeri
505 4947 519 4970 ,
547 4924 766 4977 quorum
822 4916 912 4969 alii
957 4918 1189 4987 capitula
1217 4965 1230 4986 ,
1261 4925 1349 4979 alii
1380 4941 1520 4982 teras
1552 4970 1566 4991 ,
1613 4930 1700 4985 alii

158 4992 543 5053 subnotationes
564 5002 863 5076 designant,
911 5024 1226 5068 communes
1257 5018 1467 5074 scilicet
1489 5033 1542 5076 et
1580 5038 1698 5092 pro-

159 5082 303 5151 prias,
332 5096 387 5141 et
407 5089 636 5157 capitula
658 5098 874 5167 quidem
905 5113 1006 5153 nec
1032 5116 1134 5156 non
1166 5120 1287 5161 mra:
1308 5124 1376 5163 ex
1405 5112 1572 5166 minio
1603 5115 1704 5168 hoc

162 5169 385 5228 videntur
412 5176 654 5248 differre,
692 5188 838 5257 quod
884 5189 1120 5255 capitula
1160 5198 1540 5264 exprimuntur
1586 5218 1702 5255 ma-

1728 3178 1772 3237 C

1735 4520 1779 4578 ι)

1805 1928 2379 1995 animadvertendum,
2440 1935 2583 2000 quod
2638 1935 3042 2007 distinguuntur
3087 1941 3244 1998 lineis
3300 1947 3384 1998 di-

1804 2016 1967 2070 rectis
1993 2032 2022 2070 a
2065 2018 2283 2072 sinistra
2344 2021 2395 2073 in
2426 2022 2701 2076 dexteram
2760 2027 2979 2095 legenti~
3004 2069 3020 2091 ,
3060 2030 3200 2086 inter
3248 2048 3385 2102 quas

1803 2120 1973 2175 usque
2024 2106 2089 2161 ad
2139 2106 2296 2162 finem
2346 2110 2583 2182 quinque
2635 2114 3041 2173 subnotatio.es
3094 2122 3264 2187 ﬁunt,
3319 2127 3389 2180 de

1805 2196 2027 2266 singulis
2071 2198 2319 2254 videlicet
2347 2204 2692 2272 evangelistis
2733 2208 2823 2275 qui
2863 2220 2989 2263 sunt
3035 2212 3277 2282 dispositi
3328 2219 3380 2271 iu

1803 2288 1979 2357 capite
2024 2289 2443 2361 uniuscujusque
2479 2297 2721 2349 canonis.
2774 2298 2918 2351 Inter
2966 2304 3168 2370 pr'mas
3215 2307 3381 2377 igitur

1806 2379 1976 2434 lineas
2004 2382 2162 2449 primi
2195 2385 2419 2439 canonis
2453 2398 2579 2441 sunt
2604 2390 3011 2448 subnotationes
3042 2412 3135 2459 xx,
3167 2412 3233 2451 ex
3260 2403 3379 2467 qui--

1806 2471 1906 2525 bus
1933 2472 2066 2525 nihil
2116 2473 2313 2541 ingerit
2352 2475 2641 2531 dubietatis
2699 2479 2785 2534 ille
2833 2484 2967 2536 ordo
3016 2486 3069 2538 in
3110 2501 3219 2555 quo
3245 2491 3380 2542 scri-

1806 2563 2006 2617 buntur
2033 2565 2174 2634 apud
2205 2566 2514 2621 Matthzcum
2560 2585 2628 2623 vn
2650 2611 2663 2632 ,
2694 2571 2834 2640 apud
2877 2574 3111 2628 Marcum
3143 2593 3215 2641 tt,
3243 2583 3399 2647 apud.

1807 2652 2006 2709 Lucam
2039 2670 2152 2720 vn,
2191 2658 2329 2725 apud
2380 2656 2641 2713 Joannem
2674 2677 2729 2713 κ.
2788 2662 2863 2717 De
2893 2665 3114 2735 reliquis
3160 2671 3387 2736 qucestin

1808 2753 1912 2808 est,
1952 2760 2113 2814 quam
2150 2746 2275 2800 illud
2306 2747 2435 2801 facit
2467 2788 2481 2810 ,
2532 2751 2673 2818 quod
2700 2748 2937 2807 Joannes
2967 2756 3196 2823 sparsim
3243 2762 3381 2812 seri-

1809 2838 1915 2905 psit
1941 2837 1993 2890 in
2026 2838 2253 2892 diversis
2305 2839 2440 2892 locis
2468 2856 2528 2893 ea
2582 2858 2700 2911 qua:
2734 2844 2826 2897 alii
2871 2846 3186 2915 colligentes
3219 2852 3390 2906 semel

1810 2927 2063 2981 dixerunt
2109 2928 2300 2997 singuli
2336 2927 2387 2981 in
2431 2931 2543 2983 suis
2580 2933 2873 2999 opusculis.
2925 2935 3166 3007 Exempli
3211 2944 3386 3011 gratia

1809 3020 2163 3088 disponantur
2185 3020 2636 3087 evangelistarum
2671 3026 2831 3080 verba
2861 3035 2919 3080 ut
2955 3037 3081 3083 sunt
3112 3031 3163 3085 in
3194 3040 3342 3087 textu
3369 3074 3385 3096 .

1811 3110 2023 3179 propria
2056 3124 2178 3163 cum
2211 3111 2589 3167 subuetatione
2619 3113 2854 3169 diversa.

1834 3196 1865 3228 τ

1824 3241 1873 3295 Μ
2032 3258 2084 3294 xl
2231 3250 2342 3331 Ego
2373 3252 2587 3332 quidem
2650 3254 2867 3332 baptizo
2917 3274 3012 3312 vos
3066 3261 3116 3313 in
3164 3277 3300 3332 aqua
3336 3265 3391 3320 in

1834 3327 1868 3397 εξ
2160 3322 2569 3397 pteuitentiain;
2600 3325 2690 3392 qui
2722 3322 2904 3380 autem
2932 3340 3054 3397 pnst
3084 3346 3168 3385 me
3205 3322 3395 3388 ὑθηι..-

1822 3372 1870 3465 5i
2001 3388 2081 3426 ll"
2272 3372 2395 3451 est,
2414 3372 2631 3465 diui)?
2642 3372 2751 3450 ἧὶέ
2891 3372 3065 3465 ἐῗιλιιε
3085 3372 3225 3457 ’Ἠοιὶ
3238 3372 3387 3459 iit

1837 3459 1861 3530 γ’
2049 3521 2081 3538 ν
2156 3462 2729 3538 dignuscalceameuta
2752 3459 2993 3534 portare,
3025 3472 3139 3538 ipse
3174 3488 3268 3528 vos
3293 3475 3357 3529 ba
3376 3508 3388 3515 -

1823 3504 1864 3623 Ῑὸ
2049 3521 2081 3558 ἶ
2363 3504 2477 3586 ἶ
2489 3504 2993 3603 ιυιεζιιυιοιὲί
3008 3504 3135 3610 ἱὲιιίῗ

1831 3638 1846 3689 l
2030 3653 2082 3690 vi

1825 3721 1873 3821 ᾗ
1999 3785 2079 3822 Im
2228 3741 2294 3794 Et
2324 3743 2695 3822 eratJoannes
2720 3749 2945 3822 vestitus
2976 3751 3097 3820 pilis
3120 3756 3310 3809 cameli
3337 3766 3394 3811 et

1832 3814 1871 3886 ς
2161 3828 2293 3864 zona
2320 3814 2551 3889 pellicea
2604 3817 2745 3870 circa
2802 3814 3012 3874 lmnbos
3038 3823 3184 3889 ejus,
3215 3835 3269 3878 et
3309 3828 3393 3877 lo-

1826 3901 1871 3953 Μ
2031 3917 2082 3954 χ,
2158 3892 2340 3963 castas
2363 3894 2423 3963 et
2452 3886 2553 3938 mel
2583 3889 2845 3963 sylveftre
2880 3886 3096 3963 edebat,
3122 3886 3175 3946 et
3198 3898 3416 3963 przedi-‘

2031 3943 2081 3954 ”’
2159 3953 2319 4029 cabat
2343 3953 2532 4009 dicens
2563 3972 2575 4007 :
2611 3944 2775 4031 'Veuit
2798 3943 3105 4015 l'ortior'me

1827 4032 1867 4085 ι,
2053 4050 2085 4087 χ
2160 4022 2314 4086 cujus
2352 4038 2614 4096 nonsum
2647 4027 2839 4096 dignus
2882 4022 3245 4095 procumbens
3284 4022 3393 4088 sol;

1839 4117 1869 4146 ιι
2162 4104 2298 4172 vere_
2339 4094 2626 4172 corrigiam
2678 4094 3169 4172 calceamentorum
3227 4104 3388 4172 ejus:

1848 4166 1863 4217 Ι
2011 4180 2081 4217 χιι
2162 4175 2260 4235 ego
2286 4162 2553 4235 baptiza’vi
2586 4180 2681 4235 vos
2718 4166 2769 4218 in
2800 4182 2959 4235 aqua,
2993 4169 3078 4222 ille
3134 4162 3273 4227 vero'
3296 4174 3391 4226 ba-

1838 4248 1865 4302 y
2163 4231 2389 4302 ptiaabit
2426 4248 2522 4287 vos
2559 4235 2610 4287 in
2636 4231 3072 4302 Spiritu'sancto.

1838 4296 1852 4347 Ι
2053 4313 2083 4349 x
2232 4301 2343 4372 Ego
2372 4304 2585 4377 quidem
2617 4296 2756 4373 aqua
2794 4307 3010 4377 baptizo
3054 4325 3172 4377 vos,
3212 4314 3395 4368 veniet

1835 4381 1872 4456 ᾗ
2034 4446 2084 4456 ω
2162 4382 2342 4456 autem
2373 4373 2693 4455 fortiorpic,
2725 4373 2881 4456 cujus
2911 4395 3011 4433 non
3048 4373 3168 4434 sum
3195 4385 3389 4456 dignus

1808 4427 1872 4479 ,lll
2034 4446 2084 4483 XI
2162 4441 2368 4519 solvere
2397 4427 3209 4519 corrigiauicalceamentorum
3239 4427 3389 4519 «Ejus,

1837 4512 1876 4587 ξ,
2164 4512 2277 4587 ipse
2307 4528 2403 4566 vos
2444 4514 2738 4582 baptizabit
2781 4520 2830 4570 in
2869 4520 3073 4587 Spiritu
3116 4512 3308 4577 sancti»
3338 4512 3393 4576 ετι,

1831 4560 1879 4651 ιι
2164 4560 2296 4651 iga.

1839 4644 1869 4674 0

1835 4691 1851 4744 Ι
1971 4709 2084 4747 ιιιιι

1837 4774 1867 4874 ἵ
2035 4842 2083 4878 ν,
2232 4810 2469 4887 Joannes
2490 4815 2858 4887 testimonium
2887 4818 3133 4885 perhibet
3161 4818 3228 4872 de
3254 4819 3390 4887 ipso.
3424 4882 3427 4885 μ

1836 4908 1866 4939 τ
2166 4892 2220 4935 ct
2245 4883 2486 4956 ‘elamat,
2529 4885 2717 4938 dicens
2743 4901 2756 4937 :
2782 4883 2902 4939 Hie'
2934 4898 3052 4939 erat
3088 4904 3247 4956 quem
3273 4883 3394 4941 'dixi

1837 4955 1883 5007 Μ
2039 4971 2090 5010 λι
2166 4952 2255 5018 qui
2295 4961 2413 5019 post
2445 4968 2529 5005 me
2552 4966 2812 5010 venturus
2833 4965 2937 5017 est,
2967 4952 3201 5011 ante-me
3222 4957 3396 5010 factus

1843 5040 1877 5088 n_
2166 5032 2267 5085 est,
2299 5022 2445 5088 prior
2470 5037 2555 5074 me
2597 5034 2738 5079 erat.

1830 5084 1879 5139 Μ
2012 5103 2088 5143 ιιιι

1840 5168 1867 5201 ν

1854 5250 1870 5269 Α
2058 5237 2087 5273 Χ
