3944 5414
480 266 593 327 .427

523 440 554 473 υ

515 491 529 542 |
658 502 776 540 mil
922 496 1015 548 ilic
1039 505 1119 549 est
1149 494 1213 547 de
1235 508 1343 562 quo
1367 492 1474 545 dixi
1505 509 1517 545 :
1544 490 1672 562 Post
1702 506 1788 545 me
1815 491 1960 544 venit
1989 490 2066 543 vir

520 576 562 634 ς,
848 566 937 634 qui
970 578 1091 619 ante
1118 561 1295 619 factus
1317 571 1430 625 est,
1466 561 1593 630 quia
1625 562 1776 634 prior
1807 565 2062 634 tue_erat‘,

517 621 563 672 Μ
716 634 768 671 ³³
842 621 894 691 et
917 652 1014 704 ego
1043 634 1347 711 nesciebam
1382 621 1524 695 eunti,
1545 621 1721 711 sedat
1751 621 2064 710 manifeste;

524 706 557 773 ﬂ
844 715 929 760 tur
975 705 1161 769 Israel,
1207 710 1492 773 propterea
1536 705 1656 755 veni
1705 714 1808 768 ego
1844 705 1895 753 in
1926 714 2062 768 aqua

509 751 558 866 ιε
839 751 1136 846 caput...

517 881 559 934 ιι
734 894 766 932 x

517 965 550 1066 l0
596 1022 764 1068 xxvztt
907 1004 1010 1075 lpsi
1038 1020 1133 1059 vos
1170 1002 1715 1075 mihiitestimonium
1744 1000 2061 1075 perhibetis,

515 1098 563 1132 ι
839 1070 981 1145 quod
1012 1075 1239 1128 dixerim
1273 1074 1424 1143 :Ego
1470 1088 1573 1127 non
1596 1088 1739 1145 sum
1781 1070 2058 1137 Christus,

508 1145 558 1199 ll
708 1160 763 1198 xi
839 1142 931 1201 sed
951 1144 1043 1214 qui
1067 1144 1266 1200 missus
1286 1142 1403 1198 sum
1434 1154 1560 1199 alite
1593 1142 1763 1197 illum.

519 1230 547 1263 ιι

501 1275 550 1330 Μ
687 1289 767 1329 nn

519 1360 543 1391 ν

506 1406 547 1463 L
733 1423 764 1459 x

554 1617 652 1673 llis
704 1616 776 1671 ita
827 1612 1139 1687 praemissis,
1184 1612 1397 1667 sobrius
1432 1610 1603 1667 lector
1641 1609 1895 1683 intelligit
1932 1609 2056 1681 quia

1484 262 1541 316 S.
1584 260 1872 318 ABBONIS
1913 262 2202 319 ABBATIS
2237 262 2737 321 FLORIACENSIS

3634 272 3731 329 ﬂ!

2092 381 2137 437 Λ
2168 376 2305 445 apud
2349 375 2608 433 Joannem
2656 388 2778 449 post
2826 378 3090 435 decimam
3146 390 3393 452 quartam
3446 383 3730 453 inuenitur;

2169 466 2497 534 reliquorum
2535 483 2665 523 vero
2703 468 2878 523 eidem
2910 470 3085 539 primo
3122 474 3579 529 consentientium
3623 493 3733 546 pm.

2166 564 2285 621 pter
2324 558 2668 612 concordiam
2716 559 3004 628 aliquando
3049 565 3405 634 transgressio
3433 565 3529 629 tit;
3562 566 3604 620 si
3636 582 3729 637 qua

2164 657 2297 698 Sane
2336 639 2399 699 in
2451 646 2647 701 talibus
2693 648 2959 707 dubitatio
3000 650 3208 716 incidit,
3268 664 3583 708 assumatur
3632 672 3729 725 pne

2165 734 2417 788 manibus
2462 735 2529 789 de
2567 750 2836 791 consensu
2878 738 3343 810 Evangelistarum
3394 743 3539 797 liber
3563 746 3731 815 Augu-

2164 824 2288 877 stini
2320 826 2559 879 omnium
2595 826 3089 884 ecclesiasticarum
3117 833 3476 900 quaestionum
3507 836 3729 905 singula-

2165 915 2296 968 riter
2319 918 2657 971 subtilissnnt
2680 920 3039 989 expositoris;
3066 931 3187 992 post
3209 924 3551 980 Armenium
3578 928 3728 993 cnim,

2163 1008 2253 1074 qui
2285 1007 2352 1061 de
2377 1018 2613 1076 quatuor
2642 1011 2947 1081 Evangeliis
2988 1013 3119 1069 fecit
3151 1032 3340 1077 unum,
3381 1018 3448 1071 ad
3495 1019 3730 1072 similitu-

2164 1095 2341 1149 dinem
2391 1096 2515 1151 libri
2559 1100 2655 1167 qui
2699 1100 2900 1154 dicitur
2941 1098 3233 1157 Concordia
3276 1104 3607 1173 regularum,
3652 1107 3729 1160 hic

2161 1184 2495 1254 Augustinus
2539 1204 2735 1243 oumes
2767 1190 3093 1247 dubitabiles
3141 1195 3536 1263 propositiones
3568 1195 3729 1252 Evan-

2163 1275 2421 1343 geliorum
2453 1278 2755 1349 decerpsit,
2788 1291 2950 1351 atque
2988 1283 3045 1337 in
3075 1300 3186 1340 uno
3222 1287 3409 1342 codice
3446 1288 3727 1355 ordinavit,

2162 1380 2460 1436 earumque
2493 1368 2812 1426 obscuritati
2841 1373 3133 1428 maximam
3165 1376 3336 1431 lucem
3369 1377 3585 1433 infudit.
3610 1380 3729 1436 Post

2161 1456 2409 1510 outitdcm
2451 1473 2668 1528 quoque
2712 1461 3057 1519 Ammoniqu
3099 1464 3360 1520 Eusebius
3393 1468 3732 1528 Caesariensis

2161 1543 2329 1599 libros
2357 1547 2773 1619 Evangeliorum
2815 1562 2876 1605 ut
2910 1551 3128 1607 fuerant
3166 1570 3447 1616 remanere
3474 1561 3729 1629 permisit,

2160 1643 2213 1688 et
2240 1650 2425 1691 eorum
2455 1647 2801 1695 concordiam
2836 1659 3191 1701 numerorum
3223 1658 3433 1706 ratione
3462 1651 3722 1717 distinxit,

482 1709 720 1764 Joannes
758 1721 900 1808 nunc
948 1707 1037 1762 hic
1069 1704 1364 1808 nune-illic
1401 1704 1573 1808 tetigit
1601 1707 1742 1774 quod
1774 1705 2054 1808 b'lattlneus
2089 1742 2130 1802 Β
2159 1738 2320 1792 qua...
2360 1725 2774 1797 Evangeliomm
2813 1746 3053 1787 canones
3093 1735 3332 1805 appellav
3358 1704 3423 1805 t;
3451 1704 3733 1808 que'mwsev—

474 1811 538 1855 et
575 1800 665 1857 alii
698 1798 1029 1869 collegerunt
1069 1797 1120 1851 iu
1153 1796 1341 1851 ordine
1378 1796 1538 1851 unius
1573 1811 1684 1851 suae
1721 1798 2056 1853 subnotatio—

482 1894 605 1949 nis:
637 1901 965 1964 quapropter
1000 1890 1054 1945 in
1093 1887 1330 1958 ejusdem
1357 1887 1580 1944 Joannis
1607 1889 1897 1960 Evangelia
1936 1899 2057 1960 post

480 1988 714 2057 primam
765 1984 1196 2041 subnotationem
1248 1992 1439 2052 quater
1484 1990 1566 2036 est
1616 1981 1758 2035 facta
1798 1982 2053 2037 similium

472 2095 827 2135 munerorum
868 2078 1149 2148 repetitio;
1186 2075 1453 2146 siquidem
1496 2074 1561 2130 de
1589 2075 1707 2130 viro
1736 2084 1963 2131 venturo
2001 2084 2056 2131 et

481 2172 547 2224 de
583 2170 847 2240 baptismo
877 2167 1123 2231 Joannis,
1164 2166 1250 2221 ubi
1294 2164 1382 2220 ille
1418 2164 1648 2219 alterum
1686 2166 1889 2230 retulit,
1923 2166 2055 2220 alte-

480 2277 601 2317 rum
633 2260 877 2320 reticuit;
909 2268 965 2314 et
998 2273 1187 2313 rursus
1216 2257 1341 2313 alibi
1381 2266 1667 2326 utrumque
1704 2257 1863 2311 simul
1890 2257 2051 2323 dixit;

480 2353 547 2407 ad
579 2351 826 2409 ultimum
851 2350 916 2405 de
944 2348 1202 2420 praedicto
1233 2348 1351 2402 viro
1376 2358 1605 2402 venturo
1631 2347 1862 2416 repetiit.
1894 2362 2054 2418 quem

480 2445 756 2499 Christum
785 2441 1015 2497 vocavit.
1046 2438 1446 2509 PerSpiciamus
1488 2438 1671 2508 itaque
1698 2438 1857 2507 primi
1892 2453 2055 2492 cano-

478 2536 565 2589 nis
593 2534 826 2597 initium,
855 2542 977 2601 post
1024 2530 1165 2585 hanc
1212 2544 1373 2582 unam
1424 2528 1767 2583 concordiam
1814 2527 2053 2581 omnium

466 2625 952 2697 .Aevangelistarum.
1026 2622 1267 2692 Denique
1320 2630 1439 2691 post
1497 2621 1790 2676 secundam
1856 2619 2052 2674 lineam

465 2718 714 2770 Joannes
746 2729 907 2768 unam
935 2712 1368 2768 subnotationem
1404 2709 1564 2765 tertio
1595 2709 1831 2779 repetiit,
1861 2708 2053 2780 reliqui

478 2810 762 2864 secundo:
796 2816 919 2878 post
963 2807 1177 2861 tertiam
1228 2818 1442 2875 quoque
1496 2804 1692 2858 lineam
1751 2803 1890 2857 idem
1941 2803 2054 2873 ipse

476 2900 713 2954 Joannes
740 2898 1025 2968 quinquies
1052 2895 1305 2959 variavit,
1332 2894 1472 2964 quod
1504 2893 1730 2948 aliorum
1767 2894 2053 2962 unusquis-

479 3006 585 3061 que
616 2991 781 3047 semel
813 3005 913 3045 suo
948 2990 1064 3043 loco
1103 2988 1371 3056 exposuit.
1413 2986 1535 3041 llaec
1568 2987 1706 3039 ratio
1734 2987 2053 3039 observatur

2156 1827 2311 1868 cuzus
2337 1814 2693 1888 Hieronymus
2718 1820 2913 1876 divina!
2938 1822 3070 1894 legis
3110 1826 3377 1897 interpres
3400 1839 3457 1885 et
3478 1831 3545 1885 de
3566 1848 3735 1902 greco

2158 1904 2286 1960 fecit
2312 1924 2430 1964 esse
2453 1909 2707 1978 latinum,
2734 1922 2914 1983 atque,
2942 1917 3251 1973 earumdem
3285 1934 3557 1977 canonum
3588 1925 3726 1979 ordi-

2158 1998 2305 2053 natio
2343 1999 2574 2069 qualiter
2601 2002 2942 2074 intelligenda
2978 2005 3067 2068 sit,
3100 2007 3174 2062 ita
3202 2010 3419 2080 scripsit
3447 2012 3516 2067 ad
3548 2013 3728 2068 Damae

2155 2103 2310 2142 smn:
2347 2088 2629 2145 Sciendum
2670 2101 2769 2159 est,
2812 2093 3087 2162 inquiens,
3128 2113 3189 2151 ne
3227 2100 3346 2168 quis
3390 2101 3633 2170 ignarum
3671 2120 3734 2156 es

2155 2179 2500 2235 similitudine
2535 2199 2868 2238 numerorum
2892 2203 3040 2241 error
3061 2187 3306 2255 involvat,
3324 2192 3488 2261 quod,
3512 2194 3645 2247 sicut
3682 2195 3734 2248 in

2156 2269 2517 2324 subnotatione
2539 2288 2796 2326 canonum
2817 2274 3200 2343 distinctorum,
3222 2279 3280 2334 in
3296 2296 3497 2335 canone
3512 2282 3733 2351 quolibet

2154 2370 2257 2414 tres
2276 2362 2602 2431 evangelista:
2646 2363 2722 2417 bis
2756 2364 2833 2419 vel
2867 2375 2964 2430 ter,
2998 2366 3073 2420 vel
3107 2378 3291 2438 quater
3322 2380 3415 2423 aut
3442 2372 3602 2425 etiam
3627 2389 3737 2425 ans-

2153 2450 2290 2522 plius
2314 2453 2549 2507 eumdem
2582 2470 2855 2509 numerum
2876 2473 2969 2526 per
2996 2458 3232 2511 ordinem
3249 2459 3547 2515 habuerunt
3570 2462 3737 2516 adno-

2154 2551 2347 2608 tatum,
2392 2553 2439 2597 et
2472 2553 2693 2613 quartus
2732 2561 2760 2599 e
2800 2548 3065 2600 contrario
3094 2549 3481 2617 discrepantes,
3512 2552 3655 2621 quod
3685 2552 3735 2604 id

2153 2631 2292 2700 quod
2317 2642 2419 2685 tres
2444 2632 2521 2685 illi
2551 2632 2603 2686 in
2626 2650 2685 2687 eo
2709 2632 2822 2688 loco
2843 2634 3002 2688 semel
3028 2636 3278 2701 dixerint,
3314 2650 3537 2707 quartus
3588 2642 3733 2694 toties

2153 2723 2209 2775 in
2240 2739 2455 2791 corpore
2504 2723 2782 2779 voluminis
2839 2726 2924 2778 sui
2951 2736 3134 2795 ponat,
3174 2730 3375 2796 quoties
3412 2729 3606 2783 diversi
3644 2748 3731 2783 na-

2154 2811 2281 2863 meri
2317 2810 2371 2864 in
2399 2811 2515 2880 ejus
2548 2829 2744 2867 canone
2774 2814 2933 2883 positi
2964 2824 3116 2880 sunt,
3151 2826 3330 2869 contra
3360 2819 3731 2879 prwdictorunt

2154 2917 2490 2956 numerorum
2524 2904 2860 2958 cantinuatas
2896 2905 3292 2961 similitudines.
3324 2905 3459 2961 Item
3485 2910 3534 2962 si
3560 2911 3613 2963 in
3634 2926 3732 2963 uno

2153 2992 2377 3061 quolibet
2413 3010 2593 3047 eorum
2634 3004 2723 3048 aut
2761 2995 2918 3048 etiam
2963 2996 3185 3060 duobus,
3224 2997 3414 3051 ibidem
3449 3001 3507 3053 in
3541 3016 3737 3054 canone

466 3086 534 3139 ,in
571 3083 713 3147 aliis,
749 3083 840 3153 qui
881 3090 1007 3137 sunt
1038 3082 1088 3134 in
1119 3079 1424 3144 collatione,
1453 3078 1771 3132 canonibus.
1812 3075 1923 3131 Nec
1950 3076 2055 3131 hoc
2081 3089 2126 3151 ς
2158 3097 2401 3133 numerus
2434 3082 2529 3148 bis,
2562 3092 2639 3136 ter
2669 3093 2759 3136 aut
2793 3100 2853 3137 eo
2886 3084 3111 3154 amplius
3148 3086 3439 3156 reperiatur
3467 3088 3525 3142 in
3556 3089 3733 3143 ordine

473 3173 747 3227 silendum
798 3178 881 3225 est
929 3170 1073 3240 quod
1124 3184 1229 3223 una
1279 3176 1334 3222 et
1376 3167 1597 3237 :equalis
1645 3166 1950 3237 progressio
1996 3165 2055 3220 fit

479 3263 921 3319 sulmotationum
949 3279 962 3315 :
989 3260 1083 3316 sed
1119 3261 1171 3315 in
1200 3260 1497 3315 canonibus
1518 3273 1743 3313 numero
1770 3257 2057 3327 aliquando

479 3354 814 3418 intermisso,
843 3352 896 3406 in
923 3350 1146 3420 singulis
1168 3349 1467 3420 Evangeliis
1492 3364 1837 3403 uumerormn
1866 3347 2056 3402 ordine

478 3454 635 3511 rato;
669 3443 907 3499 cavenda
950 3451 1127 3497 tamen
1160 3450 1239 3496 ρει
1277 3440 1330 3494 in
1364 3440 1444 3494 his
1478 3439 1744 3494 discordia
1783 3440 1834 3492 in
1860 3439 2056 3507 quibus

478 3538 625 3593 milia
673 3551 795 3592 esse
847 3534 1006 3591 debet
1054 3534 1273 3590 omnino
1326 3533 1648 3598 diversitas;
1702 3547 1823 3586 nam
1881 3541 1939 3585 ut
1990 3532 2056 3585 de

482 3628 735 3682 Mattlueo
778 3625 989 3695 loquar,
1019 3625 1108 3694 qui
1141 3624 1497 3694 principatum
1534 3623 1741 3677 obtinet
1780 3622 1831 3675 in
1864 3620 2056 3690 prtedi-

473 3720 585 3773 etis
606 3717 926 3783 canouibus,
953 3716 1193 3784 exceptis
1219 3714 1425 3768 duobus
1455 3730 1483 3767 a
1510 3712 1771 3783 principio
1796 3711 1915 3765 libri
1938 3711 2053 3778 ejus

482 3824 654 3878 usque
693 3808 761 3862 ad
812 3807 972 3861 tinem
1009 3806 1181 3876 prima
1221 3820 1327 3859 trra
1368 3804 1527 3874 primi
1576 3804 1799 3858 canonis
1841 3803 2055 3858 ordinat

481 3914 755 3964 tenorem;
790 3899 1038 3953 similiter
1063 3896 1296 3952 secunda
1324 3895 1564 3961 secundi,
1596 3896 1752 3950 tertia
1786 3897 1949 3960 tertii,
1978 3896 2056 3951 sic

474 3991 548 4045 de
576 3990 829 4058 reliquis;
864 3988 1001 4042 unde
1029 3986 1165 4041 falso
1197 3986 1541 4041 existimatur
1566 3986 1766 4055 scripta
1807 4001 1928 4041 esse
1965 3986 2053 4040 illa

483 4080 813 4141 sulmotatio,
848 4092 966 4145 qua:
1008 4077 1060 4130 in
1098 4083 1245 4130 textu
1284 4073 1516 4128 Μαιηιωί
1549 4082 1632 4128 est
1663 4090 1892 4140 Lxxxvt,
1932 4089 2053 4129 cum

483 4189 591 4225 :nra
638 4171 833 4240 prima.
895 4170 1100 4223 Idcirco
1148 4168 1273 4237 quia
1302 4206 1316 4233 ,
1363 4166 1592 4222 evolutis
1644 4166 2056 4236 quamplurimis

484 4260 900 4330 Evangeliorum
934 4256 1318 4321 voluminibus,
1363 4270 1627 4325 nusquam
1677 4256 1819 4310 inter
1856 4270 1958 4309 Lxx
2003 4262 2057 4309 et

486 4367 652 4406 acvtu
706 4348 1138 4404 subnotationem
1168 4388 1184 4413 ,
1246 4345 1351 4399 ulla
1406 4346 1460 4400 in
1512 4360 1717 4400 canone
1765 4346 2053 4414 reperitur,

482 4438 1070 4511 nunproptereannlem
1098 4435 1332 4490 Mattlttei
1351 4435 1771 4491 Lxxxvtscilicet
1802 4435 2055 4489 subnota-

488 4539 715 4598 tionem,
762 4530 815 4586 iu
866 4536 1020 4585 sexto
1061 4535 1267 4581 tantum
1314 4541 1522 4581 canone
1556 4526 1706 4594 .apud
1750 4525 2057 4579 lllattba'aum

485 4623 728 4695 reperire
754 4619 975 4692 poteris,
1003 4628 1056 4674 et
1088 4633 1350 4687 nusquam
1382 4616 1527 4677 alibi,
1568 4616 1793 4685 ideoque
1821 4631 1926 4671 non
1955 4616 2055 4671 ibi-

482 4720 610 4770 dem
640 4710 921 4768 scribenda
946 4718 1029 4765 est
1053 4724 1160 4763 tera
1191 4710 1383 4778 prima,
1411 4709 1505 4763 sed
1540 4707 1715 4776 potius
1744 4723 1851 4761 mra
1884 4718 2059 4774 sexta,

486 4808 627 4862 sicut
658 4805 816 4860 unius
849 4802 1055 4873 antiqui
1081 4800 1370 4855 voluminis
1405 4800 1576 4854 series
1613 4801 1878 4855 recensita
1908 4801 2063 4855 inno-

491 4904 617 4957 tuit.
670 4901 806 4957 Nam
850 4899 992 4969 quod
1040 4896 1141 4952 sub
1183 4896 1286 4950 hac
1331 4894 1551 4964 digessit
1594 4892 1898 4962 Matthams,
1948 4895 2062 4965 ipse

492 4992 865 5048 IithCﬂlCSlma
919 4984 1329 5057 quadragesima
1383 4992 1574 5053 quarta
1604 4983 1703 5037 sub
1744 4984 1916 5052 prima
1956 4999 2064 5038 ara

489 5083 749 5155 repetiit,
794 5095 857 5135 ac
898 5077 1100 5155 idcirco
1152 5076 1427 5146 reciproca
1474 5074 1845 5129 vicissitudine
1888 5074 2061 5129 eidem

491 5170 825 5227 concordant
872 5164 1094 5235 reliqui,
1149 5164 1356 5234 in.qua
1385 5162 1595 5217 Marcus
1630 5179 1888 5219 cxxxvnu
1926 5179 2063 5233 pene

2160 3171 2465 3240 collocatus,
2499 3185 2545 3227 et
2577 3176 2757 3245 dispar
2785 3177 2828 3230 is
2861 3178 3157 3233 inveniatur
3190 3179 3243 3231 in
3269 3181 3491 3246 cwteris,
3515 3181 3729 3235 dubium

2159 3280 2261 3318 non
2284 3266 2381 3318 erit
2402 3266 2542 3335 quod
2566 3267 2619 3320 id
2641 3268 2780 3337 quod
2804 3268 2947 3323 illius
2970 3264 3240 3341 illorumve
3260 3286 3486 3327 canones
3509 3275 3732 3327 numeris

2158 3354 2233 3407 bis
2268 3356 2343 3409 rel
2374 3366 2452 3410 ter
2484 3358 2710 3427 repetitis
2747 3358 2812 3411 ab
2850 3358 2931 3412 his
2965 3360 3019 3413 in
3055 3359 3313 3435 volumine
3344 3360 3505 3416 semel
3540 3364 3733 3417 dictum

2155 3445 2254 3509 sit;
2278 3444 2428 3499 alteri
2452 3463 2568 3500 vero
2589 3464 2766 3501 eorum
2795 3449 2944 3503 toties
2974 3449 3026 3502 in
3061 3466 3165 3503 uno
3206 3460 3359 3520 atque
3380 3453 3564 3506 eodem
3586 3470 3733 3509 sensu

2157 3534 2460 3604 loquantur,
2492 3538 2691 3606 quoties
2723 3538 3046 3608 prtetulcrint
3081 3540 3134 3593 in
3186 3557 3526 3595 numerorum
3575 3544 3733 3596 adnue

2156 3624 2350 3676 talione
2378 3624 2704 3679 distantiam.
2733 3625 2849 3680 lloc
2870 3637 2916 3681 et
2943 3628 2997 3680 in
3019 3628 3249 3682 omnium
3272 3645 3452 3685 novem
3474 3647 3729 3685 canonum

2155 3716 2433 3769 collatione
2473 3718 2783 3771 servabitur.
2826 3716 3115 3783 Craterum,
3158 3720 3213 3774 in
3252 3720 3453 3773 decimo
3491 3721 3733 3790 quoniam

2153 3805 2365 3875 propria
2422 3806 2752 3876 singulorum
2804 3809 3163 3864 tantummodo
3215 3824 3583 3876 continentur,
3636 3829 3732 3866 non

2154 3902 2314 3961 potest
2364 3903 2543 3947 contra
2589 3896 2642 3948 id
2691 3897 3013 3965 comparatio
3065 3912 3197 3962 csse,
3240 3896 3376 3966 quod
3422 3898 3596 3951 solum
3640 3908 3731 3955 est.

2158 3981 2400 4037 Tandem
2448 3985 2595 4054 quia,
2648 3986 2969 4043 venerabilis
3005 3986 3192 4061 Pater,
3243 4003 3310 4041 ex
3356 3989 3603 4058 praedicti
3635 3989 3733 4045 viri

2156 4076 2563 4131 commentariis
2601 4077 2702 4129 ista
2734 4076 3014 4132 enodando
3048 4078 3319 4144 transtuli,
3351 4089 3518 4148 atque
3542 4097 3605 4135 ea
3633 4098 3734 4137 non

2155 4165 2448 4235 pra‘judicii
2501 4167 2595 4221 sed
2635 4166 2821 4236 judicii
2871 4183 3113 4223 censura:
3159 4170 3366 4234 direxi,
3412 4171 3529 4239 qui,
3597 4170 3735 4226 illius

2157 4254 2399 4310 benevoli
2447 4256 2632 4312 fratris
2674 4257 2955 4327 sagacitati
3006 4256 3321 4312 satisfacere
3366 4259 3601 4325 volens,
3653 4275 3736 4315 ms

2159 4348 2299 4417 apud
2326 4362 2421 4400 vos
2451 4346 2619 4405 fuisse
2653 4347 2936 4400 verbosum
2977 4356 3071 4400 aut
3111 4347 3272 4401 nimis
3301 4348 3583 4417 garrulum
3614 4365 3735 4417 per-

2086 4432 2138 4493 D
2166 4436 2338 4498 timui,
2376 4435 2609 4489 timendo
2634 4434 2783 4506 plura
2811 4435 2989 4490 dicere
3016 4437 3312 4507 supersedi.
3340 4436 3532 4491 Restat
3559 4446 3735 4492 tamen

2161 4528 2232 4590 ei,
2262 4526 2386 4595 quia
2425 4524 2672 4578 fortassis
2710 4540 2815 4579 non
2856 4526 3060 4591 didicit,
3103 4526 3231 4595 quid
3268 4526 3339 4585 sit
3368 4542 3476 4582 amt
3523 4528 3735 4597 prpprie

2165 4630 2454 4689 exponere,
2485 4631 2549 4669 eo
2579 4616 2721 4685 quod
2751 4614 3005 4681 Isidorus,
3039 4632 3198 4687 quem
3234 4632 3354 4673 sum
3400 4627 3645 4682 secutus,
3674 4632 3734 4671 ea

2164 4708 2235 4761 sit
2275 4723 2402 4762 usus
2441 4723 2602 4783 quam
2656 4707 2966 4777 frequenter
3012 4709 3067 4766 iu
3114 4709 3432 4767 canonibus.
3473 4709 3607 4765 IEra
3657 4720 3738 4765 est

2165 4800 2494 4870 singulorum
2526 4815 2787 4855 annorum
2817 4804 3143 4870 supputatio,
3173 4802 3316 4858 dicta
3348 4803 3415 4857 ab
3439 4819 3573 4868 tere,
3599 4803 3736 4871 quad

2170 4894 2397 4963 singulis
2425 4894 2582 4948 annis
2611 4892 2934 4948 reddebatur
2959 4893 3213 4953 Romana:
3237 4893 3568 4963 reipublicae,
3600 4893 3735 4948 ideo-

2169 5000 2273 5055 que
2295 4983 2653 5054 llispanorum
2684 4984 3071 5039 consuetudine
3090 4999 3185 5052 pro
3210 4984 3509 5043 centesimo
3531 4984 3613 5040 vel
3633 4983 3735 5036 alio

2169 5073 2412 5143 quolibet
2449 5088 2590 5127 anno
2626 5073 2921 5131 centesima
2965 5072 3045 5127 vel
3090 5073 3191 5127 alia
3234 5073 3491 5149 quaelibet
3522 5075 3736 5143 ponitur

2170 5179 2297 5218 arra.
2330 5163 2629 5224 Cognoscat
2667 5162 2849 5216 itauue
2887 5162 2976 5216 ille
3018 5176 3168 5216 meus
3200 5161 3486 5217 familiaris
3519 5171 3735 5217 exactor
