3944 5414
160 362 247 419 ως
1554 344 1931 409 EPISTOLE.

3290 336 3395 391 43ιῦ

160 473 321 530 solatio
361 472 511 533 estis,
559 484 697 540 quos
746 469 976 539 idipsum
1022 481 1214 537 sapere
1261 466 1509 522 desidem
1558 465 1701 534 quod
1733 472 1777 526 Α
1808 462 2127 531 persuadeo,
2162 474 2322 528 quem
2355 457 2642 527 plurimum
2670 457 2855 528 diligo,
2888 470 2953 509 ne
2992 451 3184 506 credas
3202 450 3399 505 subor-

160 563 422 618 secuudum
452 561 602 615 illum
628 560 901 614 Christum
928 558 1103 627 sapio,
1130 564 1398 625 quatenus
1426 554 1708 607 unanimes

158 672 245 708 uno
273 669 359 708 ore
388 654 592 723 pariter
618 651 981 722 glorificamus
1019 650 1119 705 sub
1158 648 1439 704 catholica:
1468 646 1589 701 fidei
1625 662 1708 699 m-

161 745 269 814 agri
281 754 397 799 tate.
426 742 636 797 Valete.

670 831 1002 887 EPISTULA
1044 830 1174 885 Vill.

632 940 698 977 AD
773 940 895 979 6....
948 938 1213 977 ABBA'I'EI.

218 1015 424 1069 Domino
461 1014 515 1067 in
547 1013 764 1068 Christo
794 1012 1149 1069 dilectissimo
1180 1013 1333 1066 fratri
1361 1011 1608 1067 coabbati
1638 1010 1707 1065 ϐ.

160 1104 345 1158 humilis
370 1101 799 1157 Floriacensium
843 1111 1023 1156 rector
1047 1103 1212 1156 Arno.

217 1193 462 1249 Desiderii
528 1192 635 1246 mei
694 1191 871 1246 fuerat
929 1193 1190 1247 bonorum
1234 1191 1470 1245 virorum
1534 1190 1709 1243 studia

159 1296 413 1351 moresque
458 1281 769 1350 explorare,
801 1281 1136 1351 explorando
1176 1280 1408 1344 imitari,
1450 1280 1713 1333 imitando

159 1375 469 1439 describere;
510 1389 618 1428 non
662 1389 953 1443 pravorum
999 1374 1277 1428 hominum
1314 1374 1528 1443 plenam
1566 1373 1713 1427 vitiis

158 1466 295 1518 vitam
326 1465 677 1534 investigare,
709 1466 1086 1535 investigatam
1124 1465 1308 1520 multis
1338 1465 1592 1536 lacrymis
1616 1465 1710 1520 de-

156 1554 387 1623 plorando
424 1567 718 1623 exponere.
755 1555 908 1620 Quod
943 1565 1001 1608 ut
1041 1553 1277 1611 facerem
1321 1555 1409 1610 illa
1450 1572 1536 1610 res
1565 1571 1713 1611 com-

158 1642 285 1711 pulit,
308 1658 412 1712 qua
440 1644 757 1713 ingemisco,
787 1644 929 1713 quod
960 1644 1060 1699 sub
1087 1646 1381 1700 novissima
1413 1647 1544 1700 hora
1573 1644 1711 1698 mul-

159 1742 306 1785 torum
345 1732 588 1787 Charitas
632 1732 956 1803 refrigescit,
1011 1749 1200 1789 eorum
1247 1736 1478 1789 maxime
1520 1735 1613 1805 qui
1657 1735 1710 1789 in

159 1824 313 1878 habitu
360 1824 656 1895 przeferuut
703 1827 846 1896 quod
886 1827 965 1880 eis
1024 1827 1255 1881 mundus
1299 1825 1596 1881 crucifixus
1644 1827 1716 1881 sit

157 1913 301 1983 (θυι,
340 1930 417 1980 vi,
452 1916 565 1987 14),
613 1918 1051 1987 quandoquidem
1092 1932 1196 1972 non
1236 1926 1444 1971 tantum
1494 1917 1717 1971 simula-

158 2005 282 2059 tione
341 2021 534 2061 verum
574 2007 736 2061 etiam
772 2007 1203 2062 dissimulatione
1242 2016 1539 2077 provocant
1578 2008 1714 2061 iram

158 2091 261 2159 Dei;
288 2111 519 2164 quorum
548 2096 716 2159 dolos,
750 2097 1077 2153 venerabilis
1108 2095 1285 2162 Pater,
1311 2112 1529 2163 caveas,
1565 2096 1716 2152 frau-

157 2186 350 2241 dulenta
384 2189 553 2243 verba
588 2205 656 2244 ne
684 2192 873 2246 audias
902 2206 917 2243 :
964 2190 1222 2261 quoniam
1261 2190 1569 2259 sepulcrum
1625 2206 1717 2260 pa-

158 2286 260 2331 tens
300 2287 383 2333 est
428 2288 616 2349 guttur
668 2295 855 2335 eorum
901 2279 1073 2349 (Psal.
1118 2296 1173 2346 v,
1216 2280 1304 2350 il)
1355 2282 1447 2350 qui
1501 2280 1717 2335 turbare

156 2368 531 2435 rempublicam
574 2370 869 2423 maximum
914 2368 1125 2424 lucrum
1164 2379 1376 2440 putant.
1412 2369 1525 2423 Sub
1558 2370 1718 2424 ovina

156 2457 277 2525 pelle
325 2457 435 2528 lupi
476 2458 547 2512 ad
588 2460 899 2513 monasterii
946 2459 1154 2531 asylum
1201 2459 1544 2529 confugiunt,
1584 2460 1715 2513 sub-

156 2547 303 2603 selliis
338 2565 399 2603 se
438 2564 538 2619 pro
580 2548 819 2604 latibulis
858 2550 1218 2615 abscondunt,
1259 2562 1335 2616 et,
1379 2552 1467 2606 ubi
1507 2563 1718 2619 tempus

158 2640 283 2693 male
322 2640 553 2695 faciendi
589 2640 914 2708 invenerint,
945 2639 1314 2705 malefaciunt,
1357 2642 1717 2713 simpliciores

157 2730 337 2786 fratres
358 2732 505 2788 falsis
533 2734 1086 2788 circumventionibus
1117 2734 1428 2799 sollicitant,
1454 2734 1718 2788 lenocinio

158 2820 347 2876 blanda:
380 2823 700 2892 perditionis
728 2825 972 2879 incautos
1015 2825 1312 2894 decipiunt,
1349 2835 1402 2878 et
1432 2836 1718 2894 corruptos

158 2924 349 2967 veneno
383 2926 493 2968 sua)
531 2913 833 2983 iniquitatis
876 2914 1218 2984 praecipitant
1254 2915 1308 2968 in
1348 2915 1717 2985 labyrinthum

162 3003 229 3056 sui
264 3006 487 3070 erroris;
533 3005 847 3061 melioribus
893 3020 950 3061 se
990 3007 1301 3072 detrahunt,
1352 3007 1582 3062 crimina
1625 3023 1719 3061 au-

161 3094 257 3148 ditu
284 3096 550 3171 horribilia
580 3099 927 3167 contingunt;
964 3114 1193 3168 quorum
1222 3099 1364 3154 Deus
1395 3108 1584 3153 venter
1609 3108 1715 3163 est,

1812 552 1959 606 natis
2001 550 2259 614 testibus,
2298 566 2367 605 ne
2406 551 2599 606 credas
2633 549 2925 619 derepente
2967 546 3119 601 falsis
3166 547 3399 602 fortasse

1811 642 2305 705 criminationibus,
2344 643 2469 712 quia
2517 651 2570 697 et
2606 641 2883 706 diabolus,
2930 651 2992 693 ut
3034 638 3206 693 bonos
3246 638 3396 694 (Ieci-

1812 732 1943 800 piat,
1972 732 2262 801 aliquando
2292 734 2342 786 in
2372 733 2618 803 angelum
2659 733 2796 788 lucis
2822 748 2881 788 se
2910 730 3267 800 transfigurat
3310 730 3395 799 (II

1814 821 1934 875 Cor.
1976 837 2053 886 xi,
2092 821 2202 890 14).
2253 821 2563 877 Recordare
2610 824 2904 877 testimonii
2952 827 3400 894 presbyterorum

1814 928 1949 979 quos
1979 912 2215 967 convicit
2254 912 2388 967 falsa
2426 913 2662 977 dixisse,
2695 928 3020 984 argumento
3049 930 3194 975 usus,
3234 911 3401 969 semel

1814 1015 2085 1075 patratum
2120 1006 2300 1061 scelus
2335 1022 2440 1060 non
2479 1006 2721 1075 potuisse
2761 1008 2875 1061 fieri
2909 1008 3015 1061 sub
3046 1006 3287 1060 locorum
3320 1006 3401 1060 di-

1814 1098 2104 1161 versitate;
2140 1097 2264 1151 hinc
2292 1108 2565 1166 sumptum
2599 1108 2680 1153 est
2710 1100 2851 1167 quod
2886 1099 3120 1153 habetur
3156 1101 3205 1153 in
3238 1114 3402 1153 cano—
3497 1146 3505 1172 τ

1816 1189 1994 1255 nibus,
2035 1200 2092 1243 ut
2128 1198 2180 1243 tu
2217 1190 2577 1257 appellatione
2609 1191 2847 1245 virorum
2889 1189 3033 1245 sacri
3071 1191 3279 1245 ordinis
3311 1191 3403 1243 alii

1815 1287 2185 1341 accusatores,
2226 1277 2314 1332 alii
2349 1288 2514 1334 testes
2540 1280 2669 1343 sint,
2700 1281 2787 1334 alii
2821 1280 3052 1347 judices,
3087 1290 3134 1335 el
3166 1283 3401 1353 singulo-
3494 1294 3499 1297 ‘

1819 1386 1936 1422 rum
1978 1370 2085 1423 vita
2125 1369 2466 1435 discutiatur,
2506 1386 2572 1426 ne
2609 1372 2905 1426 vindictam
2949 1373 3298 1434 mulitentur,
3340 1388 3407 1427 nn.

1816 1460 1982 1512 \‘elint
2028 1474 2284 1515 exercere
2333 1460 2383 1515 in
2433 1461 2778 1519 innocentem
2831 1480 2941 1519 sna:
3012 1465 3406 1533 indignationis

1818 1550 2199 1605 achimmniam
2253 1553 2481 1608 rabiem.
2514 1553 2745 1624 Quippe,
2777 1556 2932 1625 juxta
2978 1556 3109 1611 illud
3161 1556 3407 1613 Sallustii

1819 1639 1993 1710 (Orat.
2018 1639 2152 1696 Cm.
2180 1643 2235 1696 in
2261 1641 2507 1715 Senatu),
2540 1660 2759 1701 necesse
2789 1657 2872 1701 est
2901 1654 2959 1701 ut
2985 1661 3176 1703 omnes
3204 1648 3311 1701 sint
3338 1647 3410 1703 ab

1818 1732 1921 1797 ira,
1951 1733 2100 1797 odio,
2130 1734 2301 1804 gratia
2334 1745 2389 1790 et
2417 1735 2787 1791 misericordia
2826 1737 3009 1792 alieni.
3042 1739 3156 1802 Dic,
3198 1753 3409 1806 quaeso,

1747 1829 1791 1890 Β
1820 1821 1906 1876 tibi
1944 1820 2143 1876 lectum
2183 1832 2265 1877 est
2297 1837 2428 1879 oves
2465 1833 2743 1894 pastorem
2775 1824 3149 1895 iudicavisse?
3188 1825 3274 1883 An
3315 1826 3409 1881 ubi

1818 1911 1985 1966 Judas
2018 1911 2331 1983 Magistrum
2366 1916 2639 1985 prodidit?
2670 1916 2765 1972 sed
2809 1918 2923 1987 ipse
2964 1933 3063 1975 nec
3099 1918 3406 1978 accusavit.

1820 2016 1921 2056 nec
1952 2002 2236 2072 judicavit.
2275 2002 2474 2070 David,
2518 2005 2573 2060 in
2617 2006 3035 2063 circumcisione
3076 2009 3310 2079 positus.
3348 2008 3402 2060 in

1820 2092 1949 2148 Saul
1994 2094 2270 2151 dominum
2331 2110 2489 2151 suum
2542 2114 2734 2153 manus
2792 2103 3009 2156 mittere
3050 2101 3239 2157 noluit.
3302 2102 3409 2158 Chi

1823 2194 2001 2239 tamen
2045 2201 2199 2241 oram
2244 2188 2549 2259 chlamydis
2589 2192 2864 2259 prmscidit
2900 2192 2953 2263 (l
2984 2191 3112 2264 Reg.
3143 2208 3296 2259 xxiv,
3324 2194 3400 2263 ἤ).

1820 2273 2023 2329 docens
2054 2277 2243 2345 procul
2275 2277 2441 2333 dubio
2482 2280 2758 2347 subjectos
2787 2282 3132 2351 praelatorum
3170 2284 3299 2338 vitia
3329 2286 3404 2338 ita

1821 2378 1978 2417 manu
2012 2365 2329 2420 humillimae
2368 2371 2804 2438 reprehensionis
2839 2382 3079 2445 tangere,
3119 2388 3179 2429 ut
3213 2390 3402 2429 eorum

1820 2469 2012 2506 nomen
2040 2455 2210 2509 nolint
2255 2459 2643 2528 exstinguere;
2694 2478 2801 2517 non
2846 2464 2989 2517 enim
3033 2474 3117 2520 est
3164 2474 3406 2534 potestas

1820 2544 1920 2597 nisi
1963 2560 1992 2597 a
2024 2545 2161 2607 Deo;
2195 2556 2249 2601 et
2282 2550 2372 2617 qui
2415 2554 2668 2619 potestati
2703 2554 2928 2620 resistit,
2956 2556 3046 2610 Dei
3074 2557 3401 2611 ordinationi

1820 2636 2023 2689 rcsistit
2068 2638 2272 2707 (liam,
2300 2643 2493 2705 xin,l,
2542 2642 2620 2712 2).
2668 2644 2896 2700 Videant
2943 2646 3103 2717 igitur
3151 2650 3401 2702 monachi

1819 2723 2127 2794 Majnriana:
2161 2731 2597 2798 congregationis
2631 2733 2762 2801 quid
2803 2734 2859 2787 in
2890 2735 3138 2790 abbatem
3176 2739 3404 2791 commi-

1819 2816 2013 2879 serint,
2068 2832 2295 2884 quorum
2350 2820 2448 2872 fuit
2502 2821 2684 2890 regula
2743 2823 2958 2878 silentio
2986 2826 3150 2879 vitam
3184 2828 3401 2895 degere,

1820 2906 1949 2957 nulli
1997 2908 2306 2973 detrahere,
2360 2910 2565 2964 nullum
2621 2911 2823 2979 odisse,
2870 2917 3245 2972 obmutescere
3297 2936 3403 2972 non

1819 2995 1991 3048 solum
2031 3010 2061 3048 a
2100 2996 2255 3051 malis
2291 3013 2476 3054 verum
2518 3002 2679 3057 etiam
2724 3021 2753 3058 a
2788 3006 2964 3072 bonis,
3017 3010 3404 3068 maledicentes

1820 3104 1926 3143 non
1974 3088 2379 3157 remaledicere,
2424 3094 2517 3148 sed
2557 3096 2728 3166 magis
2760 3097 3101 3155 benedicere.
3149 3102 3279 3168 Quis
3308 3120 3402 3159 eos

161 3186 388 3256 etgloria
428 3188 480 3241 in
520 3188 838 3243 confusione
880 3187 1071 3261 (Phil.,
1104 3206 1191 3255 ιιι,
1233 3192 1321 3263 l9)
1348 3207 1365 3246 :
1391 3193 1516 3262 quia
1558 3192 1718 3247 nimi-

1823 3192 1852 3229 a
1888 3176 2019 3248 jugn
2059 3179 2260 3249 regula:
2298 3182 2555 3246 absolvit,
2605 3193 2664 3237 ut
2700 3185 2889 3242 buccis
2924 3191 3269 3259 crepantibus
3309 3210 3401 3263 pn-

163 3290 293 3341 rum,
319 3286 525 3334 terrena
554 3280 848 3348 sapientes,
880 3296 985 3334 non
1017 3291 1371 3351 gustaverunt
1402 3297 1564 3351 quam
1598 3298 1721 3339 sua-

164 3367 237 3421 vis
256 3379 333 3423 est
376 3369 639 3425 Dominus
675 3379 733 3425 et
755 3370 1002 3426 Christus
1027 3372 1175 3441 ejus,
1200 3373 1300 3428 sub
1327 3389 1436 3443 quo
1467 3374 1719 3437 vivimus,

166 3474 424 3516 movemur
460 3472 516 3517 et
565 3477 757 3517 sumus
785 3462 947 3532 μοι..
994 3478 1130 3528 xvn,
1168 3464 1281 3533 28).
1340 3464 1466 3520 Hinc
1520 3467 1723 3522 idcirco

170 3558 267 3603 tua:
299 3552 562 3607 sanctitati
610 3552 831 3617 scribo,
870 3553 1141 3609 similibus
1181 3554 1377 3609 similia
1414 3555 1721 3635 conferens,

170 3639 280 3708 quia
316 3642 364 3695 in
400 3642 587 3697 Sancti
615 3641 827 3697 Martini
865 3643 1053 3714 Majori
1086 3646 1427 3721 monasterio
1459 3647 1550 3701 tibi
1593 3649 1724 3703 satis

172 3731 429 3789 admodum
451 3735 636 3791 vicino
662 3736 785 3792 talia
812 3737 953 3793 facta
978 3754 1163 3793 rumor
1194 3741 1444 3807 innotuit,
1469 3757 1587 3811 quae
1619 3743 1725 3797 tuis

174 3825 446 3881 rationibus
494 3835 728 3897 possunt
774 3829 1047 3898 imputari,
1100 3846 1205 3885 non
1254 3835 1395 3902 quod
1447 3832 1726 3887 malevolis

174 3928 418 3971 assensum
448 3919 776 3987 praebueris,
809 3921 904 3974 sed
931 3921 1072 3989 quod
1111 3922 1409 3977 inauditum
1445 3924 1600 3981 nefas
1634 3936 1725 3980 tua

177 4002 501 4077 irrefragabili
548 4009 875 4063 auctoritate
904 4013 1175 4081 corrigere
1200 4012 1515 4080 neglexisti;
1558 4016 1725 4084 siqui-

177 4090 297 4157 dem,
319 4097 764 4163 percurrentibus
793 4098 984 4167 legatis
1024 4115 1056 4154 e
1080 4101 1308 4157 diversis
1351 4104 1533 4156 mundi
1560 4104 1727 4172 parti-

180 4183 279 4249 bus,
319 4196 589 4243 amatores
644 4204 817 4244 sacrae
861 4190 1136 4262 religionis
1169 4193 1380 4262 judices
1436 4196 1727 4249 convenire

180 4279 407 4343 oportuit,
444 4294 638 4335 eorum
680 4281 949 4335 sententia
985 4284 1348 4339 determinare
1388 4284 1720 4353 objectiones

182 4368 413 4436 criminis,
440 4380 496 4424 et
528 4380 713 4425 utrum
758 4370 965 4439 judicio
987 4374 1133 4442 justo
1168 4376 1436 4445 repulsam
1467 4380 1729 4432 meruerit

183 4460 254 4523 qui
279 4463 464 4517 dicitur
493 4479 621 4519 rens
651 4473 780 4519 ante
812 4478 1160 4535 conspectum
1189 4470 1382 4523 divinae
1408 4469 1723 4538 majestatis.

184 4548 278 4605 Non
314 4555 450 4609 enim
485 4556 574 4609 ille
604 4555 984 4611 sanctissimus
1019 4569 1075 4612 et
1105 4574 1330 4629 magnus
1367 4575 1501 4630 papa
1528 4559 1729 4630 Grego-

186 4644 279 4698 rius
302 4648 367 4699 ita
396 4649 622 4703 abbates
670 4663 770 4718 pro
800 4662 987 4702 recens
1007 4649 1141 4703 ortis
1169 4650 1476 4704 rumoribus
1508 4651 1727 4705 tractari

184 4736 347 4803 voluit,
383 4742 473 4810 qui
502 4741 654 4811 Lupo
704 4741 1025 4811 presbytero
1061 4751 1115 4796 et
1152 4743 1332 4798 abbati
1366 4752 1584 4812 propter
1611 4743 1729 4796 Sia-

184 4828 894 4902 griuiuAugustodunensem
932 4832 1238 4902 episcopum
1277 4834 1418 4887 inter
1453 4833 1561 4887 alia
1599 4834 1731 4886 scri-

183 4912 264 4978 bit,
285 4919 591 4988 principiens
620 4932 686 4973 ne
711 4918 860 4973 solus
882 4920 1160 4990 episcopus
1184 4922 1416 4977 civitatis
1439 4930 1731 4991 prasumat

179 5000 395 5068 judicare
444 5024 640 5064 causas
691 5011 933 5064 accusati
980 5011 1228 5079 abbatis;
1286 5014 1378 5068 sed
1407 5053 1424 5077 ,
1475 5013 1733 5068 adhibitis

184 5097 561 5166 quampluribus
591 5099 969 5167 coepiscopis,
1014 5101 1067 5155 in
1125 5105 1353 5160 concilio
1400 5104 1728 5161 audientiam

184 5182 360 5228 deferar
426 5198 480 5228 nl
523 5188 775 5228 nnvnilun
817 5204 1084 5228 onlnmnni
1128 5194 1350 5228 nonin-un
1384 5195 1604 5228 ιΙαηιηοιη
1643 5204 1726 5228 om

1822 3282 1938 3321 cem
1987 3270 2303 3335 praedicent,
2354 3280 2409 3325 et
2460 3272 2710 3330 dentibus
2754 3278 3058 3345 inordeant,
3108 3282 3259 3337 liberi
3312 3301 3408 3353 per

1822 3359 2031 3428 plateas
2062 3359 2387 3429 discurrant,
2418 3364 2672 3422 delationi
2701 3366 3023 3437 inserviant,
3046 3386 3166 3425 cum
3194 3373 3406 3427 delato-

1826 3467 1914 3508 res
1950 3462 2123 3507 morte
2160 3454 2507 3522 mulctentur,
2549 3468 2643 3513 aut
2681 3459 2970 3517 humanius
3006 3463 3073 3517 ad
3109 3463 3275 3518 vitam
3322 3481 3411 3518 re-

1825 3545 2024 3599 servati
2071 3547 2356 3616 septermio
2384 3550 2719 3618 poenitentia:
2750 3554 2989 3608 remedio
3034 3556 3409 3625 castigentur?

1826 3636 1957 3705 Quis
1985 3638 2419 3709 contemplativa
2448 3643 2571 3696 vita:
2598 3651 2922 3710 sectatores,
2952 3648 3043 3715 qui
3074 3648 3239 3717 pedes
3262 3649 3407 3704 illius

1826 3746 1946 3784 cum
1975 3730 2141 3785 Maria
2170 3731 2424 3803 lacryinis
2455 3735 2632 3805 rigare
2660 3736 2973 3803 debuerant,
3006 3749 3063 3795 et
3088 3741 3226 3797 infra
3253 3755 3405 3814 septa

1826 3821 1907 3875 sui
1944 3821 2168 3877 claustri
2210 3823 2444 3879 tribunal
2486 3827 2831 3903 conscientiae
2874 3833 3272 3898 conscendere,
3305 3850 3401 3889 sua

1827 3921 1882 3963 et
1912 3911 2085 3966 aliena
2111 3922 2334 3980 peccata
2365 3930 2471 3968 non
2507 3916 2762 3986 detegere
2804 3918 2885 3972 vel
2934 3920 3230 3988 publicare,
3295 3926 3403 3980 into

1826 4002 2006 4072 potius
2041 4002 2266 4087 deflere;
2299 4005 2452 4073 quis,
2497 4006 2747 4075 inquam,
2786 4008 2969 4064 docuit
3010 4012 3254 4069 homines
3283 4031 3407 4083 pro-

1829 4093 2105 4146 scribere?
2141 4094 2193 4146 in
2237 4092 2373 4148 foris
2412 4110 2535 4149 reos
2569 4099 2872 4153 damnare?
2917 4100 3056 4157 Ecce
3100 4101 3241 4159 fama
3273 4107 3409 4160 exiit

1828 4178 1977 4252 quod
2004 4194 2193 4239 contra
2223 4184 2434 4241 divinas
2464 4187 2835 4260 humanasque
2865 4191 3011 4259 leges
3045 4195 3213 4251 abbas
3245 4197 3413 4268 ignito

1831 4272 1977 4327 ferro
2012 4289 2071 4327 se
2110 4290 2342 4345 purgare
2381 4275 2575 4342 voluit,
2624 4280 2711 4334 cui
2766 4282 3042 4338 audientia
3091 4286 3410 4358 denegatur,

1831 4367 2185 4435 praerogativa
2222 4367 2412 4435 judicii
2453 4370 2784 4435 excluditur,
2820 4374 2996 4443 palam
3040 4381 3411 4448 pra‘judicium

1834 4470 2026 4524 passus
2063 4468 2395 4527 asportatur,
2434 4476 2660 4517 examen
2707 4463 2861 4520 laicis
2900 4469 3079 4533 datur,
3133 4475 3416 4528 monachis

1834 4548 2208 4601 subtrahitur?
2249 4550 2443 4618 quibus
2480 4554 2667 4607 sanior
2704 4571 2855 4611 mens
2898 4561 3190 4630 saniusque
3236 4566 3416 4620 consi-

1834 4635 1985 4695 lium,
2030 4654 2091 4692 ac
2139 4639 2281 4693 inter
2316 4642 2653 4708 malesanos,
2697 4648 2856 4702 unius
2899 4648 3052 4703 lustri
3097 4654 3295 4723 spatio,
3330 4656 3418 4710 rc;

1834 4725 2039 4797 gularis
2070 4730 2202 4781 ordo
2233 4728 2603 4786 confunditur.
2664 4733 2772 4787 Sed
2810 4748 2929 4790 esto
2963 4752 2976 4789 :
3012 4743 3268 4796 conscius
3308 4744 3417 4794 cri-‘

1834 4816 1998 4870 minis
2029 4818 2281 4886 praelatus
2319 4817 2469 4889 [edit.
2519 4822 2857 4898 praelibatus]
2889 4827 3234 4887 obtunditur.
3273 4833 3422 4882 furca

1835 4908 2029 4977 dignus
2057 4920 2220 4977 atque
2241 4912 2580 4971 cruciatibus
2606 4914 2929 4973 miserabilis
2954 4919 3234 4978 obruitur.
3265 4919 3430 4973 blum-

1840 5002 1969 5070 quid
2006 5002 2342 5055 subditorum
2397 5005 2613 5064 catenis
2653 5006 2793 5061 colla
2860 5006 3228 5069 committet?
3292 5024 3446 5061 num-
3542 5014 3549 5031 ‘

1840 5092 1968 5162 quid
2002 5108 2222 5146 suorum
2261 5098 2525 5159 manibus
2553 5095 2892 5152 dilaniandus
2922 5097 3145 5154 deficiet
3171 5108 3207 5158 ’ξ
3253 5102 3324 5159 Μ
3355 5097 3466 5149 ior-
3553 5086 3559 5092 “

1842 5184 1999 5228 lassis
2053 5184 2140 5228 ille
2196 5189 2487 5228 (maniis...
2556 5196 2741 5228 unctor
2791 5187 3111 5228 Fuerim-imm
3206 5200 3472 5228 ununrmn
