3944 5414
541 438 640 496 151

1526 424 1584 482 s.
1620 418 2227 510 Aunomsaeuaris
2265 394 2768 475 rLontACENSis

3664 387 3758 470 iss

509 542 818 621 "decipiant
845 546 954 601 ullo
983 546 1160 606 modo,
1202 542 1292 612 qui
1328 541 1587 595 hactenus
1622 537 1795 592 bonus
1819 537 1952 590 odor
1971 533 2107 588 estis
2138 535 2184 592 Α
2211 538 2265 586 et
2291 530 2469 600 palam
2515 545 2642 584 reus
2687 536 2770 582 est
2823 522 3070 581 intentati
3127 523 3389 591 criminis,
3436 532 3492 579 et
3542 539 3640 579 non
3687 538 3761 581 est

543 642 652 696 Deo
679 640 731 692 in
764 637 908 692 omni
948 636 1064 690 loco
1095 653 1108 687 :
1144 650 1264 687 nam
1293 646 1392 700 ego
1440 631 1506 683 ab
1533 631 1614 683 eis
1646 628 1787 681 inter
1813 626 2110 680 deteriores

542 729 867 787 deterrimus
901 725 1196 795 adjudicor,
1237 721 1504 792 parricida
1546 717 1804 788 appellor,
1829 715 2024 785 quibus
2061 712 2109 767 si

541 823 833 892 placerem,
858 817 1056 873 Christi
1098 830 1286 870 servus
1315 828 1420 867 non
1442 825 1616 866 essem
1641 807 1780 879 (Cal.
1804 823 1845 874 i,
1869 806 1988 876 10);
2021 820 2114 859 vo-

529 913 628 968 bis
665 918 844 963 autem
871 907 1074 976 gratias
1119 903 1315 965 refero,
1349 902 1439 970 qui
1469 915 1589 954 mea
1617 898 1736 953 vice
1767 897 2030 958 doluistis.
2060 905 2115 948 et

544 1005 611 1060 de
648 1018 755 1064 ine,
787 1001 912 1054 licet
950 998 1177 1051 minimo
1229 997 1395 1049 fratre
1426 1002 1629 1056 vestro,
1667 989 1949 1044 maledicta
1995 1003 2115 1057 per-

544 1093 650 1165 peti
694 1106 804 1145 non
842 1087 1130 1158 potuistis;
1175 1086 1242 1140 de
1288 1091 1486 1138 caetero
1516 1081 1708 1136 vestris
1747 1079 1940 1133 litteris
1978 1078 2118 1132 scire

526 1159 705 1240 iam
737 1191 918 1236 utrum
956 1178 1268 1248 repudiatus
1306 1175 1475 1229 abbas
1510 1173 1742 1228 libellum
1772 1159 1975 1240 repudii
2010 1167 2117 1222 fra-

550 1275 722 1328 tribus
755 1270 868 1326 suis
905 1268 1133 1331 miserit,
1170 1281 1238 1319 an
1272 1263 1650 1334 priejudicatus
1669 1259 1978 1314 violentiam
2005 1271 2121 1311 siis-

548 1362 770 1418 tinuerit
799 1379 812 1413 :
840 1359 1093 1428 quoniam
1133 1369 1341 1408 mecum
1379 1352 1466 1406 ille
1506 1352 1671 1406 totius
1725 1347 2000 1417 religionis
2043 1346 2116 1399 si-

547 1452 725 1525 gnifer
758 1450 914 1506 Odilo
945 1445 1326 1512 contemnitur,
1356 1452 1412 1498 et
1443 1442 1642 1496 fratres
1667 1437 1971 1495 Cluniensis
2011 1451 2123 1491 cm-

531 1547 720 1611 -nobii,
763 1553 823 1598 ut
851 1543 1007 1598 nobis
1049 1541 1277 1594 relatum
1313 1547 1418 1602 est,
1446 1536 1512 1590 de
1549 1534 1748 1602 Majore
1793 1531 2122 1586 monasterio

546 1653 670 1692 cum
708 1636 972 1692 dedecore
1009 1641 1136 1687 sunt
1173 1628 1414 1700 expulsi;
1451 1636 1505 1681 et
1545 1628 1598 1682 id
1634 1627 1770 1681 duos
1809 1633 2014 1678 tantum
2047 1622 2126 1675 fa-

531 1727 750 1783 ctionis
790 1725 1068 1795 principes
1109 1722 1287 1790 egisse
1338 1717 1735 1786 comperimus,
1781 1727 2011 1784 quorum
2050 1719 2123 1765 te-

550 1817 774 1872 meritas
811 1831 874 1869 eo
911 1813 1211 1882 promptior
1245 1811 1310 1864 ad
1343 1808 1647 1862 audendum
1689 1819 1851 1859 omne
1890 1803 2123 1867 facinus,

2214 621 2462 690 indignus
2504 617 2678 674 officio
2729 615 2949 671 indulta:
2998 615 3353 686 paternitatis.
3398 615 3568 670 Porro
3602 616 3662 668 ad
3690 618 3764 668 ul-

2216 713 2404 767 tiiuum
2463 728 2625 766 unum
2682 712 3005 780 persuadeo,
3075 722 3144 762 ne
3201 705 3501 762 laxioribus
3560 707 3766 760 habenis

2215 821 2408 875 parcas
2467 807 2543 859 illi
2605 814 2789 860 nostro
2841 803 2955 872 jam
3015 806 3252 858 secundo
3319 801 3573 856 fraterna:
3633 804 3768 856 necis

2216 895 2442 961 :einulo;
2473 897 2599 964 quia
2631 896 2885 949 nimirum
2913 894 2997 948 vir
3032 893 3335 964 linguosus,
3372 901 3430 946 ut
3467 894 3521 946 in
3562 894 3668 946 suis
3695 894 3771 946 in-

2218 986 2378 1040 sulsis
2401 985 2596 1040 litteris
2623 987 2947 1056 agnovi,aut
2979 985 3133 1039 bonis
3162 984 3520 1047 detrahit,aut
3545 985 3775 1039 manibus

2219 1085 2275 1130 et
2296 1076 2520 1146 pedibus
2551 1076 2618 1130 ad
2668 1076 2866 1130 malum
2894 1074 3047 1143 quasi
3075 1088 3296 1143 serpens
3336 1073 3494 1144 repit.
3538 1073 3730 1129 Valete.

2775 1163 3106 1221 EPISTOLA
3145 1164 3234 1218 IX.

2650 1271 2718 1309 AD
2756 1270 3054 1310 BERNERIUI
3094 1269 3361 1310 ΔΒΒΔΤΕΙ.

2295 1344 2510 1400 Utinam
2565 1346 2745 1401 abbati
2801 1346 2858 1398 Β.
2904 1345 3202 1400 auctoritas
3246 1340 3612 1400 ecclesiastica
3658 1343 3782 1399 nihil

2225 1438 2586 1494 indiscussuin
2623 1438 2885 1506 prieterit,
2920 1437 3048 1506 quin
3075 1446 3322 1506 patenter
3347 1421 3541 1491 doceat
3566 1437 3785 1505 qualiter

2224 1529 2509 1582 vivendum
2557 1543 2650 1580 scit
2679 1527 3110 1582 COIl"Cl‘S:llldllllt
3142 1527 3214 1580 sit
3254 1526 3492 1594 praelatis
3521 1542 3637 1579 cuni
3665 1526 3785 1579 sub-

2226 1619 2376 1682 ditis,
2406 1619 2744 1686 qualiterque
2775 1618 2840 1671 de
2887 1617 2998 1671 suis
3038 1617 3345 1671 commissis
3381 1615 3654 1686 judicandi
3683 1615 3788 1668 sint

2227 1711 2434 1780 prwlati
2465 1719 2519 1763 et
2548 1710 2781 1773 subditi;
2834 1708 2976 1776 quod
3020 1718 3069 1761 te
3099 1708 3351 1776 ignorare
3389 1723 3494 1762 non
3543 1705 3789 1769 arbitror,

2227 1803 2318 1872 qui
2353 1803 2419 1855 ab
2451 1802 2584 1871 ipsis
2627 1799 2912 1855 cunabulis
2939 1800 3197 1853 educatus
3228 1812 3287 1851 es
3331 1800 3473 1851 inter
3511 1798 3789 1866 magistros

553 1925 662 1980 quo
686 1907 916 1962 faventis
944 1902 1281 1960 eoneiliabuli
1314 1899 1484 1969 major
1508 1908 1590 1954 est
1616 1905 1943 1969 potentatus.
1973 1895 2124 1963 Stepe
2156 1900 2203 1960 Β
2231 1910 2400 1950 sacrae
2422 1894 2715 1964 religionis,
2750 1907 2849 1946 nec
2878 1890 3203 1960 subterfugit
3222 1890 3484 1959 judicium
3513 1904 3617 1957 quo
3644 1889 3792 1941 dam-

557 2014 823 2068 namque,
865 2006 924 2052 ut
964 1995 1269 2050 inductione
1305 1991 1678 2062 cognovimus,
1725 1988 1943 2043 easdem
1984 1985 2126 2039 vires

563 2090 904 2146 taciturnitas
960 2094 1280 2156 argumento
1333 2081 1568 2142 invehit,
1624 2092 1757 2147 quas
1797 2076 2127 2145 eloquentia,

542 2196 682 2250 -quze
723 2179 978 2234 illatiouis
1019 2175 1397 2230 necessitatem
1436 2171 1657 2241 colligit.
1687 2167 2131 2237 Quandoquidem

558 2282 617 2327 et
643 2267 868 2326 dicenda
898 2278 1075 2322 tacere
1101 2265 1298 2319 malum
1331 2269 1431 2326 est,
1463 2270 1516 2315 et
1547 2260 1774 2315 tacenda
1806 2259 1986 2314 dicere
2014 2271 2134 2326 pes-

562 2365 782 2420 simum.
835 2361 1193 2429 Quapropter,
1237 2356 1475 2409 omnium
1507 2353 1878 2407 amantissime
1908 2392 1922 2414 ,
1969 2364 2133 2420 quam

561 2457 822 2528 plurimos
847 2451 1085 2520 ejusdem
1117 2446 1550 2518 congregationis
1575 2445 1744 2500 bonos
1774 2444 1968 2498 fratres
1998 2451 2056 2496 ut
2081 2441 2134 2494 in

565 2547 760 2601 melius
795 2543 1083 2615 proficiant
1119 2541 1365 2594 admone.
1409 2537 1828 2590 Murmuratorcs
1855 2543 2034 2588 autem
2074 2546 2137 2585 ac

561 2637 850 2705 bilingues,
896 2642 956 2688 ut
989 2648 1019 2686 a
1052 2629 1380 2700 nequissimo
1419 2627 1548 2680 vitio
1583 2625 1858 2687 desinant,
1902 2623 2132 2690 corrige.

563 2725 848 2796 PrOposito
875 2721 1122 2790 exemplo
1152 2720 1219 2773 de
1265 2718 1435 2772 veteri
1471 2717 1587 2783 lege
1627 2732 1640 2767 :
1677 2732 1694 2765 ι
1734 2713 1860 2777 Vas,
1904 2729 1921 2762 ι
1965 2711 2138 2780 inquit

564 2817 793 2888 Moyses,
829 2833 848 2866 ι
881 2815 1022 2884 quod
1050 2809 1428 2882 cooperculum
1447 2823 1552 2863 non
1585 2807 1768 2870 habet,
1806 2805 2138 2860 immundum

569 2919 654 2966 est
671 2908 852 2979 (Lavit.
887 2904 1089 2975 Xl,53),
1123 2922 1140 2956 ι
1168 2903 1293 2974 quia
1317 2900 1443 2956 illud
1466 2915 1527 2954 os
1552 2899 1786 2953 animam
1803 2897 2135 2964 coinquinat,

563 3001 708 3070 quod
767 3000 972 3067 absque
1023 2992 1410 3050 moderationis
1475 2987 1753 3044 obstaculo
1809 2987 1876 3041 ad
1923 3000 2139 3040 omnem

569 3088 954 3159 turpitudinem
985 3085 1360 3156 proferendam
1405 3089 1569 3150 patet.
1619 3079 1993 3132 Recordentur
2031 3090 2141 3130 sua:

567 3179 948 3251 professionis,
1003 3187 1058 3231 et
1101 3176 1315 3230 discant
1361 3171 1561 3225 subditi
1613 3168 1849 3237 prmlatis
1897 3167 2138 3230 obedire,

569 3283 674 3325 non
708 3268 1004 3337 imperare;
1041 3280 1162 3318 cuin
1194 3259 1510 3316 humilitatis
1539 3257 1872 3325 subject'one
1905 3271 1933 3308 τι
1962 3255 2140 3324 priore
2168 3241 2214 3302 Β

569 3359 833 3430 quidlibet
869 3359 1164 3428 requirere,
1202 3370 1308 3410 non
1349 3351 1710 3422 superbiendo
1746 3351 1862 3419 ejus
1900 3347 2143 3418 imperiis

570 3448 989 3504 contradicere:
1033 3449 1125 3516 qui
1172 3444 1316 3500 enim
1356 3443 1603 3496 nituntur
1651 3438 1846 3492 collum
1893 3445 2146 3491 excutere

572 3537 641 3592 de
673 3538 774 3591 sub
799 3537 929 3607 jugo
965 3534 1185 3605 regular,
1225 3531 1493 3587 seniorem
1536 3536 1804 3582 conantur
1846 3541 1951 3580 non
1995 3525 2150 3578 obsc-

571 3643 761 3695 crare,
804 3629 900 3685 sed
950 3628 1267 3695 increpare,
1312 3620 1624 3678 scandalum
1667 3617 1758 3683 ei,
1805 3632 1910 3672 non
1959 3629 2146 3684 pacem

573 3737 858 3796 querere;
914 3714 1303 3786 conspirationi
1365 3727 1460 3767 seu
1516 3708 1878 3779 conjurationi
1936 3720 2151 3774 semper

579 3823 836 3887 satagunt
897 3809 1201 3872 inservire;
1260 3819 1360 3860 nec
1420 3809 1667 3856 metuunt
1727 3813 1914 3870 poenas
1967 3798 2152 3865 conji-

578 3907 818 3964 rantibus
856 3901 1182 3973 propositas,
1213 3910 1348 3966 quas
1372 3892 1650 3963 patiuntur
1679 3893 1983 3946 desertores
2013 3887 2152 3940 mili-

571 4001 664 4054 tite
709 3995 792 4059 vel
840 3994 917 4049 rei
975 3988 1271 4058 majestatis
1315 3983 1677 4056 imperatoria:
1724 4000 1736 4032 :
1784 3996 1883 4034 nec
1933 3979 1998 4032 ad
2051 3978 2151 4031 hoc

574 4100 763 4146 nostra
823 4083 1070 4156 procedit
1113 4081 1334 4144 oratio,
1390 4092 1499 4145 quo
1545 4083 1860 4128 sanctorum
1910 4069 2150 4122 virorum

577 4189 740 4249 atque
769 4177 1062 4232 electorum
1106 4170 1346 4239 judicum
1378 4165 1536 4219 velim
1568 4163 1886 4217 subtrahere
1915 4159 2152 4213 examini

578 4281 792 4344 patrem
820 4269 910 4338 qui
941 4267 1137 4321 dicitur
1172 4264 1409 4316 incestus
1434 4259 1518 4312 vel
1548 4256 1860 4325 sacrilegus,
1892 4253 1986 4306 sed
2017 4251 2155 4304 filio-

574 4343 704 4416 frum
739 4359 922 4430 pietati
959 4373 1024 4414 ac
1060 4353 1394 4409 miserationi
1424 4349 1666 4412 consulo,
1699 4361 1766 4400 ne
1797 4344 1960 4398 veluti
1985 4343 2152 4396 (Ibam

575 4451 885 4505 nuditatem
955 4446 1130 4516 patris
1198 4445 1490 4510 detegant,
1549 4441 1657 4493 imo
1711 4436 1888 4506 potius
1950 4431 2156 4486 aversis

579 4539 818 4594 vultibus
854 4535 1186 4590 abscondant
1221 4527 1396 4602 (Gem,
1433 4545 1492 4592 ii,
1519 4528 1590 4581 22
1626 4537 1680 4581 et
1703 4526 1818 4594 23).
1849 4523 1981 4589 Quis
2009 4522 2154 4574 enim

577 4630 802 4700 ignorat
831 4624 974 4696 quod
1012 4623 1100 4677 ille
1135 4618 1472 4690 postmodum
1509 4626 1787 4686 paternam
1826 4609 2158 4664 maledictio-

586 4731 713 4772 nem
765 4715 818 4768 in
848 4713 1079 4783 posteris
1111 4708 1386 4769 sustinuit,
1427 4715 1482 4760 et
1526 4721 1630 4759 non
1669 4701 1898 4755 fratrum
1947 4711 2152 4758 servus,

584 4807 684 4864 sed
726 4820 916 4860 servus
952 4816 1230 4864 servorum
1281 4798 1398 4851 fuit.
1451 4795 1690 4848 Tandem
1737 4792 1822 4845 liis
1865 4788 2156 4858 pra-libatis

583 4913 750 4962 unam
797 4897 864 4950 de
909 4894 1100 4948 eadem
1145 4907 1202 4945 re
1247 4885 1684 4944 conditionaliter
1738 4879 2155 4950 propositionem

583 4987 876 5052 collocaui,
910 5001 972 5040 ex
1005 4999 1108 5052 qua
1139 4983 1391 5046 oriuntur
1415 4973 1706 5045 syllogismi
1736 4985 1869 5040 quos
1899 4971 1966 5022 ab
2002 4978 2156 5021 ante—

585 5078 903 5137 cedentibus
923 5116 936 5136 ,
979 5070 1433 5140 consequentibus
1461 5082 1524 5118 ac
1559 5060 1998 5132 repugnantibus.
2028 5067 2082 5112 et
2111 5056 2157 5110 si

589 5179 682 5224 tua
717 5166 953 5222 charitas
997 5178 1102 5217 non
1132 5160 1340 5220 elicuit,
1376 5168 1556 5209 tamen
1598 5149 1890 5206 auctoritas
1928 5149 2035 5202 vim
2067 5163 2159 5201 ne-

589 5257 840 5316 cessaria:
885 5251 1243 5309 conclusionis
1283 5259 1568 5318 suggerere
1598 5243 1789 5311 quibit.
1841 5240 1976 5293 Dum
2015 5241 2158 5293 enim

1268 5335 1407 5368 ιιι-ΑΛ
1437 5347 1620 5368 vni-nm
1662 5339 1738 5368 oet
1782 5329 2136 5368 necnmncm'ie

659 5363 684 5368 -.
710 5363 753 5368 ...
796 5359 950 5368 -.ι-,θη
990 5343 1227 5368 ι)λ¹κ“ιὶιι.ιίἱ

2229 1997 2432 2041 nantur
2473 1985 2555 2040 vel
2609 1983 2957 2038 absolvuntur
2987 1981 3306 2036 criminibus
3354 1979 3612 2049 appetiti;
3653 1978 3784 2031 nosti

2231 2075 2394 2129 etiam
2421 2073 2564 2143 quod
2588 2072 2728 2126 Deus
2753 2085 3017 2142 personas
3041 2085 3145 2124 non
3177 2070 3372 2138 accipit
3402 2069 3584 2140 (Deut.
3612 2085 3664 2133 ii,
3688 2067 3793 2136 l7),

2231 2177 2284 2224 et
2305 2170 2430 2238 quia
2459 2166 2792 2221 nionaebalis
2818 2164 3082 2236 professio
3113 2164 3326 2217 inventa
3365 2162 3648 2231 eulpabilis
3685 2177 3792 2215 ina-

2233 2260 2314 2327 εἰς
2339 2259 2559 2314 damnat
2585 2275 2745 2328 quam
2778 2259 2972 2312 liberet
2999 2273 3149 2312 reuni
3171 2258 3239 2311 ab
3261 2255 3508 2323 objectis,
3537 2272 3632 2308 nec
3665 2255 3795 2305 ralet

2232 2351 2298 2402 ad
2334 2349 2700 2404 defensionem
2745 2347 3011 2403 criminis.
3061 2347 3266 2401 idcirco
3314 2346 3442 2415 quid
3503 2355 3591 2398 tua
3640 2345 3796 2398 refert

2234 2441 2498 2494 bonorum
2557 2441 2796 2494 virorum
2847 2449 3164 2510 exspectare
3219 2438 3593 2504 sententiain,
3645 2453 3794 2506 queui

2234 2533 2451 2601 propria
2500 2531 2833 2585 conscientia
2888 2538 3147 2596 accusat,
3199 2527 3526 2598 turpissimae
3578 2529 3798 2582 actionis

2236 2623 2417 2692 opinio
2461 2621 2728 2676 infamat?
2763 2622 2900 2674 adeo
2945 2630 3022 2685 ut,
3068 2622 3207 2674 sicut
3241 2621 3409 2674 relatu
3447 2620 3794 2672 veridicoruin

2237 2715 2418 2779 didici,
2439 2723 2647 2784 partem
2671 2713 3086 2769 abominatimiis
3111 2711 3388 2766 confessus
3412 2712 3660 2780 detcgas,
3685 2726 3800 2778 par-

2241 2813 2346 2858 tem
2377 2804 2479 2856 sub
2505 2803 2720 2857 nomine
2761 2799 3039 2868 cujusdam
3073 2801 3198 2854 facti
3224 2800 3513 2862 mirabilis,
3547 2801 3800 2852 disert-lor

2237 2897 2511 2956 vitiorum.
2534 2894 2858 2948 abscondas.
2881 2892 2984 2948 Sed
3006 2893 3131 2962 quid
3158 2896 3372 2962 prodest
3399 2905 3579 2945 uti-um
3604 2901 3799 2960 partem

2240 2984 2389 3050 facti,
2437 3000 2502 3038 aii
2547 2983 2745 3038 factum
2778 2983 2997 3046 habeas,
3028 2999 3149 3036 cum
3190 2983 3338 3036 illum
3384 2983 3752 3036 versiculum:

2489 3073 2746 3123 Dimidium
2776 3071 2884 3122 facti
2908 3074 2992 3135 qui
3013 3073 3180 3135 coepit,
3209 3073 3434 3120 habet....
3450 3108 3463 3119 .

3101 3110 3463 3194 ῖῖΐοίἰῖἷῖἕρἶ
3484 3147 3519 3192 ι,
3541 3134 3589 3189 2.
3617 3133 3722 3188 to.)

2244 3235 2432 3278 omnes
2457 3218 2692 3284 laudent,
2716 3231 2903 3271 omnes
2938 3217 3209 3288 sapienter
3249 3217 3452 3270 dictum
3480 3217 3804 3269 existiment.

2244 3313 2354 3370 Nec
2382 3325 2434 3369 te
2456 3314 2608 3383 juvat
2635 3311 2726 3366 illa
2772 3327 2891 3380 quin
2930 3319 3013 3365 est
3057 3310 3198 3380 apud
3243 3311 3490 3363 rhetores
3536 3309 3807 3362 translatio

2244 3405 2510 3469 criminis,
2561 3413 2652 3457 aut
2691 3411 3103 3458 transniutatuin
3156 3415 3351 3455 nomen
3402 3399 3556 3465 facti,
3607 3399 3808 3468 quando

2245 3497 2420 3554 scelus
2482 3498 2622 3567 quud
2668 3498 2721 3550 in
2775 3495 3073 3565 prostibuli)
3137 3499 3509 3563 perpetratum
3564 3500 3650 3545 est
3698 3505 3807 3543 eum

2244 3603 2413 3644 uxore
2447 3587 2672 3654 alicujus
2701 3587 2856 3639 aliter
2891 3585 2990 3647 vir,
3021 3584 3176 3638 aliter
3207 3598 3334 3637 reus
3362 3583 3642 3646 nominat;
3685 3581 3809 3633 alter

2246 3682 2390 3738 enim
2421 3682 2486 3736 de
2532 3679 2795 3734 adulterio
2836 3677 3106 3747 queritur,
3153 3675 3292 3728 alter
3335 3689 3440 3727 non
3473 3672 3809 3729 adulterium,

2247 3773 2342 3829 sed
2377 3772 2518 3841 quod
2550 3767 2681 3825 fecit
2724 3769 2776 3822 in
2807 3767 3126 3838 prostibulo,
3171 3766 3389 3819 licuisse
3437 3763 3666 3818 fatetur.
3693 3761 3810 3814 Neu-

2250 3872 2390 3917 trum
2451 3870 2628 3915 tamen
2698 3859 2879 3914 firmas
2948 3859 3095 3912 vires
3162 3853 3490 3910 defensionis
3560 3852 3810 3922 suggerit,

2251 3953 2484 4008 maxime
2513 3952 2603 4005 tibi
2631 3951 2723 4020 qui
2748 3951 2990 4003 incentor
3022 3945 3198 4002 factus
3231 3962 3290 4000 es
3319 3945 3601 4008 vitiorum,
3631 3946 3696 3997 ad
3727 3945 3812 3995 hoc

2251 4045 2454 4099 electus
2478 4051 2536 4094 ut
2569 4040 2724 4093 fieres
2751 4038 3010 4105 magister
3040 4037 3324 4091 virtutum.
3369 4034 3644 4088 Plurimos
3670 4047 3805 4088 coin-

2253 4132 2401 4188 missi
2428 4131 2604 4202 gregis
2648 4139 2737 4182 tuo
2769 4129 2958 4182 morbo
2983 4127 3380 4182 contaminasse
3424 4125 3652 4184 diceris,
3682 4123 3812 4191 lepra

2253 4224 2566 4279 findissimie
2594 4221 2928 4290 contagionis
2956 4219 3254 4288 perdidisse
3280 4217 3666 4278 eonvinceris,
3695 4212 3815 4267 nihil

2255 4317 2396 4370 aliud
2423 4316 2610 4370 dicens
2655 4313 2759 4368 nisi
2805 4311 2933 4381 quia
2987 4310 3182 4372 fecisti,
3215 4310 3309 4363 sed
3357 4322 3462 4361 non
3510 4304 3815 4375 perfecisti:

2255 4407 2399 4463 ferro
2441 4406 2670 4470 socium,
2715 4404 2822 4457 iino
2861 4402 3052 4464 filiuni,
3097 4409 3152 4454 et
3183 4414 3308 4453 eum
3337 4397 3429 4467 qui
3471 4406 3523 4450 te
3557 4411 3670 4450 suae
3713 4394 3815 4445 vita:

2259 4508 2490 4552 tutorem
2503 4495 2756 4564 elegerat,
2782 4491 3129 4554 transfixisti;
3158 4486 3486 4542 veiienuuiei
3512 4481 3816 4556 porrexisti;

2189 4578 2233 4635 Ι)
2262 4588 2439 4657 ignem
2479 4585 2652 4638 sacris
2697 4582 2902 4636 aedibus
2937 4578 3212 4647 injecisti:
3263 4577 3307 4632 si
3357 4575 3506 4629 ferro
3547 4573 3820 4628 transfixus

2259 4676 2463 4741 evasit,
2500 4675 2546 4729 si
2587 4687 2854 4726 venenum
2885 4678 3126 4739 putatum
3163 4681 3268 4720 non
3301 4664 3587 4726 exstinxit,
3619 4662 3664 4717 si
3699 4660 3820 4729 ignis

2262 4784 2369 4823 non
2405 4763 2706 4827 convaluit,
2737 4770 2788 4814 te
2836 4773 3092 4830 peccasse
3122 4770 3309 4826 negas,
3357 4765 3412 4808 et
3464 4753 3600 4806 nihil
3631 4763 3716 4804 tua
3747 4750 3820 4802 in.-

2259 4865 2468 4911 tercsse
2517 4851 2771 4908 allirnias.
2816 4841 3128 4916 Resipisce,
3165 4845 3444 4913 resipisce,
3492 4844 3743 4911 inquam,
3775 4844 3822 4888 et

2263 4948 2330 5001 ad
2366 4956 2417 5001 te
2457 4945 2605 5010 redi;
2637 4949 2818 5013 atque,
2846 4940 2890 4994 si
2923 4938 3257 5005 objectoruiu
3303 4933 3562 4988 conscius
3607 4947 3688 4993 es,
3727 4927 3821 4980 nuli

2264 5037 2484 5091 abbates
2506 5045 2558 5090 et
2577 5020 2866 5088 monachos
2891 5039 3068 5085 tecum
3092 5026 3376 5088 infamare,
3398 5022 3820 5095 quandoquidem

2269 5145 2374 5181 non
2410 5136 2463 5180 tu
2502 5125 2647 5178 solus
2675 5123 2768 5176 sed
2813 5133 3001 5175 omnes
3033 5118 3105 5171 liti
3154 5116 3358 5172 ordinis
3400 5115 3536 5168 tales
3581 5128 3697 5167 esse
3720 5124 3823 5162 cre-

2268 5220 2485 5284 duntur.
2516 5216 2625 5283 Ego
2673 5223 2852 5266 autem
2881 5211 2936 5264 in
2983 5207 3199 5264 Christo
3247 5221 3434 5262 verum
3483 5204 3660 5259 fateor
3714 5199 3822 5268 quia

2268 5324 2455 5367 omnes
2495 5305 2587 5368 qui
2632 5305 2763 5358 tales
2807 5311 2932 5358 sunt
2969 5300 3142 5368 qualis
3177 5299 3398 5361 diceris,
3442 5306 3518 5360 et,
3553 5303 3614 5349 ut
3637 5289 3820 5350 audivi,
