3944 5414
168 222 254 278 ιδδ

1537 219 1907 279 ΕΡῙΞΤΟιᾸὶ

3281 228 3384 282 εει

170 346 293 389 mus:
316 341 403 381 nec
426 324 638 379 differas
663 326 1014 392 audientiam,
1036 342 1241 399 quaso,
1266 329 1310 384 si
1341 329 1705 386 innocentiam
1737 338 1781 394 Α
1813 332 2247 402 propinationem
2280 331 2488 386 Domini
2517 333 2627 402 ipsa
2658 333 2743 387 illa
2770 332 2962 389 mulier
2986 344 3245 403 meretur,
3274 354 3393 406 qua:
3431 347 3435 359 '

170 421 391 479 defendis.
437 420 529 473 Sin
560 420 739 485 aliter,
774 419 1038 477 fratribus
1074 422 1299 478 satisfac
1330 423 1496 478 misso
1529 424 1709 478 libello

171 513 362 584 repudii,
393 527 455 566 ac
486 513 694 565 reddita
722 514 979 585 episcopo
1012 530 1141 569 cura
1177 516 1464 585 pastoralis
1492 517 1713 587 regimi-

169 607 254 669 nis,
292 615 343 658 ul
388 603 511 657 alter
571 606 661 675 qui
709 605 903 675 dignus
950 616 1033 662 est
1066 609 1388 677 quantocius
1416 610 1714 666 succedere

168 697 322 768 possit.
355 694 554 752 Valete.

692 767 1028 823 ΕΡΙΞΤΟΙΑΔ
1071 767 1138 822 Χ.

648 893 831 931 AD..."
873 893 1189 935 EPISCOPL’K.

224 966 341 1021 Il...
371 968 620 1038 episeopo
646 981 951 1023 amatorum
974 971 1177 1025 Christi
1208 980 1422 1026 amator
1449 973 1612 1027 Anno.

223 1059 345 1127 Quid
369 1062 534 1131 prosit
572 1064 797 1117 scientia
849 1064 1150 1118 litterarum
1188 1066 1501 1135 agnoscitur
1524 1079 1587 1120 cx
1618 1064 1718 1118 dif-

173 1154 371 1207 ﬁenltate
399 1154 791 1222 quzestionum,
829 1171 967 1225 quas
1011 1156 1137 1210 dum
1178 1158 1414 1211 enodare
1447 1157 1714 1226 imperitia

176 1244 288 1311 vulgi
321 1244 501 1306 nescit,
532 1260 561 1297 a
594 1246 756 1299 docto
794 1261 981 1301 earum
1030 1248 1356 1302 sententiam
1390 1248 1718 1318 investigare

174 1338 439 1401 contendit;
485 1338 527 1391 si
578 1348 759 1391 tamen
804 1339 1087 1406 imperitos
1135 1339 1313 1409 aliqua
1359 1340 1424 1393 de
1456 1340 1717 1394 inauditis

175 1430 306 1480 nitus
334 1429 590 1483 dubitatio
623 1431 823 1498 attigit.
858 1430 991 1484 Dum
1033 1431 1178 1485 enim
1211 1432 1263 1485 in
1309 1446 1491 1485 rerum
1525 1442 1715 1485 natura

176 1518 396 1587 quidquid
428 1519 555 1572 illud
586 1529 667 1574 est
697 1521 959 1589 qumritur
1002 1536 1069 1574 an
1103 1521 1193 1581 sit,
1223 1521 1352 1588 quid
1378 1521 1468 1583 sit,
1499 1536 1598 1574 cur
1624 1522 1715 1585 sit,

178 1620 217 1662 et
238 1611 480 1678 quomodo
500 1611 597 1675 sit,
626 1626 726 1665 nec
752 1613 851 1667 has
872 1613 1201 1680 quaestiones
1222 1612 1386 1666 etiam
1409 1611 1717 1680 imperitum

177 1698 335 1767 vulgus
358 1702 623 1768 przeterit,
652 1711 858 1756 certum
897 1711 979 1758 est
1005 1704 1149 1772 quod
1175 1704 1241 1757 de
1272 1704 1469 1773 ignotis
1497 1704 1720 1757 omnino

178 1792 309 1843 rebus
350 1791 472 1844 nihil
506 1793 724 1861 qttzeril.
761 1792 891 1847 Nam
937 1794 1276 1863 philosmihia
1310 1795 1361 1848 in
1393 1792 1479 1850 his
1502 1804 1721 1850 exercet

178 1896 303 1933 suam
329 1896 538 1949 operam
566 1884 735 1936 etiam
765 1898 884 1953 qua:
913 1900 1019 1937 non
1063 1893 1208 1948 sunt,
1237 1893 1293 1937 ut
1322 1885 1455 1938 nihil
1491 1894 1720 1947 naturze,

181 1973 285 2025 nihil
313 1974 625 2029 ruoralitalis
669 1990 786 2029 eam
824 1974 1067 2046 effugiat,
1114 1976 1179 2029 de
1207 1975 1405 2045 quibus
1453 1976 1722 2029 subtiliter

182 2064 445 2132 investigat.
490 2064 833 2135 Quap'opter
899 2067 965 2121 de
1007 2065 1301 2133 jnramenti
1344 2067 1723 2121 observatione

181 2156 479 2222 proponitur,
513 2172 615 2210 nec
660 2158 839 2227 ignota
868 2157 1144 2226 qua‘rendi
1176 2156 1261 2209 via
1303 2164 1420 2218 est,
1449 2156 1533 2209 cui
1566 2171 1724 2225 argu-

182 2246 416 2298 mentandi
445 2248 602 2315 c0pia
648 2256 841 2316 praesto
889 2256 1003 2312 est;
1037 2262 1161 2302 cum
1195 2246 1380 2314 jurare
1410 2246 1544 2301 nihil
1580 2247 1723 2300 aliud

182 2334 239 2388 sit
266 2352 409 2405 quam
450 2337 575 2405 jure
624 2355 799 2393 orare.
838 2338 937 2405 Qui
990 2339 1133 2393 enim
1184 2348 1329 2402 orat,
1368 2348 1627 2407 quantum
1658 2336 1723 2391 ad

184 2428 273 2478 veri
295 2426 508 2497 falsique
535 2429 882 2498 opinionem,
930 2445 1091 2482 unam
1128 2429 1500 2483 tantummodo
1530 2435 1726 2483 tractat

184 2519 407 2573 orationis
451 2521 716 2588 speciem,
761 2521 972 2574 etiamsi
1020 2536 1246 2575 necesse
1291 2530 1375 2575 est
1420 2518 1728 2587 juramenlo

186 2608 453 2664 obnoxiam.
488 2609 647 2664 lianc
690 2620 865 2665 autem
902 2611 1205 2666 orationem
1245 2610 1511 2666 dialectici
1553 2626 1729 2664 emu-

188 2699 391 2755 tiativatn
437 2714 783 2772 nuncupant,
841 2720 979 2773 pare,
1028 2705 1281 2773 praesenti
1310 2716 1553 2773 tempore
1597 2719 1730 2757 cou-

188 2800 327 2857 tenta,
357 2796 689 2863 pneteritum
722 2797 941 2865 respicit
968 2813 1032 2849 ex
1062 2797 1187 2849 facti
1214 2796 1457 2861 actione;
1494 2794 1729 2848 futurum

189 2899 294 2938 rem
321 2902 380 2941 ex
407 2887 533 2942 facti
570 2887 954 2957 promissione.
986 2888 1093 2943 Sed
1140 2888 1267 2942 facti
1296 2888 1437 2941 actio
1461 2886 1731 2940 enuntiari

185 2971 494 3040 jurejurando
546 2987 749 3047 potest,
812 2989 871 3032 ut
913 2978 1135 3032 deﬁnite
1185 2993 1310 3031 vera
1356 2977 1438 3031 vel
1489 2975 1621 3030 falsa
1665 2976 1734 3030 sit

1809 426 2031 494 perjurii
2063 442 2258 482 noxam
2308 428 2601 484 incurrisse
2637 428 2954 508 putabatur;
2998 429 3092 483 sed
3123 436 3176 484 et
3210 430 3385 486 obsto.

1813 521 2036 577 tricibus
2069 519 2414 575 Hebraeorum
2457 520 2597 575 Dens
2633 522 2765 575 bene
2803 518 2998 575 fecisse
3024 520 3244 591 legitur,
3277 538 3396 591 qua:

1813 610 2096 665 mendacio
2145 626 2242 665 suo
2299 610 2569 664 necandos
2626 608 2859 663 ﬁliorum
2907 609 3070 665 Israel
3117 626 3318 681 pueros
3364 626 3394 665 a

1814 711 1991 755 morte
2022 715 2268 754 servasse
2305 701 2462 755 dittc
2491 709 2616 754 sunt
2649 698 2846 768 (Exod.
2895 716 2934 766 ι,
2984 700 3097 772 20).
3128 700 3395 755 Mendacii

1815 791 1981 861 igitur
2003 799 2057 845 et
2086 789 2309 859 perjurii
2341 805 2502 844 causa
2529 790 2802 858 pensanda
2828 800 2936 854 est,
2967 804 3071 859 qua
3102 788 3397 859 aliquando
3426 794 3429 797 '

1815 882 2019 946 levius,
2069 881 2361 951 aliquando
2398 881 2621 949 gravius
2666 888 2947 950 peccatum
2977 880 3393 946 committimus,
3431 910 3439 918 -

1816 990 1917 1029 nec
1945 989 2181 1043 unquam
2211 974 2415 1041 absque
2455 983 2678 1042 peccato
2705 973 3015 1036 mentimur;
3057 971 3397 1041 quandoqui-

1817 1068 1936 1120 dem
1967 1080 2128 1120 omne
2177 1074 2457 1135 peccatum
2487 1080 2551 1119 ex
2585 1064 2799 1119 diabolo
2843 1078 2962 1118 esse
2986 1064 3299 1132 perhibetur
3327 1061 3390 1132 (1

1815 1157 2002 1220 Joan.,
2030 1172 2111 1219 Ill,
2132 1156 2217 1227 8).
2242 1156 2381 1210 Alibi
2418 1170 2633 1226 quoque
2668 1155 2927 1215 Dominus
2952 1170 3047 1223 per
3068 1154 3396 1224 Prophetam

1817 1247 2086 1317 praecipit,
2129 1248 2499 1316 juramentum
2550 1248 2776 1301 mendax
2817 1264 2879 1301 ne
2920 1246 3149 1316 diligatis
3185 1244 3401 1315 (Zach.,

1821 1354 1942 1401 vm,
1974 1340 2061 1408 l7)
2090 1356 2101 1392 :
2142 1348 2195 1394 et
2220 1339 2348 1408 quid
2398 1349 2483 1395 est
2529 1340 2860 1394 mendaciter
2884 1340 3091 1408 jurare,
3122 1338 3224 1392 nisi
3255 1336 3402 1407 pejeo

1823 1430 1983 1485 rare?
2030 1429 2141 1484 lloc
2169 1438 2347 1484 autem
2376 1438 2525 1485 vetat
2568 1431 2810 1499 diligere,
2844 1444 2907 1484 ac
2939 1430 2982 1484 si
3019 1428 3284 1483 concedat
3319 1427 3402 1481 in-

1822 1522 1993 1575 vitum
2019 1521 2285 1591 pejerare,
2315 1521 2470 1589 juxta
2500 1520 2627 1575 illud
2655 1522 2899 1590 Apostoli
2930 1536 2945 1574 :
2975 1520 3097 1574 Non
3119 1517 3259 1589 quod
3289 1517 3405 1572 volo

1825 1614 2033 1673 bonum,
2059 1614 2155 1666 hoc
2196 1628 2317 1682 ago,
2360 1614 2450 1666 sed
2478 1616 2618 1683 quod
2662 1612 2782 1667 nolo
2826 1610 3201 1676 malum,illud
3241 1608 3411 1678 facio.

1754 1688 1796 1747 Β
1826 1700 1883 1756 Si
1909 1702 2241 1772 autemquod
2286 1702 2404 1755 nolo
2436 1702 2653 1763 malum,
2689 1702 2787 1755 hoc
2816 1718 2936 1771 ago,
2981 1716 3081 1753 non
3105 1716 3196 1769 ego
3221 1712 3408 1767 operor

1823 1794 1976 1857 illud,
2000 1793 2251 1863 sedquod
2274 1792 2471 1846 habitat
2497 1793 2550 1844 in
2573 1806 2651 1844 me
2675 1800 2943 1861 peccatum
2978 1788 3175 1858 (Rom.,
3209 1804 3308 1853 v11,
3336 1786 3405 1842 19

1823 1897 1872 1940 et
1916 1887 2071 1955 δρψ).
2122 1886 2329 1941 Idcirco
2377 1886 2589 1953 cogitur
2647 1884 2957 1938 exclamare
3003 1902 3017 1938 :
3077 1883 3273 1953 Infelix
3313 1897 3407 1951 ego

1823 1976 1999 2037 homo,
2040 1975 2157 2042 qui:
2209 1992 2291 2027 me
2344 1974 2582 2028 liberabit
2617 1974 2682 2027 de
2724 1990 2940 2042 corpore
2991 1974 3173 2026 mortis
3217 1968 3410 2040 hujus?

1825 2062 2012 2118 Gratia
2060 2064 2155 2119 Dei
2196 2082 2287 2133 per
2330 2064 2513 2118 Iesum
2560 2062 2826 2118 Christum
2862 2062 3144 2117 Dominum
3172 2072 3408 2116 nostrum

1826 2153 1948 2222 (Id.
1980 2156 2076 2221 ib.,
2105 2156 2221 2226 24).
2249 2155 2384 2210 lluic
2411 2155 2693 2211 sententiae
2718 2155 3018 2214 concordat
3050 2152 3178 2207 illud
3204 2151 3410 2215 Tobiae,

1826 2250 1917 2320 qui
1963 2250 2121 2303 bonis
2185 2249 2512 2303 naturaliter
2556 2248 2801 2303 moribus
2850 2247 3146 2301 instituens
3196 2242 3406 2298 ﬁlium:

1834 2360 1850 2393 ι
1885 2340 2000 2395 Noli
2033 2341 2204 2410 inquit
2258 2340 2476 2395 mentiri
2515 2354 2677 2393 omne
2718 2337 3083 2393 mendacium.
3118 2355 3136 2388 ι
3187 2334 3241 2388 ld
3271 2349 3412 2404 pra:-

1827 2442 2043 2503 ceptum
2096 2434 2197 2487 hoc
2239 2432 2521 2486 continet:
2574 2429 2690 2485 Non
2737 2429 2881 2483 enim
2934 2427 3219 2483 mendacio
3258 2433 3421 2478 uten‘

1829 2526 1957 2579 dum
1996 2533 2102 2590 est,
2140 2523 2243 2577 hoc
2279 2531 2382 2589 est,
2416 2523 2651 2589 quodam
2697 2506 2976 2573 mendacio
3017 2516 3272 2571 utendum
3306 2530 3411 2568 non

1830 2623 1934 2669 est.
1969 2612 2353 2667 Verumtamen
2386 2611 2587 2665 veritas
2623 2607 2899 2678 Evangelii
2941 2622 3048 2660 non
3091 2604 3263 2659 solum
3305 2618 3410 2659 non

1832 2705 2004 2770 omni,
2053 2704 2145 2758 sed
2188 2718 2287 2758 nec
2339 2701 2445 2755 ullo
2492 2698 2775 2754 mendacio
2808 2699 3065 2751 utendum
3102 2710 3223 2748 esse
3262 2692 3417 2748 inno-

1838 2797 1960 2859 tuit,
1982 2795 2069 2848 ubi
2094 2810 2255 2849 omne
2281 2792 2620 2847 mendacium
2648 2806 2714 2845 ex
2738 2789 2951 2845 diabolo
2970 2801 3091 2841 esse
3113 2785 3419 2855 proposuit.

1836 2888 2108 2957 Quidquid
2155 2887 2300 2941 enim
2347 2901 2413 2940 ex
2444 2883 2659 2938 diabolo
2699 2890 2800 2947 est,
2850 2880 3048 2936 malum
3096 2888 3220 2933 est:
3272 2876 3417 2930 nullo

1840 2990 2021 3034 autem
2080 2978 2223 3033 malo
2273 2978 2532 3032 utendum
2580 2984 2703 3039 est;
2756 2973 2901 3029 nullo
2946 2973 3109 3042 igitur
3162 2969 3304 3039 quod
3350 2982 3418 3023 ex

192 3068 307 3129 apud
346 3082 458 3121 eum
491 3070 584 3138 qui
624 3085 733 3122 rem
784 3068 1003 3123 deﬁnite
1043 3068 1228 3134 novit;
1279 3066 1567 3137 promissio
1604 3082 1734 3120 vero
1763 3047 1805 3106 (ἶ
1838 3071 2053 3125 diabolo
2081 3076 2182 3135 est,
2226 3067 2483 3122 utendum
2534 3075 2638 3121 est.
2673 3065 2740 3119 Et
2788 3077 2947 3118 omne
2978 3060 3320 3115 mendacium
3351 3071 3418 3112 ex

194 3156 355 3213 {clune
377 3163 601 3216 actionis
632 3163 769 3216 sicut
804 3162 1023 3216 deﬁnite
1053 3161 1155 3215 sub
1182 3161 1409 3215 scientia
1437 3173 1541 3215 non
1566 3158 1731 3216 cadit.

194 3248 254 3300 ita
272 3250 617 3318 juramentum
648 3253 713 3307 de
744 3253 1024 3322 promissis
1049 3254 1209 3308 rebus
1239 3253 1509 3322 ignoratur
1550 3266 1734 3306 verum

196 3334 355 3391 falsum
387 3355 448 3393 ne
475 3341 870 3406 deﬁuitive‘sit,
916 3342 1019 3396 nisi
1060 3342 1125 3395 de
1166 3343 1251 3397 his
1291 3357 1413 3411 quin
1443 3341 1739 3395 necessitas

197 3437 371 3483 natum
393 3433 573 3498 trahit,
597 3442 657 3486 ut
682 3435 846 3487 Deum
867 3431 1225 3486 immortalem
1250 3445 1369 3485 esse
1390 3438 1444 3484 et
1465 3430 1738 3483 hominem

201 3518 339 3583 mori;
372 3521 411 3575 si
443 3523 658 3590 quidem
699 3522 917 3577 deﬁnite
946 3537 1131 3576 verum
1160 3529 1245 3575 est
1272 3520 1414 3588 quod
1460 3534 1621 3573 onme
1656 3534 1742 3572 or-

202 3614 294 3659 tum
320 3611 539 3665 occidet.
582 3612 713 3665 Illud
746 3621 922 3665 autem
964 3612 1108 3681 quod
1154 3610 1440 3679 contingit,
1488 3608 1742 3677 quoniam

203 3710 291 3750 non
317 3716 528 3755 necesse
557 3713 640 3756 est
671 3702 807 3767 ﬁeri,
840 3712 893 3756 et
920 3701 1192 3771 opinabile
1222 3700 1509 3771 plurimum
1535 3698 1743 3763 existit,

204 3786 239 3836 si
265 3789 369 3854 quis
415 3788 765 3862 jurejurando
809 3791 1076 3847 aﬁirmarc
1129 3793 1212 3845 vel
1263 3805 1461 3860 negare
1516 3790 1748 3843 voluerit

204 3874 409 3945 deﬁnite,
462 3883 513 3936 id
572 3884 721 3937 ratio
766 3883 945 3938 facere
991 3900 1097 3938 non
1143 3883 1437 3953 permittit;
1490 3882 1746 3951 quoniam

204 3966 261 4020 de
278 3970 700 4041 contingentibus
739 3974 919 4028 causis
965 3973 1325 4043 promissivus
1352 3971 1566 4026 'modus
1609 3985 1750 4039 ειεβο

205 4071 285 4111 nos
309 4058 458 4125 fallit,
488 4072 545 4116 et
586 4063 745 4117 aliter
774 4079 933 4131 quam
964 4074 1217 4133 putamus
1264 4079 1351 4117 res
1381 4078 1509 4117 casu
1538 4060 1625 4116 vel
1651 4076 1748 4116 ne-

204 4148 425 4205 cessitate
456 4152 683 4221 impulsa
712 4154 971 4208 succedit.
1005 4155 1105 4222 Qui
1152 4169 1280 4223 ergo
1318 4151 1485 4221 iurat.
1515 4168 1582 4205 ειη
1622 4150 1750 4220 iure

204 4248 334 4303 Oret,
379 4245 658 4311 quaeritur,
708 4254 763 4299 et
808 4260 927 4315 qua:
968 4244 1261 4313 jnramenti
1314 4245 1747 4300 circumstantia:

206 4328 316 4382 sint.
348 4331 563 4388 Scilicet
595 4334 762 4400 locus,
797 4344 1007 4405 tempus
1035 4345 1089 4392 et
1127 4352 1355 4405 persona
1400 4336 1751 4391 considerau-

208 4424 297 4481 tur,
318 4422 506 4489 quippe
537 4424 579 4477 si
610 4422 727 4477 loco
754 4423 837 4477 vel
863 4434 1100 4493 tempore
1124 4440 1218 4479 seu
1245 4440 1473 4493 persona
1508 4424 1745 4493 legitima

209 4511 437 4574 caruerit,
466 4513 777 4581 juramenlo
824 4529 947 4567 reus
994 4530 1097 4568 ιιοιι
1146 4514 1281 4580 erit;
1317 4514 1456 4567 unde
1488 4512 1748 4566 Dominus

209 4595 253 4649 ia
274 4597 437 4656 Veteri
469 4603 817 4660 Testamento
843 4622 940 4676 per
966 4606 1183 4676 Moysen
1212 4606 1455 4676 priecipit
1484 4613 1539 4657 ut
1571 4604 1748 4672 puclla

210 4702 309 4755 qum
332 4694 500 4748 adhuc
528 4696 578 4747 in
609 4696 771 4749 domo
797 4699 965 4764 patris
986 4706 1090 4762 est,
1120 4696 1163 4750 si
1202 4705 1383 4750 votum
1416 4694 1628 4748 voverit
1655 4709 1747 4747 seu

207 4777 546 4847 jusjurandum
576 4785 789 4845 fecerit,
817 4802 883 4840 ne
911 4798 1032 4840 voto
1060 4786 1142 4839 vel
1173 4784 1483 4854 juramenlo
1513 4782 1749 4850 obligata

210 4875 449 4940 teneatur,
479 4877 547 4942 si,
588 4892 715 4932 mox
756 4888 810 4930 ut
837 4877 901 4930 ad
934 4879 1177 4931 notitiam
1222 4876 1461 4944 parentis
1490 4889 1753 4942 pervene-

212 4960 288 5021 I'il.
313 4977 539 5033 paterna:
566 4970 912 5024 auctoritatis
936 4970 1239 5024 invectione
1268 4967 1540 5039 prohibita
1571 4965 1754 5018 fuerit.

213 5047 423 5109 llnlieris
467 5060 840 5126 nihilominus,
872 5076 994 5130 qua:
1030 5060 1130 5114 sub
1177 5059 1293 5113 viro
1340 5057 1539 5128 agitur,
1572 5062 1755 5109 votum

213 5141 662 5213 vcljuramentum
703 5150 911 5204 irritum
946 5151 1061 5214 ﬁat,
1111 5150 1155 5203 si
1206 5149 1379 5203 virilis
1413 5145 1757 5201 auctoritatis

216 5230 441 5298 tnajestas
466 5252 749 5293 assensum
778 5240 1012 5307 praebere
1046 5238 1297 5302 noluerit,
1323 5238 1431 5291 imo
1458 5233 1658 5304 potius,
1692 5247 1753 5285 ea

218 5325 288 5379 die
321 5348 417 5399 qua
459 5333 570 5402 ejus
612 5333 898 5389 stultitiam
943 5334 1293 5402 compererit,
1351 5327 1755 5386 districtissima

1838 3163 2056 3217 diabolo
2083 3171 2206 3216 est:
2242 3161 2447 3215 nullum
2484 3169 2665 3213 autem
2700 3156 3040 3212 mendacium
3071 3154 3273 3208 bonum
3307 3159 3420 3215 est;

1841 3253 2045 3307 nullum
2073 3252 2240 3322 igitur
2266 3252 2498 3320 quodex
2524 3249 2740 3305 diabolo
2763 3256 2867 3312 est,
2890 3247 3087 3301 bonum
3116 3252 3221 3299 est.
3252 3241 3433 3296 Porro.

1842 3342 2121 3412 Scriptura
2150 3343 2283 3397 dicit
2310 3361 2321 3396 :
2350 3342 2533 3396 Omnis
2554 3342 2707 3394 homo
2731 3340 2955 3399 mendax
2984 3335 3154 3408 (Psal.
3184 3350 3309 3399 cxv,
3336 3333 3423 3404 ll)

1842 3442 1945 3497 est,
1994 3433 2261 3502 siquidem
2295 3447 2360 3487 eo
2399 3432 2531 3487 vitio
2559 3433 2852 3486 humanam
2896 3438 3147 3483 naturam
3177 3425 3439 3481 diabolus

1842 3524 2114 3593 corrupit;
2149 3534 2205 3577 ut
2232 3532 2285 3578 et
2318 3523 2563 3578 mortalis
2586 3532 2639 3577 ct
2670 3522 2903 3576 mendax
2930 3521 3022 3585 sit,
3055 3532 3167 3588 nec_
3197 3516 3426 3572 mendax

1844 3615 1950 3668 nisi
1977 3614 2117 3668 unde
2157 3613 2423 3677 mortalis,
2474 3628 2573 3667 nec
2605 3610 2852 3665 mortalis
2882 3609 2984 3664 nisi
3016 3607 3157 3662 unde
3196 3607 3431 3661 mendax

1845 3705 2051 3760 existit.
2101 3704 2159 3757 ln
2210 3702 2449 3771 perjnrio
2502 3703 2682 3772 igitur,
2735 3703 2838 3755 hoc
2883 3709 2969 3755 est
3017 3700 3069 3753 in
3117 3698 3431 3769 juramenlo

1847 3794 2092 3849 mendaci
2149 3793 2603 3848 considerandum
2662 3801 2744 3846 est
2802 3792 2993 3845 vitium
3037 3788 3339 3851 mendacii,
3378 3797 3437 3843 et

1850 3888 1901 3941 in
1931 3901 2127 3940 vanum
2154 3893 2492 3953 assumptum
2520 3898 2715 3937 nomen
2743 3881 2977 3946 Domini,
3009 3880 3269 3949 quoniam
3302 3877 3429 3931 illud

1849 3977 2021 4032 solum
2054 3977 2119 4030 ad
2150 3984 2376 4029 mortem
2408 3972 2602 4028 sufﬁcit
2625 4012 2640 4038 ,
2666 3971 2821 4041 juxta
2857 3970 3001 4041 quod
3024 3970 3286 4039 scriptum
3316 3976 3429 4022 est:

1851 4069 1921 4123 Os
1948 4067 2087 4139 quod
2128 4065 2397 4128 mentitur,
2428 4065 2615 4119 occidit
2644 4065 2879 4117 animam
2909 4060 3083 4133 (Sap.,
3115 4076 3160 4126 ι,
3190 4059 3311 4130 ll);
3344 4060 3433 4114 cui

1851 4160 1977 4213 dum
2037 4157 2186 4212 aliud
2234 4156 2433 4210 malum
2488 4153 2830 4225 supervenit,
2882 4153 3102 4223 gravius
3150 4158 3433 4220 peccatum

1853 4248 2018 4320 gignit
2053 4266 2066 4301 :
2096 4244 2240 4317 quod
2298 4260 2441 4300 nunc
2491 4254 2637 4299 metu
2690 4242 2882 4299 mortis
2924 4240 3286 4295 committitur
3340 4253 3436 4307 pro

1859 4340 2057 4394 tuenda
2085 4338 2332 4408 corporis
2365 4336 2560 4400 salute,
2608 4350 2751 4389 nunc
2799 4348 2894 4403 spe
2939 4332 3074 4386 lucri
3124 4346 3222 4401 pro
3267 4329 3438 4398 adipi—

1853 4430 2071 4484 scendis
2096 4430 2256 4484 rebus
2286 4428 2553 4491 terrenis;
2581 4434 2635 4479 et
2662 4426 2765 4480 hoc
2788 4422 3085 4494 perjurium
3117 4419 3296 4475 vocari
3325 4418 3440 4489 pla-

1853 4526 1984 4579 cuit.
2017 4523 2120 4578 Sed
2151 4538 2251 4591 pro
2285 4520 2482 4575 tuenda
2506 4517 2680 4572 salute
2711 4516 2957 4585 corporis
2983 4514 3264 4583 peccatum
3294 4525 3440 4566 com-

1856 4617 2084 4670 missum
2122 4627 2231 4666 non
2258 4607 2571 4677 magnifaeit
2599 4605 2879 4660 miseratio
2911 4604 3163 4659 humana:
3187 4614 3431 4669 compas-

1855 4708 2045 4770 sionis,
2072 4704 2229 4773 juxta
2253 4702 2382 4757 illud
2407 4699 2601 4755 comici
2629 4716 2642 4750 :

1923 4801 2016 4852 Pro
2038 4811 2216 4860 magno
2238 4802 2439 4858 peccato
2464 4790 2713 4854 paululum
2738 4787 2960 4852 supplicii
2984 4790 3106 4837 satis
3129 4796 3208 4839 est
3229 4788 3358 4848 pati;

2442 4872 2682 4933 (’l‘nty'r.
2709 4870 2761 4921 in
2776 4866 2924 4927 Auct,
2949 4878 3041 4919 act.
3060 4867 3121 4930 V,
3146 4879 3277 4919 scen.
3298 4866 3390 4926 ιιι.)

1862 4976 2038 5021 metus
2092 4964 2323 5019 enimet
2374 4961 2551 5032 pi=-tas
2602 4959 2889 5028 :equaliter
2936 4952 3166 5005 ﬂectunt
3217 4947 3461 5003 animum

1858 5058 2055 5127 judicis
2081 5053 2147 5108 ad
2182 5053 2637 5114 misericordiam,
2668 5052 2764 5119 qui
2797 5043 3000 5100 trutina
3025 5040 3163 5108 justi
3194 5037 3457 5127 examinis

1862 5125 2167 5217 distinguat
2207 5145 2425 5199 modum
2466 5140 2641 5207 culpm
2675 5134 2898 5192 levioris
2937 5137 2993 5182 et
3044 5126 3347 5217 gravioris;
3392 5125 3465 5179 si-

1863 5215 2082 5308 quidem
2113 5235 2354 5305 ejusdem
2385 5233 2518 5303 legis
2549 5226 2815 5295 capitula,
2842 5219 3096 5289 quamvis
3119 5220 3220 5274 sibi
3252 5215 3470 5287 videam
3518 5254 3521 5255 ν

1867 5305 1954 5383 tur
1977 5327 2280 5388 contraria,
2304 5322 2482 5377 nullus
2506 5316 2758 5387 prmterit
2783 5311 2885 5367 nisi
2912 5317 3287 5377 lt‘ausgressor
3312 5305 3465 5376 legis,
3518 5364 3521 5367 ν
