3944 5414
547 407 656 464 455

1534 407 1592 467 S.
1630 408 1919 468 ABBONIS
1956 408 2246 468 ABBATIS
2285 406 2776 470 FLOR-MCENSIS

2713 292 2754 306 ι..

3687 414 3779 474 636

543 533 774 580 matrem
818 525 948 580 cmdi
977 525 1202 590 videret,
1241 526 1339 580 nisi
1373 540 1493 581 eam
1524 529 1776 597 eriperet.
1811 529 1986 598 capite
2016 543 2115 597 pu-
2142 531 2189 588 Α
2218 539 2590 598 argumentum
2639 527 2666 581 a
2719 538 2840 582 nota
2881 529 3130 584 facillime
3167 528 3428 594 dissolvit,
3458 531 3584 586 dum
3607 529 3781 598 iurare

545 618 792 670 nirctur:
823 618 1041 686 quidam
1075 616 1255 684 itaque
1297 615 1514 684 juvenis
1544 620 1596 672 in
1644 618 1839 688 templo
1885 616 2108 671 Veneris

549 717 777 762 matrem
804 709 934 762 ca'di
965 709 1116 772 vidit,
1145 717 1228 773 et,
1257 711 1536 778 ingressus
1561 710 1842 779 templum,
1883 720 2110 764 matrem

545 803 762 871 eripuit.
796 802 1070 869 Quteritur
1114 804 1242 872 quid
1287 805 1456 874 magis
1505 805 1796 859 observare
1843 802 2110 865 debuerit,

544 892 670 944 dum
693 898 919 944 matrem
949 891 1081 946 caedi
1113 891 1283 955 vidit;
1313 907 1405 946 seu
1435 891 1580 945 enim
1610 892 1863 956 intraret,
1886 904 1979 945 seu
2005 905 2111 944 non

544 979 792 1048 intraret,
829 983 1007 1052 capite
1041 983 1342 1051 puniendus
1370 992 1488 1037 erat
1533 999 1547 1034 :
1582 983 1675 1037 sed
1713 982 1886 1052 pietas
1916 979 2112 1050 przeiu-

541 1073 705 1138 dicat,
735 1089 854 1142 quce
886 1089 984 1142 pro
1026 1073 1215 1128 matris
1261 1071 1456 1128 aﬂ‘ectu
1506 1088 1627 1127 cum
1669 1073 1904 1126 utilitate
1929 1079 1986 1125 et
2014 1072 2112 1124 ho-

543 1173 752 1218 nestate
790 1173 1102 1218 accusatum
1134 1173 1345 1234 purgat.
1373 1163 1581 1219 Similis
1607 1173 1691 1219 est
1720 1163 1802 1217 lex
1849 1161 2015 1232 Moysi
2045 1163 2114 1214 de

537 1253 953 1309 circumcisione
980 1254 1154 1324 pueri,
1191 1254 1235 1308 si
1267 1254 1383 1324 ejus
1405 1263 1595 1309 octava
1625 1253 1740 1308 dies
1765 1268 1794 1307 a
1828 1253 2112 1307 nativitate

536 1345 824 1416 ctutigcrit
853 1342 1032 1414 (Gem,
1065 1360 1195 1413 xvtt,
1231 1346 1341 1415 12).
1391 1344 1447 1399 In
1489 1345 1638 1400 Novo
1680 1359 1893 1414 quoque
1922 1345 2111 1398 Testa-

536 1443 720 1491 mento
742 1436 868 1491 alibi
894 1452 1031 1491 uxor
1052 1436 1342 1507 diligenda,
1367 1437 1491 1492 alibi
1515 1437 1638 1491 odio
1663 1436 1903 1490 habenda
1929 1434 2078 1503 (Luc.
2093 1475 2107 1497 ,

532 1541 645 1592 xw,
689 1528 782 1597 26)
844 1529 1176 1599 prtecipitur,
1227 1543 1350 1599 qua:
1395 1529 1576 1584 omnia
1627 1527 1971 1582 discretionis
2019 1525 2109 1580 ille

532 1616 744 1686 gladius
769 1626 1006 1685 separat,
1037 1632 1196 1686 quem
1229 1619 1616 1688 iguoraverunt
1657 1617 1828 1673 Judaei
1851 1657 1864 1680 ,
1915 1618 2012 1687 qui
2041 1617 2107 1670 ad

531 1707 1010 1776 interrogationem
1058 1706 1186 1763 .lesu
1235 1709 1300 1763 de
1346 1708 1614 1779 baptismo
1644 1707 1864 1762 Joannis
1915 1710 2108 1764 timen-

530 1808 614 1852 tes
647 1799 900 1867 utrinque
944 1800 1112 1863 feriri,
1155 1799 1374 1854 hebetes
1411 1811 1536 1854 sunt.
1567 1801 1694 1855 facti
1723 1800 1962 1872 (Mallia,
1988 1816 2103 1865 xxt,

529 1890 622 1955 es,
644 1891 760 1960 se).

530 1991 536 1998 ‘
599 1981 864 2038 Caeterum
894 1983 1017 2053 quia
1050 2000 1149 2040 nos
1179 1983 1246 2041 de
1273 1983 1581 2054 iuramento
1609 1984 1892 2056 ccepimus,
1921 1984 2105 2040 dicen—

532 2073 659 2128 dum
693 2083 779 2128 est
827 2075 966 2142 quod
1018 2086 1224 2130 remota
1267 2077 1564 2146 cupiditate
1605 2078 1872 2131 neminem
1917 2085 2106 2146 sponte

526 2165 758 2222 delectet
783 2165 996 2235 iurare;
1031 2169 1123 2223 sed
1156 2170 1350 2238 sacpius
1380 2186 1408 2223 a
1441 2169 1582 2225 malo
1606 2177 1688 2223 est
1711 2166 2103 2234 inramentnm,

533 2269 590 2312 ut
649 2260 723 2312 ait
769 2259 1115 2330 Evangelium
1171 2261 1388 2328 (Matth.
1447 2277 1479 2314 v
1511 2302 1524 2323 ,
1567 2261 1680 2329 54).
1736 2259 1868 2314 Nam
1930 2260 2104 2315 malus

524 2348 678 2403 dives
716 2350 974 2418 apprimit
1001 2366 1312 2420 pauperem,
1341 2351 1515 2406 malus
1544 2352 1681 2406 latro
1705 2352 1899 2422 spoliat
1931 2353 2104 2408 viato-

523 2457 670 2504 rem,
703 2443 873 2498 malus
913 2445 1273 2500 calumniator
1315 2445 1583 2516 disceptat
1615 2455 1801 2501 contra
1845 2461 2103 2501 Innocenc

528 2545 667 2598 tem;
696 2543 857 2604 atque
883 2535 954 2590 ita
979 2537 1162 2604 nequit
1187 2537 1352 2590 miser
1371 2535 1608 2605 effugere
1630 2536 1853 2606 laqueos
1877 2537 2101 2602 inimici,

523 2639 684 2695 quem
713 2626 835 2696 plus
873 2642 1027 2696 :rquo
1056 2628 1258 2696 patitur
1304 2627 1574 2697 ignobilis.
1625 2627 1759 2682 Dum
1795 2627 1960 2692 enim,
1990 2628 2104 2682 vio-

522 2719 689 2772 lentia
762 2719 1033 2773 exactoris
1095 2735 1252 2788 quem
1301 2719 1471 2773 vitare
1537 2720 1868 2788 nequimus,
1916 2718 2102 2788 iurare

523 2809 788 2876 cogimur,
812 2807 1103 2878 aliquando
1125 2809 1176 2862 in
1204 2809 1498 2879 periurium
1524 2809 1755 2864 labimur
1780 2810 2102 2864 necessitate

523 2905 696 2950 coacti
728 2938 742 2962 ,
794 2908 889 2952 aut
940 2897 1294 2967 quorumdam
1343 2900 1627 2954 malesarta
1679 2901 1848 2970 gratia
1904 2900 2098 2962 illecti;

518 2987 785 3054 siquidem
835 2987 1084 3050 adulter,
1135 2988 1386 3057 fugiendo
1428 2998 1654 3043 mortem
1708 2989 2096 3059 temporalem,

523 3077 753 3131 absolvit
782 3091 841 3131 se
880 3084 1220 3131 sacramento
1247 3092 1352 3131 non
1381 3091 1504 3132 esse
1547 3093 1698 3132 reum
1731 3079 1998 3139 adulterii,
2045 3089 2101 3132 et

519 3165 592 3217 ita
641 3181 700 3219 se
729 3175 942 3218 aeternae
991 3165 1151 3219 morti
1201 3163 1426 3219 addixit.
1459 3164 1688 3232 Quidam
1727 3166 1888 3221 etiam
1920 3166 1973 3220 in
2016 3176 2100 3219 tu-

2218 618 2289 671 sit
2332 617 2456 685 jure
2504 635 2662 673 orare
2695 637 2707 672 :
2741 621 2829 688 qui
2876 620 3018 674 enim
3068 617 3206 674 falso
3247 620 3583 674 veraciterve
3625 632 3735 674 orat
3763 664 3778 681 .

2210 707 2330 774 iure
2374 719 2465 762 aut
2495 727 2597 763 non
2637 709 2760 777 iure
2789 709 3133 780 pronuntiat;
3170 711 3291 779 iure
3335 719 3518 764 autem
3546 719 3668 765 orat
3695 713 3779 780 qni

2217 815 2248 853 a
2296 800 2521 855 veritate
2569 817 2674 854 non
2720 800 2974 863 declinat,
3028 817 3132 855 non
3173 799 3296 868 iure
3334 816 3466 856 vero
3515 801 3605 869 qui
3649 804 3780 871 cogit

2213 890 2494 944 veritatem
2551 890 2819 946 involvere
2872 890 3180 954 mendacio;
3234 906 3330 944 nec
3369 890 3493 958 iure
3563 893 3784 961 raptoris

2215 980 2528 1034 violentiam
2580 982 2830 1044 sustinet,
2879 982 2968 1051 qui
3015 980 3160 1048 iuste
3194 982 3399 1050 accepit
3433 983 3579 1050 quod
3611 983 3777 1036 habet.

2216 1070 2380 1126 Debet
2411 1071 2573 1139 igitur
2603 1080 2844 1141 repetere
2875 1071 3134 1140 quidquid
3175 1070 3319 1139 iuste
3349 1072 3563 1134 habuit,
3597 1071 3780 1140 injuste

2211 1163 2462 1232 perdidit.
2496 1165 2748 1218 Attamen
2778 1163 3013 1231 iuravit,
3046 1165 3124 1218 ait
3152 1165 3346 1233 aliquis
3371 1204 3385 1228 ,
3418 1164 3545 1219 licet
3576 1163 3778 1219 defendi

2211 1255 2381 1322 possit
2405 1270 2507 1308 non
2525 1253 2736 1320 iurasse
2761 1256 2848 1325 qui
2873 1270 2977 1310 non
2999 1256 3172 1310 oravit
3189 1254 3328 1323 iure.
3357 1255 3780 1324 quandoquidem

2211 1347 2276 1400 ad
2308 1347 2388 1401 sui
2435 1347 2800 1402 defensionem
2829 1357 2992 1420 atque
3035 1349 3101 1402 ad
3133 1348 3398 1404 abluenda
3442 1350 3669 1404 crimina
3697 1351 3782 1403 dat

2209 1437 2383 1493 locum
2407 1436 2730 1505 iuridicialis
2757 1439 3039 1495 clementia
3071 1452 3126 1496 et
3161 1441 3244 1495 lex
3286 1442 3487 1496 divina.
3523 1442 3581 1497 Si
3609 1452 3778 1496 autem
3809 1435 3822 1440 ”

2210 1531 2483 1585 audientia
2552 1531 2932 1596 subtrahitur,
2983 1548 3090 1588 non
3136 1531 3260 1600 iure
3310 1535 3406 1588 sed
3470 1535 3785 1590 crudelitate

2207 1621 2446 1676 exhibita
2485 1623 2790 1677 innocentia
2842 1623 3133 1678 damnatur
3167 1643 3178 1677 :
3212 1639 3336 1678 nam
3365 1665 3380 1686 ,
3407 1625 3570 1679 .sicut
3615 1625 3784 1694 maius

2207 1719 2488 1780 peccatum
2523 1711 2622 1764 fuit
2673 1710 2824 1766 inda:
2871 1711 3134 1767 tradentis
3177 1729 3339 1782 quam
3383 1713 3545 1768 Pilati
3577 1714 3784 1768 cruc'ﬁ-

2209 1800 2408 1872 gentis,
2457 1801 2528 1854 ita
2587 1802 2762 1871 maius
2807 1810 3086 1872 peccatum
3132 1812 3213 1858 cst
3256 1804 3501 1873 peierare
3549 1806 3786 1873 cogentis

2134 1871 2367 1960 Bquam
2419 1889 2544 1958 eius.
2603 1891 2694 1960 qui
2753 1871 3012 1946 innocens
3059 1871 3270 1962 peierat
3322 1871 3516 1947 timore
3566 1871 3778 1954 mortis;

2209 1979 2642 2049 quandoquidem
2700 1979 2933 2044 Petrus,
2987 1981 3114 2034 dum
3164 1981 3298 2036 mori
3349 1981 3559 2046 timuit,
3613 1982 3782 2035 Vitam

2208 2071 2446 2140 negavit.
2481 2068 2883 2132 Verumtamen,
2935 2070 3184 2124 Immanre
3237 2070 3514 2142 fragilitati
3568 2087 3786 2140 compa-

2209 2165 2368 2229 tiens,
2417 2162 2653 2231 respexit
2703 2162 2957 2215 Dominus
3003 2161 3220 2216 Petrum
3267 2173 3320 2216 et
3359 2160 3477 2230 eius
3520 2162 3786 2233 lacrymas

2207 2255 2400 2324 quibus
2438 2253 2581 2309 ﬂevit
2622 2269 2826 2315 amare,
2863 2261 2918 2308 et
2954 2267 3058 2307 non
3104 2252 3302 2323 legitur
3339 2268 3434 2308 eos
3486 2257 3786 2324 respexisse

2205 2361 2433 2414 quorum
2468 2354 2673 2399 terrore
2699 2343 2892 2399 defecit
2923 2359 2952 2397 a
2983 2342 3184 2398 Christi
3213 2343 3594 2410 confcssrone;
3623 2345 3786 2414 siqm-

2206 2441 2326 2495 dem
2358 2439 2582 2494 incurrit
2608 2455 2712 2494 non
2745 2439 3082 2495 dissimiliter
3115 2441 3321 2510 peccati
3356 2435 3568 2496 foveam
3597 2439 3782 2508 huius-

2205 2535 2345 2589 modi
2372 2544 2594 2606 negator
2619 2544 2672 2590 et
2699 2533 2968 2605 peierans,
2997 2550 3117 2589 cum
3143 2544 3197 2588 et
3228 2534 3316 2589 ille
3343 2550 3541 2590 nomen
3574 2533 3781 2588 Domini

2203 2626 2447 2681 conﬁteri
2481 2626 2774 2689 erubescit,
2808 2635 2863 2680 et
2892 2626 2994 2680 iste
3029 2625 3080 2680 in
3113 2640 3306 2679 vanum
3351 2625 3604 2687 assumit,
3634 2624 3780 2678 vide-

2202 2715 2348 2776 licet,
2377 2725 2639 2785 quantum
2677 2725 2758 2770 est
2787 2716 2839 2769 in
2879 2731 2936 2770 sc
2961 2755 2976 2778 ,
3007 2723 3100 2768 aut
3131 2715 3324 2769 timore
3366 2723 3461 2768 aut
3491 2715 3783 2783 cupiditate

2201 2809 2276 2875 (et
2325 2807 2618 2876 cupiditate
2665 2807 2884 2876 quidem
2917 2808 3055 2860 sicut
3106 2806 3429 2874 negotiator,
3464 2804 3660 2858 timore
3693 2820 3782 2857 au-

2203 2906 2307 2950 tem
2367 2897 2503 2951 sicut
2554 2896 2674 2951 ﬁdei
2726 2897 2922 2950 invitus
2973 2895 3265 2964 proditor);
3319 2893 3457 2947 unde
3503 2892 3780 2960 Scriptura

2201 2990 2380 3044 divina
2423 2988 2611 3059 iurare
2657 2988 2924 3059 prohibet,
2973 2996 3026 3041 et
3077 2987 3294 3041 additur
3323 2985 3530 3054 quare?
3577 2985 3782 3039 scilicet

2203 3096 2270 3135 ne
2299 3080 2434 3134 forte
2463 3079 2730 3150 periuret;
2763 3079 2886 3148 quia
2910 3076 3212 3147 periurare,
3236 3092 3339 3131 non
3359 3076 3569 3144 iurare,
3604 3089 3782 3143 pecca-

2207 3181 2319 3224 tum
2351 3179 2454 3224 est.
2482 3170 2620 3224 Albi
2652 3185 2866 3239 quoque
2893 3173 3153 3238 scriptmn
3189 3177 3274 3221 est
3307 3184 3320 3220 :
3353 3165 3565 3219 Iuravit
3603 3165 3781 3218 Domi-

521 3257 692 3310 multu
745 3271 838 3310 seu
889 3256 1290 3325 conspiratione
1337 3255 1553 3310 militari
1596 3255 1804 3324 iuravit
1865 3266 2094 3310 mortem
2125 3229 2170 3290 Ο
2203 3280 2299 3315 mla
2329 3303 2344 3326 ,
2386 3273 2565 3316 etnon
2603 3229 2860 3331 pte-nitebit
2908 3229 3023 3314 cuni
3072 3256 3244 3330 (Psal.
3277 3274 3387 3323 (ιιι,
3417 3257 3494 3324 4).
3528 3256 3780 3326 Quoniam

518 3348 705 3417 optimi
742 3348 1100 3417 impera'oris.
1135 3349 1203 3402 Et
1233 3345 1358 3414 quid
1399 3347 1612 3401 dicam?
1638 3347 1727 3402 ille
1749 3346 1861 3414 iam
1899 3348 2098 3402 occidit

520 3453 672 3492 suam
704 3439 962 3502 animam,
995 3438 1124 3493 licet
1151 3438 1364 3493 Veritas
1400 3437 1573 3492 dicat:
1603 3438 1782 3493 Nolite
1807 3440 1987 3494 timere
2011 3457 2096 3493 cos

517 3531 608 3598 qui
654 3530 896 3583 occidunt
943 3545 1174 3597 corpus,
1227 3531 1459 3584 animum
1515 3539 1683 3584 autem
1729 3547 1832 3584 non
1883 3541 2096 3599 possunt

520 3618 791 3674 occidere?
835 3619 1054 3689 (Matth.
1110 3635 1162 3679 x.
1198 3620 1315 3688 28.)
1367 3619 1474 3674 Iste
1526 3635 1659 3675 vero
1709 3621 1760 3676 in
1812 3619 2096 3678 affectione

517 3711 726 3778 peccati
760 3712 936 3764 adhuc
973 3709 1265 3775 deliberat,
1297 3718 1460 3779 atque
1489 3711 1588 3765 sub
1621 3712 1864 3780 partibus
1891 3712 2096 3767 delibe-

522 3800 748 3854 rationis
779 3801 907 3869 quid
953 3800 1023 3855 sit
1062 3801 1244 3857 utilius
1272 3800 1357 3855 vel
1395 3800 1675 3856 honestius
1710 3801 1974 3867 consulit;
2006 3802 2092 3856 cui

516 3891 819 3946 consulenti
871 3891 1119 3960 exemplo
1161 3891 1236 3945 sit
1285 3889 1483 3946 factum
1530 3891 1672 3946 illius
1715 3907 1875 3946 manu
1914 3891 2091 3955 fortis,

514 3982 628 4051 qui,
688 3992 972 4052 postquam
1033 3982 1239 4051 iuravit
1295 3981 1724 4038 interfectionem
1771 3981 1938 4037 Nabal
1989 3983 2090 4036 viri

517 4074 667 4128 stulti
693 4083 746 4127 ct
774 4073 948 4140 impii,
974 4074 1271 4127 interventu
1300 4072 1548 4142 Abigahil
1576 4074 1855 4141 prudentis
1878 4072 2092 4128 femina:

513 4164 704 4218 maluit
748 4163 1045 4232 periurimn
1090 4163 1402 4232 paenitendo
1447 4163 1647 4225 delere,
1688 4177 1850 4232 quam
1903 4175 2092 4232 perpe-

509 4263 655 4309 trato
690 4255 979 4310 homicidio
1026 4254 1150 4308 mali
1188 4255 1293 4308 voti
1324 4269 1544 4325 compos
1579 4255 1813 4310 existere
1841 4253 1893 4324 (1
1935 4254 2087 4324 Reg.,

508 4343 662 4411 xxv).
698 4343 1038 4413 Quapropter
1082 4344 1125 4397 si
1173 4358 1333 4413 quem
1370 4344 1587 4413 iurandi
1638 4345 1971 4401 consuetudo
2023 4346 2089 4399 ad

511 4433 656 4490 hunc
691 4436 892 4488 exitum
930 4435 1104 4503 vergit
1130 4450 1236 4502 quo
1282 4434 1564 4504 pl‘rosque
1606 4437 1770 4490 Deum
1801 4438 2090 4494 offendisse

511 4540 616 4579 non
648 4527 836 4585 nescit,
865 4527 1156 4580 suademus
1184 4525 1439 4579 aliorsum
1483 4528 1671 4596 pedem
1703 4527 1894 4582 leviter
1924 4528 2088 4596 ﬁgere

509 4619 689 4686 potius
715 4633 876 4686 quam
923 4619 1028 4672 ta'e
1076 4617 1427 4686 prazcipitium
1460 4629 1735 4688 appetere,
1765 4633 1870 4688 quo
1898 4621 2089 4675 dillici-

511 4709 612 4763 lfor
642 4709 950 4779 resurgendi
984 4723 1107 4778 spes
1139 4709 1305 4776 possit
1346 4708 1544 4762 inesse.
1596 4711 1687 4762 Sic
1713 4712 1776 4762 de
1807 4711 2088 4782 naufragio

506 4800 744 4852 obsessa:
788 4799 1022 4852 civi:atis
1053 4800 1282 4853 evadere
1331 4800 1547 4866 cupient
1585 4815 1609 4851 s
1635 4839 1648 4860 ,
1683 4799 2084 4868 illam.partem

507 4892 647 4945 llittl‘i
697 4899 957 4960 expetunt
989 4907 1149 4960 quam
1197 4891 1497 4946 breviorem
1548 4901 1838 4955 noverunt;
1874 4906 2088 4960 seu-per

505 4984 647 5037 enim
702 4985 934 5038 hostium
975 4985 1161 5038 eunt-is
1207 4983 1547 5036 circumsessi
1585 4998 1748 5050 grave
1789 4983 2082 5048 periculum

502 5074 754 5136 vitamus,
782 5075 908 5126 dttm
939 5071 1202 5127 evadendi
1233 5072 1434 5125 aditum
1466 5075 1788 5139 quarrimus;
1819 5071 2082 5139 siquidem

501 5161 656 5208 ιιιηΙιί
693 5163 998 5214 lativrintho
1025 5163 1230 5216 erroris
1259 5160 1551 5222 periurium
1581 5161 1751 5214 vitare
1786 5169 2079 5228 nequeunt,

2193 3355 2582 3424 iuramentum,
2633 3353 2726 3407 sed
2773 3351 3003 3406 mendax
3057 3359 3285 3413 tantum,
3334 3347 3581 3418 sequitur
3613 3345 3781 3414 pceoi-

2200 3447 2383 3501 tentia:
2412 3444 2732 3499 remedium.
2757 3443 2884 3498 Haec
2908 3443 2976 3498 de
2994 3441 3318 3514 iuramentis
3343 3449 3536 3509 sponte
3561 3437 3780 3508 prolatis

2199 3547 2254 3593 et
2301 3537 2566 3591 violenter
2608 3534 2836 3588 extortis
2885 3542 2988 3587 tute
3035 3531 3356 3586 fraternitati
3407 3529 3654 3584 scribens
3701 3528 3780 3580 di-

2197 3627 2382 3689 stinxi,
2409 3635 2466 3681 et
2503 3641 2689 3680 eorum
2721 3622 3051 3679 diﬁ‘erentias
3099 3620 3322 3691 collegi,
3375 3627 3455 3682 ut,
3489 3628 3776 3688 postquam

2196 3720 2263 3772 ad
2301 3728 2403 3772 tua:
2437 3716 2642 3784 peritia:
2680 3714 2978 3769 sacrarium
3011 3712 3374 3782 pervenerint,
3407 3718 3611 3778 tuoque
3654 3721 3779 3760 exa-

2197 3812 2342 3866 mine
2364 3808 2666 3878 quibusque
2689 3803 2947 3859 fratribus
2970 3801 3291 3873 placuerint,
3315 3799 3493 3869 palam
3525 3795 3777 3852 omnibus

2195 3901 2411 3956 recitari
2441 3899 2667 3968 possint.
2696 3893 2808 3949 Nec
2833 3893 3010 3949 differt
3040 3893 3084 3946 is
3105 3891 3196 3961 qui
3224 3891 3407 3962 iurare
3435 3887 3776 3957 compellitur

2195 3996 2264 4050 ab
2301 4007 2367 4048 eo
2405 3992 2496 4061 qui
2551 3989 2814 4044 violenter
2861 3985 3193 4056 baptizatur,
3227 3983 3272 4038 si
3316 3992 3549 4050 uterque
3598 3993 3777 4034 sacra-

2193 4084 2360 4138 menti
2386 4081 2614 4136 violator
2655 4080 2956 4141 habeatur;
2985 4076 3240 4146 quoniam
3263 4115 3278 4140 ,
3310 4082 3369 4126 ut
3397 4073 3476 4126 ait
3521 4071 3776 4142 Augusti-

2191 4190 2294 4229 nus
2318 4213 2333 4238 ,
2370 4191 2390 4223 ‹
2432 4173 2500 4226 ad
2535 4171 2830 4226 Ecclesiam
2876 4177 3053 4238 potest
3083 4165 3222 4221 trahi
3272 4165 3482 4226 nolens,
3516 4164 3774 4218 accedere

2193 4267 2259 4320 ad
2306 4264 2475 4318 altare
2509 4271 2686 4331 potest
2716 4259 2928 4322 uolens,
2960 4257 3210 4324 accipere
3237 4264 3415 4325 potest
3463 4267 3770 4308 sacramen-

2192 4365 2305 4409 tum
2347 4355 2556 4414 nolens,
2591 4353 2815 4406 credere
2849 4365 2954 4403 non
3001 4357 3180 4418 potest
3218 4346 3321 4400 nisi
3355 4345 3566 4408 volens,
3616 4345 3770 4398 ﬁdem

2190 4447 2244 4501 in
2286 4446 2448 4501 corde
2477 4459 2580 4498 non
2609 4450 2784 4512 potest
2807 4454 3025 4496 scrvare
3053 4437 3152 4492 nisi
3181 4436 3386 4490 volens.
3435 4436 3773 4505 Quapropter

2190 4544 2379 4592 caveat
2412 4535 2534 4605 quis
2579 4533 2644 4586 ad
2685 4538 3025 4586 sacramenta
3072 4527 3192 4581 ti‘dei
3226 4526 3502 4582 nolentem
3549 4523 3773 4592 compel.

2191 4630 2344 4694 lere,
2396 4643 2463 4681 ne
2514 4623 2880 4681 damnationis
2934 4619 3192 4690 compede
3240 4633 3298 4673 se
3353 4619 3534 4688 potius
3581 4618 3771 4686 obliget

2191 4734 2350 4788 quam
2404 4717 2550 4770 illum
2601 4728 2758 4783 quem
2811 4710 3020 4765 violatae
3080 4709 3202 4764 ﬁdei
3253 4723 3406 4762 reum
3463 4709 3765 4769 existimat;

2191 4823 2314 4860 nam
2350 4806 2540 4860 veneni
2575 4802 2892 4872 propinator
2934 4811 2988 4852 et
3015 4809 3231 4868 potator
3258 4808 3490 4866 uterque
3522 4798 3765 4859 moritor,

2191 4899 2283 4953 Sed
2315 4898 2403 4952 ille
2430 4898 2480 4950 in
2513 4897 2713 4958 animo,
2741 4894 2842 4948 iste
2873 4892 3066 4945 violata
3092 4891 3336 4960 corporis
3357 4899 3556 4944 natura
3587 4891 3765 4960 (Aug.,

2193 4988 2367 5041 Trucl.
2406 5002 2553 5050 xxvi,
2585 4987 2638 5039 in
2660 4985 2870 5052 10am).
2917 5002 2937 5036 ι
2976 4981 3128 5037 Unde
3155 4998 3241 5036 me
3271 4981 3432 5036 undet
3460 4984 3587 5037 vita:
3617 4998 3763 5042 meze,

2187 5089 2240 5132 et
2275 5080 2560 5148 aliquando
2610 5077 2741 5130 satis
2783 5075 3140 5143 lacrymarum
3173 5072 3406 5135 cfftmdo,
3440 5075 3572 5126 dum
3619 5075 3767 5127 iuno-

2186 5181 2399 5224 centum
2435 5171 2772 5224 calamitates
2822 5169 3052 5229 intueor,
3091 5174 3144 5218 ct
3173 5180 3294 5219 cum
3331 5165 3412 5218 eis
3439 5166 3549 5220 vim
3581 5180 3766 5234 passus
