3944 5414
3484 254 3551 297 ν.

198 332 288 394 ατ
1589 343 1969 405 Εριδτοιιε.
3349 348 3454 411 ιδε

200 452 415 510 maxime
469 466 659 509 eorum
710 452 919 512 decano
966 452 1343 515 CONSTANTINO
1369 500 1383 526 ,
1432 460 1657 518 salutem
1709 462 1763 517 iu
1792 467 1841 522 Α
1871 458 2241 515 insidiantium
2278 475 2492 534 gregem
2524 464 3079 530 suecenturiatorum,
3106 465 3452 537 quandoqui—

200 540 424 597 Duutiuo.
1866 548 1988 603 dem
2011 550 2061 604 ei
2086 549 2261 605 locum
2294 552 2626 610 defensionis
2654 554 2973 622 obstruunt,
3003 559 3145 628 quod
3173 559 3227 613 in
3259 558 3451 618 Eccle-

258 633 381 687 Dum
409 633 650 691 charitas
675 637 746 691 sit
773 638 913 693 bona
940 635 1207 707 voluntas,
1238 642 1406 696 miror
1435 660 1541 713 qua
1586 645 1762 700 fronte
1866 641 1945 695 sia
1970 643 2235 698 catholica
2268 644 2397 699 nuiii
2424 646 2687 703 hactenus
2718 646 2821 703 fuit
2844 649 3071 705 licitum.

200 739 253 777 eo
283 726 415 780 bono
440 742 639 782 carere
670 744 778 783 non
827 730 1152 797 erubuistis,
1182 728 1272 801 qui
1318 734 1493 803 palam
1540 736 1762 790 conﬁtc—
1932 731 2171 787 Tandem
2220 735 2286 789 ad
2313 743 2385 798 te,
2434 738 2506 791 mi
2551 739 2822 807 quondam
2874 740 3155 797 familiaris
3204 739 3451 827 Letaldc,

201 811 312 867 mini
348 831 631 872 nocerem
672 828 867 876 vestra:
895 823 1047 879 malae
1075 824 1385 892 voluntatis,
1418 843 1522 882 non
1554 838 1759 883 tantum
1866 835 2006 876 nunc
2027 836 2206 877 sermo
2226 824 2498 894 dirigitur.
2528 827 2680 897 cuius
2713 828 2845 884 alias
2892 830 3220 900 singularem
3271 823 3447 890 εεῖεηέ

200 905 354 957 verbis
380 914 647 974 quantum
678 908 875 965 litteris
906 928 1041 982 quas
1082 915 1285 971 nostris
1323 915 1580 974 fratribus
1622 916 1757 973 dire-

1866 912 1994 965 tiam
2033 928 2148 967 mea
2170 914 2411 982 parvitas
2432 916 2778 985 amplectitur
2818 929 2874 974 et
2923 922 3150 977 summis
3199 922 3448 979 laudibus

202 994 358 1060 κῑςιῑες
413 998 559 1067 ηυοά
616 1000 802 1069 utique
853 1001 1031 1059 facere
1086 1020 1190 1059 mm
1244 1006 1524 1063 dabuislis,
1578 1009 1762 1081 Neque
1863 1003 2120 1059 extollere
2142 1005 2351 1059 nititur.
2379 1006 2518 1074 Quid
2548 1016 2638 1063 tua
2665 1010 2906 1065 interfuit
2933 1012 3090 1068 unius
3139 1015 3325 1071 miseri
3367 1017 3449 1073 vi-

197 1085 322 1138 cuim
366 1085 581 1143 illorum
625 1086 1001 1147 benevolentia
1036 1091 1267 1150 libenter
1315 1099 1537 1169 suscipit
1569 1102 1761 1171 [διδαξάί-
1866 1104 1970 1148 lum
1998 1096 2309 1161 (ἳοτνοάετον
2350 1098 2513 1153 “ﬂius
2557 1099 2934 1157 Ιιοῐηυηείοηίε
2975 1118 3099 1174 (Ιηω
3141 1120 3247 1160 ηθη
3290 1116 3448 1162 eum

200 1178 386 1231 catores
433 1187 727 1246 scelerum,
774 1181 1078 1252 proditores
1133 1203 1370 1253 reorum,
1415 1205 1761 1250 accusatores

198 1265 420 1330 fratrum,
468 1270 709 1325 maxime
755 1273 844 1327 ubi
882 1269 995 1344 (9.3)
1030 1292 1132 1331 non
1181 1277 1503 1347 admittitur,
1555 1283 1640 1337 ubi
1672 1300 1760 1338 au-

199 1355 372 1410 dientia
401 1373 494 1413 reo
522 1360 855 1432 denegatur,
890 1379 1014 1419 cum
1042 1368 1305 1437 scriptum
1337 1370 1408 1424 sit
1434 1372 1575 1440 quod
1601 1388 1759 1429 neruo

198 1444 367 1500 abeens
392 1448 639 1504 damnari
671 1454 863 1521 possit.
898 1453 1037 1510 Vere
1067 1456 1273 1524 fateor,
1307 1458 1504 1516 fratres
1540 1472 1759 1520 nostros

200 1539 368 1591 vostris
391 1537 641 1595 laudibus
670 1544 1073 1600 commaculare
1114 1544 1380 1613 voluistis,
1412 1565 1548 1620 quos
1571 1593 1585 1616 ,
1621 1569 1682 1608 ac
1712 1553 1757 1608 si

201 1629 496 1699 romplices,
552 1645 750 1688 vestra:
799 1634 1082 1693 calumniae
1124 1638 1449 1710 adjunxistis
1497 1642 1754 1710 fautores,

201 1719 574 1779 dctrectationis
600 1722 835 1791 judices,
859 1729 1224 1786 accusationis
1251 1734 1526 1803 prresules.
1555 1735 1753 1790 Verum

1865 1186 1989 1240 ritia
2012 1187 2293 1254 denotare,
2323 1205 2444 1244 cum
2471 1190 2734 1260 scriptum
2761 1193 2832 1247 sit
2855 1194 2995 1262 quod
3022 1195 3238 1266 sapiens
3266 1199 3444 1267 poeni-

1864 1276 2021 1329 rcnda
2052 1291 2155 1330 non
2186 1279 2512 1333 committit?
2533 1280 2603 1333 At
2630 1280 2879 1337 fortassis
2912 1290 3125 1337 tuorqu
3177 1283 3443 1342 factorum
3503 1333 3512 1349 .

1862 1368 2232 1436 nonpmnitet.
2270 1367 2650 1427 Verumtamen
2685 1372 2809 1444 quis
2840 1374 3200 1431 ministerium
3248 1378 3447 1437 diaboli

1860 1456 2090 1509 Lbeuter
2120 1460 2432 1528 assumpsit,
2486 1469 2546 1515 ut
2595 1462 2728 1517 vitia
2782 1464 3060 1519 hominum
3104 1469 3340 1535 denotet,
3390 1470 3444 1524 in

1859 1544 2116 1599 cathedra
2147 1548 2467 1616 pestilentia:
2489 1552 2672 1606 sedeat
2703 1550 2877 1622 (Psal.
2914 1571 2953 1621 ι,
2986 1556 3060 1625 1),
3089 1558 3446 1625 conciliabula

1860 1639 2263 1708 ntalignautiutn
2297 1644 2436 1698 unde
2467 1647 2677 1700 struat?
2703 1646 2902 1703 llortor
2928 1659 2985 1705 et
3022 1651 3286 1720 obtestor,
3317 1653 3437 1708 cha

1860 1731 2091 1795 rissinie,
2126 1734 2413 1790 recordare
2442 1736 2777 1794 infirmitatis
2807 1749 2911 1797 tum
2930 1785 2945 1806 ,
2999 1758 3213 1801 assume
3237 1746 3444 1802 viscera

198 1824 357 1865 eorum
404 1812 717 1869 innocentia
770 1817 838 1872 ab
888 1819 1193 1889 lmjnsmodi
1248 1835 1399 1894 peste
1468 1842 1631 1896 quam
1681 1830 1751 1883 sit
1784 1825 1827 1885 Β
1859 1823 2267 1889 misericordim,
2296 1826 2492 1883 fratres
2524 1838 2645 1886 tuos
2675 1847 2863 1903 argue,
2912 1836 3160 1903 obsecra,
3222 1839 3444 1912 increpa

201 1906 445 1966 extranea,
490 1911 723 1960 testatur
771 1907 1094 1966 Fredericus
1138 1911 1387 1982 ignobilis
1416 1917 1626 1983 scriba,
1662 1921 1753 1989 qui

1861 1913 2087 1967 inomni
2140 1915 2398 1983 patientia
2439 1925 2493 1971 ct
2531 1919 2776 1976 doctrina
2815 1922 2897 1993 (Η
2936 1922 3072 1979 Tim.
3108 1942 3179 1993 tv,
3223 1928 3279 2000 ἓ)
3305 1969 3319 1995 ,
3367 1906 3442 1986 ita

204 2004 320 2043 nunc
340 1988 725 2065 Hierosolymis
750 1998 963 2053 exsulat
983 2016 1081 2070 pro
1103 2017 1320 2058 suorum
1350 1988 1752 2066 mendaciorum
1860 2005 2067 2059 scilicet
2106 2014 2164 2059 ut
2189 2022 2287 2062 nec
2315 2008 2615 2081 increpatio
2644 2012 2710 2068 ad
2743 2014 3174 2085 desperationem
3227 2029 3441 2090 pertra-

203 2077 500 2149 faltrateria,
569 2101 669 2155 pro
718 2090 1148 2160 excogitatorum
1219 2096 1285 2149 de
1332 2098 1445 2152 suis
1498 2100 1755 2160 fratribus
1859 2095 1972 2159 hat,
2007 2110 2105 2151 nec
2150 2096 2408 2168 patientia
2454 2077 2707 2156 vitiorum
2756 2101 2931 2159 fomiti
2971 2077 3307 2164 succumbat.
3362 2108 3441 2165 Tu

203 2168 418 2225 vitiorum
469 2173 715 2230 inaudita
760 2179 1004 2235 historia.
1051 2181 1329 2254 Siquidem
1374 2198 1429 2242 et
1469 2190 1523 2243 in
1573 2202 1754 2249 nostra

1861 2185 1998 2239 enim
2032 2184 2189 2255 hujus
2215 2188 2635 2258 conspirationis
2666 2201 2825 2263 caput
2855 2194 3083 2259 diceris;
3147 2206 3201 2253 tu
3256 2199 3441 2256 domui

202 2259 499 2327 professione
571 2267 863 2337 singularis
936 2272 1091 2329 Odilo
1155 2274 1505 2335 Clunensium
1574 2294 1755 2339 rector
1858 2274 2101 2333 Rotberti
2136 2279 2349 2335 abbatis
2396 2259 2752 2349 tuioﬂicium,
2786 2288 2929 2356 (ιιισά
2956 2290 3099 2344 dictu
3135 2291 3287 2347 [)8de
3337 2302 3436 2356 est,

204 2348 471 2417 huiusmodi
518 2357 989 2432 historiographos
1033 2369 1349 2436 nuperrime
1395 2372 1638 2429 delectos
1684 2376 1753 2432 de

1861 2370 2287 2440 przesumpsisti,
2344 2387 2443 2428 nec
2502 2374 2757 2431 delatoris
2810 2393 3023 2448 poenam
3063 2383 3393 2440 exhorruisti
3423 2426 3436 2439 .

203 2456 279 2496 suo
300 2450 617 2506 monasterio
646 2452 825 2524 ﬂagris
854 2472 1025 2513 czesos
1050 2460 1281 2529 expulit,
1324 2472 1377 2518 et
1401 2464 1545 2523 ferro
1576 2468 1751 2524 absci-
1852 2479 2014 2531 (Ιίιθιη
2046 2465 2358 2533 οΧρθάίιυηι
2397 2467 2651 2524 Omnibus
2679 2469 2836 2524 malis
2859 2470 3063 2542 abs‘l‘le
3112 2473 3219 2529 “"3
3269 2475 3441 2531 "ibe"

205 2535 340 2590 tionis
367 2540 684 2598 terribiliter
718 2546 930 2602 inussit.
975 2549 1341 2623 Prosequendi
1386 2558 1581 2629 quippe
1623 2570 1749 2616 sunt

1861 2551 1994 2606 Iioue
2026 2554 2278 2609 restituat
2328 2556 2671 2627 omnipotens
2702 2558 2844 2614 Deus
2892 2535 3064 2630 patris
3108 2571 3160 2617 et
3210 2562 3459 2627 fratrum,

206 2628 539 2689 aCbristianis
576 2634 833 2694 Saterrici
884 2656 1020 2710 quos
1046 2647 1318 2713 persecuti
1365 2628 1495 2705 sunt
1532 2654 1744 2723 pagani,
1851 2642 2213 2698 "ﬂanimilali-
2239 2645 2386 2702 Vale-

204 2734 392 2786 qttorum
417 2741 561 2783 nunc
587 2728 872 2786 multitudo
892 2736 1168 2796 excrevit:
1200 2753 1361 2809 quam
1392 2740 1456 2795 de
1484 2743 1584 2796 sub
1609 2744 1747 2800 coelo
2399 2736 2732 2794 EPISTOLA
2776 2739 2886 2794 ΧΠ-

205 2815 488 2872 exterminet
567 2819 850 2876 eiementia
929 2824 1127 2881 divina:
1187 2829 1435 2899 pietatis!
1506 2833 1746 2906 Denique

2440 2848 2509 2889 AD
2546 2849 2833 2889 ODILONEM.

204 2904 555 2977 Acephalorum
592 2914 835 2984 heresis,
879 2934 998 2989 quae
1049 2938 1192 2978 nunc
1221 2934 1407 2981 exorta
1452 2936 1570 2991 est,
1620 2904 1742 2985 enm
1916 2922 2279 2996 Praerogativa
2307 2912 2565 2996 insignito
2587 2925 3209 2984 OottostCluniensium
3263 2934 3451 3005 patri,

206 2994 401 3057 Saterris
445 3007 752 3064 damnanda
798 3021 922 3070 est:
977 3017 1233 3085 quoniam
1285 3018 1403 3075 sine
1450 3023 1627 3092 capite
1659 3039 1743 3079 re-
1845 3025 2149 3071 amatorum
2182 3017 2383 3074 Christi
2412 3028 2626 3075 amator
2668 3020 2799 3075 Ana.
2856 3020 3281 3083 Floriacensium
3342 3042 3432 3085 res

206 3098 358 3156 gnam,
382 3094 492 3150 sine
522 3107 676 3167 patre
705 3101 957 3171 Spiritali,
992 3114 1180 3163 contra
1202 3107 1291 3177 jus
1319 3109 1506 3181 fasque
1536 3122 1743 3170 naturae
1845 3116 1983 3172 (ιον.
2015 3108 2243 3164 salulem
2268 3108 2320 3164 in
2352 3109 2598 3165 Domino-

208 3194 308 3235 sues
345 3183 525 3244 fratres
559 3190 856 3259 dilaniant,
888 3205 943 3250 et
980 3200 1292 3257 mordentes
1331 3218 1518 3271 pacem
1551 3207 1742 3276 prmtli-
1770 3186 1814 3249 C
1922 3198 2291 3255 Proficiscenti
2324 3201 2453 3255 mihi
2483 3201 2536 3255 in
2565 3201 2912 3257 Wasconiam
2943 3204 3013 3259 ob
3035 3203 3455 3266 institutionem.

207 3281 322 3335 rant,
360 3289 473 3333 cum
508 3280 714 3337 nullum
760 3298 934 3355 genus
973 3289 1289 3345 animalium
1322 3294 1509 3348 saeviat
1550 3295 1652 3349 nisi
1688 3296 1740 3349 in
1853 3293 2167 3347 monasticaa
2194 3292 2507 3365 religionis,
2524 3294 2749 3367 contigit
2775 3295 3028 3351 devenire
3056 3295 3123 3351 ad
3164 3305 3435 3353 monaste—

208 3361 357 3433 (Ἠερίη
377 3366 512 3425 ieris.
544 3371 909 3447 Quapropter,
936 3379 1291 3450 professionis
1318 3393 1513 3440 vestra:
1541 3401 1747 3442 memo-
1852 3384 1991 3438 rium
2016 3382 2199 3439 Sancti
2233 3361 2486 3456 Cypriani
2538 3361 2814 3456 martyris,
2863 3385 3026 3441 situm
3069 3386 3124 3441 in
3171 3386 3454 3443 suburbior

209 3466 291 3517 res,
312 3470 394 3512 vos
417 3461 479 3515 ad
507 3478 605 3518 vos
632 3466 911 3535 reducite;
942 3471 1069 3539 quid
1103 3487 1288 3527 coram
1324 3476 1435 3530 Deo
1465 3485 1519 3531 et
1543 3478 1748 3535 sanctis
1851 3474 2185 3529 Pictavensis
2212 3474 2585 3531 famosissima:
2620 3476 2803 3541 urbis;
2844 3491 3001 3547 quem
3058 3476 3235 3532 locum
3285 3489 3432 3549 posti-

209 3542 300 3609 ejus
342 3552 626 3621 voveritis,
678 3567 1036 3624 mementote;
1088 3560 1360 3631 abbatem,
1406 3581 1566 3635 quem
1623 3583 1745 3623 cum
1849 3578 2012 3633 quam
2042 3564 2218 3634 reperi
2241 3576 2436 3621 vestra:
2459 3565 2734 3621 subditum
2765 3566 2977 3632 ditioni,
3031 3576 3277 3623 nostrum
3310 3584 3431 3625 cre~

210 3648 283 3687 sua
310 3652 398 3692 una
424 3644 629 3699 ovicula
657 3649 960 3719 expulistis,
992 3653 1312 3723 regulariter
1332 3657 1485 3711 vobis
1510 3673 1745 3727 praeesse
1848 3653 1990 3719 didi;
2023 3654 2275 3723 quoniam
2307 3656 2606 3710 amicorum
2649 3664 2775 3712 sunt
2802 3657 2982 3711 omnia
3010 3659 3345 3725 communia,
3369 3672 3432 3726 ut

208 3721 493 3797 desiderate;
542 3736 659 3807 ejus
723 3740 949 3797 arbitrio
996 3721 1229 3799 fratrum
1297 3721 1523 3803 suorum.
1561 3751 1747 3821 culpas
1846 3753 1929 3798 e.:t
1950 3745 2307 3813 quorumdam
2333 3746 2631 3812 sententia;
2666 3755 2829 3817 atque
2886 3746 3086 3803 idcirco
3137 3750 3300 3807 nimis
3348 3751 3457 3809 ius-—

210 3813 476 3888 relinquite;
525 3835 616 3892 ct,
668 3829 712 3883 si
766 3833 948 3902 regula
1005 3834 1286 3891 Benedicti
1352 3813 1741 3898 monachor-um
1847 3836 1990 3891 dolui
2020 3837 2085 3891 de
2107 3836 2248 3890 fama
2273 3852 2394 3905 qua:
2434 3845 2561 3891 tunc
2584 3837 3127 3907 temporisrvolitabat
3147 3855 3241 3910 per
3267 3856 3429 3898 aures

210 3900 482 3975 li‘g§slatori5
509 3917 781 3986 displicet,
820 3900 1009 3977 gnum,
1050 3924 1296 3994 Ανοειοιῖ
1331 3929 1600 3983 sententia
1629 3930 1744 4001 pta-
1846 3924 1987 3995 vulgi
2018 3963 2034 3990 ,
2094 3940 2253 3993 quam
2284 3926 2401 3981 vice
2446 3926 2746 3981 discutiens
2782 3937 2958 3983 vestra
3008 3928 3149 3983 ultra
3208 3930 3425 3985 modum

210 4005 320 4057 erat,
342 4014 436 4069 qua
473 4004 596 4059 dicit
625 4026 638 4060 :
688 4007 763 4062 Tu
793 4012 881 4080 qui
913 4028 985 4078 es,
1020 4014 1110 4083 qui
1130 4014 1345 4082 judicas
1371 4016 1597 4071 alienun:
1634 4036 1743 4073 ser—
1845 4017 2099 4086 iugemui,
2149 4018 2291 4086 quod
2323 4018 2375 4071 in
2406 4018 2550 4073 virus
2599 4029 2795 4080 nostra:
2843 4018 3191 4090 professionis
3226 4021 3424 4077 invidia

212 4088 337 4139 rum?
378 4108 464 4146 tuo
516 4095 736 4153 Domino
777 4112 913 4167 stat,
959 4117 1053 4158 aut
1101 4107 1272 4171 cadit;
1323 4109 1479 4162 stabit
1522 4121 1695 4165 autem
1721 4132 1739 4169 :
1843 4109 2037 4164 diaboli
2060 4124 2154 4181 per
2180 4109 2610 4181 indisciplinatos
2635 4111 2900 4181 subrepit,
2946 4112 3089 4182 quod
3122 4112 3193 4167 illi
3222 4113 3312 4182 qui
3345 4113 3426 4168 di-

210 4186 350 4275 potem
371 4194 438 4237 est
456 4188 582 4241 enim
609 4191 866 4249 Dominus
891 4205 1120 4252 statuere
1143 4198 1493 4269 illum(Rom.
1522 4217 1632 4267 xw,
1658 4203 1736 4275 4).
1840 4210 2039 4258 cuntur
2093 4201 2343 4256 monachi
2399 4200 2703 4257 efﬁciantur
2764 4204 2997 4275 satyrici.
3046 4205 3423 4261 criminatores

214 4258 256 4315 Si
280 4268 480 4341 denique
514 4276 564 4330 in
608 4289 884 4348 pastorem
912 4294 1155 4340 vestrum
1194 4302 1413 4343 manum
1446 4258 1737 4360 repreheu~
1840 4291 2088 4357 fratrum,
2123 4292 2435 4347 incentores
2458 4292 2733 4357 vitiorum,
2759 4309 2822 4349 ac
2846 4294 3090 4364 viperino
3116 4296 3277 4350 dente
3303 4311 3424 4350 cor-

211 4354 343 4452 sionis
369 4366 601 4435 mittitis,
648 4374 840 4429 scitote
868 4377 992 4445 quia
1034 4377 1230 4434 Pastor
1262 4393 1538 4451 pastorum
1580 4382 1737 4439 Iesus
1841 4384 2037 4439 rorluut
2073 4383 2280 4438 viscera
2312 4383 2499 4439 matris
2519 4382 2792 4439 Ecclesite.
2844 4384 3082 4452 Quorum
3132 4386 3420 4452 insaniam,

214 4441 416 4507 Christus
439 4458 584 4514 vobis
612 4441 957 4529 contradicit,
984 4467 1135 4534 cujus
1160 4441 1462 4540 exemplum
1496 4473 1736 4530 imitatur
1756 4520 1811 4541 ,λ
1842 4471 2169 4527 venerabilis
2181 4479 2354 4541 pater,
2373 4471 2632 4527 deterreri
2649 4488 2870 4528 necesse
2895 4483 2998 4537 est,
3016 4488 3082 4527 ne
3105 4476 3439 4536 conculcent,

216 4535 254 4589 iu
286 4557 337 4596 eo
366 4550 495 4616 quod
535 4568 627 4608 vos
671 4558 823 4625 quasi
854 4559 1052 4615 nullius
1091 4535 1407 4632 egentes'in
1458 4567 1736 4623 montibus
1764 4535 2020 4617 "sancta
2063 4560 2294 4631 profani,
2343 4575 2412 4616 ne
2461 4560 2728 4615 vilescant
2775 4560 2995 4630 pretiosi
3044 4561 3251 4633 lapides
3297 4578 3422 4618 san-

218 4630 411 4702 reliqnit,
444 4651 495 4695 et
532 4660 691 4700 unam
729 4663 917 4715 ovem,
964 4666 1083 4721 quae
1133 4630 1449 4716 erraverat,
1494 4655 1559 4709 ad
1609 4674 1730 4727 εω-
1830 4653 2054 4717 ctuarii;
2106 4651 2542 4720 quandoquidem
2596 4649 2710 4716 jam
2763 4650 3071 4720 refrigescit
3126 4651 3441 4706 multorum.

219 4733 309 4784 gem
347 4731 578 4789 reducere
611 4740 819 4806 qutcrit.
868 4741 980 4796 iloc
1010 4758 1225 4813 quoque
1265 4744 1644 4815 gravissimum
1677 4750 1727 4803 in
1828 4742 2069 4799 charitas
2101 4741 2320 4813 (Matth.
2363 4754 2511 4805 xxrt,
2560 4739 2673 4809 12),
2723 4748 2778 4795 et
2828 4740 2952 4794 mali
3003 4742 3260 4795 cucullati
3321 4741 3420 4796 sibi

221 4821 357 4905 vestra
413 4826 794 4895 conspiratione
862 4835 1037 4900 reperi
1072 4874 1086 4899 ,
1136 4836 1279 4904 quod
1343 4836 1727 4905 benignitatem
1828 4833 2029 4887 auxilio
2050 4841 2113 4888 et
2140 4831 2705 4903 consiliojunguntur,
2736 4839 2794 4884 ut
2823 4830 2887 4886 de
2911 4831 3102 4899 pennis
3126 4830 3421 4885 Levialhan

222 4895 361 4956 Ilumni
394 4907 627 4969 Fulcouis
666 4895 1082 4976 Aurelianensis
1121 4895 1355 4995 episcopi
1404 4895 1593 4981 contra
1643 4944 1728 4983 νο·
1826 4923 2105 4987 scribitur,
2137 4936 2367 4993 quarum
2394 4935 2499 4975 una
2527 4919 2619 4973 ιιηῖ
2648 4918 3011 4989 coniungitur.
3057 4928 3115 4972 ει
3163 4934 3260 4973 DCC
3315 4920 3425 4987 δρί-

218 4995 352 5045 suum
386 4998 616 5058 abbatem
647 5010 1011 5080 exasperastis
1039 5052 1053 5076 ,
1085 5015 1149 5068 ad
1198 5015 1601 5071 inclementiam
1632 5033 1724 5072 γε.
1830 5015 2077 5070 raculum
2104 5015 2322 5085 quidem
2376 5012 2578 5070 incedit
2605 5028 2705 5083 per
2734 5027 2826 5069 eas
2857 5011 2976 5083 (Job
3010 5026 3127 5074 xu,
3156 5011 3230 5081 7).
3264 5011 3425 5065 Dela-

222 5088 309 5135 stro
340 5092 543 5147 ecncilio
586 5100 944 5167 perduxistis,
974 5110 1159 5156 contra
1202 5106 1576 5160 auctoritatem
1636 5123 1725 5161 ea-
1829 5116 1974 5162 tores
2001 5105 2148 5162 enim
2171 5104 2464 5160 mundanis
2490 5102 2706 5173 legibus
2736 5100 2947 5172 capitali
3006 5099 3278 5155 sententia
3331 5117 3429 5171 pu-

220 5182 373 5228 nouum
407 5179 452 5233 in
484 5182 810 5246 innocentem
843 5194 1122 5249 armastis.
1166 5195 1512 5251 innocentem
1544 5209 1723 5255 autem
1832 5198 2071 5252 niuntur.
2106 5196 2221 5263 Qua
2252 5196 2569 5252 temeritate
2603 5209 2739 5266 ergo
2765 5192 2961 5247 audent
3000 5189 3188 5245 miseri
3216 5206 3276 5245 05
3299 5207 3427 5262 twe-
3476 5270 3486 5281 .

221 5253 337 5281 n-1,
407 5270 424 5281 .
2940 5280 2945 5281 ,

221 5253 232 5266 ο
290 5261 298 5270 .

405 5270 558 5312 fitlnnr
618 5284 867 5312 lllrnnznm
905 5282 1040 5312 llr-nn
1087 5289 1409 5312 ιυιιυιειε-..ιε..
1480 5298 1538 5312 --ι
1585 5308 1594 5312 -
1619 5308 1693 5312 ---

2116 5253 2151 5263 ὐ
2674 5253 2704 5266 ν

1864 5288 1937 5312 Ῐ-ιι
1999 5286 2052 5312 :n
2087 5300 2275 5312 “Ann-vv.
2324 5285 2513 5312 δηλίκια
2609 5284 2663 5312 :n
2731 5280 3113 5312 ,1.ιίιιηη1ἶηηηηι

618 5284 867 5312 Ιιηηηῖησνι
905 5282 1040 5312 llr-nn
1087 5289 1409 5312 ιυιιυιειε-..ιε..
1480 5298 1538 5312 --ι
1585 5308 1693 5312 ----

1864 5288 1937 5312 Ῐ-ιι
1999 5286 2052 5312 :n
2087 5300 2275 5312 “Ann-vv.
2324 5285 2513 5312 δηλίκια
2609 5284 2663 5312 :n
2731 5282 3113 5312 ,1.ιίιιηη1ἶηηηηι
3173 5282 3401 5312 κρῆς-ἶωῖ

1274 5298 1409 5312 -..ηερ
