3944 5414
521 303 631 360 459

1525 316 1586 375 S.
1625 318 1917 377 ABBONIS
1952 322 2242 382 ABBATIS
2282 326 2780 385 FLORIACENSIS

3682 335 3778 394 ιω

521 433 732 523 μασθαι.
757 419 1371 523 ΩυοᾳςετιθᾷῘιθωροιθ]
1406 428 1603 486 lectum
1627 442 1711 488 est
1732 435 2027 490 monachos
2052 446 2106 492 et
2130 444 2184 504 Α
2211 440 2479 496 roboretis
2505 451 2684 498 vestra
2718 442 3044 499 auctoritate
3102 459 3225 497 cum
3280 444 3588 503 titulatione
3634 451 3777 523 sigilli

521 514 833 571 sacerdotes
859 514 1069 572 Domini
1094 518 1380 577 damnatos
1406 538 1526 580 esse
1548 528 1894 583 accusatione
1933 545 2110 587 mere-

508 603 712 657 aricis?
731 604 852 672 quis
883 607 1180 663 monachus
1204 612 1531 668 auctoritate
1555 645 1561 651 ο
1586 612 1809 672 Patrum
1858 617 2110 675 abbatem

521 708 677 749 suum
705 698 770 749 ad
815 697 1075 755 sarculare
1101 698 1365 769 judicium
1395 706 1686 775 compulit?
1733 710 1854 778 quis
1884 711 2110 767 clerico-

519 804 639 843 rum
673 790 753 844 vel
788 792 1163 863 episcoporqu
1205 798 1436 852 concilio
1457 800 1700 855 addixit?
1750 802 1885 857 Vere
1931 803 2110 860 fateor

515 882 813 939 saevissima
868 886 1212 944 districtione
1266 888 1564 947 feriendam
1622 910 1745 949 esse
1798 895 2105 962 huiusmodi

517 974 1029 1055 pra-surruptionem;
1063 977 1212 1045 quia,
1245 988 1302 1033 ut
1349 980 1426 1034 ait
1464 981 1886 1039 discretissimus
1920 1002 2108 1042 mona-

512 1065 740 1121 chorum
765 1064 1044 1137 legislator
1071 1068 1418 1138 Benedictus,
1447 1089 1604 1129 suum
1634 1084 1689 1131 et
1714 1077 1950 1132 alienum
1977 1095 2105 1149 pec-

512 1156 845 1223 cautmillc,
878 1172 989 1214 sum
1040 1160 1729 1230 professionisimmemor,
1784 1167 1967 1224 abbati
2018 1170 2102 1226 vel

509 1246 741 1317 spiritali
769 1249 1044 1307 seniorum
1075 1252 1260 1307 debuit
1281 1253 1608 1322 patefacere.
1640 1273 1745 1312 non
1768 1260 2018 1331 detegere
2047 1274 2104 1317 et

510 1339 814 1406 publicare,
844 1342 990 1411 quod
1022 1359 1128 1399 non
1172 1346 1325 1400 vobis
1350 1357 1674 1416 potestatem
1713 1348 1995 1417 judicandi
2034 1353 2102 1408 de

510 1429 771 1489 fratribus
792 1433 988 1491 vestris
1007 1434 1246 1502 sustulit,
1270 1452 1391 1491 cum
1423 1438 1563 1494 hanc
1611 1439 1768 1494 alteri
1799 1443 2096 1498 commisit.

512 1519 782 1585 Tandem,
816 1524 944 1592 quia
1001 1525 1054 1581 in
1110 1524 1415 1594 objectione
1449 1529 1728 1594 criminis,
1776 1532 2098 1589 auctoritate

509 1608 984 1684 MagniCregorii,
1033 1613 1123 1669 alii
1178 1625 1305 1671 sunt
1349 1627 1715 1680 accusatores.
1767 1617 1856 1673 alii
1910 1627 2096 1685 testes,

508 1702 854 1772 aliijudices;
889 1721 1010 1777 age,
1039 1707 1124 1762 vir
1152 1709 1588 1779 prudentissime,
1615 1721 1674 1765 ut
1708 1712 1967 1767 innocens
1995 1726 2094 1766 ex-

2213 530 2377 585 vestri
2407 530 2672 599 nominis;
2717 539 2772 587 et
2816 546 2914 587 nos
2952 532 3165 588 assidue
3206 548 3305 603 pro
3346 533 3530 601 vobis,
3584 536 3697 592 vivo
3730 551 3780 594 et

2210 630 2447 683 mortuo,
2479 621 2645 677 Deum
2668 622 3100 693 depreeahimur.
3136 622 3366 693 Dignum
3396 634 3482 679 est
3508 626 3672 687 enim.
3706 643 3781 681 ve-

2211 716 2454 768 nerande
2483 712 2667 778 Pater,
2718 716 2789 768 ut’
2813 713 3272 784 praedecessorum
3324 724 3633 772 vestrorum
3679 734 3781 775 mo-

2208 817 2324 858 rem
2371 804 2694 873 sequamini,
2742 814 2796 859 et
2837 806 3185 861 monasteriis
3226 822 3397 862 novos
3438 808 3779 865 indiculorum

2206 890 2378 947 biblos
2407 892 2790 961 corroboretis,
2816 894 3013 963 quibus
3061 895 3191 965 ipsa:
3231 897 3675 967 congregationes
3717 898 3781 954 ab

2208 983 2359 1036 omni
2418 985 2692 1039 rnnudauo
2741 986 2967 1057 strepitu
3018 987 3198 1055 quiete
3249 987 3360 1040 Deo
3414 987 3623 1041 servire
3668 1003 3779 1057 pos-

2204 1073 2333 1139 sint,
2358 1075 2593 1130 maxime
2623 1078 2722 1130 sub
2767 1076 3012 1145 epitimlo
3053 1076 3650 1131 excommunicatiouis.
3690 1075 3779 1132 Ve-

2202 1171 2374 1218 strum
2407 1165 2765 1235 apostolatum
2801 1167 2943 1221 Dens
2969 1166 3239 1221 custodiat
3288 1168 3342 1222 in
3387 1175 3594 1222 eterna
3634 1181 3776 1238 pace.

2204 1251 2333 1309 Vale
2362 1255 2411 1309 in
2434 1254 2671 1318 Christo,
2697 1255 2853 1311 beate
2877 1256 3059 1311 Pater.

2742 1387 3074 1444 EPISTULA
3114 1387 3253 1445 XIV.

2736 1518 2954 1560 ABBONIS
2987 1519 3055 1558 AD
3085 1519 3139 1559 (ἓ.
3158 1543 3173 1557 ο
3193 1541 3209 1556 ο
3234 1542 3249 1558 ο

2267 1633 2604 1690 (Ζιιπίεςίιηο
2630 1637 2785 1692 fratri
2834 1636 2926 1701 C.,
2982 1644 3289 1692 amatorum
3332 1635 3538 1691 Christi
3580 1645 3781 1692 amator

2197 1726 2333 1782 abba
2360 1727 2503 1782 Anno
2525 1727 2978 1784 Floriacensium.

507 1795 723 1865 peditus
766 1798 995 1855 crimine
1044 1800 1300 1872 gaudeat.
1345 1812 1402 1857 et
1450 1813 1737 1859 accusator
1780 1805 2099 1861 temerarius
2128 1796 2175 1856 Β
2278 1814 2433 1886 δεερε
2456 1817 2720 1888 coming“
2758 1829 2815 1873 ιιι
2844 1818 3074 1873 vernale
3127 1818 3310 1873 odium
3366 1816 3779 1887 “65¢”:un

507 1900 661 1949 reum
697 1889 1005 1956 sescntiat,
1050 1906 1119 1946 ne
1172 1891 1240 1947 de
1286 1894 1463 1964 pmnis
1504 1895 1851 1950 innocentum
1904 1895 2079 1951 rideat

507 1976 662 2035 Vale.

1052 2074 1387 2133 EPISTULA
1424 2075 1559 2132 Xlll.

502 2191 733 2240 Διεειιτι
760 2200 985 2241 ηιιλτιε
1007 2202 1336 2243 ιιιειΑοεκειε
1364 2205 1433 2243 AD
1465 2203 1703 2244 JOANNEII
1736 2205 1867 2244 χιίιι
1902 2204 2096 2245 ΡΑΡΔΙ.

511 2308 517 2317 '
584 2292 811 2349 Domino
856 2306 1049 2350 sancto
1090 2304 1145 2350 ct
1186 2297 1480 2352 venerabili
1527 2312 1677 2367 papae
1715 2294 1906 2351 Joanni
1940 2313 2095 2362 xvm,

506 2387 795 2444 Atssurus
835 2388 1000 2444 abbas
1035 2389 1266 2444 abbatiac
1295 2388 1483 2444 Sancti
1534 2390 1951 2461 protomartyris
1974 2390 2096 2443 Ste-

508 2468 671 2546 phani
701 2490 752 2534 ct
781 2479 984 2534 Christi
1023 2478 1355 2536 confessoris
1377 2480 1447 2535 Μ.
1488 2491 1543 2536 et
1569 2481 1747 2535 ontuis
1798 2495 2093 2552 etmgrega-

503 2568 579 2620 tio
602 2568 988 2624 monachorum
1020 2569 1263 2641 ejusdem
1291 2570 1414 2637 loci,
1446 2570 1700 2626 videlicet
1730 2569 2090 2633 Miciacensis,

500 2659 727 2714 salutem
751 2660 806 2716 in
835 2660 1068 2717 Christo.
1274 2730 1279 2735 ἢ

578 2752 838 2811 Novimus
871 2764 942 2820 te,
974 2752 1134 2807 Pater
1163 2753 1480 2820 reverende,
1501 2753 1854 2808 constitutum
1899 2754 1950 2808 in
1979 2763 2092 2816 tor-

502 2851 583 2919 ris,
608 2846 868 2917 vicarium
907 2844 1198 2901 universali
1239 2845 1496 2901 Ecclesiae
1551 2847 1669 2902 vice
1715 2847 1860 2902 beati
1917 2844 2088 2910 Petri,

496 2948 559 2997 nt
596 2946 868 2996 sustentes
895 2953 989 2992 eos
1012 2939 1102 3006 qui
1144 2937 1343 3006 injuste
1391 2939 1793 3008 opprTmuntur,
1817 2948 1871 2992 ct
1901 2938 2087 3009 oppri—

500 3046 615 3087 mas
634 3047 728 3086 eos
757 3031 1082 3085 auctoritate
1107 3030 1249 3085 beati
1273 3030 1442 3095 Petri,
1470 3032 1559 3099 qui
1592 3032 1817 3084 nimium
1872 3046 1929 3086 se
1982 3031 2088 3085 cri-

500 3137 652 3193 gunt.
679 3125 1020 3192 Quapropter
1045 3125 1109 3176 ad
1140 3131 1285 3176 tuam
1322 3122 1665 3192 confugimus
1722 3121 2083 3177 reverentiam
2114 3152 2158 3211 Β

500 3216 762 3284 perbanc
788 3211 1098 3283 epistolam,
1142 3223 1201 3267 ut
1253 3212 1544 3265 subvenias
1603 3210 1756 3264 nobis
1798 3219 1848 3265 et
1918 3209 2088 3265 facias

498 3310 643 3378 quod
686 3323 992 3381 precamur.
1044 3307 1222 3362 Lacus
1283 3308 1335 3361 in
1382 3322 1490 3376 quo
1529 3305 1839 3359 habitamus
1891 3303 2092 3360 dicitur

496 3402 797 3464 illiciacus,
848 3414 1008 3471 quem
1062 3398 1393 3454 sanctissimi
1446 3398 1589 3459 viri,
1639 3397 1846 3451 scilicet
1897 3397 2089 3452 beatus

486 3482 785 3564 'Euspicius
806 3501 859 3548 et
886 3506 1050 3562 nepos
1073 3491 1188 3560 cjus
1217 3488 1541 3545 venerabilis
1569 3487 1890 3542 Maximinus
1940 3486 2088 3558 regio

490 3601 724 3655 uulnere
744 3584 995 3640 Clodovei
1026 3583 1180 3651 primi
1231 3581 1525 3638 Christiani
1568 3580 1901 3636 Francorum
1945 3582 2087 3648 regis

503 3675 880 3736 favnincrnnt,
914 3684 968 3728 et
997 3674 1085 3727 alii
1120 3672 1503 3743 quamplurimi
1530 3672 1725 3727 deinde
1753 3670 1972 3739 proprio
1996 3672 2091 3725 be-

497 3767 693 3820 nelieio
716 3774 1166 3830 construxerunt;
1194 3774 1247 3818 et
1278 3766 1416 3820 idem
1441 3764 1696 3835 praelatus
1716 3764 1865 3818 locus
1890 3764 1942 3818 in
1968 3772 2085 3818 tan-

478 3850 555 3910 ἰιι
581 3878 609 3911 ιι
637 3858 820 3912 ﬂoruit
849 3857 976 3911 oluu
1014 3857 1066 3911 in
1099 3857 1369 3927 spirituali
1393 3866 1449 3913 et
1487 3856 1769 3928 temporali
1804 3858 1967 3919 bono.
2026 3867 2085 3911 ut

500 3966 602 4006 cxi.
638 3951 887 4005 monachi
931 3937 1127 4005 ibidem
1160 3951 1473 4021 congregati
1503 3945 1615 4005 Deo
1665 3950 1881 4006 assidue
1915 3950 2086 4003 famn~

480 4032 772 4103 'larentur;
809 4042 860 4096 in
903 4050 1111 4095 tantum
1152 4042 1495 4110 postmodum
1549 4042 1842 4111 dissipatus
1892 4057 2084 4111 perva-

495 4131 648 4185 sione
678 4132 968 4194 malorum,
993 4141 1052 4186 ut
1078 4132 1257 4187 nullus
1283 4131 1406 4204 [ibi]
1435 4132 1619 4187 vivere
1673 4133 1911 4203 potuerit
1963 4149 2080 4186 mo-

496 4220 705 4275 nachus
747 4236 761 4286 ;
813 4222 985 4289 gratia
1033 4230 1212 4275 autem
1256 4222 1455 4276 Christi
1505 4222 1750 4291 juvante,
1818 4221 2079 4292 paulatim

498 4326 662 4373 mmc,
690 4312 842 4380 quasi
872 4310 1091 4378 quidam
1121 4310 1391 4366 redivivus
1417 4327 1562 4382 aeger
1593 4327 1621 4365 a
1658 4310 1815 4382 longa
1863 4313 2083 4382 aegritu-

474 4399 622 4453 ‘dine
646 4399 1057 4463 convalescens,
1086 4399 1159 4453 ita
1187 4399 1327 4452 idem
1362 4399 1514 4454 locus
1537 4416 1564 4453 a
1596 4399 1803 4454 vilitate
1830 4415 1943 4454 sum
1991 4401 2084 4455 dc-

489 4489 746 4558 jectionis
777 4505 1063 4560 resurgere
1085 4490 1399 4560 aggreditur
1426 4507 1523 4562 per
1571 4492 1946 4562 eleemosyuas
1988 4491 2081 4545 bo-
2113 4492 2161 4552 Ι)

472 4590 688 4657 quorum
723 4577 958 4630 virorum
988 4591 1052 4631 ac
1074 4574 1384 4641 mulierum,
1436 4593 1501 4632 ex
1548 4577 1745 4648 quibus
1786 4579 1900 4632 lucc
1946 4577 2084 4632 bona

495 4666 688 4722 mulier
715 4675 797 4720 est
827 4666 1022 4721 domua
1056 4667 1263 4738 Regina
1308 4669 1543 4731 nomine,
1591 4685 1712 4739 qua:
1761 4668 1925 4723 multa
1956 4684 2088 4739 pra:-

496 4760 643 4814 dictn
667 4759 788 4814 loco
807 4775 904 4830 pro
930 4760 1109 4816 salute
1138 4776 1263 4826 sua,
1289 4768 1345 4815 et
1373 4776 1472 4831 pro
1494 4761 1736 4815 remedio
1776 4761 2085 4816 animarum

461 4850 751 4929 'videlicel
781 4850 863 4905 sui
897 4850 1079 4906 mariti
1112 4860 1163 4907 et
1191 4849 1425 4905 filiorum
1451 4864 1672 4904 suorum
1718 4846 1834 4917 jam
1887 4849 2084 4902 defun-

491 4951 728 5009 ctorum,
743 4944 852 4997 Deo
873 4952 928 4999 ct
948 4944 1154 4999 sanctis
1177 4943 1377 4998 ibidem
1402 4956 1659 4997 venerans
1674 4940 1888 4995 obtulit.
1907 4939 2081 4995 Timet

494 5042 675 5086 autem
707 5042 764 5086 ut
792 5031 869 5105 [id
896 5046 970 5088 est
1003 5032 1094 5106 ne]
1127 5043 1245 5103 post
1273 5047 1429 5087 suum
1452 5029 1658 5085 obitum
1706 5029 1902 5100 aliquis
1958 5046 2081 5083 suo-

497 5134 615 5172 rum
645 5121 727 5174 vcl
751 5131 1137 5177 extraneorum
1171 5130 1399 5174 conetur
1427 5118 1628 5187 aliquid
1655 5117 1872 5173 auferre
1900 5134 1966 5172 cx
1996 5118 2081 5173 his

493 5209 747 5263 munibus
774 5225 894 5278 qua:
922 5210 1072 5264 dedit
1100 5209 1243 5274 Deo;
1276 5215 1332 5262 ct
1357 5207 1426 5261 ob
1459 5208 1561 5260 hoc
1604 5207 1945 5277 suggerimus
1994 5221 2083 5259 ve-

494 5306 624 5353 stra:
649 5300 945 5363 sanctitati,
978 5310 1038 5356 ut
1063 5300 1197 5355 duos
1219 5308 1396 5354 tomos
1415 5312 1549 5367 quos
1575 5299 1628 5351 in
1662 5306 1841 5353 vestro
1863 5303 2082 5353 nomine

2207 1909 2472 1979 sapientis
2487 1911 2709 1966 animus
2730 1910 3125 1981 patientissime
3149 1911 3367 1975 tolerat,
3405 1912 3533 1966 dum
3587 1911 3662 1966 rei
3694 1927 3783 1966 ne-

2203 2002 2408 2073 gotium
2440 2002 2626 2058 utilem
2678 2013 2735 2060 et
2763 2004 3050 2060 honestum
3097 2004 3259 2061 linem
3316 2004 3632 2077 praitcndit;
3689 2019 3782 2076 pro

2200 2109 2308 2163 quo
2328 2094 2456 2149 illud
2477 2095 2731 2160 sustinet,
2760 2104 2925 2165 atque
2958 2097 3277 2152 sustinendo
3299 2112 3397 2167 pro
3421 2096 3652 2151 inimicis
3679 2095 3782 2151 cle-

2202 2195 2416 2241 menter
2436 2194 2559 2242 orat
2589 2205 2601 2240 :
2629 2189 2771 2256 quod
2805 2197 2856 2243 te
2885 2186 3080 2242 fecisse
3124 2204 3234 2243 non
3278 2188 3507 2259 abnego,
3554 2187 3644 2257 qui
3689 2199 3780 2257 pro

2200 2279 2465 2350 injustitia
2491 2294 2654 2349 quam
2683 2279 2892 2350 pateris
2915 2280 2979 2334 ad
3017 2279 3183 2335 Deum
3207 2279 3413 2334 clamas
3443 2279 3510 2333 de
3556 2277 3778 2349 profun-

2196 2373 2303 2439 dis,
2327 2381 2383 2427 et
2411 2373 2845 2442 quibuscumque
2888 2382 3042 2444 potes
3067 2388 3168 2443 pro
3197 2373 3416 2427 modulo
3461 2381 3565 2427 tua:
3609 2371 3777 2442 passi-

2196 2463 2423 2519 bilitatis
2443 2462 2847 2518 declamatoria:
2868 2463 3230 2525 contradicis;
3261 2462 3512 2517 inimicos
3524 2463 3776 2524 sustines,

2194 2567 2332 2622 quos
2357 2552 2561 2607 amicos
2584 2552 2783 2607 habere
2809 2551 3100 2616 debueras,
3126 2551 3380 2621 quoniam
3414 2553 3494 2604 sui
3522 2549 3776 2620 propositi

2193 2642 2588 2700 obliviscuntur
2629 2643 2925 2702 Christiani
2981 2644 3072 2714 qui
3125 2643 3193 2699 ad
3238 2642 3554 2698 inimicitias
3605 2656 3778 2696 erum-

2192 2746 2347 2808 punt,
2371 2737 2497 2793 dum
2518 2753 2678 2806 agros
2699 2753 2804 2791 non
2829 2752 2956 2792 suos
2977 2738 3280 2799 demetunt,
3306 2734 3479 2790 aliena
3502 2734 3776 2800 invadunt,

2190 2829 2456 2899 stipendia
2481 2845 2762 2885 servorum
2796 2829 2887 2884 Dei
2915 2829 3195 2900 diripiunt.
3251 2827 3335 2888 Et.
3385 2826 3515 2896 quid
3564 2823 3777 2880 dicam?

2190 2937 2298 2975 non
2326 2921 2376 2974 id
2410 2920 2590 2976 idiota:
2617 2919 2843 2985 faciunt,
2892 2920 2986 2975 sed
3038 2921 3287 2973 doctores
3329 2916 3774 2980 Christianorum,

2191 3019 2430 3066 rectores
2475 3010 2744 3079 plebium,
2797 3018 2852 3065 et
2910 3010 3013 3076 ita,
3072 3007 3473 3079 quodammodo
3521 3004 3775 3059 obciecati

2190 3101 2430 3155 omnium
2461 3100 2642 3155 radice
2664 3101 2928 3156 malorum
2961 3099 3096 3172 (ξι),
3130 3111 3401 3168 pauperes
3450 3095 3654 3152 Christi
3710 3095 3774 3148 ad

2193 3192 2427 3261 inopiam
2456 3193 2808 3262 pertrahunt;
2835 3191 2977 3261 quod
2992 3189 3177 3261 procul
3209 3189 3372 3243 dubio
3398 3189 3620 3241 minime
3634 3186 3774 3240 face-

2190 3292 2332 3344 rcut,
2361 3283 2403 3335 si
2443 3282 2571 3336 illud
2604 3281 2800 3336 divinae
2822 3280 3117 3350 Scriptura:
3152 3281 3374 3334 vetitum
3405 3279 3775 3348 perhorresce-

2190 3381 2336 3430 rent:
2354 3371 2437 3426 Ne
2464 3372 2871 3442 trausgrcdiaris
2886 3371 3132 3425 terminos
3158 3386 3286 3439 quos
3311 3384 3592 3438 posuerunt
3608 3377 3774 3437 patres

2188 3468 2264 3521 tui
2296 3465 2475 3537 (Prov.
2504 3481 2641 3530 xm,
2681 3465 2894 3534 xxviii),
2930 3480 3032 3517 non
3061 3462 3221 3533 facies
3251 3460 3572 3514 calumniam
3603 3457 3777 3529 proxi-

2188 3577 2272 3613 mo
2293 3568 2405 3621 tuo,
2428 3574 2519 3611 nec
2541 3558 2586 3611 ινὶ
2602 3539 2856 3626 opprimes
2883 3553 3201 3623 eum(Lerit.
3219 3570 3295 3615 ιιι,
3318 3552 3423 3623 15).
3442 3550 3770 3606 EtDomiuus

2187 3664 2286 3719 per
2313 3649 2531 3718 Moysen
2567 3647 2885 3718 prophetam
2920 3662 2933 3698 :
2977 3642 3066 3699 Vw
3092 3646 3269 3713 iniquo
3296 3644 3385 3713 qui
3408 3642 3655 3707 transfert
3676 3651 3776 3693 ter-

2185 3739 2381 3791 ntiuum
2433 3735 2658 3807 proximi
2706 3734 2789 3788 sui
2816 3733 2837 3787 .'
2885 3733 3075 3804 (Deut.
3134 3731 3237 3797 28,
3310 3731 3442 3802 17.)
3484 3730 3544 3782 Et
3593 3741 3774 3782 rursus

2184 3843 2280 3899 per
2310 3827 2530 3882 Isaiam:
2562 3823 2669 3888 γω,
2695 3826 2784 3895 qui
2809 3823 3123 3893 conjungitis
3160 3822 3372 3877 domum
3397 3821 3470 3873 ad
3490 3820 3702 3873 domum
3728 3826 3772 3870 et

2182 3933 2367 3987 agrum
2390 3917 2459 3969 ad
2481 3931 2665 3984 agrum
2690 3912 2969 3985 copulatis!
2983 3913 3117 3982 (Isa.
3148 3911 3291 3980 v,8.)
3314 3909 3772 3981 Sul‘ejungitetiam

2184 4008 2413 4065 inferius
2446 4026 2459 4062 :
2497 4006 2611 4071 ναν,
2641 4007 2730 4078 qui
2758 4006 2987 4060 condunt
3018 4004 3152 4075 leges
3179 4004 3388 4074 iniquas
3419 4011 3468 4057 et
3498 4004 3771 4056 scribentes

2175 4098 2441 4169 justitiam
2471 4097 2824 4167 scripserunt,
2863 4106 2921 4149 ut
2949 4095 3299 4165 opprimerent
3332 4096 3388 4147 iu
3412 4092 3622 4163 judicio
3645 4108 3774 4162 putt-

2180 4190 2363 4261 peras!
2392 4188 2500 4260 (Id.
2532 4204 2588 4253 κ,
2620 4189 2671 4254 1,
2702 4187 2782 4258 2.)
2807 4185 3272 4256 Conduntquippe
3302 4184 3450 4255 leges
3481 4183 3695 4253 iniquas
3718 4188 3772 4234 ut

2182 4284 2489 4354 opprimant
2521 4278 2793 4349 injudicio
2820 4293 3106 4350 pauperis,
3132 4278 3387 4346 quoniam
3420 4274 3579 4329 dotes
3600 4271 3771 4328 eccle-

2186 4374 2390 4429 siarum
2422 4389 2528 4426 non
2577 4370 2857 4435 ecclesiis,
2888 4384 3117 4439 quarum
3155 4368 3309 4422 dotes
3345 4375 3504 4429 sunt,
3546 4364 3769 4419 derelin-

2188 4471 2398 4532 quunt,
2441 4470 2498 4515 ut
2532 4460 2654 4515 inde
2702 4472 2966 4528 pauperes
3002 4456 3204 4511 Christi
3242 4463 3643 4517 sustentantur,
3684 4449 3771 4505 sed

2189 4554 2302 4609 suis
2343 4553 2602 4608 militibus
2638 4560 2732 4605 aut
2771 4564 2868 4618 pro
2905 4547 3179 4604 donativis
3216 4556 3443 4612 erogant
3470 4585 3487 4610 ,
3531 4553 3628 4597 aut
3668 4544 3771 4597 vice

2187 4642 2572 4699 beneficiorum
2612 4640 2974 4710 dispertiunt,
3012 4638 3277 4709 ﬁngentes
3322 4647 3540 4707 tegnam
3579 4636 3768 4688 bonam

2162 4734 2398 4793 saeculis
2428 4731 2757 4796 inauditam,
2787 4721 2928 4800 quod
2959 4729 3088 4799 ipsa:
3126 4727 3279 4782 dotes
3309 4742 3416 4780 non
3455 4725 3565 4779 sint
3600 4723 3768 4779 eccle-

2185 4826 2388 4879 siarum
2433 4824 2528 4878 sed
2566 4823 2748 4893 potius
2780 4820 3067 4885 altarium;
3109 4835 3233 4874 cum
3263 4818 3561 4872 Inaximum
3603 4816 3770 4870 altare

2183 4916 2388 4987 lapsum
2417 4930 2524 4970 uno
2553 4915 2802 4969 tremisse
2832 4913 3005 4967 valeat
3036 4910 3358 4976 restaurari;
3388 4907 3623 4965 ecclesia
3649 4920 3769 4962 vero

2185 5007 2271 5060 vix
2298 5004 2711 5076 quamplurimis
2731 5002 3029 5058 solidorum
3062 5001 3338 5071 impensis.

2252 5095 2361 5151 Nec
2391 5094 2636 5159 mireris,
2664 5091 2835 5149 frater
2854 5091 3205 5155 charissitne,
3233 5088 3375 5148 quod
3403 5088 3521 5142 lucc
3553 5083 3771 5140 hmresis

2183 5195 2373 5243 nostro
2402 5187 2661 5242 moderno
2684 5194 2926 5257 tempore
2950 5184 3144 5249 crevit,
3175 5199 3283 5253 quo
3299 5181 3511 5254 justitia
3538 5180 3769 5235 excessit

2184 5282 2347 5354 terris
2376 5298 2390 5335 :
2432 5278 2866 5349 quandoquidem
2909 5293 3055 5333 nunc
3084 5285 3138 5332 et
3175 5276 3444 5331 novitates
3478 5274 3766 5328 verborum

3211 5370 3261 5398 11
3290 5367 3402 5398 Ψέ...
3464 5383 3519 5398 «η
3568 5365 3662 5398 Οηὶ
3717 5374 3767 5398 οι

2276 5384 2390 5398 ΔΑ...
2453 5388 2570 5398 -.ιη’
2622 5373 2645 5398 Δ
2663 5371 2898 5398 -.ΑκσΑιιικ
3071 5372 3174 5398 ξι...Ι
