  <div class='ocr_page' id='page_1' title='image "/cluster/home/n/w/nwhite01/storage/ocr_20150623/139/hvd.32044015471782/226.png"; bbox 0 0 3944 5414; ppageno 0'>
   <div class='ocr_carea' id='block_1_1' title="bbox 161 361 233 418">
    <p class='ocr_par' dir='ltr' id='par_1_1' title="bbox 161 361 233 418">
     <span class='ocr_line' id='line_1_1' title="bbox 161 361 233 418; baseline 0.014 -1"><span class='ocrx_word' id='word_1_1' title='bbox 161 361 233 418; x_wconf 85' lang='grc' dir='ltr'><strong>ιιι</strong></span> 
     </span>
    </p>
   </div>
   <div class='ocr_carea' id='block_1_2' title="bbox 1528 351 1909 414">
    <p class='ocr_par' dir='ltr' id='par_1_2' title="bbox 1528 351 1909 414">
     <span class='ocr_line' id='line_1_2' title="bbox 1528 351 1909 414; baseline -0.01 0"><span class='ocrx_word' id='word_1_2' title='bbox 1528 351 1909 414; x_wconf 69' lang='lat' dir='ltr'><strong>EPISTOLE.</strong></span> 
     </span>
    </p>
   </div>
   <div class='ocr_carea' id='block_1_3' title="bbox 3283 334 3390 392">
    <p class='ocr_par' dir='ltr' id='par_1_3' title="bbox 3283 334 3390 392">
     <span class='ocr_line' id='line_1_3' title="bbox 3283 334 3390 392; baseline -0.037 0"><span class='ocrx_word' id='word_1_3' title='bbox 3283 334 3390 392; x_wconf 68' lang='grc' dir='ltr'>ιη</span> 
     </span>
    </p>
   </div>
   <div class='ocr_carea' id='block_1_4' title="bbox 165 452 3392 544">
    <p class='ocr_par' dir='ltr' id='par_1_4' title="bbox 165 452 3392 544">
     <span class='ocr_line' id='line_1_4' title="bbox 165 452 3392 544; baseline -0.009 -10"><span class='ocrx_word' id='word_1_4' title='bbox 165 471 376 534; x_wconf 77' lang='lat' dir='ltr'><strong>monachi</strong></span> <span class='ocrx_word' id='word_1_5' title='bbox 413 471 490 528; x_wconf 84' lang='lat' dir='ltr'><strong>vel</strong></span> <span class='ocrx_word' id='word_1_6' title='bbox 524 473 711 529; x_wconf 87' lang='lat' dir='ltr'><strong>clerici</strong></span> <span class='ocrx_word' id='word_1_7' title='bbox 750 474 1042 528; x_wconf 74' lang='lat' dir='ltr'><strong>comedunt</strong></span> <span class='ocrx_word' id='word_1_8' title='bbox 1081 472 1196 543; x_wconf 82' lang='lat' dir='ltr'><strong>(Os.</strong></span> <span class='ocrx_word' id='word_1_9' title='bbox 1245 489 1317 538; x_wconf 83' lang='lat' dir='ltr'><strong>tv,</strong></span> <span class='ocrx_word' id='word_1_10' title='bbox 1359 472 1446 537; x_wconf 78' lang='lat'><strong>8),</strong></span> <span class='ocrx_word' id='word_1_11' title='bbox 1477 474 1566 543; x_wconf 97' lang='lat' dir='ltr'><strong>qui</strong></span> <span class='ocrx_word' id='word_1_12' title='bbox 1607 489 1705 544; x_wconf 90' lang='lat' dir='ltr'><strong>pro</strong></span> <span class='ocrx_word' id='word_1_13' title='bbox 1734 479 1779 534; x_wconf 77' lang='grc' dir='ltr'><strong>Α</strong></span> <span class='ocrx_word' id='word_1_14' title='bbox 1810 472 2026 544; x_wconf 84' lang='lat' dir='ltr'><strong>quidem</strong></span> <span class='ocrx_word' id='word_1_15' title='bbox 2060 467 2108 521; x_wconf 88' lang='lat' dir='ltr'><strong>ei</strong></span> <span class='ocrx_word' id='word_1_16' title='bbox 2139 467 2280 520; x_wconf 89' lang='lat' dir='ltr'><strong>dono</strong></span> <span class='ocrx_word' id='word_1_17' title='bbox 2309 479 2459 526; x_wconf 84' lang='lat' dir='ltr'><strong>nare,</strong></span> <span class='ocrx_word' id='word_1_18' title='bbox 2501 461 2732 516; x_wconf 77' lang='lat' dir='ltr'><strong>vendere</strong></span> <span class='ocrx_word' id='word_1_19' title='bbox 2765 468 2818 515; x_wconf 90' lang='lat' dir='ltr'><strong>et</strong></span> <span class='ocrx_word' id='word_1_20' title='bbox 2854 456 3128 529; x_wconf 80' lang='lat' dir='ltr'><strong>possidere</strong></span> <span class='ocrx_word' id='word_1_21' title='bbox 3165 452 3392 510; x_wconf 76' lang='lat' dir='ltr'><strong>facultas</strong></span> 
     </span>
    </p>
   </div>
   <div class='ocr_carea' id='block_1_5' title="bbox 165 565 1704 640">
    <p class='ocr_par' dir='ltr' id='par_1_5' title="bbox 165 565 1704 640">
     <span class='ocr_line' id='line_1_5' title="bbox 165 565 1704 640; baseline -0.005 -15"><span class='ocrx_word' id='word_1_22' title='bbox 165 569 364 640; x_wconf 65' lang='lat' dir='ltr'><strong>pereatis</strong></span> <span class='ocrx_word' id='word_1_23' title='bbox 410 567 653 637; x_wconf 82' lang='lat' dir='ltr'><strong>ejusdem</strong></span> <span class='ocrx_word' id='word_1_24' title='bbox 696 566 870 637; x_wconf 85' lang='lat' dir='ltr'><strong>populi</strong></span> <span class='ocrx_word' id='word_1_25' title='bbox 915 566 1054 635; x_wconf 90' lang='lat' dir='ltr'><strong>apud</strong></span> <span class='ocrx_word' id='word_1_26' title='bbox 1096 566 1260 620; x_wconf 84' lang='lat' dir='ltr'><strong>Deum</strong></span> <span class='ocrx_word' id='word_1_27' title='bbox 1305 565 1704 628; x_wconf 91' lang='lat' dir='ltr'><strong>interveniunt;</strong></span> 
     </span>
    </p>
   </div>
   <div class='ocr_carea' id='block_1_6' title="bbox 165 657 1712 730">
    <p class='ocr_par' dir='ltr' id='par_1_6' title="bbox 165 657 1712 730">
     <span class='ocr_line' id='line_1_6' title="bbox 165 657 1712 730; baseline -0.003 -14"><span class='ocrx_word' id='word_1_28' title='bbox 165 664 234 716; x_wconf 82' lang='lat' dir='ltr'><strong>sed</strong></span> <span class='ocrx_word' id='word_1_29' title='bbox 272 661 464 729; x_wconf 88' lang='lat' dir='ltr'><strong>judicio</strong></span> <span class='ocrx_word' id='word_1_30' title='bbox 515 661 892 730; x_wconf 83' lang='lat' dir='ltr'><strong>episcoporum</strong></span> <span class='ocrx_word' id='word_1_31' title='bbox 947 659 1246 713; x_wconf 71' lang='lat' dir='ltr'><strong>oblationes</strong></span> <span class='ocrx_word' id='word_1_32' title='bbox 1296 658 1537 713; x_wconf 79' lang='lat' dir='ltr'><strong>ecclesia:</strong></span> <span class='ocrx_word' id='word_1_33' title='bbox 1594 657 1712 727; x_wconf 83' lang='lat' dir='ltr'><strong>plus</strong></span> 
     </span>
    </p>
   </div>
   <div class='ocr_carea' id='block_1_7' title="bbox 165 751 1710 823">
    <p class='ocr_par' dir='ltr' id='par_1_7' title="bbox 165 751 1710 823">
     <span class='ocr_line' id='line_1_7' title="bbox 165 751 1710 823; baseline -0.003 -18"><span class='ocrx_word' id='word_1_34' title='bbox 165 756 286 823; x_wconf 65' lang='lat' dir='ltr'><strong>ext-uis</strong></span> <span class='ocrx_word' id='word_1_35' title='bbox 308 763 359 809; x_wconf 83' lang='lat' dir='ltr'><strong>et</strong></span> <span class='ocrx_word' id='word_1_36' title='bbox 385 753 610 806; x_wconf 87' lang='lat' dir='ltr'><strong>canibus</strong></span> <span class='ocrx_word' id='word_1_37' title='bbox 644 753 898 805; x_wconf 78' lang='lat' dir='ltr'><strong>laicornm</strong></span> <span class='ocrx_word' id='word_1_38' title='bbox 931 761 1174 822; x_wconf 86' lang='lat' dir='ltr'><strong>prosunt,</strong></span> <span class='ocrx_word' id='word_1_39' title='bbox 1205 767 1364 821; x_wconf 86' lang='lat' dir='ltr'><strong>quam</strong></span> <span class='ocrx_word' id='word_1_40' title='bbox 1392 751 1710 821; x_wconf 64' lang='lat' dir='ltr'><strong>peregrinis,</strong></span> 
     </span>
    </p>
   </div>
   <div class='ocr_carea' id='block_1_8' title="bbox 166 839 1708 910">
    <p class='ocr_par' dir='ltr' id='par_1_8' title="bbox 166 839 1708 910">
     <span class='ocr_line' id='line_1_8' title="bbox 166 839 1708 910; baseline -0.005 -13"><span class='ocrx_word' id='word_1_41' title='bbox 166 842 384 910; x_wconf 81' lang='lat' dir='ltr'><strong>0&#39;pbanis</strong></span> <span class='ocrx_word' id='word_1_42' title='bbox 427 851 481 894; x_wconf 86' lang='lat' dir='ltr'><strong>et</strong></span> <span class='ocrx_word' id='word_1_43' title='bbox 523 841 728 904; x_wconf 90' lang='lat' dir='ltr'><strong>viduis,</strong></span> <span class='ocrx_word' id='word_1_44' title='bbox 772 850 864 894; x_wconf 87' lang='lat' dir='ltr'><strong>aut</strong></span> <span class='ocrx_word' id='word_1_45' title='bbox 903 840 1284 894; x_wconf 88' lang='lat' dir='ltr'><strong>restaurationi</strong></span> <span class='ocrx_word' id='word_1_46' title='bbox 1318 839 1708 893; x_wconf 78' lang='lat' dir='ltr'><strong>ecclesiarum:</strong></span> 
     </span>
    </p>
   </div>
   <div class='ocr_carea' id='block_1_9' title="bbox 170 928 1714 998">
    <p class='ocr_par' dir='ltr' id='par_1_9' title="bbox 170 928 1714 998">
     <span class='ocr_line' id='line_1_9' title="bbox 170 928 1714 998; baseline -0.005 -10"><span class='ocrx_word' id='word_1_47' title='bbox 170 949 241 988; x_wconf 83' lang='lat' dir='ltr'><strong>Sta</strong></span> <span class='ocrx_word' id='word_1_48' title='bbox 279 931 408 984; x_wconf 88' lang='lat' dir='ltr'><strong>cnim</strong></span> <span class='ocrx_word' id='word_1_49' title='bbox 454 931 646 985; x_wconf 87' lang='lat' dir='ltr'><strong>altaria</strong></span> <span class='ocrx_word' id='word_1_50' title='bbox 693 947 814 985; x_wconf 76' lang='lat' dir='ltr'><strong>esse</strong></span> <span class='ocrx_word' id='word_1_51' title='bbox 859 938 1148 992; x_wconf 88' lang='lat' dir='ltr'><strong>astrunnt,</strong></span> <span class='ocrx_word' id='word_1_52' title='bbox 1187 946 1307 998; x_wconf 80' lang='lat' dir='ltr'><strong>qua:</strong></span> <span class='ocrx_word' id='word_1_53' title='bbox 1351 931 1552 997; x_wconf 82' lang='lat' dir='ltr'><strong>absque</strong></span> <span class='ocrx_word' id='word_1_54' title='bbox 1593 928 1714 982; x_wconf 74' lang='lat' dir='ltr'><strong>ulli-3</strong></span> 
     </span>
    </p>
   </div>
   <div class='ocr_carea' id='block_1_10' title="bbox 170 1020 1716 1090">
    <p class='ocr_par' dir='ltr' id='par_1_10' title="bbox 170 1020 1716 1090">
     <span class='ocr_line' id='line_1_10' title="bbox 170 1020 1716 1090; baseline -0.002 -12"><span class='ocrx_word' id='word_1_55' title='bbox 170 1024 438 1080; x_wconf 63' lang='lat' dir='ltr'><strong>auctet-ibus</strong></span> <span class='ocrx_word' id='word_1_56' title='bbox 462 1023 529 1075; x_wconf 88' lang='lat' dir='ltr'><strong>ab</strong></span> <span class='ocrx_word' id='word_1_57' title='bbox 553 1023 780 1077; x_wconf 79' lang='lat' dir='ltr'><strong>ecclesia</strong></span> <span class='ocrx_word' id='word_1_58' title='bbox 805 1032 1118 1088; x_wconf 87' lang='lat' dir='ltr'><strong>secernunt,</strong></span> <span class='ocrx_word' id='word_1_59' title='bbox 1145 1037 1208 1078; x_wconf 87' lang='lat' dir='ltr'><strong>eo</strong></span> <span class='ocrx_word' id='word_1_60' title='bbox 1231 1038 1414 1075; x_wconf 89' lang='lat' dir='ltr'><strong>errore</strong></span> <span class='ocrx_word' id='word_1_61' title='bbox 1438 1020 1583 1073; x_wconf 89' lang='lat' dir='ltr'><strong>ducti</strong></span> <span class='ocrx_word' id='word_1_62' title='bbox 1609 1038 1716 1090; x_wconf 90' lang='lat' dir='ltr'><strong>quo</strong></span> 
     </span>
    </p>
   </div>
   <div class='ocr_carea' id='block_1_11' title="bbox 170 1118 1712 1190">
    <p class='ocr_par' dir='ltr' id='par_1_11' title="bbox 170 1118 1712 1190">
     <span class='ocr_line' id='line_1_11' title="bbox 170 1118 1712 1190; baseline -0.003 -15"><span class='ocrx_word' id='word_1_63' title='bbox 170 1122 507 1175; x_wconf 75' lang='lat' dir='ltr'><strong>detinebantur</strong></span> <span class='ocrx_word' id='word_1_64' title='bbox 551 1122 834 1186; x_wconf 78' lang='lat' dir='ltr'><strong>haeretici,</strong></span> <span class='ocrx_word' id='word_1_65' title='bbox 884 1121 973 1190; x_wconf 86' lang='lat' dir='ltr'><strong>qui</strong></span> <span class='ocrx_word' id='word_1_66' title='bbox 1030 1136 1194 1174; x_wconf 89' lang='lat' dir='ltr'><strong>unam</strong></span> <span class='ocrx_word' id='word_1_67' title='bbox 1247 1134 1532 1189; x_wconf 80' lang='lat' dir='ltr'><strong>personam</strong></span> <span class='ocrx_word' id='word_1_68' title='bbox 1587 1118 1712 1173; x_wconf 87' lang='lat' dir='ltr'><strong>Jesu</strong></span> 
     </span>
    </p>
   </div>
   <div class='ocr_carea' id='block_1_12' title="bbox 171 1211 1714 1269">
    <p class='ocr_par' dir='ltr' id='par_1_12' title="bbox 171 1211 1714 1269">
     <span class='ocr_line' id='line_1_12' title="bbox 171 1211 1714 1269; baseline -0.003 0"><span class='ocrx_word' id='word_1_69' title='bbox 171 1215 331 1269; x_wconf 78' lang='lat' dir='ltr'><strong>Christi</strong></span> <span class='ocrx_word' id='word_1_70' title='bbox 375 1214 426 1267; x_wconf 94' lang='lat' dir='ltr'><strong>in</strong></span> <span class='ocrx_word' id='word_1_71' title='bbox 474 1214 684 1268; x_wconf 89' lang='lat' dir='ltr'><strong>duabus</strong></span> <span class='ocrx_word' id='word_1_72' title='bbox 728 1214 936 1269; x_wconf 74' lang='lat' dir='ltr'><strong>naturis</strong></span> <span class='ocrx_word' id='word_1_73' title='bbox 984 1213 1164 1268; x_wconf 84' lang='lat' dir='ltr'><strong>conati</strong></span> <span class='ocrx_word' id='word_1_74' title='bbox 1211 1219 1335 1267; x_wconf 85' lang='lat' dir='ltr'><strong>sunt</strong></span> <span class='ocrx_word' id='word_1_75' title='bbox 1380 1211 1620 1266; x_wconf 88' lang='lat' dir='ltr'><strong>dividere</strong></span> <span class='ocrx_word' id='word_1_76' title='bbox 1663 1212 1714 1264; x_wconf 93' lang='lat' dir='ltr'><strong>in</strong></span> 
     </span>
    </p>
   </div>
   <div class='ocr_carea' id='block_1_13' title="bbox 172 1304 1712 1376">
    <p class='ocr_par' dir='ltr' id='par_1_13' title="bbox 172 1304 1712 1376">
     <span class='ocr_line' id='line_1_13' title="bbox 172 1304 1712 1376; baseline -0.003 -16"><span class='ocrx_word' id='word_1_77' title='bbox 172 1322 478 1376; x_wconf 63' lang='lat' dir='ltr'><strong>p‘rsonarum</strong></span> <span class='ocrx_word' id='word_1_78' title='bbox 510 1306 852 1376; x_wconf 83' lang='lat' dir='ltr'><strong>pluralitate,</strong></span> <span class='ocrx_word' id='word_1_79' title='bbox 884 1317 1072 1360; x_wconf 89' lang='lat' dir='ltr'><strong>contra</strong></span> <span class='ocrx_word' id='word_1_80' title='bbox 1105 1305 1258 1369; x_wconf 88' lang='lat' dir='ltr'><strong>illud,</strong></span> <span class='ocrx_word' id='word_1_81' title='bbox 1281 1304 1327 1359; x_wconf 80' lang='lat' dir='ltr'><strong>si</strong></span> <span class='ocrx_word' id='word_1_82' title='bbox 1360 1305 1495 1358; x_wconf 81' lang='lat' dir='ltr'><strong>enim</strong></span> <span class='ocrx_word' id='word_1_83' title='bbox 1527 1320 1712 1373; x_wconf 83' lang='lat' dir='ltr'><strong>cogno-</strong></span> 
     </span>
    </p>
   </div>
   <div class='ocr_carea' id='block_1_14' title="bbox 174 1395 1717 1468">
    <p class='ocr_par' dir='ltr' id='par_1_14' title="bbox 174 1395 1717 1468">
     <span class='ocr_line' id='line_1_14' title="bbox 174 1395 1717 1468; baseline -0.001 -18"><span class='ocrx_word' id='word_1_84' title='bbox 174 1397 359 1460; x_wconf 73' lang='lat' dir='ltr'><strong>vissent,</strong></span> <span class='ocrx_word' id='word_1_85' title='bbox 422 1413 693 1466; x_wconf 76' lang='lat' dir='ltr'><strong>nunquam</strong></span> <span class='ocrx_word' id='word_1_86' title='bbox 755 1397 1034 1450; x_wconf 84' lang='lat' dir='ltr'><strong>Dominum</strong></span> <span class='ocrx_word' id='word_1_87' title='bbox 1098 1397 1281 1468; x_wconf 68' lang='lat' dir='ltr'><strong>gloria:</strong></span> <span class='ocrx_word' id='word_1_88' title='bbox 1338 1395 1717 1463; x_wconf 71' lang='lat' dir='ltr'><strong>cruciﬁrissent</strong></span> 
     </span>
    </p>
   </div>
   <div class='ocr_carea' id='block_1_15' title="bbox 175 1485 1720 1558">
    <p class='ocr_par' dir='ltr' id='par_1_15' title="bbox 175 1485 1720 1558">
     <span class='ocr_line' id='line_1_15' title="bbox 175 1485 1720 1558; baseline 0 -20"><span class='ocrx_word' id='word_1_89' title='bbox 175 1485 213 1552; x_wconf 84' lang='lat' dir='ltr'><strong>(l</strong></span> <span class='ocrx_word' id='word_1_90' title='bbox 237 1485 334 1539; x_wconf 86' lang='lat' dir='ltr'><strong>Cor.</strong></span> <span class='ocrx_word' id='word_1_91' title='bbox 360 1502 428 1544; x_wconf 79' lang='lat' dir='ltr'><strong>xi.</strong></span> <span class='ocrx_word' id='word_1_92' title='bbox 455 1487 530 1555; x_wconf 83' lang='lat'><strong>8).</strong></span> <span class='ocrx_word' id='word_1_93' title='bbox 563 1486 842 1556; x_wconf 76' lang='lat' dir='ltr'><strong>Siquidem</strong></span> <span class='ocrx_word' id='word_1_94' title='bbox 869 1486 1158 1558; x_wconf 80' lang='lat' dir='ltr'><strong>Apostolus</strong></span> <span class='ocrx_word' id='word_1_95' title='bbox 1185 1485 1498 1542; x_wconf 75' lang='lat' dir='ltr'><strong>crucifixum</strong></span> <span class='ocrx_word' id='word_1_96' title='bbox 1523 1487 1720 1540; x_wconf 79' lang='lat' dir='ltr'><strong>asserit.</strong></span> 
     </span>
    </p>
   </div>
   <div class='ocr_carea' id='block_1_16' title="bbox 177 1576 1718 1649">
    <p class='ocr_par' dir='ltr' id='par_1_16' title="bbox 177 1576 1718 1649">
     <span class='ocr_line' id='line_1_16' title="bbox 177 1576 1718 1649; baseline 0 -19"><span class='ocrx_word' id='word_1_97' title='bbox 177 1593 299 1647; x_wconf 79' lang='lat' dir='ltr'><strong>quem</strong></span> <span class='ocrx_word' id='word_1_98' title='bbox 323 1577 500 1649; x_wconf 75' lang='lat' dir='ltr'><strong>gloria:</strong></span> <span class='ocrx_word' id='word_1_99' title='bbox 530 1593 626 1632; x_wconf 76' lang='lat' dir='ltr'><strong>sua</strong></span> <span class='ocrx_word' id='word_1_100' title='bbox 655 1577 993 1632; x_wconf 52' lang='lat' dir='ltr'><strong>confessione</strong></span> <span class='ocrx_word' id='word_1_101' title='bbox 1038 1577 1292 1648; x_wconf 80' lang='lat' dir='ltr'><strong>patefecit</strong></span> <span class='ocrx_word' id='word_1_102' title='bbox 1322 1594 1335 1630; x_wconf 88' lang='lat'><strong>:</strong></span> <span class='ocrx_word' id='word_1_103' title='bbox 1368 1577 1491 1646; x_wconf 84' lang='lat' dir='ltr'><strong>quia</strong></span> <span class='ocrx_word' id='word_1_104' title='bbox 1523 1618 1536 1643; x_wconf 90' lang='lat'><strong>,</strong></span> <span class='ocrx_word' id='word_1_105' title='bbox 1577 1576 1718 1631; x_wconf 81' lang='lat' dir='ltr'><strong>sicut</strong></span> 
     </span>
    </p>
   </div>
   <div class='ocr_carea' id='block_1_17' title="bbox 179 1669 1720 1733">
    <p class='ocr_par' dir='ltr' id='par_1_17' title="bbox 179 1669 1720 1733">
     <span class='ocr_line' id='line_1_17' title="bbox 179 1669 1720 1733; baseline -0.001 -10"><span class='ocrx_word' id='word_1_106' title='bbox 179 1670 316 1723; x_wconf 89' lang='lat' dir='ltr'><strong>anima</strong></span> <span class='ocrx_word' id='word_1_107' title='bbox 339 1679 386 1722; x_wconf 87' lang='lat' dir='ltr'><strong>et</strong></span> <span class='ocrx_word' id='word_1_108' title='bbox 417 1685 546 1724; x_wconf 88' lang='lat' dir='ltr'><strong>caro</strong></span> <span class='ocrx_word' id='word_1_109' title='bbox 577 1686 713 1724; x_wconf 90' lang='lat' dir='ltr'><strong>unus</strong></span> <span class='ocrx_word' id='word_1_110' title='bbox 739 1679 821 1724; x_wconf 91' lang='lat' dir='ltr'><strong>est</strong></span> <span class='ocrx_word' id='word_1_111' title='bbox 845 1671 1026 1733; x_wconf 89' lang='lat' dir='ltr'><strong>homo,</strong></span> <span class='ocrx_word' id='word_1_112' title='bbox 1055 1670 1125 1723; x_wconf 87' lang='lat' dir='ltr'><strong>ita</strong></span> <span class='ocrx_word' id='word_1_113' title='bbox 1159 1670 1298 1723; x_wconf 89' lang='lat' dir='ltr'><strong>Dens</strong></span> <span class='ocrx_word' id='word_1_114' title='bbox 1320 1678 1372 1722; x_wconf 92' lang='lat' dir='ltr'><strong>et</strong></span> <span class='ocrx_word' id='word_1_115' title='bbox 1395 1669 1555 1722; x_wconf 91' lang='lat' dir='ltr'><strong>homo</strong></span> <span class='ocrx_word' id='word_1_116' title='bbox 1581 1683 1720 1722; x_wconf 91' lang='lat' dir='ltr'><strong>unus</strong></span> 
     </span>
    </p>
   </div>
   <div class='ocr_carea' id='block_1_18' title="bbox 177 1759 1719 1830">
    <p class='ocr_par' dir='ltr' id='par_1_18' title="bbox 177 1759 1719 1830">
     <span class='ocr_line' id='line_1_18' title="bbox 177 1759 1719 1830; baseline 0 -16"><span class='ocrx_word' id='word_1_117' title='bbox 177 1759 518 1826; x_wconf 65' lang='lat' dir='ltr'><strong>esthrisltts,</strong></span> <span class='ocrx_word' id='word_1_118' title='bbox 551 1761 642 1829; x_wconf 88' lang='lat' dir='ltr'><strong>qui</strong></span> <span class='ocrx_word' id='word_1_119' title='bbox 672 1777 822 1814; x_wconf 88' lang='lat' dir='ltr'><strong>suam</strong></span> <span class='ocrx_word' id='word_1_120' title='bbox 867 1776 1118 1830; x_wconf 82' lang='lat' dir='ltr'><strong>sponsam</strong></span> <span class='ocrx_word' id='word_1_121' title='bbox 1159 1769 1436 1824; x_wconf 88' lang='lat' dir='ltr'><strong>sanetam,</strong></span> <span class='ocrx_word' id='word_1_122' title='bbox 1470 1759 1719 1814; x_wconf 87' lang='lat' dir='ltr'><strong>videlicet</strong></span> 
     </span>
    </p>
   </div>
   <div class='ocr_carea' id='block_1_19' title="bbox 1812 546 3390 626">
    <p class='ocr_par' dir='ltr' id='par_1_19' title="bbox 1812 546 3390 626">
     <span class='ocr_line' id='line_1_19' title="bbox 1812 546 3390 626; baseline -0.012 -10"><span class='ocrx_word' id='word_1_123' title='bbox 1812 561 2026 622; x_wconf 88' lang='lat' dir='ltr'><strong>arrisit;</strong></span> <span class='ocrx_word' id='word_1_124' title='bbox 2065 571 2293 626; x_wconf 86' lang='lat' dir='ltr'><strong>cumque</strong></span> <span class='ocrx_word' id='word_1_125' title='bbox 2323 555 2372 608; x_wconf 89' lang='lat' dir='ltr'><strong>in</strong></span> <span class='ocrx_word' id='word_1_126' title='bbox 2407 570 2512 608; x_wconf 89' lang='lat' dir='ltr'><strong>uno</strong></span> <span class='ocrx_word' id='word_1_127' title='bbox 2545 553 2785 622; x_wconf 89' lang='lat' dir='ltr'><strong>quolibet</strong></span> <span class='ocrx_word' id='word_1_128' title='bbox 2813 549 3088 620; x_wconf 89' lang='lat' dir='ltr'><strong>episcopio</strong></span> <span class='ocrx_word' id='word_1_129' title='bbox 3121 546 3390 600; x_wconf 84' lang='lat' dir='ltr'><strong>interdum</strong></span> 
     </span>
    </p>
   </div>
   <div class='ocr_carea' id='block_1_20' title="bbox 1814 637 3394 710">
    <p class='ocr_par' dir='ltr' id='par_1_20' title="bbox 1814 637 3394 710">
     <span class='ocr_line' id='line_1_20' title="bbox 1814 637 3394 710; baseline -0.011 -4"><span class='ocrx_word' id='word_1_130' title='bbox 1814 651 1959 706; x_wconf 89' lang='lat' dir='ltr'><strong>mille</strong></span> <span class='ocrx_word' id='word_1_131' title='bbox 1989 650 2096 704; x_wconf 90' lang='lat' dir='ltr'><strong>sint</strong></span> <span class='ocrx_word' id='word_1_132' title='bbox 2135 646 2406 710; x_wconf 67' lang='lat' dir='ltr'><strong>ecclesitc,</strong></span> <span class='ocrx_word' id='word_1_133' title='bbox 2440 646 2632 700; x_wconf 89' lang='lat' dir='ltr'><strong>mirum</strong></span> <span class='ocrx_word' id='word_1_134' title='bbox 2679 653 2759 698; x_wconf 90' lang='lat' dir='ltr'><strong>est</strong></span> <span class='ocrx_word' id='word_1_135' title='bbox 2793 642 2835 696; x_wconf 91' lang='lat' dir='ltr'><strong>si</strong></span> <span class='ocrx_word' id='word_1_136' title='bbox 2880 649 3022 694; x_wconf 89' lang='lat' dir='ltr'><strong>tanta</strong></span> <span class='ocrx_word' id='word_1_137' title='bbox 3055 649 3137 694; x_wconf 90' lang='lat' dir='ltr'><strong>est</strong></span> <span class='ocrx_word' id='word_1_138' title='bbox 3167 637 3394 691; x_wconf 88' lang='lat' dir='ltr'><strong>avaritia</strong></span> 
     </span>
    </p>
   </div>
   <div class='ocr_carea' id='block_1_21' title="bbox 1814 731 3398 808">
    <p class='ocr_par' dir='ltr' id='par_1_21' title="bbox 1814 731 3398 808">
     <span class='ocr_line' id='line_1_21' title="bbox 1814 731 3398 808; baseline -0.008 -9"><span class='ocrx_word' id='word_1_139' title='bbox 1814 743 2157 799; x_wconf 88' lang='lat' dir='ltr'><strong>sacerdotum</strong></span> <span class='ocrx_word' id='word_1_140' title='bbox 2181 749 2240 794; x_wconf 90' lang='lat' dir='ltr'><strong>ut</strong></span> <span class='ocrx_word' id='word_1_141' title='bbox 2263 740 2447 793; x_wconf 89' lang='lat' dir='ltr'><strong>satiari</strong></span> <span class='ocrx_word' id='word_1_142' title='bbox 2477 748 2707 808; x_wconf 80' lang='lat' dir='ltr'><strong>nequeat</strong></span> <span class='ocrx_word' id='word_1_143' title='bbox 2735 736 2894 790; x_wconf 89' lang='lat' dir='ltr'><strong>tertia</strong></span> <span class='ocrx_word' id='word_1_144' title='bbox 2918 734 3022 798; x_wconf 87' lang='lat' dir='ltr'><strong>vel,</strong></span> <span class='ocrx_word' id='word_1_145' title='bbox 3049 733 3191 803; x_wconf 90' lang='lat' dir='ltr'><strong>quod</strong></span> <span class='ocrx_word' id='word_1_146' title='bbox 3220 731 3398 786; x_wconf 85' lang='lat' dir='ltr'><strong>minus</strong></span> 
     </span>
    </p>
   </div>
   <div class='ocr_carea' id='block_1_22' title="bbox 1815 823 3398 905">
    <p class='ocr_par' dir='ltr' id='par_1_22' title="bbox 1815 823 3398 905">
     <span class='ocr_line' id='line_1_22' title="bbox 1815 823 3398 905; baseline -0.01 -14"><span class='ocrx_word' id='word_1_147' title='bbox 1815 847 1927 902; x_wconf 81' lang='lat' dir='ltr'><strong>est,</strong></span> <span class='ocrx_word' id='word_1_148' title='bbox 1959 845 2151 905; x_wconf 89' lang='lat' dir='ltr'><strong>quarta</strong></span> <span class='ocrx_word' id='word_1_149' title='bbox 2182 844 2336 904; x_wconf 90' lang='lat' dir='ltr'><strong>parte</strong></span> <span class='ocrx_word' id='word_1_150' title='bbox 2374 848 2591 885; x_wconf 89' lang='lat' dir='ltr'><strong>suarum</strong></span> <span class='ocrx_word' id='word_1_151' title='bbox 2623 829 2998 884; x_wconf 83' lang='lat' dir='ltr'><strong>ecclesiarum.</strong></span> <span class='ocrx_word' id='word_1_152' title='bbox 3028 825 3182 893; x_wconf 82' lang='lat' dir='ltr'><strong>Quod</strong></span> <span class='ocrx_word' id='word_1_153' title='bbox 3209 823 3398 894; x_wconf 67' lang='lat' dir='ltr'><strong>prmvi-</strong></span> 
     </span>
    </p>
   </div>
   <div class='ocr_carea' id='block_1_23' title="bbox 1815 919 3399 987">
    <p class='ocr_par' dir='ltr' id='par_1_23' title="bbox 1815 919 3399 987">
     <span class='ocr_line' id='line_1_23' title="bbox 1815 919 3399 987; baseline -0.013 -1"><span class='ocrx_word' id='word_1_154' title='bbox 1815 933 1949 986; x_wconf 87' lang='lat' dir='ltr'><strong>deus</strong></span> <span class='ocrx_word' id='word_1_155' title='bbox 1984 929 2352 983; x_wconf 83' lang='lat' dir='ltr'><strong>Bracharensc</strong></span> <span class='ocrx_word' id='word_1_156' title='bbox 2377 923 2661 978; x_wconf 84' lang='lat' dir='ltr'><strong>concilium</strong></span> <span class='ocrx_word' id='word_1_157' title='bbox 2689 922 2766 975; x_wconf 90' lang='lat' dir='ltr'><strong>ait</strong></span> <span class='ocrx_word' id='word_1_158' title='bbox 2795 939 2807 974; x_wconf 93' lang='lat'><strong>:</strong></span> <span class='ocrx_word' id='word_1_159' title='bbox 2841 919 3070 973; x_wconf 83' lang='lat' dir='ltr'><strong>Tertiam</strong></span> <span class='ocrx_word' id='word_1_160' title='bbox 3106 925 3304 987; x_wconf 83' lang='lat' dir='ltr'><strong>partem</strong></span> <span class='ocrx_word' id='word_1_161' title='bbox 3335 928 3399 967; x_wconf 71' lang='lat' dir='ltr'><strong>ex</strong></span> 
     </span>
    </p>
   </div>
   <div class='ocr_carea' id='block_1_24' title="bbox 1816 1005 3397 1095">
    <p class='ocr_par' dir='ltr' id='par_1_24' title="bbox 1816 1005 3397 1095">
     <span class='ocr_line' id='line_1_24' title="bbox 1816 1005 3397 1095; baseline -0.011 -18"><span class='ocrx_word' id='word_1_162' title='bbox 1816 1038 2121 1095; x_wconf 79' lang='lat' dir='ltr'><strong>quacunque</strong></span> <span class='ocrx_word' id='word_1_163' title='bbox 2153 1017 2413 1073; x_wconf 86' lang='lat' dir='ltr'><strong>oblatione</strong></span> <span class='ocrx_word' id='word_1_164' title='bbox 2440 1014 2617 1086; x_wconf 84' lang='lat' dir='ltr'><strong>populi</strong></span> <span class='ocrx_word' id='word_1_165' title='bbox 2643 1015 2694 1068; x_wconf 85' lang='lat' dir='ltr'><strong>in</strong></span> <span class='ocrx_word' id='word_1_166' title='bbox 2722 1011 2950 1066; x_wconf 77' lang='lat' dir='ltr'><strong>ecclesiis</strong></span> <span class='ocrx_word' id='word_1_167' title='bbox 2978 1005 3397 1088; x_wconf 71' lang='lat' dir='ltr'><strong>parrochialibus</strong></span> 
     </span>
    </p>
   </div>
   <div class='ocr_carea' id='block_1_25' title="bbox 1816 1085 3402 1182">
    <p class='ocr_par' dir='ltr' id='par_1_25' title="bbox 1816 1085 3402 1182">
     <span class='ocr_line' id='line_1_25' title="bbox 1816 1085 3402 1182; baseline -0.012 -14"><span class='ocrx_word' id='word_1_168' title='bbox 1816 1115 2083 1182; x_wconf 83' lang='lat' dir='ltr'><strong>episcopus</strong></span> <span class='ocrx_word' id='word_1_169' title='bbox 2116 1127 2216 1164; x_wconf 84' lang='lat' dir='ltr'><strong>non</strong></span> <span class='ocrx_word' id='word_1_170' title='bbox 2249 1085 2500 1176; x_wconf 83' lang='lat' dir='ltr'><strong>requirat,</strong></span> <span class='ocrx_word' id='word_1_171' title='bbox 2531 1105 2620 1159; x_wconf 82' lang='lat' dir='ltr'><strong>sed</strong></span> <span class='ocrx_word' id='word_1_172' title='bbox 2651 1104 2742 1158; x_wconf 84' lang='lat' dir='ltr'><strong>illa</strong></span> <span class='ocrx_word' id='word_1_173' title='bbox 2775 1105 2925 1157; x_wconf 79' lang='lat' dir='ltr'><strong>tertia</strong></span> <span class='ocrx_word' id='word_1_174' title='bbox 2955 1085 3207 1170; x_wconf 60' lang='lat' dir='ltr'><strong>parsipro</strong></span> <span class='ocrx_word' id='word_1_175' title='bbox 3242 1097 3402 1150; x_wconf 80' lang='lat' dir='ltr'><strong>lumi-</strong></span> 
     </span>
    </p>
   </div>
   <div class='ocr_carea' id='block_1_26' title="bbox 1819 1186 3401 1265">
    <p class='ocr_par' dir='ltr' id='par_1_26' title="bbox 1819 1186 3401 1265">
     <span class='ocr_line' id='line_1_26' title="bbox 1819 1186 3401 1265; baseline -0.012 -6"><span class='ocrx_word' id='word_1_176' title='bbox 1819 1205 2030 1260; x_wconf 84' lang='lat' dir='ltr'><strong>naribus</strong></span> <span class='ocrx_word' id='word_1_177' title='bbox 2055 1201 2284 1256; x_wconf 76' lang='lat' dir='ltr'><strong>ecclesia:</strong></span> <span class='ocrx_word' id='word_1_178' title='bbox 2315 1199 2390 1253; x_wconf 80' lang='lat' dir='ltr'><strong>cel</strong></span> <span class='ocrx_word' id='word_1_179' title='bbox 2419 1196 2804 1265; x_wconf 81' lang='lat' dir='ltr'><strong>recuperatione</strong></span> <span class='ocrx_word' id='word_1_180' title='bbox 2829 1201 3080 1255; x_wconf 81' lang='lat' dir='ltr'><strong>servetur,</strong></span> <span class='ocrx_word' id='word_1_181' title='bbox 3106 1198 3151 1242; x_wconf 83' lang='lat' dir='ltr'><strong>et</strong></span> <span class='ocrx_word' id='word_1_182' title='bbox 3179 1186 3401 1256; x_wconf 82' lang='lat' dir='ltr'><strong>singulis</strong></span> 
     </span>
    </p>
   </div>
   <div class='ocr_carea' id='block_1_27' title="bbox 1818 1279 3404 1366">
    <p class='ocr_par' dir='ltr' id='par_1_27' title="bbox 1818 1279 3404 1366">
     <span class='ocr_line' id='line_1_27' title="bbox 1818 1279 3404 1366; baseline -0.011 -16"><span class='ocrx_word' id='word_1_183' title='bbox 1818 1297 1972 1350; x_wconf 71' lang='lat' dir='ltr'><strong>armis</strong></span> <span class='ocrx_word' id='word_1_184' title='bbox 2009 1295 2248 1366; x_wconf 81' lang='lat' dir='ltr'><strong>episcopo</strong></span> <span class='ocrx_word' id='word_1_185' title='bbox 2286 1290 2474 1345; x_wconf 75' lang='lat' dir='ltr'><strong>exinde</strong></span> <span class='ocrx_word' id='word_1_186' title='bbox 2508 1287 2642 1340; x_wconf 80' lang='lat' dir='ltr'><strong>ratio</strong></span> <span class='ocrx_word' id='word_1_187' title='bbox 2679 1285 2794 1354; x_wconf 84' lang='lat' dir='ltr'><strong>ﬁat.</strong></span> <span class='ocrx_word' id='word_1_188' title='bbox 2836 1282 2968 1337; x_wconf 91' lang='lat' dir='ltr'><strong>Cum</strong></span> <span class='ocrx_word' id='word_1_189' title='bbox 3009 1282 3169 1348; x_wconf 73' lang='lat' dir='ltr'><strong>igitur</strong></span> <span class='ocrx_word' id='word_1_190' title='bbox 3203 1280 3269 1333; x_wconf 92' lang='lat' dir='ltr'><strong>de</strong></span> <span class='ocrx_word' id='word_1_191' title='bbox 3302 1279 3404 1332; x_wconf 87' lang='lat' dir='ltr'><strong>hac</strong></span> 
     </span>
    </p>
   </div>
   <div class='ocr_carea' id='block_1_28' title="bbox 1821 1370 3404 1458">
    <p class='ocr_par' dir='ltr' id='par_1_28' title="bbox 1821 1370 3404 1458">
     <span class='ocr_line' id='line_1_28' title="bbox 1821 1370 3404 1458; baseline -0.011 -18"><span class='ocrx_word' id='word_1_192' title='bbox 1821 1397 1972 1458; x_wconf 87' lang='lat' dir='ltr'><strong>parte</strong></span> <span class='ocrx_word' id='word_1_193' title='bbox 2006 1385 2357 1440; x_wconf 87' lang='lat' dir='ltr'><strong>ecclesiarum</strong></span> <span class='ocrx_word' id='word_1_194' title='bbox 2395 1379 2779 1448; x_wconf 84' lang='lat' dir='ltr'><strong>transcriptum</strong></span> <span class='ocrx_word' id='word_1_195' title='bbox 2826 1377 2924 1441; x_wconf 89' lang='lat' dir='ltr'><strong>sit,</strong></span> <span class='ocrx_word' id='word_1_196' title='bbox 2976 1373 3064 1427; x_wconf 82' lang='lat' dir='ltr'><strong>tibi</strong></span> <span class='ocrx_word' id='word_1_197' title='bbox 3109 1387 3292 1442; x_wconf 65' lang='lat' dir='ltr'><strong>quaeso</strong></span> <span class='ocrx_word' id='word_1_198' title='bbox 3337 1370 3404 1423; x_wconf 89' lang='lat' dir='ltr'><strong>de</strong></span> 
     </span>
    </p>
   </div>
   <div class='ocr_carea' id='block_1_29' title="bbox 1821 1461 3405 1539">
    <p class='ocr_par' dir='ltr' id='par_1_29' title="bbox 1821 1461 3405 1539">
     <span class='ocr_line' id='line_1_29' title="bbox 1821 1461 3405 1539; baseline -0.013 -7"><span class='ocrx_word' id='word_1_199' title='bbox 1821 1480 2036 1532; x_wconf 84' lang='lat' dir='ltr'><strong>dotibus</strong></span> <span class='ocrx_word' id='word_1_200' title='bbox 2073 1475 2151 1530; x_wconf 85' lang='lat' dir='ltr'><strong>vel</strong></span> <span class='ocrx_word' id='word_1_201' title='bbox 2191 1474 2414 1528; x_wconf 84' lang='lat' dir='ltr'><strong>decimis</strong></span> <span class='ocrx_word' id='word_1_202' title='bbox 2452 1471 2718 1539; x_wconf 88' lang='lat' dir='ltr'><strong>scriptura</strong></span> <span class='ocrx_word' id='word_1_203' title='bbox 2764 1464 3015 1536; x_wconf 84' lang='lat' dir='ltr'><strong>qna-libet</strong></span> <span class='ocrx_word' id='word_1_204' title='bbox 3059 1463 3221 1518; x_wconf 90' lang='lat' dir='ltr'><strong>tradit</strong></span> <span class='ocrx_word' id='word_1_205' title='bbox 3263 1461 3405 1530; x_wconf 90' lang='lat' dir='ltr'><strong>quod</strong></span> 
     </span>
    </p>
   </div>
   <div class='ocr_carea' id='block_1_30' title="bbox 1822 1553 3407 1640">
    <p class='ocr_par' dir='ltr' id='par_1_30' title="bbox 1822 1553 3407 1640">
     <span class='ocr_line' id='line_1_30' title="bbox 1822 1553 3407 1640; baseline -0.013 -14"><span class='ocrx_word' id='word_1_206' title='bbox 1822 1570 2054 1640; x_wconf 81' lang='lat' dir='ltr'><strong>singulis</strong></span> <span class='ocrx_word' id='word_1_207' title='bbox 2068 1568 2224 1623; x_wconf 89' lang='lat' dir='ltr'><strong>annis</strong></span> <span class='ocrx_word' id='word_1_208' title='bbox 2246 1566 2498 1634; x_wconf 84' lang='lat' dir='ltr'><strong>episcopo</strong></span> <span class='ocrx_word' id='word_1_209' title='bbox 2522 1562 2658 1616; x_wconf 90' lang='lat' dir='ltr'><strong>ratio</strong></span> <span class='ocrx_word' id='word_1_210' title='bbox 2682 1559 2950 1615; x_wconf 87' lang='lat' dir='ltr'><strong>reddenda</strong></span> <span class='ocrx_word' id='word_1_211' title='bbox 2983 1557 3084 1611; x_wconf 89' lang='lat' dir='ltr'><strong>sit?</strong></span> <span class='ocrx_word' id='word_1_212' title='bbox 3107 1573 3172 1608; x_wconf 88' lang='lat' dir='ltr'><strong>an</strong></span> <span class='ocrx_word' id='word_1_213' title='bbox 3204 1553 3407 1623; x_wconf 89' lang='lat' dir='ltr'><strong>aliquid</strong></span> 
     </span>
    </p>
   </div>
   <div class='ocr_carea' id='block_1_31' title="bbox 1823 1642 3407 1724">
    <p class='ocr_par' dir='ltr' id='par_1_31' title="bbox 1823 1642 3407 1724">
     <span class='ocr_line' id='line_1_31' title="bbox 1823 1642 3407 1724; baseline -0.015 -6"><span class='ocrx_word' id='word_1_214' title='bbox 1823 1663 2081 1724; x_wconf 66' lang='lat' dir='ltr'><strong>ecclesiis,</strong></span> <span class='ocrx_word' id='word_1_215' title='bbox 2115 1659 2349 1714; x_wconf 74' lang='lat' dir='ltr'><strong>maxime</strong></span> <span class='ocrx_word' id='word_1_216' title='bbox 2380 1672 2466 1710; x_wconf 87' lang='lat' dir='ltr'><strong>res</strong></span> <span class='ocrx_word' id='word_1_217' title='bbox 2498 1651 2818 1716; x_wconf 88' lang='lat' dir='ltr'><strong>immobilis,</strong></span> <span class='ocrx_word' id='word_1_218' title='bbox 2851 1649 3047 1721; x_wconf 86' lang='lat' dir='ltr'><strong>poterit</strong></span> <span class='ocrx_word' id='word_1_219' title='bbox 3079 1642 3407 1700; x_wconf 85' lang='lat' dir='ltr'><strong>abalienari?</strong></span> 
     </span>
    </p>
   </div>
   <div class='ocr_carea' id='block_1_32' title="bbox 1822 1737 3410 1816">
    <p class='ocr_par' dir='ltr' id='par_1_32' title="bbox 1822 1737 3410 1816">
     <span class='ocr_line' id='line_1_32' title="bbox 1822 1737 3410 1816; baseline -0.014 -8"><span class='ocrx_word' id='word_1_220' title='bbox 1822 1766 1906 1810; x_wconf 85' lang='lat' dir='ltr'><strong>est</strong></span> <span class='ocrx_word' id='word_1_221' title='bbox 1931 1769 2061 1808; x_wconf 87' lang='lat' dir='ltr'><strong>sane</strong></span> <span class='ocrx_word' id='word_1_222' title='bbox 2097 1752 2174 1806; x_wconf 89' lang='lat' dir='ltr'><strong>rei</strong></span> <span class='ocrx_word' id='word_1_223' title='bbox 2208 1747 2434 1816; x_wconf 84' lang='lat' dir='ltr'><strong>alicujus</strong></span> <span class='ocrx_word' id='word_1_224' title='bbox 2462 1745 2816 1808; x_wconf 88' lang='lat' dir='ltr'><strong>abalienatio,</strong></span> <span class='ocrx_word' id='word_1_225' title='bbox 2850 1742 2970 1796; x_wconf 85' lang='lat' dir='ltr'><strong>talis</strong></span> <span class='ocrx_word' id='word_1_226' title='bbox 3000 1741 3052 1794; x_wconf 93' lang='lat' dir='ltr'><strong>in</strong></span> <span class='ocrx_word' id='word_1_227' title='bbox 3085 1738 3207 1807; x_wconf 85' lang='lat' dir='ltr'><strong>jure</strong></span> <span class='ocrx_word' id='word_1_228' title='bbox 3236 1737 3410 1791; x_wconf 84' lang='lat' dir='ltr'><strong>cessio</strong></span> 
     </span>
    </p>
   </div>
   <div class='ocr_carea' id='block_1_33' title="bbox 180 1824 3408 1916">
    <p class='ocr_par' dir='ltr' id='par_1_33' title="bbox 180 1824 3408 1916">
     <span class='ocr_line' id='line_1_33' title="bbox 180 1824 3408 1916; baseline -0.008 -12"><span class='ocrx_word' id='word_1_229' title='bbox 180 1849 428 1906; x_wconf 83' lang='lat' dir='ltr'><strong>Ecclesiam</strong></span> <span class='ocrx_word' id='word_1_230' title='bbox 461 1859 632 1905; x_wconf 86' lang='lat' dir='ltr'><strong>totam</strong></span> <span class='ocrx_word' id='word_1_231' title='bbox 670 1852 769 1906; x_wconf 91' lang='lat' dir='ltr'><strong>sibi</strong></span> <span class='ocrx_word' id='word_1_232' title='bbox 804 1852 1160 1916; x_wconf 80' lang='lat' dir='ltr'><strong>consecravit,</strong></span> <span class='ocrx_word' id='word_1_233' title='bbox 1193 1859 1564 1906; x_wconf 84' lang='lat' dir='ltr'><strong>consecratam</strong></span> <span class='ocrx_word' id='word_1_234' title='bbox 1597 1852 1718 1905; x_wconf 91' lang='lat' dir='ltr'><strong>uni-</strong></span> <span class='ocrx_word' id='word_1_235' title='bbox 1752 1835 1794 1894; x_wconf 74' lang='grc' dir='ltr'><strong>Β</strong></span> <span class='ocrx_word' id='word_1_236' title='bbox 1825 1856 1880 1900; x_wconf 86' lang='grc' dir='ltr'><strong>ιιι</strong></span> <span class='ocrx_word' id='word_1_237' title='bbox 1909 1854 2027 1915; x_wconf 89' lang='lat' dir='ltr'><strong>post</strong></span> <span class='ocrx_word' id='word_1_238' title='bbox 2059 1845 2196 1898; x_wconf 88' lang='lat' dir='ltr'><strong>hanc</strong></span> <span class='ocrx_word' id='word_1_239' title='bbox 2225 1841 2365 1894; x_wconf 92' lang='lat' dir='ltr'><strong>nulla</strong></span> <span class='ocrx_word' id='word_1_240' title='bbox 2395 1839 2466 1893; x_wconf 92' lang='lat' dir='ltr'><strong>sit</strong></span> <span class='ocrx_word' id='word_1_241' title='bbox 2493 1836 2728 1908; x_wconf 79' lang='lat' dir='ltr'><strong>legitima</strong></span> <span class='ocrx_word' id='word_1_242' title='bbox 2759 1832 3029 1904; x_wconf 88' lang='lat' dir='ltr'><strong>repetitio,</strong></span> <span class='ocrx_word' id='word_1_243' title='bbox 3060 1829 3315 1899; x_wconf 88' lang='lat' dir='ltr'><strong>quoniam</strong></span> <span class='ocrx_word' id='word_1_244' title='bbox 3343 1824 3408 1878; x_wconf 91' lang='lat' dir='ltr'><strong>ad</strong></span> 
     </span>
    </p>
   </div>
   <div class='ocr_carea' id='block_1_34' title="bbox 181 1943 1722 2014">
    <p class='ocr_par' dir='ltr' id='par_1_34' title="bbox 181 1943 1722 2014">
     <span class='ocr_line' id='line_1_34' title="bbox 181 1943 1722 2014; baseline 0.002 -19"><span class='ocrx_word' id='word_1_245' title='bbox 181 1944 267 2010; x_wconf 83' lang='lat' dir='ltr'><strong>vit;</strong></span> <span class='ocrx_word' id='word_1_246' title='bbox 291 1953 355 2010; x_wconf 88' lang='lat' dir='ltr'><strong>et,</strong></span> <span class='ocrx_word' id='word_1_247' title='bbox 379 1944 422 1998; x_wconf 88' lang='lat' dir='ltr'><strong>si</strong></span> <span class='ocrx_word' id='word_1_248' title='bbox 454 1953 671 2014; x_wconf 87' lang='lat' dir='ltr'><strong>spectes</strong></span> <span class='ocrx_word' id='word_1_249' title='bbox 696 1945 761 1998; x_wconf 93' lang='lat' dir='ltr'><strong>ad</strong></span> <span class='ocrx_word' id='word_1_250' title='bbox 789 1944 1104 2014; x_wconf 88' lang='lat' dir='ltr'><strong>templorum</strong></span> <span class='ocrx_word' id='word_1_251' title='bbox 1129 1945 1378 2009; x_wconf 71' lang='lat' dir='ltr'><strong>aedilicia,</strong></span> <span class='ocrx_word' id='word_1_252' title='bbox 1402 1943 1722 1998; x_wconf 87' lang='lat' dir='ltr'><strong>fundamen-</strong></span> 
     </span>
    </p>
   </div>
   <div class='ocr_carea' id='block_1_35' title="bbox 184 2035 1723 2106">
    <p class='ocr_par' dir='ltr' id='par_1_35' title="bbox 184 2035 1723 2106">
     <span class='ocr_line' id='line_1_35' title="bbox 184 2035 1723 2106; baseline 0.004 -21"><span class='ocrx_word' id='word_1_253' title='bbox 184 2042 288 2098; x_wconf 90' lang='lat' dir='ltr'><strong>tun,</strong></span> <span class='ocrx_word' id='word_1_254' title='bbox 308 2035 532 2103; x_wconf 84' lang='lat' dir='ltr'><strong>parietes</strong></span> <span class='ocrx_word' id='word_1_255' title='bbox 554 2045 608 2088; x_wconf 84' lang='lat' dir='ltr'><strong>et</strong></span> <span class='ocrx_word' id='word_1_256' title='bbox 631 2044 827 2090; x_wconf 86' lang='lat' dir='ltr'><strong>tectum</strong></span> <span class='ocrx_word' id='word_1_257' title='bbox 852 2038 1053 2106; x_wconf 85' lang='lat' dir='ltr'><strong>absque</strong></span> <span class='ocrx_word' id='word_1_258' title='bbox 1075 2037 1274 2091; x_wconf 84' lang='lat' dir='ltr'><strong>Christi</strong></span> <span class='ocrx_word' id='word_1_259' title='bbox 1301 2053 1510 2101; x_wconf 88' lang='lat' dir='ltr'><strong>mensa,</strong></span> <span class='ocrx_word' id='word_1_260' title='bbox 1533 2038 1723 2091; x_wconf 91' lang='lat' dir='ltr'><strong>domus</strong></span> 
     </span>
    </p>
   </div>
   <div class='ocr_carea' id='block_1_36' title="bbox 184 2126 1724 2195">
    <p class='ocr_par' dir='ltr' id='par_1_36' title="bbox 184 2126 1724 2195">
     <span class='ocr_line' id='line_1_36' title="bbox 184 2126 1724 2195; baseline 0.005 -21"><span class='ocrx_word' id='word_1_261' title='bbox 184 2133 274 2190; x_wconf 77' lang='lat' dir='ltr'><strong>ist,</strong></span> <span class='ocrx_word' id='word_1_262' title='bbox 313 2142 407 2178; x_wconf 90' lang='lat' dir='ltr'><strong>non</strong></span> <span class='ocrx_word' id='word_1_263' title='bbox 440 2126 668 2181; x_wconf 85' lang='lat' dir='ltr'><strong>ecclesia</strong></span> <span class='ocrx_word' id='word_1_264' title='bbox 693 2168 706 2188; x_wconf 94' lang='lat'><strong>,</strong></span> <span class='ocrx_word' id='word_1_265' title='bbox 754 2127 890 2180; x_wconf 79' lang='lat' dir='ltr'><strong>sicut</strong></span> <span class='ocrx_word' id='word_1_266' title='bbox 925 2140 979 2181; x_wconf 91' lang='lat' dir='ltr'><strong>ct</strong></span> <span class='ocrx_word' id='word_1_267' title='bbox 1013 2128 1244 2181; x_wconf 87' lang='lat' dir='ltr'><strong>cadaver</strong></span> <span class='ocrx_word' id='word_1_268' title='bbox 1285 2129 1484 2182; x_wconf 88' lang='lat' dir='ltr'><strong>dicitur</strong></span> <span class='ocrx_word' id='word_1_269' title='bbox 1526 2143 1724 2195; x_wconf 90' lang='lat' dir='ltr'><strong>corpus</strong></span> 
     </span>
    </p>
   </div>
   <div class='ocr_carea' id='block_1_37' title="bbox 186 2215 1730 2289">
    <p class='ocr_par' dir='ltr' id='par_1_37' title="bbox 186 2215 1730 2289">
     <span class='ocr_line' id='line_1_37' title="bbox 186 2215 1730 2289; baseline 0.001 -18"><span class='ocrx_word' id='word_1_270' title='bbox 186 2218 348 2288; x_wconf 81' lang='lat' dir='ltr'><strong>absque</strong></span> <span class='ocrx_word' id='word_1_271' title='bbox 373 2220 574 2274; x_wconf 89' lang='lat' dir='ltr'><strong>anima.</strong></span> <span class='ocrx_word' id='word_1_272' title='bbox 609 2219 730 2275; x_wconf 77' lang='lat' dir='ltr'><strong>[Lee</strong></span> <span class='ocrx_word' id='word_1_273' title='bbox 760 2222 964 2276; x_wconf 90' lang='lat' dir='ltr'><strong>idcirco</strong></span> <span class='ocrx_word' id='word_1_274' title='bbox 993 2221 1256 2285; x_wconf 77' lang='lat' dir='ltr'><strong>dixerint,</strong></span> <span class='ocrx_word' id='word_1_275' title='bbox 1284 2235 1350 2275; x_wconf 87' lang='lat' dir='ltr'><strong>ne</strong></span> <span class='ocrx_word' id='word_1_276' title='bbox 1379 2221 1500 2289; x_wconf 89' lang='lat' dir='ltr'><strong>quis</strong></span> <span class='ocrx_word' id='word_1_277' title='bbox 1526 2215 1730 2274; x_wconf 57' lang='lat' dir='ltr'><strong>indivi-J</strong></span> 
     </span>
    </p>
   </div>
   <div class='ocr_carea' id='block_1_38' title="bbox 187 2309 1725 2378">
    <p class='ocr_par' dir='ltr' id='par_1_38' title="bbox 187 2309 1725 2378">
     <span class='ocr_line' id='line_1_38' title="bbox 187 2309 1725 2378; baseline 0.002 -16"><span class='ocrx_word' id='word_1_278' title='bbox 187 2309 268 2363; x_wconf 72' lang='lat' dir='ltr'><strong>dna</strong></span> <span class='ocrx_word' id='word_1_279' title='bbox 301 2309 418 2365; x_wconf 85' lang='lat' dir='ltr'><strong>velit</strong></span> <span class='ocrx_word' id='word_1_280' title='bbox 461 2309 738 2376; x_wconf 84' lang='lat' dir='ltr'><strong>dividere,</strong></span> <span class='ocrx_word' id='word_1_281' title='bbox 793 2312 934 2367; x_wconf 85' lang='lat' dir='ltr'><strong>aliud</strong></span> <span class='ocrx_word' id='word_1_282' title='bbox 980 2313 1163 2369; x_wconf 87' lang='lat' dir='ltr'><strong>dicens</strong></span> <span class='ocrx_word' id='word_1_283' title='bbox 1205 2311 1532 2378; x_wconf 88' lang='lat' dir='ltr'><strong>ecclesiam,</strong></span> <span class='ocrx_word' id='word_1_284' title='bbox 1581 2311 1725 2365; x_wconf 91' lang='lat' dir='ltr'><strong>aliud</strong></span> 
     </span>
    </p>
   </div>
   <div class='ocr_carea' id='block_1_39' title="bbox 192 2398 1727 2469">
    <p class='ocr_par' dir='ltr' id='par_1_39' title="bbox 192 2398 1727 2469">
     <span class='ocr_line' id='line_1_39' title="bbox 192 2398 1727 2469; baseline 0.005 -19"><span class='ocrx_word' id='word_1_285' title='bbox 192 2398 326 2454; x_wconf 79' lang='lat' dir='ltr'><strong>altare</strong></span> <span class='ocrx_word' id='word_1_286' title='bbox 349 2441 362 2463; x_wconf 94' lang='lat'><strong>,</strong></span> <span class='ocrx_word' id='word_1_287' title='bbox 391 2401 514 2469; x_wconf 88' lang='lat' dir='ltr'><strong>quia</strong></span> <span class='ocrx_word' id='word_1_288' title='bbox 559 2401 735 2455; x_wconf 89' lang='lat' dir='ltr'><strong>minus</strong></span> <span class='ocrx_word' id='word_1_289' title='bbox 777 2401 948 2458; x_wconf 86' lang='lat' dir='ltr'><strong>solers</strong></span> <span class='ocrx_word' id='word_1_290' title='bbox 977 2403 1141 2457; x_wconf 88' lang='lat' dir='ltr'><strong>stulto</strong></span> <span class='ocrx_word' id='word_1_291' title='bbox 1170 2403 1507 2457; x_wconf 85' lang='lat' dir='ltr'><strong>consumitur</strong></span> <span class='ocrx_word' id='word_1_292' title='bbox 1544 2402 1727 2457; x_wconf 88' lang='lat' dir='ltr'><strong>labore</strong></span> 
     </span>
    </p>
   </div>
   <div class='ocr_carea' id='block_1_40' title="bbox 191 2481 1728 2564">
    <p class='ocr_par' dir='ltr' id='par_1_40' title="bbox 191 2481 1728 2564">
     <span class='ocr_line' id='line_1_40' title="bbox 191 2481 1728 2564; baseline 0.003 -21"><span class='ocrx_word' id='word_1_293' title='bbox 191 2489 264 2557; x_wconf 81' lang='lat' dir='ltr'><strong>qui</strong></span> <span class='ocrx_word' id='word_1_294' title='bbox 285 2504 495 2547; x_wconf 84' lang='lat' dir='ltr'><strong>conatur</strong></span> <span class='ocrx_word' id='word_1_295' title='bbox 525 2494 666 2562; x_wconf 79' lang='lat' dir='ltr'><strong>quod</strong></span> <span class='ocrx_word' id='word_1_296' title='bbox 696 2503 780 2548; x_wconf 87' lang='lat' dir='ltr'><strong>est</strong></span> <span class='ocrx_word' id='word_1_297' title='bbox 821 2481 1168 2564; x_wconf 84' lang='lat' dir='ltr'><strong>impossibile.</strong></span> <span class='ocrx_word' id='word_1_298' title='bbox 1203 2494 1356 2561; x_wconf 84' lang='lat' dir='ltr'><strong>Quod</strong></span> <span class='ocrx_word' id='word_1_299' title='bbox 1390 2510 1514 2549; x_wconf 82' lang='lat' dir='ltr'><strong>vero</strong></span> <span class='ocrx_word' id='word_1_300' title='bbox 1549 2510 1728 2548; x_wconf 83' lang='lat' dir='ltr'><strong>sacer-</strong></span> 
     </span>
    </p>
   </div>
   <div class='ocr_carea' id='block_1_41' title="bbox 194 2559 1733 2639">
    <p class='ocr_par' dir='ltr' id='par_1_41' title="bbox 194 2559 1733 2639">
     <span class='ocr_line' id='line_1_41' title="bbox 194 2559 1733 2639; baseline 0.003 -7"><span class='ocrx_word' id='word_1_301' title='bbox 194 2579 315 2633; x_wconf 88' lang='lat' dir='ltr'><strong>dotes</strong></span> <span class='ocrx_word' id='word_1_302' title='bbox 339 2580 538 2635; x_wconf 85' lang='lat' dir='ltr'><strong>Domini</strong></span> <span class='ocrx_word' id='word_1_303' title='bbox 569 2583 921 2638; x_wconf 83' lang='lat' dir='ltr'><strong>ecclesiarum</strong></span> <span class='ocrx_word' id='word_1_304' title='bbox 950 2584 1104 2637; x_wconf 84' lang='lat' dir='ltr'><strong>dotes</strong></span> <span class='ocrx_word' id='word_1_305' title='bbox 1128 2593 1180 2637; x_wconf 90' lang='lat' dir='ltr'><strong>et</strong></span> <span class='ocrx_word' id='word_1_306' title='bbox 1212 2559 1453 2639; x_wconf 82' lang='lat' dir='ltr'><strong>decimas</strong></span> <span class='ocrx_word' id='word_1_307' title='bbox 1485 2585 1535 2638; x_wconf 91' lang='lat' dir='ltr'><strong>in</strong></span> <span class='ocrx_word' id='word_1_308' title='bbox 1567 2559 1733 2637; x_wconf 83' lang='lat' dir='ltr'><strong>manu</strong></span> 
     </span>
    </p>
   </div>
   <div class='ocr_carea' id='block_1_42' title="bbox 197 2667 1726 2741">
    <p class='ocr_par' dir='ltr' id='par_1_42' title="bbox 197 2667 1726 2741">
     <span class='ocr_line' id='line_1_42' title="bbox 197 2667 1726 2741; baseline 0.004 -17"><span class='ocrx_word' id='word_1_309' title='bbox 197 2685 271 2724; x_wconf 82' lang='lat' dir='ltr'><strong>sua</strong></span> <span class='ocrx_word' id='word_1_310' title='bbox 311 2675 593 2729; x_wconf 82' lang='lat' dir='ltr'><strong>consistere</strong></span> <span class='ocrx_word' id='word_1_311' title='bbox 657 2667 922 2730; x_wconf 67' lang='lat' dir='ltr'><strong>Eanunum</strong></span> <span class='ocrx_word' id='word_1_312' title='bbox 990 2675 1312 2730; x_wconf 83' lang='lat' dir='ltr'><strong>auctoritate</strong></span> <span class='ocrx_word' id='word_1_313' title='bbox 1358 2678 1681 2731; x_wconf 88' lang='lat' dir='ltr'><strong>contirmant</strong></span> <span class='ocrx_word' id='word_1_314' title='bbox 1710 2718 1726 2741; x_wconf 81' lang='lat'><strong>,</strong></span> 
     </span>
    </p>
   </div>
   <div class='ocr_carea' id='block_1_43' title="bbox 196 2767 1730 2836">
    <p class='ocr_par' dir='ltr' id='par_1_43' title="bbox 196 2767 1730 2836">
     <span class='ocr_line' id='line_1_43' title="bbox 196 2767 1730 2836; baseline 0.005 -22"><span class='ocrx_word' id='word_1_315' title='bbox 196 2777 322 2816; x_wconf 72' lang='lat' dir='ltr'><strong>nemo</strong></span> <span class='ocrx_word' id='word_1_316' title='bbox 347 2767 680 2830; x_wconf 88' lang='lat' dir='ltr'><strong>contradicit,</strong></span> <span class='ocrx_word' id='word_1_317' title='bbox 711 2767 800 2835; x_wconf 92' lang='lat' dir='ltr'><strong>qui</strong></span> <span class='ocrx_word' id='word_1_318' title='bbox 839 2783 902 2822; x_wconf 88' lang='lat' dir='ltr'><strong>eo</strong></span> <span class='ocrx_word' id='word_1_319' title='bbox 929 2767 1028 2820; x_wconf 87' lang='lat' dir='ltr'><strong>loci</strong></span> <span class='ocrx_word' id='word_1_320' title='bbox 1061 2784 1274 2820; x_wconf 76' lang='lat' dir='ltr'><strong>manum</strong></span> <span class='ocrx_word' id='word_1_321' title='bbox 1301 2776 1623 2836; x_wconf 84' lang='lat' dir='ltr'><strong>potestatem</strong></span> <span class='ocrx_word' id='word_1_322' title='bbox 1650 2768 1730 2821; x_wconf 89' lang='lat' dir='ltr'><strong>in-</strong></span> 
     </span>
    </p>
   </div>
   <div class='ocr_carea' id='block_1_44' title="bbox 201 2853 1729 2927">
    <p class='ocr_par' dir='ltr' id='par_1_44' title="bbox 201 2853 1729 2927">
     <span class='ocr_line' id='line_1_44' title="bbox 201 2853 1729 2927; baseline 0.003 -21"><span class='ocrx_word' id='word_1_323' title='bbox 201 2853 372 2924; x_wconf 78' lang='lat' dir='ltr'><strong>telligit.</strong></span> <span class='ocrx_word' id='word_1_324' title='bbox 415 2858 542 2910; x_wconf 55' lang='lat' dir='ltr'><strong>P-‘am</strong></span> <span class='ocrx_word' id='word_1_325' title='bbox 577 2859 843 2927; x_wconf 65' lang='lat' dir='ltr'><strong>prtediCta:</strong></span> <span class='ocrx_word' id='word_1_326' title='bbox 881 2873 965 2912; x_wconf 89' lang='lat' dir='ltr'><strong>res</strong></span> <span class='ocrx_word' id='word_1_327' title='bbox 1002 2859 1054 2912; x_wconf 93' lang='lat' dir='ltr'><strong>in</strong></span> <span class='ocrx_word' id='word_1_328' title='bbox 1102 2874 1262 2912; x_wconf 80' lang='lat' dir='ltr'><strong>manu</strong></span> <span class='ocrx_word' id='word_1_329' title='bbox 1303 2868 1427 2912; x_wconf 91' lang='lat' dir='ltr'><strong>sunt</strong></span> <span class='ocrx_word' id='word_1_330' title='bbox 1453 2859 1688 2927; x_wconf 79' lang='lat' dir='ltr'><strong>episcopi</strong></span> <span class='ocrx_word' id='word_1_331' title='bbox 1715 2898 1729 2921; x_wconf 92' lang='lat'><strong>,</strong></span> 
     </span>
    </p>
   </div>
   <div class='ocr_carea' id='block_1_45' title="bbox 201 2946 1733 3021">
    <p class='ocr_par' dir='ltr' id='par_1_45' title="bbox 201 2946 1733 3021">
     <span class='ocr_line' id='line_1_45' title="bbox 201 2946 1733 3021; baseline 0.001 -23"><span class='ocrx_word' id='word_1_332' title='bbox 201 2946 311 3000; x_wconf 81' lang='lat' dir='ltr'><strong>sicut</strong></span> <span class='ocrx_word' id='word_1_333' title='bbox 353 2964 566 3019; x_wconf 84' lang='lat' dir='ltr'><strong>regnum</strong></span> <span class='ocrx_word' id='word_1_334' title='bbox 607 2951 656 3004; x_wconf 92' lang='lat' dir='ltr'><strong>in</strong></span> <span class='ocrx_word' id='word_1_335' title='bbox 700 2967 862 3004; x_wconf 77' lang='lat' dir='ltr'><strong>nianu</strong></span> <span class='ocrx_word' id='word_1_336' title='bbox 906 2952 1079 3019; x_wconf 84' lang='lat' dir='ltr'><strong>regis,</strong></span> <span class='ocrx_word' id='word_1_337' title='bbox 1109 2962 1378 3021; x_wconf 88' lang='lat' dir='ltr'><strong>quatenus</strong></span> <span class='ocrx_word' id='word_1_338' title='bbox 1407 2967 1595 3005; x_wconf 66' lang='lat' dir='ltr'><strong>eorum</strong></span> <span class='ocrx_word' id='word_1_339' title='bbox 1639 2969 1733 3020; x_wconf 78' lang='lat' dir='ltr'><strong>pn—</strong></span> 
     </span>
    </p>
   </div>
   <div class='ocr_carea' id='block_1_46' title="bbox 205 3039 1734 3112">
    <p class='ocr_par' dir='ltr' id='par_1_46' title="bbox 205 3039 1734 3112">
     <span class='ocr_line' id='line_1_46' title="bbox 205 3039 1734 3112; baseline 0.005 -23"><span class='ocrx_word' id='word_1_340' title='bbox 205 3047 359 3092; x_wconf 85' lang='lat' dir='ltr'><strong>testate</strong></span> <span class='ocrx_word' id='word_1_341' title='bbox 383 3049 436 3092; x_wconf 85' lang='lat' dir='ltr'><strong>et</strong></span> <span class='ocrx_word' id='word_1_342' title='bbox 465 3039 663 3106; x_wconf 88' lang='lat' dir='ltr'><strong>judicio</strong></span> <span class='ocrx_word' id='word_1_343' title='bbox 693 3050 938 3095; x_wconf 85' lang='lat' dir='ltr'><strong>servetur</strong></span> <span class='ocrx_word' id='word_1_344' title='bbox 965 3042 1258 3112; x_wconf 85' lang='lat' dir='ltr'><strong>unicuique</strong></span> <span class='ocrx_word' id='word_1_345' title='bbox 1287 3043 1512 3110; x_wconf 63' lang='lat' dir='ltr'><strong>aequitas</strong></span> <span class='ocrx_word' id='word_1_346' title='bbox 1541 3043 1607 3095; x_wconf 91' lang='lat' dir='ltr'><strong>ad</strong></span> <span class='ocrx_word' id='word_1_347' title='bbox 1647 3058 1734 3096; x_wconf 88' lang='lat' dir='ltr'><strong>res</strong></span> 
     </span>
    </p>
   </div>
   <div class='ocr_carea' id='block_1_47' title="bbox 203 3129 1736 3200">
    <p class='ocr_par' dir='ltr' id='par_1_47' title="bbox 203 3129 1736 3200">
     <span class='ocr_line' id='line_1_47' title="bbox 203 3129 1736 3200; baseline 0.003 -22"><span class='ocrx_word' id='word_1_348' title='bbox 203 3142 303 3181; x_wconf 75' lang='lat' dir='ltr'><strong>suas</strong></span> <span class='ocrx_word' id='word_1_349' title='bbox 332 3129 656 3184; x_wconf 82' lang='lat' dir='ltr'><strong>obtinendas.</strong></span> <span class='ocrx_word' id='word_1_350' title='bbox 693 3129 770 3184; x_wconf 82' lang='lat' dir='ltr'><strong>Ne</strong></span> <span class='ocrx_word' id='word_1_351' title='bbox 795 3131 917 3200; x_wconf 89' lang='lat' dir='ltr'><strong>quis</strong></span> <span class='ocrx_word' id='word_1_352' title='bbox 952 3141 1131 3185; x_wconf 86' lang='lat' dir='ltr'><strong>autem</strong></span> <span class='ocrx_word' id='word_1_353' title='bbox 1170 3147 1256 3185; x_wconf 88' lang='lat' dir='ltr'><strong>me</strong></span> <span class='ocrx_word' id='word_1_354' title='bbox 1289 3131 1423 3186; x_wconf 83' lang='lat' dir='ltr'><strong>falso</strong></span> <span class='ocrx_word' id='word_1_355' title='bbox 1462 3131 1736 3184; x_wconf 78' lang='lat' dir='ltr'><strong>existimet</strong></span> 
     </span>
    </p>
   </div>
   <div class='ocr_carea' id='block_1_48' title="bbox 204 3218 1737 3291">
    <p class='ocr_par' dir='ltr' id='par_1_48' title="bbox 204 3218 1737 3291">
     <span class='ocr_line' id='line_1_48' title="bbox 204 3218 1737 3291; baseline 0.005 -24"><span class='ocrx_word' id='word_1_356' title='bbox 204 3218 254 3268; x_wconf 86' lang='lat' dir='ltr'><strong>de</strong></span> <span class='ocrx_word' id='word_1_357' title='bbox 290 3235 432 3272; x_wconf 82' lang='lat' dir='ltr'><strong>manu</strong></span> <span class='ocrx_word' id='word_1_358' title='bbox 479 3220 610 3275; x_wconf 91' lang='lat' dir='ltr'><strong>hanc</strong></span> <span class='ocrx_word' id='word_1_359' title='bbox 651 3221 832 3276; x_wconf 76' lang='lat' dir='ltr'><strong>tixisse</strong></span> <span class='ocrx_word' id='word_1_360' title='bbox 879 3221 1325 3291; x_wconf 79' lang='lat' dir='ltr'><strong>signiﬁcationem</strong></span> <span class='ocrx_word' id='word_1_361' title='bbox 1358 3261 1372 3286; x_wconf 92' lang='lat'><strong>,</strong></span> <span class='ocrx_word' id='word_1_362' title='bbox 1423 3221 1737 3275; x_wconf 72' lang='lat' dir='ltr'><strong>recordetur</strong></span> 
     </span>
    </p>
   </div>
   <div class='ocr_carea' id='block_1_49' title="bbox 206 3312 1738 3383">
    <p class='ocr_par' dir='ltr' id='par_1_49' title="bbox 206 3312 1738 3383">
     <span class='ocr_line' id='line_1_49' title="bbox 206 3312 1738 3383; baseline 0.003 -21"><span class='ocrx_word' id='word_1_363' title='bbox 206 3312 322 3376; x_wconf 81' lang='lat' dir='ltr'><strong>quod</strong></span> <span class='ocrx_word' id='word_1_364' title='bbox 354 3323 591 3381; x_wconf 83' lang='lat' dir='ltr'><strong>peccator</strong></span> <span class='ocrx_word' id='word_1_365' title='bbox 621 3315 842 3382; x_wconf 89' lang='lat' dir='ltr'><strong>pavidus</strong></span> <span class='ocrx_word' id='word_1_366' title='bbox 870 3316 934 3369; x_wconf 89' lang='lat' dir='ltr'><strong>de</strong></span> <span class='ocrx_word' id='word_1_367' title='bbox 969 3330 1128 3367; x_wconf 89' lang='lat' dir='ltr'><strong>manu</strong></span> <span class='ocrx_word' id='word_1_368' title='bbox 1165 3314 1352 3367; x_wconf 88' lang='lat' dir='ltr'><strong>mortis</strong></span> <span class='ocrx_word' id='word_1_369' title='bbox 1395 3329 1452 3368; x_wconf 87' lang='lat' dir='ltr'><strong>se</strong></span> <span class='ocrx_word' id='word_1_370' title='bbox 1489 3312 1738 3383; x_wconf 87' lang='lat' dir='ltr'><strong>frequen-</strong></span> 
     </span>
    </p>
   </div>
   <div class='ocr_carea' id='block_1_50' title="bbox 211 3400 1737 3475">
    <p class='ocr_par' dir='ltr' id='par_1_50' title="bbox 211 3400 1737 3475">
     <span class='ocr_line' id='line_1_50' title="bbox 211 3400 1737 3475; baseline 0.005 -24"><span class='ocrx_word' id='word_1_371' title='bbox 211 3400 296 3454; x_wconf 86' lang='lat' dir='ltr'><strong>tius</strong></span> <span class='ocrx_word' id='word_1_372' title='bbox 317 3412 422 3456; x_wconf 88' lang='lat' dir='ltr'><strong>orat</strong></span> <span class='ocrx_word' id='word_1_373' title='bbox 445 3403 593 3473; x_wconf 88' lang='lat' dir='ltr'><strong>eripi.</strong></span> <span class='ocrx_word' id='word_1_374' title='bbox 623 3405 739 3475; x_wconf 88' lang='lat' dir='ltr'><strong>Ipsa</strong></span> <span class='ocrx_word' id='word_1_375' title='bbox 770 3404 979 3460; x_wconf 82' lang='lat' dir='ltr'><strong>tandem</strong></span> <span class='ocrx_word' id='word_1_376' title='bbox 1013 3405 1255 3460; x_wconf 64' lang='lat' dir='ltr'><strong>Ecclesia</strong></span> <span class='ocrx_word' id='word_1_377' title='bbox 1287 3404 1438 3472; x_wconf 87' lang='lat' dir='ltr'><strong>cujus</strong></span> <span class='ocrx_word' id='word_1_378' title='bbox 1461 3405 1553 3467; x_wconf 89' lang='lat' dir='ltr'><strong>sit,</strong></span> <span class='ocrx_word' id='word_1_379' title='bbox 1582 3403 1737 3459; x_wconf 88' lang='lat' dir='ltr'><strong>Chri-</strong></span> 
     </span>
    </p>
   </div>
   <div class='ocr_carea' id='block_1_51' title="bbox 211 3492 1738 3564">
    <p class='ocr_par' dir='ltr' id='par_1_51' title="bbox 211 3492 1738 3564">
     <span class='ocr_line' id='line_1_51' title="bbox 211 3492 1738 3564; baseline 0.005 -24"><span class='ocrx_word' id='word_1_380' title='bbox 211 3495 305 3540; x_wconf 80' lang='lat' dir='ltr'><strong>stus</strong></span> <span class='ocrx_word' id='word_1_381' title='bbox 332 3492 646 3549; x_wconf 87' lang='lat' dir='ltr'><strong>manifestius</strong></span> <span class='ocrx_word' id='word_1_382' title='bbox 680 3495 808 3548; x_wconf 87' lang='lat' dir='ltr'><strong>dicit</strong></span> <span class='ocrx_word' id='word_1_383' title='bbox 843 3513 856 3547; x_wconf 86' lang='lat'><strong>:</strong></span> <span class='ocrx_word' id='word_1_384' title='bbox 892 3495 965 3548; x_wconf 84' lang='lat' dir='ltr'><strong>Tu</strong></span> <span class='ocrx_word' id='word_1_385' title='bbox 993 3512 1046 3548; x_wconf 83' lang='lat' dir='ltr'><strong>es</strong></span> <span class='ocrx_word' id='word_1_386' title='bbox 1075 3493 1297 3556; x_wconf 80' lang='lat' dir='ltr'><strong>Petrus,</strong></span> <span class='ocrx_word' id='word_1_387' title='bbox 1333 3505 1379 3548; x_wconf 83' lang='lat' dir='ltr'><strong>et</strong></span> <span class='ocrx_word' id='word_1_388' title='bbox 1421 3511 1577 3564; x_wconf 77' lang='lat' dir='ltr'><strong>super</strong></span> <span class='ocrx_word' id='word_1_389' title='bbox 1605 3495 1738 3547; x_wconf 81' lang='lat' dir='ltr'><strong>hanc</strong></span> 
     </span>
    </p>
   </div>
   <div class='ocr_carea' id='block_1_52' title="bbox 213 3575 1736 3651">
    <p class='ocr_par' dir='ltr' id='par_1_52' title="bbox 213 3575 1736 3651">
     <span class='ocr_line' id='line_1_52' title="bbox 213 3575 1736 3651; baseline 0.007 -24"><span class='ocrx_word' id='word_1_390' title='bbox 213 3575 389 3630; x_wconf 80' lang='lat' dir='ltr'><strong>Petram</strong></span> <span class='ocrx_word' id='word_1_391' title='bbox 415 3582 670 3648; x_wconf 78' lang='lat' dir='ltr'><strong>a&#39;di/icabo</strong></span> <span class='ocrx_word' id='word_1_392' title='bbox 701 3581 988 3636; x_wconf 64' lang='lat' dir='ltr'><strong>Ecclesium</strong></span> <span class='ocrx_word' id='word_1_393' title='bbox 1031 3599 1196 3635; x_wconf 83' lang='lat' dir='ltr'><strong>meam</strong></span> <span class='ocrx_word' id='word_1_394' title='bbox 1225 3581 1445 3651; x_wconf 69' lang='lat' dir='ltr'><strong>(Matt/1.</strong></span> <span class='ocrx_word' id='word_1_395' title='bbox 1479 3598 1588 3645; x_wconf 81' lang='lat' dir='ltr'><strong>va,</strong></span> <span class='ocrx_word' id='word_1_396' title='bbox 1627 3583 1736 3650; x_wconf 83' lang='grc'><strong>18).</strong></span> 
     </span>
    </p>
   </div>
   <div class='ocr_carea' id='block_1_53' title="bbox 214 3663 1739 3742">
    <p class='ocr_par' dir='ltr' id='par_1_53' title="bbox 214 3663 1739 3742">
     <span class='ocr_line' id='line_1_53' title="bbox 214 3663 1739 3742; baseline 0.007 -26"><span class='ocrx_word' id='word_1_397' title='bbox 214 3663 353 3720; x_wconf 78' lang='lat' dir='ltr'><strong>Meum</strong></span> <span class='ocrx_word' id='word_1_398' title='bbox 378 3710 390 3732; x_wconf 92' lang='lat'><strong>,</strong></span> <span class='ocrx_word' id='word_1_399' title='bbox 421 3670 617 3740; x_wconf 83' lang='lat' dir='ltr'><strong>inquit,</strong></span> <span class='ocrx_word' id='word_1_400' title='bbox 668 3688 771 3726; x_wconf 90' lang='lat' dir='ltr'><strong>non</strong></span> <span class='ocrx_word' id='word_1_401' title='bbox 811 3683 978 3726; x_wconf 82' lang='lat' dir='ltr'><strong>tuam.</strong></span> <span class='ocrx_word' id='word_1_402' title='bbox 1020 3671 1076 3725; x_wconf 90' lang='lat' dir='ltr'><strong>Si</strong></span> <span class='ocrx_word' id='word_1_403' title='bbox 1122 3688 1253 3742; x_wconf 83' lang='lat' dir='ltr'><strong>ergo</strong></span> <span class='ocrx_word' id='word_1_404' title='bbox 1287 3673 1463 3726; x_wconf 89' lang='lat' dir='ltr'><strong>omnis</strong></span> <span class='ocrx_word' id='word_1_405' title='bbox 1499 3672 1739 3726; x_wconf 88' lang='lat' dir='ltr'><strong>Ecclesia</strong></span> 
     </span>
    </p>
   </div>
   <div class='ocr_carea' id='block_1_54' title="bbox 214 3752 1744 3829">
    <p class='ocr_par' dir='ltr' id='par_1_54' title="bbox 214 3752 1744 3829">
     <span class='ocr_line' id='line_1_54' title="bbox 214 3752 1744 3829; baseline 0.006 -23"><span class='ocrx_word' id='word_1_406' title='bbox 214 3752 379 3810; x_wconf 88' lang='lat' dir='ltr'><strong>Christi</strong></span> <span class='ocrx_word' id='word_1_407' title='bbox 407 3771 499 3825; x_wconf 84' lang='lat' dir='ltr'><strong>est,</strong></span> <span class='ocrx_word' id='word_1_408' title='bbox 533 3762 673 3814; x_wconf 88' lang='lat' dir='ltr'><strong>nulla</strong></span> <span class='ocrx_word' id='word_1_409' title='bbox 701 3772 880 3816; x_wconf 89' lang='lat' dir='ltr'><strong>autem</strong></span> <span class='ocrx_word' id='word_1_410' title='bbox 924 3761 1091 3824; x_wconf 81' lang='lat' dir='ltr'><strong>Petri,</strong></span> <span class='ocrx_word' id='word_1_411' title='bbox 1124 3772 1215 3815; x_wconf 90' lang='lat' dir='ltr'><strong>aut</strong></span> <span class='ocrx_word' id='word_1_412' title='bbox 1243 3760 1469 3829; x_wconf 86' lang='lat' dir='ltr'><strong>alicujus</strong></span> <span class='ocrx_word' id='word_1_413' title='bbox 1502 3771 1585 3815; x_wconf 85' lang='lat' dir='ltr'><strong>est</strong></span> <span class='ocrx_word' id='word_1_414' title='bbox 1609 3803 1624 3826; x_wconf 94' lang='lat'><strong>,</strong></span> <span class='ocrx_word' id='word_1_415' title='bbox 1659 3778 1744 3815; x_wconf 88' lang='lat' dir='ltr'><strong>rc-</strong></span> 
     </span>
    </p>
   </div>
   <div class='ocr_carea' id='block_1_55' title="bbox 213 3850 1742 3920">
    <p class='ocr_par' dir='ltr' id='par_1_55' title="bbox 213 3850 1742 3920">
     <span class='ocr_line' id='line_1_55' title="bbox 213 3850 1742 3920; baseline 0.005 -22"><span class='ocrx_word' id='word_1_416' title='bbox 213 3854 299 3898; x_wconf 82' lang='lat' dir='ltr'><strong>stat</strong></span> <span class='ocrx_word' id='word_1_417' title='bbox 331 3858 380 3901; x_wconf 92' lang='lat' dir='ltr'><strong>ut</strong></span> <span class='ocrx_word' id='word_1_418' title='bbox 414 3850 675 3904; x_wconf 88' lang='lat' dir='ltr'><strong>hominum</strong></span> <span class='ocrx_word' id='word_1_419' title='bbox 722 3852 1000 3906; x_wconf 87' lang='lat' dir='ltr'><strong>altercatio</strong></span> <span class='ocrx_word' id='word_1_420' title='bbox 1050 3854 1116 3906; x_wconf 88' lang='lat' dir='ltr'><strong>de</strong></span> <span class='ocrx_word' id='word_1_421' title='bbox 1163 3853 1404 3920; x_wconf 74' lang='lat' dir='ltr'><strong>postibus</strong></span> <span class='ocrx_word' id='word_1_422' title='bbox 1451 3868 1544 3906; x_wconf 89' lang='lat' dir='ltr'><strong>seu</strong></span> <span class='ocrx_word' id='word_1_423' title='bbox 1586 3853 1742 3908; x_wconf 89' lang='lat' dir='ltr'><strong>bonis</strong></span> 
     </span>
    </p>
   </div>
   <div class='ocr_carea' id='block_1_56' title="bbox 214 3936 1739 4035">
    <p class='ocr_par' dir='ltr' id='par_1_56' title="bbox 214 3936 1739 4035">
     <span class='ocr_line' id='line_1_56' title="bbox 214 3936 1739 4035; baseline 0.004 -43"><span class='ocrx_word' id='word_1_424' title='bbox 214 3936 307 4035; x_wconf 70' lang='lat' dir='ltr'><strong>eius</strong></span> <span class='ocrx_word' id='word_1_425' title='bbox 329 3941 456 3993; x_wconf 89' lang='lat' dir='ltr'><strong>nulla</strong></span> <span class='ocrx_word' id='word_1_426' title='bbox 481 3959 594 3996; x_wconf 88' lang='lat' dir='ltr'><strong>esse</strong></span> <span class='ocrx_word' id='word_1_427' title='bbox 623 3943 832 4005; x_wconf 86' lang='lat' dir='ltr'><strong>debeat,</strong></span> <span class='ocrx_word' id='word_1_428' title='bbox 865 3945 1296 4015; x_wconf 80' lang='lat' dir='ltr'><strong>quandoquidem</strong></span> <span class='ocrx_word' id='word_1_429' title='bbox 1325 3945 1440 4012; x_wconf 88' lang='lat' dir='ltr'><strong>cjns</strong></span> <span class='ocrx_word' id='word_1_430' title='bbox 1469 3955 1548 3997; x_wconf 92' lang='lat' dir='ltr'><strong>est</strong></span> <span class='ocrx_word' id='word_1_431' title='bbox 1583 3959 1739 4014; x_wconf 91' lang='lat' dir='ltr'><strong>pars,</strong></span> 
     </span>
    </p>
   </div>
   <div class='ocr_carea' id='block_1_57' title="bbox 215 4033 1744 4103">
    <p class='ocr_par' dir='ltr' id='par_1_57' title="bbox 215 4033 1744 4103">
     <span class='ocr_line' id='line_1_57' title="bbox 215 4033 1744 4103; baseline 0.006 -24"><span class='ocrx_word' id='word_1_432' title='bbox 215 4033 336 4094; x_wconf 74' lang='lat' dir='ltr'><strong>Cujus</strong></span> <span class='ocrx_word' id='word_1_433' title='bbox 367 4043 441 4083; x_wconf 88' lang='lat' dir='ltr'><strong>est</strong></span> <span class='ocrx_word' id='word_1_434' title='bbox 475 4042 658 4086; x_wconf 77' lang='lat' dir='ltr'><strong>totum.</strong></span> <span class='ocrx_word' id='word_1_435' title='bbox 692 4033 745 4086; x_wconf 88' lang='lat' dir='ltr'><strong>Si</strong></span> <span class='ocrx_word' id='word_1_436' title='bbox 786 4034 911 4102; x_wconf 88' lang='lat' dir='ltr'><strong>quid</strong></span> <span class='ocrx_word' id='word_1_437' title='bbox 947 4049 1073 4088; x_wconf 87' lang='lat' dir='ltr'><strong>vero</strong></span> <span class='ocrx_word' id='word_1_438' title='bbox 1106 4035 1170 4089; x_wconf 90' lang='lat' dir='ltr'><strong>de</strong></span> <span class='ocrx_word' id='word_1_439' title='bbox 1208 4033 1592 4103; x_wconf 89' lang='lat' dir='ltr'><strong>temporalibus</strong></span> <span class='ocrx_word' id='word_1_440' title='bbox 1629 4033 1744 4102; x_wconf 84' lang='lat' dir='ltr'><strong>ejus</strong></span> 
     </span>
    </p>
   </div>
   <div class='ocr_carea' id='block_1_58' title="bbox 213 4116 1743 4197">
    <p class='ocr_par' dir='ltr' id='par_1_58' title="bbox 213 4116 1743 4197">
     <span class='ocr_line' id='line_1_58' title="bbox 213 4116 1743 4197; baseline 0.008 -27"><span class='ocrx_word' id='word_1_441' title='bbox 213 4116 339 4173; x_wconf 89' lang='lat' dir='ltr'><strong>bonis</strong></span> <span class='ocrx_word' id='word_1_442' title='bbox 363 4125 682 4191; x_wconf 88' lang='lat' dir='ltr'><strong>partiendum</strong></span> <span class='ocrx_word' id='word_1_443' title='bbox 704 4137 806 4190; x_wconf 83' lang='lat' dir='ltr'><strong>est,</strong></span> <span class='ocrx_word' id='word_1_444' title='bbox 837 4126 939 4181; x_wconf 83' lang='lat' dir='ltr'><strong>illis</strong></span> <span class='ocrx_word' id='word_1_445' title='bbox 963 4127 1120 4181; x_wconf 84' lang='lat' dir='ltr'><strong>debet</strong></span> <span class='ocrx_word' id='word_1_446' title='bbox 1148 4128 1456 4197; x_wconf 80' lang='lat' dir='ltr'><strong>Specialiter</strong></span> <span class='ocrx_word' id='word_1_447' title='bbox 1485 4130 1743 4197; x_wconf 82' lang='lat' dir='ltr'><strong>prodesse</strong></span> 
     </span>
    </p>
   </div>
   <div class='ocr_carea' id='block_1_59' title="bbox 215 4211 1651 4286">
    <p class='ocr_par' dir='ltr' id='par_1_59' title="bbox 215 4211 1651 4286">
     <span class='ocr_line' id='line_1_59' title="bbox 215 4211 1651 4286; baseline 0.007 -25"><span class='ocrx_word' id='word_1_448' title='bbox 215 4211 286 4277; x_wconf 86' lang='lat' dir='ltr'><strong>qui</strong></span> <span class='ocrx_word' id='word_1_449' title='bbox 313 4213 532 4269; x_wconf 83' lang='lat' dir='ltr'><strong>ecclesia:</strong></span> <span class='ocrx_word' id='word_1_450' title='bbox 562 4217 875 4286; x_wconf 84' lang='lat' dir='ltr'><strong>spiritaliter</strong></span> <span class='ocrx_word' id='word_1_451' title='bbox 908 4219 1219 4274; x_wconf 87' lang='lat' dir='ltr'><strong>deserviunt</strong></span> <span class='ocrx_word' id='word_1_452' title='bbox 1257 4219 1343 4273; x_wconf 90' lang='lat' dir='ltr'><strong>die</strong></span> <span class='ocrx_word' id='word_1_453' title='bbox 1382 4234 1446 4272; x_wconf 90' lang='lat' dir='ltr'><strong>ac</strong></span> <span class='ocrx_word' id='word_1_454' title='bbox 1477 4226 1651 4272; x_wconf 92' lang='lat' dir='ltr'><strong>nocte.</strong></span> 
     </span>
    </p>
   </div>
   <div class='ocr_carea' id='block_1_60' title="bbox 271 4303 1743 4381">
    <p class='ocr_par' dir='ltr' id='par_1_60' title="bbox 271 4303 1743 4381">
     <span class='ocr_line' id='line_1_60' title="bbox 271 4303 1743 4381; baseline 0.005 -24"><span class='ocrx_word' id='word_1_455' title='bbox 271 4303 620 4363; x_wconf 73' lang='lat' dir='ltr'><strong>Verumtamen</strong></span> <span class='ocrx_word' id='word_1_456' title='bbox 662 4325 764 4363; x_wconf 92' lang='lat' dir='ltr'><strong>non</strong></span> <span class='ocrx_word' id='word_1_457' title='bbox 805 4311 1152 4365; x_wconf 88' lang='lat' dir='ltr'><strong>mediocriter</strong></span> <span class='ocrx_word' id='word_1_458' title='bbox 1197 4327 1416 4365; x_wconf 89' lang='lat' dir='ltr'><strong>moveor</strong></span> <span class='ocrx_word' id='word_1_459' title='bbox 1441 4311 1570 4381; x_wconf 92' lang='lat' dir='ltr'><strong>quid</strong></span> <span class='ocrx_word' id='word_1_460' title='bbox 1612 4309 1743 4364; x_wconf 89' lang='lat' dir='ltr'><strong>illud</strong></span> 
     </span>
    </p>
   </div>
   <div class='ocr_carea' id='block_1_61' title="bbox 220 4393 1742 4472">
    <p class='ocr_par' dir='ltr' id='par_1_61' title="bbox 220 4393 1742 4472">
     <span class='ocr_line' id='line_1_61' title="bbox 220 4393 1742 4472; baseline 0.004 -24"><span class='ocrx_word' id='word_1_461' title='bbox 220 4393 276 4448; x_wconf 82' lang='lat' dir='ltr'><strong>sit</strong></span> <span class='ocrx_word' id='word_1_462' title='bbox 298 4398 446 4464; x_wconf 89' lang='lat' dir='ltr'><strong>quod,</strong></span> <span class='ocrx_word' id='word_1_463' title='bbox 473 4415 583 4453; x_wconf 90' lang='lat' dir='ltr'><strong>cmn</strong></span> <span class='ocrx_word' id='word_1_464' title='bbox 611 4416 798 4456; x_wconf 89' lang='lat' dir='ltr'><strong>omnes</strong></span> <span class='ocrx_word' id='word_1_465' title='bbox 825 4402 1044 4457; x_wconf 71' lang='lat' dir='ltr'><strong>decimm</strong></span> <span class='ocrx_word' id='word_1_466' title='bbox 1073 4404 1122 4455; x_wconf 93' lang='lat' dir='ltr'><strong>iu</strong></span> <span class='ocrx_word' id='word_1_467' title='bbox 1156 4419 1312 4455; x_wconf 90' lang='lat' dir='ltr'><strong>manu</strong></span> <span class='ocrx_word' id='word_1_468' title='bbox 1345 4402 1578 4472; x_wconf 85' lang='lat' dir='ltr'><strong>episcopi</strong></span> <span class='ocrx_word' id='word_1_469' title='bbox 1611 4401 1742 4466; x_wconf 89' lang='lat' dir='ltr'><strong>sint,</strong></span> 
     </span>
    </p>
   </div>
   <div class='ocr_carea' id='block_1_62' title="bbox 220 4489 1742 4585">
    <p class='ocr_par' dir='ltr' id='par_1_62' title="bbox 220 4489 1742 4585">
     <span class='ocr_line' id='line_1_62' title="bbox 220 4489 1742 4585; baseline 0.006 -46"><span class='ocrx_word' id='word_1_470' title='bbox 220 4489 395 4585; x_wconf 77' lang='lat' dir='ltr'><strong>tertiam</strong></span> <span class='ocrx_word' id='word_1_471' title='bbox 432 4506 516 4544; x_wconf 89' lang='lat' dir='ltr'><strong>seu</strong></span> <span class='ocrx_word' id='word_1_472' title='bbox 549 4495 723 4563; x_wconf 86' lang='lat' dir='ltr'><strong>potius</strong></span> <span class='ocrx_word' id='word_1_473' title='bbox 756 4505 1000 4563; x_wconf 86' lang='lat' dir='ltr'><strong>quartam</strong></span> <span class='ocrx_word' id='word_1_474' title='bbox 1035 4504 1242 4562; x_wconf 87' lang='lat' dir='ltr'><strong>partem</strong></span> <span class='ocrx_word' id='word_1_475' title='bbox 1271 4495 1526 4564; x_wconf 87' lang='lat' dir='ltr'><strong>episcopo</strong></span> <span class='ocrx_word' id='word_1_476' title='bbox 1554 4503 1742 4548; x_wconf 56' lang='lat' dir='ltr'><strong>aucto.</strong></span> 
     </span>
    </p>
   </div>
   <div class='ocr_carea' id='block_1_63' title="bbox 221 4584 1743 4640">
    <p class='ocr_par' dir='ltr' id='par_1_63' title="bbox 221 4584 1743 4640">
     <span class='ocr_line' id='line_1_63' title="bbox 221 4584 1743 4640; baseline 0.007 -12"><span class='ocrx_word' id='word_1_477' title='bbox 221 4584 328 4632; x_wconf 66' lang='lat' dir='ltr'><strong>ritas</strong></span> <span class='ocrx_word' id='word_1_478' title='bbox 352 4595 594 4635; x_wconf 88' lang='lat' dir='ltr'><strong>canonum</strong></span> <span class='ocrx_word' id='word_1_479' title='bbox 625 4586 885 4638; x_wconf 85' lang='lat' dir='ltr'><strong>concedit.</strong></span> <span class='ocrx_word' id='word_1_480' title='bbox 913 4584 1008 4640; x_wconf 86' lang='lat' dir='ltr'><strong>Cui</strong></span> <span class='ocrx_word' id='word_1_481' title='bbox 1042 4587 1183 4638; x_wconf 85' lang='lat' dir='ltr'><strong>enim</strong></span> <span class='ocrx_word' id='word_1_482' title='bbox 1216 4595 1383 4639; x_wconf 90' lang='lat' dir='ltr'><strong>totum</strong></span> <span class='ocrx_word' id='word_1_483' title='bbox 1425 4600 1743 4639; x_wconf 90' lang='lat' dir='ltr'><strong>concessum</strong></span> 
     </span>
    </p>
   </div>
   <div class='ocr_carea' id='block_1_64' title="bbox 223 4674 1743 4744">
    <p class='ocr_par' dir='ltr' id='par_1_64' title="bbox 223 4674 1743 4744">
     <span class='ocr_line' id='line_1_64' title="bbox 223 4674 1743 4744; baseline 0.006 -24"><span class='ocrx_word' id='word_1_484' title='bbox 223 4674 313 4729; x_wconf 78' lang='lat' dir='ltr'><strong>est,</strong></span> <span class='ocrx_word' id='word_1_485' title='bbox 339 4678 381 4722; x_wconf 92' lang='lat' dir='ltr'><strong>et</strong></span> <span class='ocrx_word' id='word_1_486' title='bbox 417 4685 562 4738; x_wconf 85' lang='lat' dir='ltr'><strong>pars;</strong></span> <span class='ocrx_word' id='word_1_487' title='bbox 602 4675 680 4727; x_wconf 90' lang='lat' dir='ltr'><strong>sin</strong></span> <span class='ocrx_word' id='word_1_488' title='bbox 721 4687 897 4728; x_wconf 83' lang='lat' dir='ltr'><strong>autem</strong></span> <span class='ocrx_word' id='word_1_489' title='bbox 940 4685 992 4729; x_wconf 91' lang='lat' dir='ltr'><strong>et</strong></span> <span class='ocrx_word' id='word_1_490' title='bbox 1035 4690 1160 4744; x_wconf 81' lang='lat' dir='ltr'><strong>pars</strong></span> <span class='ocrx_word' id='word_1_491' title='bbox 1201 4675 1537 4740; x_wconf 88' lang='lat' dir='ltr'><strong>conceditur,</strong></span> <span class='ocrx_word' id='word_1_492' title='bbox 1574 4684 1743 4730; x_wconf 89' lang='lat' dir='ltr'><strong>totum</strong></span> 
     </span>
    </p>
   </div>
   <div class='ocr_carea' id='block_1_65' title="bbox 223 4765 1746 4857">
    <p class='ocr_par' dir='ltr' id='par_1_65' title="bbox 223 4765 1746 4857">
     <span class='ocr_line' id='line_1_65' title="bbox 223 4765 1746 4857; baseline 0.009 -45"><span class='ocrx_word' id='word_1_493' title='bbox 223 4770 498 4857; x_wconf 61' lang='lat' dir='ltr'><strong>concessum</strong></span> <span class='ocrx_word' id='word_1_494' title='bbox 546 4765 703 4822; x_wconf 82' lang='lat' dir='ltr'><strong>fuisse</strong></span> <span class='ocrx_word' id='word_1_495' title='bbox 754 4768 952 4834; x_wconf 80' lang='lat' dir='ltr'><strong>frustra</strong></span> <span class='ocrx_word' id='word_1_496' title='bbox 1001 4771 1345 4824; x_wconf 88' lang='lat' dir='ltr'><strong>contenditur</strong></span> <span class='ocrx_word' id='word_1_497' title='bbox 1392 4787 1403 4823; x_wconf 91' lang='lat'><strong>:</strong></span> <span class='ocrx_word' id='word_1_498' title='bbox 1455 4770 1556 4824; x_wconf 86' lang='lat' dir='ltr'><strong>nisi</strong></span> <span class='ocrx_word' id='word_1_499' title='bbox 1608 4770 1746 4825; x_wconf 90' lang='lat' dir='ltr'><strong>forte</strong></span> 
     </span>
    </p>
   </div>
   <div class='ocr_carea' id='block_1_66' title="bbox 225 4847 1744 4945">
    <p class='ocr_par' dir='ltr' id='par_1_66' title="bbox 225 4847 1744 4945">
     <span class='ocr_line' id='line_1_66' title="bbox 225 4847 1744 4945; baseline 0.01 -41"><span class='ocrx_word' id='word_1_500' title='bbox 225 4847 326 4945; x_wconf 67' lang='lat' dir='ltr'><strong>illud</strong></span> <span class='ocrx_word' id='word_1_501' title='bbox 355 4862 512 4908; x_wconf 90' lang='lat' dir='ltr'><strong>totum</strong></span> <span class='ocrx_word' id='word_1_502' title='bbox 540 4857 599 4909; x_wconf 88' lang='lat' dir='ltr'><strong>ad</strong></span> <span class='ocrx_word' id='word_1_503' title='bbox 625 4861 1008 4916; x_wconf 86' lang='lat' dir='ltr'><strong>ordinationem</strong></span> <span class='ocrx_word' id='word_1_504' title='bbox 1039 4863 1295 4932; x_wconf 88' lang='lat' dir='ltr'><strong>episcopi,</strong></span> <span class='ocrx_word' id='word_1_505' title='bbox 1328 4878 1431 4916; x_wconf 92' lang='lat' dir='ltr'><strong>non</strong></span> <span class='ocrx_word' id='word_1_506' title='bbox 1461 4872 1640 4918; x_wconf 87' lang='lat' dir='ltr'><strong>autem</strong></span> <span class='ocrx_word' id='word_1_507' title='bbox 1677 4864 1744 4919; x_wconf 85' lang='lat' dir='ltr'><strong>ad</strong></span> 
     </span>
    </p>
   </div>
   <div class='ocr_carea' id='block_1_67' title="bbox 227 4938 1743 5021">
    <p class='ocr_par' dir='ltr' id='par_1_67' title="bbox 227 4938 1743 5021">
     <span class='ocr_line' id='line_1_67' title="bbox 227 4938 1743 5021; baseline 0.009 -27"><span class='ocrx_word' id='word_1_508' title='bbox 227 4938 342 4993; x_wconf 84' lang='lat' dir='ltr'><strong>Illam</strong></span> <span class='ocrx_word' id='word_1_509' title='bbox 375 4946 650 5001; x_wconf 84' lang='lat' dir='ltr'><strong>cessionem</strong></span> <span class='ocrx_word' id='word_1_510' title='bbox 683 4949 820 5017; x_wconf 82' lang='lat' dir='ltr'><strong>juris</strong></span> <span class='ocrx_word' id='word_1_511' title='bbox 876 4953 1141 5021; x_wconf 89' lang='lat' dir='ltr'><strong>pertineat</strong></span> <span class='ocrx_word' id='word_1_512' title='bbox 1177 4961 1233 5006; x_wconf 92' lang='grc' dir='ltr'><strong>ιιι</strong></span> <span class='ocrx_word' id='word_1_513' title='bbox 1270 4954 1431 5017; x_wconf 89' lang='lat' dir='ltr'><strong>dare,</strong></span> <span class='ocrx_word' id='word_1_514' title='bbox 1470 4954 1703 5009; x_wconf 88' lang='lat' dir='ltr'><strong>vendere</strong></span> <span class='ocrx_word' id='word_1_515' title='bbox 1725 4993 1743 5020; x_wconf 85' lang='lat'><strong>,</strong></span> 
     </span>
    </p>
   </div>
   <div class='ocr_carea' id='block_1_68' title="bbox 228 5032 1747 5114">
    <p class='ocr_par' dir='ltr' id='par_1_68' title="bbox 228 5032 1747 5114">
     <span class='ocr_line' id='line_1_68' title="bbox 228 5032 1747 5114; baseline 0.014 -34"><span class='ocrx_word' id='word_1_516' title='bbox 228 5043 303 5082; x_wconf 87' lang='lat' dir='ltr'><strong>seu</strong></span> <span class='ocrx_word' id='word_1_517' title='bbox 329 5032 374 5085; x_wconf 93' lang='lat' dir='ltr'><strong>in</strong></span> <span class='ocrx_word' id='word_1_518' title='bbox 397 5039 627 5105; x_wconf 88' lang='lat' dir='ltr'><strong>proprios</strong></span> <span class='ocrx_word' id='word_1_519' title='bbox 652 5057 774 5096; x_wconf 88' lang='lat' dir='ltr'><strong>usus</strong></span> <span class='ocrx_word' id='word_1_520' title='bbox 801 5043 1034 5098; x_wconf 87' lang='lat' dir='ltr'><strong>retinere</strong></span> <span class='ocrx_word' id='word_1_521' title='bbox 1060 5053 1238 5112; x_wconf 88' lang='lat' dir='ltr'><strong>queat.</strong></span> <span class='ocrx_word' id='word_1_522' title='bbox 1265 5043 1398 5110; x_wconf 88' lang='lat' dir='ltr'><strong>Quis</strong></span> <span class='ocrx_word' id='word_1_523' title='bbox 1424 5044 1565 5098; x_wconf 83' lang='lat' dir='ltr'><strong>enim</strong></span> <span class='ocrx_word' id='word_1_524' title='bbox 1594 5045 1747 5114; x_wconf 76' lang='lat' dir='ltr'><strong>igno-</strong></span> 
     </span>
    </p>
   </div>
   <div class='ocr_carea' id='block_1_69' title="bbox 232 5121 1743 5224">
    <p class='ocr_par' dir='ltr' id='par_1_69' title="bbox 232 5121 1743 5224">
     <span class='ocr_line' id='line_1_69' title="bbox 232 5121 1743 5224; baseline 0.007 -49"><span class='ocrx_word' id='word_1_525' title='bbox 232 5129 297 5224; x_wconf 73' lang='lat' dir='ltr'><strong>rat</strong></span> <span class='ocrx_word' id='word_1_526' title='bbox 319 5121 523 5180; x_wconf 83' lang='lat' dir='ltr'><strong>clericos</strong></span> <span class='ocrx_word' id='word_1_527' title='bbox 544 5139 594 5183; x_wconf 89' lang='lat' dir='ltr'><strong>et</strong></span> <span class='ocrx_word' id='word_1_528' title='bbox 617 5131 999 5188; x_wconf 86' lang='lat' dir='ltr'><strong>ecclesiasticas</strong></span> <span class='ocrx_word' id='word_1_529' title='bbox 1023 5151 1108 5188; x_wconf 87' lang='lat' dir='ltr'><strong>res</strong></span> <span class='ocrx_word' id='word_1_530' title='bbox 1131 5135 1432 5190; x_wconf 84' lang='lat' dir='ltr'><strong>consistere</strong></span> <span class='ocrx_word' id='word_1_531' title='bbox 1459 5132 1559 5187; x_wconf 93' lang='lat' dir='ltr'><strong>sub</strong></span> <span class='ocrx_word' id='word_1_532' title='bbox 1584 5150 1743 5188; x_wconf 69' lang='lat' dir='ltr'><strong>lllt‘tllll</strong></span> 
     </span>
    </p>
   </div>
   <div class='ocr_carea' id='block_1_70' title="bbox 230 5219 1746 5300">
    <p class='ocr_par' dir='ltr' id='par_1_70' title="bbox 230 5219 1746 5300">
     <span class='ocr_line' id='line_1_70' title="bbox 230 5219 1746 5300; baseline -0.007 -10"><span class='ocrx_word' id='word_1_533' title='bbox 230 5219 449 5288; x_wconf 65' lang='grc' dir='ltr'><strong>θνίδθθρίς</strong></span> <span class='ocrx_word' id='word_1_534' title='bbox 476 5223 561 5290; x_wconf 82' lang='lat' dir='ltr'><strong>qui</strong></span> <span class='ocrx_word' id='word_1_535' title='bbox 586 5237 672 5292; x_wconf 86' lang='lat' dir='ltr'><strong>per</strong></span> <span class='ocrx_word' id='word_1_536' title='bbox 698 5241 1002 5283; x_wconf 74' lang='lat' dir='ltr'><strong>teconomos</strong></span> <span class='ocrx_word' id='word_1_537' title='bbox 1032 5230 1370 5300; x_wconf 81' lang='lat' dir='ltr'><strong>dispensandi</strong></span> <span class='ocrx_word' id='word_1_538' title='bbox 1401 5230 1618 5282; x_wconf 86' lang='lat' dir='ltr'><strong>easdem</strong></span> <span class='ocrx_word' id='word_1_539' title='bbox 1661 5242 1746 5281; x_wconf 76' lang='lat' dir='ltr'><strong>res</strong></span> 
     </span>
    </p>
   </div>
   <div class='ocr_carea' id='block_1_71' title="bbox 202 5317 1750 5412">
    <p class='ocr_par' dir='ltr' id='par_1_71' title="bbox 202 5317 1750 5412">
     <span class='ocr_line' id='line_1_71' title="bbox 202 5317 1750 5412; baseline 0.012 -54"><span class='ocrx_word' id='word_1_540' title='bbox 202 5317 512 5412; x_wconf 47' lang='lat' dir='ltr'><strong>maiestatem</strong></span> <span class='ocrx_word' id='word_1_541' title='bbox 558 5322 770 5388; x_wconf 88' lang='lat' dir='ltr'><strong>accepit.</strong></span> <span class='ocrx_word' id='word_1_542' title='bbox 815 5321 1074 5376; x_wconf 72' lang='lat' dir='ltr'><strong>Carterum</strong></span> <span class='ocrx_word' id='word_1_543' title='bbox 1115 5325 1182 5378; x_wconf 88' lang='lat' dir='ltr'><strong>de</strong></span> <span class='ocrx_word' id='word_1_544' title='bbox 1227 5326 1382 5378; x_wconf 89' lang='lat' dir='ltr'><strong>tertia</strong></span> <span class='ocrx_word' id='word_1_545' title='bbox 1428 5339 1522 5376; x_wconf 81' lang='lat' dir='ltr'><strong>Seu</strong></span> <span class='ocrx_word' id='word_1_546' title='bbox 1572 5322 1750 5391; x_wconf 86' lang='lat' dir='ltr'><strong>potius</strong></span> 
     </span>
    </p>
   </div>
   <div class='ocr_carea' id='block_1_72' title="bbox 1772 4547 1823 4607">
    <p class='ocr_par' dir='ltr' id='par_1_72' title="bbox 1772 4547 1823 4607">
     <span class='ocr_line' id='line_1_72' title="bbox 1772 4547 1823 4607; baseline 0 0"><span class='ocrx_word' id='word_1_547' title='bbox 1772 4547 1823 4607; x_wconf 78' lang='grc' dir='ltr'>υ</span> 
     </span>
    </p>
   </div>
   <div class='ocr_carea' id='block_1_73' title="bbox 1824 1922 3412 2010">
    <p class='ocr_par' dir='ltr' id='par_1_73' title="bbox 1824 1922 3412 2010">
     <span class='ocr_line' id='line_1_73' title="bbox 1824 1922 3412 2010; baseline -0.013 -17"><span class='ocrx_word' id='word_1_548' title='bbox 1824 1941 2056 2010; x_wconf 89' lang='lat' dir='ltr'><strong>priorem</strong></span> <span class='ocrx_word' id='word_1_549' title='bbox 2103 1935 2372 2006; x_wconf 90' lang='lat' dir='ltr'><strong>possessio</strong></span> <span class='ocrx_word' id='word_1_550' title='bbox 2407 1932 2516 2001; x_wconf 89' lang='lat' dir='ltr'><strong>jam</strong></span> <span class='ocrx_word' id='word_1_551' title='bbox 2560 1947 2664 1985; x_wconf 91' lang='lat' dir='ltr'><strong>non</strong></span> <span class='ocrx_word' id='word_1_552' title='bbox 2714 1928 2947 1997; x_wconf 88' lang='lat' dir='ltr'><strong>pertinet</strong></span> <span class='ocrx_word' id='word_1_553' title='bbox 2998 1925 3230 1980; x_wconf 87' lang='lat' dir='ltr'><strong>Omnino</strong></span> <span class='ocrx_word' id='word_1_554' title='bbox 3271 1922 3412 1976; x_wconf 87' lang='lat' dir='ltr'><strong>hanc</strong></span> 
     </span>
    </p>
   </div>
   <div class='ocr_carea' id='block_1_74' title="bbox 1822 2012 3416 2085">
    <p class='ocr_par' dir='ltr' id='par_1_74' title="bbox 1822 2012 3416 2085">
     <span class='ocr_line' id='line_1_74' title="bbox 1822 2012 3416 2085; baseline -0.012 -2"><span class='ocrx_word' id='word_1_555' title='bbox 1822 2026 2275 2084; x_wconf 85' lang='lat' dir='ltr'><strong>abalienationem</strong></span> <span class='ocrx_word' id='word_1_556' title='bbox 2314 2024 2379 2075; x_wconf 86' lang='lat' dir='ltr'><strong>de</strong></span> <span class='ocrx_word' id='word_1_557' title='bbox 2409 2021 2569 2075; x_wconf 81' lang='lat' dir='ltr'><strong>rebus</strong></span> <span class='ocrx_word' id='word_1_558' title='bbox 2598 2017 2841 2075; x_wconf 83' lang='lat' dir='ltr'><strong>ecclesia:</strong></span> <span class='ocrx_word' id='word_1_559' title='bbox 2868 2031 2972 2070; x_wconf 89' lang='lat' dir='ltr'><strong>non</strong></span> <span class='ocrx_word' id='word_1_560' title='bbox 3000 2029 3160 2085; x_wconf 87' lang='lat' dir='ltr'><strong>posse</strong></span> <span class='ocrx_word' id='word_1_561' title='bbox 3190 2012 3306 2066; x_wconf 85' lang='lat' dir='ltr'><strong>fieri</strong></span> <span class='ocrx_word' id='word_1_562' title='bbox 3337 2019 3416 2064; x_wconf 86' lang='lat' dir='ltr'><strong>tot.</strong></span> 
     </span>
    </p>
   </div>
   <div class='ocr_carea' id='block_1_75' title="bbox 1823 2110 3406 2184">
    <p class='ocr_par' dir='ltr' id='par_1_75' title="bbox 1823 2110 3406 2184">
     <span class='ocr_line' id='line_1_75' title="bbox 1823 2110 3406 2184; baseline -0.013 -12"><span class='ocrx_word' id='word_1_563' title='bbox 1823 2128 1951 2173; x_wconf 90' lang='lat' dir='ltr'><strong>sunt</strong></span> <span class='ocrx_word' id='word_1_564' title='bbox 1983 2127 2149 2171; x_wconf 90' lang='lat' dir='ltr'><strong>testes</strong></span> <span class='ocrx_word' id='word_1_565' title='bbox 2180 2123 2309 2184; x_wconf 91' lang='lat' dir='ltr'><strong>quot</strong></span> <span class='ocrx_word' id='word_1_566' title='bbox 2344 2119 2468 2167; x_wconf 91' lang='lat' dir='ltr'><strong>sunt</strong></span> <span class='ocrx_word' id='word_1_567' title='bbox 2497 2110 2672 2180; x_wconf 78' lang='lat' dir='ltr'><strong>legum</strong></span> <span class='ocrx_word' id='word_1_568' title='bbox 2705 2123 2799 2162; x_wconf 90' lang='lat' dir='ltr'><strong>seu</strong></span> <span class='ocrx_word' id='word_1_569' title='bbox 2829 2119 3099 2160; x_wconf 87' lang='lat' dir='ltr'><strong>canonum</strong></span> <span class='ocrx_word' id='word_1_570' title='bbox 3133 2111 3406 2156; x_wconf 81' lang='lat' dir='ltr'><strong>auctores.</strong></span> 
     </span>
    </p>
   </div>
   <div class='ocr_carea' id='block_1_76' title="bbox 1896 2191 3418 2276">
    <p class='ocr_par' dir='ltr' id='par_1_76' title="bbox 1896 2191 3418 2276">
     <span class='ocr_line' id='line_1_76' title="bbox 1896 2191 3418 2276; baseline -0.012 -13"><span class='ocrx_word' id='word_1_571' title='bbox 1896 2208 2124 2276; x_wconf 79' lang='lat' dir='ltr'><strong>Quidam</strong></span> <span class='ocrx_word' id='word_1_572' title='bbox 2183 2205 2343 2274; x_wconf 84' lang='lat' dir='ltr'><strong>igitur</strong></span> <span class='ocrx_word' id='word_1_573' title='bbox 2402 2212 2716 2256; x_wconf 88' lang='lat' dir='ltr'><strong>antecessor</strong></span> <span class='ocrx_word' id='word_1_574' title='bbox 2770 2212 2922 2252; x_wconf 90' lang='lat' dir='ltr'><strong>meus</strong></span> <span class='ocrx_word' id='word_1_575' title='bbox 2971 2196 3022 2249; x_wconf 92' lang='lat' dir='ltr'><strong>in</strong></span> <span class='ocrx_word' id='word_1_576' title='bbox 3075 2191 3418 2263; x_wconf 81' lang='lat' dir='ltr'><strong>possessione</strong></span> 
     </span>
    </p>
   </div>
   <div class='ocr_carea' id='block_1_77' title="bbox 1826 2285 3415 2357">
    <p class='ocr_par' dir='ltr' id='par_1_77' title="bbox 1826 2285 3415 2357">
     <span class='ocr_line' id='line_1_77' title="bbox 1826 2285 3415 2357; baseline -0.015 0"><span class='ocrx_word' id='word_1_577' title='bbox 1826 2302 1994 2357; x_wconf 69' lang='lat' dir='ltr'><strong>IIOS&#39;J&#39;i</strong></span> <span class='ocrx_word' id='word_1_578' title='bbox 2039 2296 2349 2352; x_wconf 90' lang='lat' dir='ltr'><strong>monasterii</strong></span> <span class='ocrx_word' id='word_1_579' title='bbox 2384 2293 2669 2349; x_wconf 85' lang='lat' dir='ltr'><strong>ecclesiam</strong></span> <span class='ocrx_word' id='word_1_580' title='bbox 2711 2285 3022 2351; x_wconf 64' lang='lat' dir='ltr'><strong>aediﬁcavit,</strong></span> <span class='ocrx_word' id='word_1_581' title='bbox 3069 2286 3246 2338; x_wconf 86' lang='lat' dir='ltr'><strong>dotem</strong></span> <span class='ocrx_word' id='word_1_582' title='bbox 3281 2297 3415 2334; x_wconf 81' lang='lat' dir='ltr'><strong>cort-</strong></span> 
     </span>
    </p>
   </div>
   <div class='ocr_carea' id='block_1_78' title="bbox 1829 2369 3418 2450">
    <p class='ocr_par' dir='ltr' id='par_1_78' title="bbox 1829 2369 3418 2450">
     <span class='ocr_line' id='line_1_78' title="bbox 1829 2369 3418 2450; baseline -0.017 -2"><span class='ocrx_word' id='word_1_583' title='bbox 1829 2393 1964 2450; x_wconf 86' lang='lat' dir='ltr'><strong>tulit.</strong></span> <span class='ocrx_word' id='word_1_584' title='bbox 1991 2407 2116 2444; x_wconf 93' lang='grc' dir='ltr'>ιιιιιιι</span> <span class='ocrx_word' id='word_1_585' title='bbox 2147 2389 2349 2443; x_wconf 85' lang='lat' dir='ltr'><strong>idcirco</strong></span> <span class='ocrx_word' id='word_1_586' title='bbox 2374 2381 2761 2439; x_wconf 87' lang='lat' dir='ltr'><strong>monasterium</strong></span> <span class='ocrx_word' id='word_1_587' title='bbox 2789 2377 3180 2448; x_wconf 90' lang='lat' dir='ltr'><strong>possessionem</strong></span> <span class='ocrx_word' id='word_1_588' title='bbox 3205 2369 3418 2426; x_wconf 84' lang='lat' dir='ltr'><strong>amisit?</strong></span> 
     </span>
    </p>
   </div>
   <div class='ocr_carea' id='block_1_79' title="bbox 1826 2461 3420 2546">
    <p class='ocr_par' dir='ltr' id='par_1_79' title="bbox 1826 2461 3420 2546">
     <span class='ocr_line' id='line_1_79' title="bbox 1826 2461 3420 2546; baseline -0.016 -5"><span class='ocrx_word' id='word_1_589' title='bbox 1826 2496 1920 2542; x_wconf 88' lang='lat' dir='ltr'><strong>aut</strong></span> <span class='ocrx_word' id='word_1_590' title='bbox 1949 2485 2118 2539; x_wconf 89' lang='lat' dir='ltr'><strong>abbas</strong></span> <span class='ocrx_word' id='word_1_591' title='bbox 2149 2483 2198 2536; x_wconf 91' lang='lat' dir='ltr'><strong>id</strong></span> <span class='ocrx_word' id='word_1_592' title='bbox 2237 2479 2548 2534; x_wconf 88' lang='lat' dir='ltr'><strong>abalienare</strong></span> <span class='ocrx_word' id='word_1_593' title='bbox 2589 2473 2799 2546; x_wconf 90' lang='lat' dir='ltr'><strong>potuit?</strong></span> <span class='ocrx_word' id='word_1_594' title='bbox 2829 2468 3093 2540; x_wconf 84' lang='lat' dir='ltr'><strong>Requisiti</strong></span> <span class='ocrx_word' id='word_1_595' title='bbox 3145 2467 3325 2533; x_wconf 88' lang='lat' dir='ltr'><strong>itaque</strong></span> <span class='ocrx_word' id='word_1_596' title='bbox 3362 2461 3420 2516; x_wconf 84' lang='lat' dir='ltr'><strong>in</strong></span> 
     </span>
    </p>
   </div>
   <div class='ocr_carea' id='block_1_80' title="bbox 1830 2554 3422 2644">
    <p class='ocr_par' dir='ltr' id='par_1_80' title="bbox 1830 2554 3422 2644">
     <span class='ocr_line' id='line_1_80' title="bbox 1830 2554 3422 2644; baseline -0.016 -11"><span class='ocrx_word' id='word_1_597' title='bbox 1830 2580 1932 2634; x_wconf 91' lang='lat' dir='ltr'><strong>hoc</strong></span> <span class='ocrx_word' id='word_1_598' title='bbox 1969 2576 2129 2644; x_wconf 86' lang='lat' dir='ltr'><strong>hujus</strong></span> <span class='ocrx_word' id='word_1_599' title='bbox 2157 2573 2324 2628; x_wconf 88' lang='lat' dir='ltr'><strong>nostri</strong></span> <span class='ocrx_word' id='word_1_600' title='bbox 2362 2565 2677 2625; x_wconf 90' lang='lat' dir='ltr'><strong>monasterii</strong></span> <span class='ocrx_word' id='word_1_601' title='bbox 2708 2563 2830 2618; x_wconf 88' lang='lat' dir='ltr'><strong>libri</strong></span> <span class='ocrx_word' id='word_1_602' title='bbox 2874 2560 3076 2632; x_wconf 73' lang='lat' dir='ltr'><strong>politici</strong></span> <span class='ocrx_word' id='word_1_603' title='bbox 3104 2576 3133 2615; x_wconf 73' lang='grc' dir='ltr'><strong>ιι</strong></span> <span class='ocrx_word' id='word_1_604' title='bbox 3163 2554 3422 2625; x_wconf 49' lang='lat' dir='ltr'><strong>temporis</strong></span> 
     </span>
    </p>
   </div>
   <div class='ocr_carea' id='block_1_81' title="bbox 1828 2648 3418 2741">
    <p class='ocr_par' dir='ltr' id='par_1_81' title="bbox 1828 2648 3418 2741">
     <span class='ocr_line' id='line_1_81' title="bbox 1828 2648 3418 2741; baseline -0.018 -11"><span class='ocrx_word' id='word_1_605' title='bbox 1828 2677 1928 2730; x_wconf 85' lang='lat' dir='ltr'><strong>bus</strong></span> <span class='ocrx_word' id='word_1_606' title='bbox 1967 2672 2144 2741; x_wconf 83' lang='lat' dir='ltr'><strong>Magni</strong></span> <span class='ocrx_word' id='word_1_607' title='bbox 2179 2667 2356 2724; x_wconf 89' lang='lat' dir='ltr'><strong>Caroli</strong></span> <span class='ocrx_word' id='word_1_608' title='bbox 2401 2679 2538 2736; x_wconf 89' lang='lat' dir='ltr'><strong>pene</strong></span> <span class='ocrx_word' id='word_1_609' title='bbox 2577 2669 2847 2715; x_wconf 85' lang='lat' dir='ltr'><strong>vetustate</strong></span> <span class='ocrx_word' id='word_1_610' title='bbox 2893 2652 3240 2722; x_wconf 85' lang='lat' dir='ltr'><strong>consumpti,</strong></span> <span class='ocrx_word' id='word_1_611' title='bbox 3284 2648 3418 2719; x_wconf 85' lang='lat' dir='ltr'><strong>quid</strong></span> 
     </span>
    </p>
   </div>
   <div class='ocr_carea' id='block_1_82' title="bbox 1829 2743 3423 2824">
    <p class='ocr_par' dir='ltr' id='par_1_82' title="bbox 1829 2743 3423 2824">
     <span class='ocr_line' id='line_1_82' title="bbox 1829 2743 3423 2824; baseline -0.02 0"><span class='ocrx_word' id='word_1_612' title='bbox 1829 2768 2092 2824; x_wconf 70' lang='lat' dir='ltr'><strong>mdilicata</strong></span> <span class='ocrx_word' id='word_1_613' title='bbox 2136 2761 2363 2817; x_wconf 87' lang='lat' dir='ltr'><strong>ecclesia</strong></span> <span class='ocrx_word' id='word_1_614' title='bbox 2413 2756 2543 2811; x_wconf 90' lang='lat' dir='ltr'><strong>mihi</strong></span> <span class='ocrx_word' id='word_1_615' title='bbox 2588 2754 2830 2821; x_wconf 89' lang='lat' dir='ltr'><strong>meisque</strong></span> <span class='ocrx_word' id='word_1_616' title='bbox 2875 2747 3136 2802; x_wconf 84' lang='lat' dir='ltr'><strong>fratribus</strong></span> <span class='ocrx_word' id='word_1_617' title='bbox 3179 2743 3423 2804; x_wconf 76' lang='lat' dir='ltr'><strong>debeat,</strong></span> 
     </span>
    </p>
   </div>
   <div class='ocr_carea' id='block_1_83' title="bbox 1833 2832 3421 2922">
    <p class='ocr_par' dir='ltr' id='par_1_83' title="bbox 1833 2832 3421 2922">
     <span class='ocr_line' id='line_1_83' title="bbox 1833 2832 3421 2922; baseline -0.021 -5"><span class='ocrx_word' id='word_1_618' title='bbox 1833 2864 2213 2919; x_wconf 81' lang='lat' dir='ltr'><strong>innotescunt;</strong></span> <span class='ocrx_word' id='word_1_619' title='bbox 2243 2851 2369 2922; x_wconf 80' lang='lat' dir='ltr'><strong>quid</strong></span> <span class='ocrx_word' id='word_1_620' title='bbox 2401 2859 2587 2906; x_wconf 89' lang='lat' dir='ltr'><strong>contra</strong></span> <span class='ocrx_word' id='word_1_621' title='bbox 2617 2845 2709 2904; x_wconf 87' lang='lat' dir='ltr'><strong>illa</strong></span> <span class='ocrx_word' id='word_1_622' title='bbox 2736 2844 2880 2898; x_wconf 90' lang='lat' dir='ltr'><strong>dotis</strong></span> <span class='ocrx_word' id='word_1_623' title='bbox 2906 2839 3125 2895; x_wconf 87' lang='lat' dir='ltr'><strong>nomine</strong></span> <span class='ocrx_word' id='word_1_624' title='bbox 3153 2835 3276 2889; x_wconf 86' lang='lat' dir='ltr'><strong>data</strong></span> <span class='ocrx_word' id='word_1_625' title='bbox 3307 2832 3421 2886; x_wconf 88' lang='lat' dir='ltr'><strong>suis</strong></span> 
     </span>
    </p>
   </div>
   <div class='ocr_carea' id='block_1_84' title="bbox 1833 2921 3424 3006">
    <p class='ocr_par' dir='ltr' id='par_1_84' title="bbox 1833 2921 3424 3006">
     <span class='ocr_line' id='line_1_84' title="bbox 1833 2921 3424 3006; baseline -0.021 0"><span class='ocrx_word' id='word_1_626' title='bbox 1833 2945 2240 3006; x_wconf 89' lang='lat' dir='ltr'><strong>burdationibus</strong></span> <span class='ocrx_word' id='word_1_627' title='bbox 2265 2943 2472 3006; x_wconf 90' lang='lat' dir='ltr'><strong>solvat,</strong></span> <span class='ocrx_word' id='word_1_628' title='bbox 2517 2938 2712 2992; x_wconf 89' lang='lat' dir='ltr'><strong>ibidem</strong></span> <span class='ocrx_word' id='word_1_629' title='bbox 2741 2929 3023 3003; x_wconf 89' lang='lat' dir='ltr'><strong>perpendit</strong></span> <span class='ocrx_word' id='word_1_630' title='bbox 3052 2921 3424 2996; x_wconf 89' lang='lat' dir='ltr'><strong>procuratoris</strong></span> 
     </span>
    </p>
   </div>
   <div class='ocr_carea' id='block_1_85' title="bbox 1833 3011 3426 3112">
    <p class='ocr_par' dir='ltr' id='par_1_85' title="bbox 1833 3011 3426 3112">
     <span class='ocr_line' id='line_1_85' title="bbox 1833 3011 3426 3112; baseline -0.023 -12"><span class='ocrx_word' id='word_1_631' title='bbox 1833 3043 2126 3112; x_wconf 77' lang='lat' dir='ltr'><strong>diligentia.</strong></span> <span class='ocrx_word' id='word_1_632' title='bbox 2153 3039 2321 3093; x_wconf 89' lang='lat' dir='ltr'><strong>Porro</strong></span> <span class='ocrx_word' id='word_1_633' title='bbox 2342 3020 2484 3103; x_wconf 84' lang='lat' dir='ltr'><strong>quod</strong></span> <span class='ocrx_word' id='word_1_634' title='bbox 2508 3040 2561 3085; x_wconf 86' lang='lat' dir='ltr'><strong>te</strong></span> <span class='ocrx_word' id='word_1_635' title='bbox 2580 3025 2867 3096; x_wconf 89' lang='lat' dir='ltr'><strong>aliquando</strong></span> <span class='ocrx_word' id='word_1_636' title='bbox 2889 3022 2988 3076; x_wconf 90' lang='lat' dir='ltr'><strong>sub</strong></span> <span class='ocrx_word' id='word_1_637' title='bbox 3009 3018 3112 3073; x_wconf 79' lang='lat' dir='ltr'><strong>mei</strong></span> <span class='ocrx_word' id='word_1_638' title='bbox 3138 3011 3426 3086; x_wconf 61' lang='lat' dir='ltr'><strong>pt-assentia</strong></span> 
     </span>
    </p>
   </div>
   <div class='ocr_carea' id='block_1_86' title="bbox 1840 3108 3427 3197">
    <p class='ocr_par' dir='ltr' id='par_1_86' title="bbox 1840 3108 3427 3197">
     <span class='ocr_line' id='line_1_86' title="bbox 1840 3108 3427 3197; baseline -0.021 -6"><span class='ocrx_word' id='word_1_639' title='bbox 1840 3134 2095 3197; x_wconf 84' lang='lat' dir='ltr'><strong>turbavit,</strong></span> <span class='ocrx_word' id='word_1_640' title='bbox 2126 3133 2250 3185; x_wconf 91' lang='lat' dir='ltr'><strong>dum</strong></span> <span class='ocrx_word' id='word_1_641' title='bbox 2281 3128 2554 3182; x_wconf 89' lang='lat' dir='ltr'><strong>diceretur</strong></span> <span class='ocrx_word' id='word_1_642' title='bbox 2577 3120 2721 3191; x_wconf 88' lang='lat' dir='ltr'><strong>quod</strong></span> <span class='ocrx_word' id='word_1_643' title='bbox 2763 3113 3016 3171; x_wconf 88' lang='lat' dir='ltr'><strong>monachi</strong></span> <span class='ocrx_word' id='word_1_644' title='bbox 3058 3108 3318 3165; x_wconf 89' lang='lat' dir='ltr'><strong>ecclesias</strong></span> <span class='ocrx_word' id='word_1_645' title='bbox 3346 3113 3427 3158; x_wconf 82' lang='lat' dir='ltr'><strong>te-</strong></span> 
     </span>
    </p>
   </div>
   <div class='ocr_carea' id='block_1_87' title="bbox 1841 3193 3430 3292">
    <p class='ocr_par' dir='ltr' id='par_1_87' title="bbox 1841 3193 3430 3292">
     <span class='ocr_line' id='line_1_87' title="bbox 1841 3193 3430 3292; baseline -0.022 -10"><span class='ocrx_word' id='word_1_646' title='bbox 1841 3242 1968 3282; x_wconf 88' lang='lat' dir='ltr'><strong>nere</strong></span> <span class='ocrx_word' id='word_1_647' title='bbox 2008 3223 2327 3292; x_wconf 86' lang='lat' dir='ltr'><strong>nequirent,</strong></span> <span class='ocrx_word' id='word_1_648' title='bbox 2371 3228 2588 3272; x_wconf 88' lang='lat' dir='ltr'><strong>remove</strong></span> <span class='ocrx_word' id='word_1_649' title='bbox 2631 3211 2698 3264; x_wconf 90' lang='lat' dir='ltr'><strong>ab</strong></span> <span class='ocrx_word' id='word_1_650' title='bbox 2743 3207 2961 3269; x_wconf 89' lang='lat' dir='ltr'><strong>animo;</strong></span> <span class='ocrx_word' id='word_1_651' title='bbox 3002 3212 3057 3257; x_wconf 91' lang='lat' dir='ltr'><strong>et</strong></span> <span class='ocrx_word' id='word_1_652' title='bbox 3105 3200 3238 3255; x_wconf 90' lang='lat' dir='ltr'><strong>scito</strong></span> <span class='ocrx_word' id='word_1_653' title='bbox 3282 3193 3430 3265; x_wconf 85' lang='lat' dir='ltr'><strong>quod</strong></span> 
     </span>
    </p>
   </div>
   <div class='ocr_carea' id='block_1_88' title="bbox 1840 3285 3426 3376">
    <p class='ocr_par' dir='ltr' id='par_1_88' title="bbox 1840 3285 3426 3376">
     <span class='ocr_line' id='line_1_88' title="bbox 1840 3285 3426 3376; baseline -0.022 -4"><span class='ocrx_word' id='word_1_654' title='bbox 1840 3316 2163 3376; x_wconf 87' lang='lat' dir='ltr'><strong>mouaclms,</strong></span> <span class='ocrx_word' id='word_1_655' title='bbox 2207 3310 2308 3364; x_wconf 88' lang='lat' dir='ltr'><strong>nisi</strong></span> <span class='ocrx_word' id='word_1_656' title='bbox 2348 3307 2413 3360; x_wconf 90' lang='lat' dir='ltr'><strong>ad</strong></span> <span class='ocrx_word' id='word_1_657' title='bbox 2451 3293 2768 3358; x_wconf 86' lang='lat' dir='ltr'><strong>clericatum</strong></span> <span class='ocrx_word' id='word_1_658' title='bbox 2817 3302 3130 3366; x_wconf 90' lang='lat' dir='ltr'><strong>promotus,</strong></span> <span class='ocrx_word' id='word_1_659' title='bbox 3175 3285 3426 3343; x_wconf 73' lang='lat' dir='ltr'><strong>ecclesia:</strong></span> 
     </span>
    </p>
   </div>
   <div class='ocr_carea' id='block_1_89' title="bbox 1842 3377 3430 3466">
    <p class='ocr_par' dir='ltr' id='par_1_89' title="bbox 1842 3377 3430 3466">
     <span class='ocr_line' id='line_1_89' title="bbox 1842 3377 3430 3466; baseline -0.022 -1"><span class='ocrx_word' id='word_1_660' title='bbox 1842 3409 2065 3466; x_wconf 82' lang='lat' dir='ltr'><strong>retentis</strong></span> <span class='ocrx_word' id='word_1_661' title='bbox 2089 3400 2423 3463; x_wconf 88' lang='lat' dir='ltr'><strong>ministeriis,</strong></span> <span class='ocrx_word' id='word_1_662' title='bbox 2467 3393 2762 3456; x_wconf 86' lang='lat' dir='ltr'><strong>deservire,</strong></span> <span class='ocrx_word' id='word_1_663' title='bbox 2793 3404 2862 3444; x_wconf 88' lang='lat' dir='ltr'><strong>ne</strong></span> <span class='ocrx_word' id='word_1_664' title='bbox 2891 3386 3018 3458; x_wconf 91' lang='lat' dir='ltr'><strong>quid</strong></span> <span class='ocrx_word' id='word_1_665' title='bbox 3050 3387 3115 3439; x_wconf 90' lang='lat' dir='ltr'><strong>de</strong></span> <span class='ocrx_word' id='word_1_666' title='bbox 3159 3377 3430 3435; x_wconf 84' lang='lat' dir='ltr'><strong>reditibus</strong></span> 
     </span>
    </p>
   </div>
   <div class='ocr_carea' id='block_1_90' title="bbox 1840 3471 3424 3573">
    <p class='ocr_par' dir='ltr' id='par_1_90' title="bbox 1840 3471 3424 3573">
     <span class='ocr_line' id='line_1_90' title="bbox 1840 3471 3424 3573; baseline -0.02 -18"><span class='ocrx_word' id='word_1_667' title='bbox 1840 3517 1958 3573; x_wconf 76' lang='lat' dir='ltr'><strong>ejus</strong></span> <span class='ocrx_word' id='word_1_668' title='bbox 1999 3514 2090 3556; x_wconf 86' lang='lat' dir='ltr'><strong>seu</strong></span> <span class='ocrx_word' id='word_1_669' title='bbox 2133 3492 2496 3550; x_wconf 83' lang='lat' dir='ltr'><strong>oblationibus</strong></span> <span class='ocrx_word' id='word_1_670' title='bbox 2534 3489 2713 3542; x_wconf 85' lang='lat' dir='ltr'><strong>vivere</strong></span> <span class='ocrx_word' id='word_1_671' title='bbox 2756 3483 2950 3539; x_wconf 89' lang='lat' dir='ltr'><strong>debeat</strong></span> <span class='ocrx_word' id='word_1_672' title='bbox 2991 3491 3045 3534; x_wconf 89' lang='lat' dir='ltr'><strong>et</strong></span> <span class='ocrx_word' id='word_1_673' title='bbox 3088 3474 3259 3547; x_wconf 83' lang='lat' dir='ltr'><strong>possit</strong></span> <span class='ocrx_word' id='word_1_674' title='bbox 3289 3471 3424 3543; x_wconf 70' lang='lat'><strong>(‘35).</strong></span> 
     </span>
    </p>
   </div>
   <div class='ocr_carea' id='block_1_91' title="bbox 1843 3568 3426 3646">
    <p class='ocr_par' dir='ltr' id='par_1_91' title="bbox 1843 3568 3426 3646">
     <span class='ocr_line' id='line_1_91' title="bbox 1843 3568 3426 3646; baseline -0.02 1"><span class='ocrx_word' id='word_1_675' title='bbox 1843 3593 1966 3646; x_wconf 64' lang='lat' dir='ltr'><strong>Haec</strong></span> <span class='ocrx_word' id='word_1_676' title='bbox 1990 3588 2171 3644; x_wconf 88' lang='lat' dir='ltr'><strong>omnia</strong></span> <span class='ocrx_word' id='word_1_677' title='bbox 2205 3595 2308 3640; x_wconf 81' lang='lat' dir='ltr'><strong>tua:</strong></span> <span class='ocrx_word' id='word_1_678' title='bbox 2336 3579 2667 3638; x_wconf 84' lang='lat' dir='ltr'><strong>fraternitati</strong></span> <span class='ocrx_word' id='word_1_679' title='bbox 2691 3577 2960 3639; x_wconf 88' lang='lat' dir='ltr'><strong>scribens,</strong></span> <span class='ocrx_word' id='word_1_680' title='bbox 2985 3568 3306 3642; x_wconf 86' lang='lat' dir='ltr'><strong>quibusdam</strong></span> <span class='ocrx_word' id='word_1_681' title='bbox 3332 3581 3426 3620; x_wconf 61' lang='lat' dir='ltr'><strong>ea.</strong></span> 
     </span>
    </p>
   </div>
   <div class='ocr_carea' id='block_1_92' title="bbox 1843 3665 3434 3754">
    <p class='ocr_par' dir='ltr' id='par_1_92' title="bbox 1843 3665 3434 3754">
     <span class='ocr_line' id='line_1_92' title="bbox 1843 3665 3434 3754; baseline -0.019 -19"><span class='ocrx_word' id='word_1_682' title='bbox 1843 3681 2025 3754; x_wconf 87' lang='lat' dir='ltr'><strong>pitulis</strong></span> <span class='ocrx_word' id='word_1_683' title='bbox 2047 3677 2291 3734; x_wconf 84' lang='lat' dir='ltr'><strong>ecclesia:</strong></span> <span class='ocrx_word' id='word_1_684' title='bbox 2326 3672 2580 3741; x_wconf 88' lang='lat' dir='ltr'><strong>subjectis</strong></span> <span class='ocrx_word' id='word_1_685' title='bbox 2604 3668 2893 3724; x_wconf 90' lang='lat' dir='ltr'><strong>sollicitum</strong></span> <span class='ocrx_word' id='word_1_686' title='bbox 2917 3671 2971 3718; x_wconf 88' lang='lat' dir='ltr'><strong>et</strong></span> <span class='ocrx_word' id='word_1_687' title='bbox 2991 3671 3210 3716; x_wconf 87' lang='lat' dir='ltr'><strong>cautum</strong></span> <span class='ocrx_word' id='word_1_688' title='bbox 3233 3665 3434 3712; x_wconf 90' lang='lat' dir='ltr'><strong>contra.</strong></span> 
     </span>
    </p>
   </div>
   <div class='ocr_carea' id='block_1_93' title="bbox 1841 3747 3433 3842">
    <p class='ocr_par' dir='ltr' id='par_1_93' title="bbox 1841 3747 3433 3842">
     <span class='ocr_line' id='line_1_93' title="bbox 1841 3747 3433 3842; baseline -0.021 -13"><span class='ocrx_word' id='word_1_689' title='bbox 1841 3771 2193 3842; x_wconf 90' lang='lat' dir='ltr'><strong>obloquentes</strong></span> <span class='ocrx_word' id='word_1_690' title='bbox 2223 3766 2446 3820; x_wconf 88' lang='lat' dir='ltr'><strong>reddere</strong></span> <span class='ocrx_word' id='word_1_691' title='bbox 2478 3760 2651 3824; x_wconf 81' lang='lat' dir='ltr'><strong>volui,</strong></span> <span class='ocrx_word' id='word_1_692' title='bbox 2701 3774 2767 3812; x_wconf 89' lang='lat' dir='ltr'><strong>ne</strong></span> <span class='ocrx_word' id='word_1_693' title='bbox 2800 3757 3125 3824; x_wconf 89' lang='lat' dir='ltr'><strong>imparatum</strong></span> <span class='ocrx_word' id='word_1_694' title='bbox 3158 3747 3433 3810; x_wconf 87' lang='lat' dir='ltr'><strong>inveniat,</strong></span> 
     </span>
    </p>
   </div>
   <div class='ocr_carea' id='block_1_94' title="bbox 1843 3845 3434 3941">
    <p class='ocr_par' dir='ltr' id='par_1_94' title="bbox 1843 3845 3434 3941">
     <span class='ocr_line' id='line_1_94' title="bbox 1843 3845 3434 3941; baseline -0.018 -18"><span class='ocrx_word' id='word_1_695' title='bbox 1843 3870 1934 3941; x_wconf 89' lang='lat' dir='ltr'><strong>qui</strong></span> <span class='ocrx_word' id='word_1_696' title='bbox 1980 3865 2183 3921; x_wconf 90' lang='lat' dir='ltr'><strong>nostris</strong></span> <span class='ocrx_word' id='word_1_697' title='bbox 2225 3860 2546 3916; x_wconf 89' lang='lat' dir='ltr'><strong>utilitatibus</strong></span> <span class='ocrx_word' id='word_1_698' title='bbox 2583 3858 2845 3924; x_wconf 82' lang='lat' dir='ltr'><strong>derogat;</strong></span> <span class='ocrx_word' id='word_1_699' title='bbox 2891 3849 3155 3918; x_wconf 85' lang='lat' dir='ltr'><strong>siquidem</strong></span> <span class='ocrx_word' id='word_1_700' title='bbox 3199 3845 3289 3913; x_wconf 91' lang='lat' dir='ltr'><strong>qui</strong></span> <span class='ocrx_word' id='word_1_701' title='bbox 3333 3856 3434 3895; x_wconf 90' lang='lat' dir='ltr'><strong>nos</strong></span> 
     </span>
    </p>
   </div>
   <div class='ocr_carea' id='block_1_95' title="bbox 1843 3932 3432 4030">
    <p class='ocr_par' dir='ltr' id='par_1_95' title="bbox 1843 3932 3432 4030">
     <span class='ocr_line' id='line_1_95' title="bbox 1843 3932 3432 4030; baseline -0.02 -14"><span class='ocrx_word' id='word_1_702' title='bbox 1843 3932 2244 4030; x_wconf 72' lang='lat' dir='ltr'><strong>simplicitatem</strong></span> <span class='ocrx_word' id='word_1_703' title='bbox 2275 3954 2476 4010; x_wconf 86' lang='lat' dir='ltr'><strong>habere</strong></span> <span class='ocrx_word' id='word_1_704' title='bbox 2509 3949 2717 4004; x_wconf 91' lang='lat' dir='ltr'><strong>monuit</strong></span> <span class='ocrx_word' id='word_1_705' title='bbox 2748 3940 3136 4010; x_wconf 78' lang='lat' dir='ltr'><strong>columbinum,</strong></span> <span class='ocrx_word' id='word_1_706' title='bbox 3167 3932 3432 4002; x_wconf 79' lang='lat' dir='ltr'><strong>serpenti—</strong></span> 
     </span>
    </p>
   </div>
   <div class='ocr_carea' id='block_1_96' title="bbox 1846 4031 3437 4111">
    <p class='ocr_par' dir='ltr' id='par_1_96' title="bbox 1846 4031 3437 4111">
     <span class='ocr_line' id='line_1_96' title="bbox 1846 4031 3437 4111; baseline -0.018 -1"><span class='ocrx_word' id='word_1_707' title='bbox 1846 4071 1970 4110; x_wconf 91' lang='lat' dir='ltr'><strong>nam</strong></span> <span class='ocrx_word' id='word_1_708' title='bbox 1997 4052 2252 4108; x_wconf 88' lang='lat' dir='ltr'><strong>astutiam</strong></span> <span class='ocrx_word' id='word_1_709' title='bbox 2281 4046 2568 4104; x_wconf 89' lang='lat' dir='ltr'><strong>tenendam</strong></span> <span class='ocrx_word' id='word_1_710' title='bbox 2599 4038 2859 4111; x_wconf 77' lang='lat' dir='ltr'><strong>prannisit</strong></span> <span class='ocrx_word' id='word_1_711' title='bbox 2884 4034 3098 4106; x_wconf 77' lang='lat' dir='ltr'><strong>(Matth.</strong></span> <span class='ocrx_word' id='word_1_712' title='bbox 3129 4047 3159 4084; x_wconf 70' lang='grc' dir='ltr'><strong>κ</strong></span> <span class='ocrx_word' id='word_1_713' title='bbox 3179 4073 3193 4094; x_wconf 85' lang='grc'><em>,</em></span> <span class='ocrx_word' id='word_1_714' title='bbox 3221 4031 3334 4094; x_wconf 76' lang='grc'><strong>16),</strong></span> <span class='ocrx_word' id='word_1_715' title='bbox 3365 4043 3437 4082; x_wconf 86' lang='lat' dir='ltr'><strong>ne</strong></span> 
     </span>
    </p>
   </div>
   <div class='ocr_carea' id='block_1_97' title="bbox 1845 4121 3432 4214">
    <p class='ocr_par' dir='ltr' id='par_1_97' title="bbox 1845 4121 3432 4214">
     <span class='ocr_line' id='line_1_97' title="bbox 1845 4121 3432 4214; baseline -0.018 -13"><span class='ocrx_word' id='word_1_716' title='bbox 1845 4146 2076 4214; x_wconf 88' lang='lat' dir='ltr'><strong>alicujus</strong></span> <span class='ocrx_word' id='word_1_717' title='bbox 2114 4144 2252 4196; x_wconf 67' lang='lat' dir='ltr'><strong>lictie</strong></span> <span class='ocrx_word' id='word_1_718' title='bbox 2287 4136 2538 4192; x_wconf 75' lang='lat' dir='ltr'><strong>amicitia:</strong></span> <span class='ocrx_word' id='word_1_719' title='bbox 2571 4131 2852 4187; x_wconf 85' lang='lat' dir='ltr'><strong>malefacta</strong></span> <span class='ocrx_word' id='word_1_720' title='bbox 2891 4125 3061 4197; x_wconf 80' lang='lat' dir='ltr'><strong>gratia</strong></span> <span class='ocrx_word' id='word_1_721' title='bbox 3102 4121 3326 4185; x_wconf 88' lang='lat' dir='ltr'><strong>illiciat,</strong></span> <span class='ocrx_word' id='word_1_722' title='bbox 3365 4133 3432 4173; x_wconf 87' lang='lat' dir='ltr'><strong>ne</strong></span> 
     </span>
    </p>
   </div>
   <div class='ocr_carea' id='block_1_98' title="bbox 1844 4210 3440 4292">
    <p class='ocr_par' dir='ltr' id='par_1_98' title="bbox 1844 4210 3440 4292">
     <span class='ocr_line' id='line_1_98' title="bbox 1844 4210 3440 4292; baseline -0.019 0"><span class='ocrx_word' id='word_1_723' title='bbox 1844 4245 2060 4292; x_wconf 84' lang='lat' dir='ltr'><strong>versuta</strong></span> <span class='ocrx_word' id='word_1_724' title='bbox 2098 4231 2365 4288; x_wconf 85' lang='lat' dir='ltr'><strong>calliditas</strong></span> <span class='ocrx_word' id='word_1_725' title='bbox 2393 4228 2711 4280; x_wconf 89' lang='lat' dir='ltr'><strong>innocentes</strong></span> <span class='ocrx_word' id='word_1_726' title='bbox 2752 4218 3044 4290; x_wconf 78' lang='lat' dir='ltr'><strong>Opprimat.</strong></span> <span class='ocrx_word' id='word_1_727' title='bbox 3077 4210 3344 4279; x_wconf 85' lang='lat' dir='ltr'><strong>Quoniam</strong></span> <span class='ocrx_word' id='word_1_728' title='bbox 3378 4210 3440 4262; x_wconf 80' lang='lat' dir='ltr'><strong>in-</strong></span> 
     </span>
    </p>
   </div>
   <div class='ocr_carea' id='block_1_99' title="bbox 1845 4299 3438 4384">
    <p class='ocr_par' dir='ltr' id='par_1_99' title="bbox 1845 4299 3438 4384">
     <span class='ocr_line' id='line_1_99' title="bbox 1845 4299 3438 4384; baseline -0.019 -1"><span class='ocrx_word' id='word_1_729' title='bbox 1845 4325 2087 4383; x_wconf 83' lang='lat' dir='ltr'><strong>Cantieis</strong></span> <span class='ocrx_word' id='word_1_730' title='bbox 2123 4319 2457 4378; x_wconf 87' lang='lat' dir='ltr'><strong>canticorum</strong></span> <span class='ocrx_word' id='word_1_731' title='bbox 2493 4310 2840 4384; x_wconf 56' lang='lat' dir='ltr'><strong>prmeipin’iur</strong></span> <span class='ocrx_word' id='word_1_732' title='bbox 2884 4319 3080 4374; x_wconf 87' lang='lat' dir='ltr'><strong>capere</strong></span> <span class='ocrx_word' id='word_1_733' title='bbox 3123 4299 3438 4369; x_wconf 86' lang='lat' dir='ltr'><strong>vulpeculas</strong></span> 
     </span>
    </p>
   </div>
   <div class='ocr_carea' id='block_1_100' title="bbox 1847 4389 3441 4491">
    <p class='ocr_par' dir='ltr' id='par_1_100' title="bbox 1847 4389 3441 4491">
     <span class='ocr_line' id='line_1_100' title="bbox 1847 4389 3441 4491; baseline -0.022 -16"><span class='ocrx_word' id='word_1_734' title='bbox 1847 4435 1968 4491; x_wconf 69' lang='lat' dir='ltr'><strong>qum</strong></span> <span class='ocrx_word' id='word_1_735' title='bbox 1994 4414 2359 4471; x_wconf 89' lang='lat' dir='ltr'><strong>demoliuntnr</strong></span> <span class='ocrx_word' id='word_1_736' title='bbox 2384 4408 2572 4462; x_wconf 89' lang='lat' dir='ltr'><strong>vineas</strong></span> <span class='ocrx_word' id='word_1_737' title='bbox 2601 4423 2613 4458; x_wconf 94' lang='lat'><strong>:</strong></span> <span class='ocrx_word' id='word_1_738' title='bbox 2647 4419 2770 4458; x_wconf 89' lang='lat' dir='ltr'><strong>nam</strong></span> <span class='ocrx_word' id='word_1_739' title='bbox 2805 4399 2962 4453; x_wconf 86' lang='lat' dir='ltr'><strong>flores</strong></span> <span class='ocrx_word' id='word_1_740' title='bbox 2989 4409 3205 4465; x_wconf 78' lang='lat' dir='ltr'><strong>apparo.</strong></span> <span class='ocrx_word' id='word_1_741' title='bbox 3230 4399 3352 4443; x_wconf 91' lang='lat' dir='ltr'><strong>runt</strong></span> <span class='ocrx_word' id='word_1_742' title='bbox 3382 4389 3441 4440; x_wconf 82' lang='lat' dir='ltr'><strong>in</strong></span> 
     </span>
    </p>
   </div>
   <div class='ocr_carea' id='block_1_101' title="bbox 1851 4481 3436 4576">
    <p class='ocr_par' dir='ltr' id='par_1_101' title="bbox 1851 4481 3436 4576">
     <span class='ocr_line' id='line_1_101' title="bbox 1851 4481 3436 4576; baseline -0.022 -9"><span class='ocrx_word' id='word_1_743' title='bbox 1851 4481 1992 4568; x_wconf 73' lang='lat' dir='ltr'><strong>terra</strong></span> <span class='ocrx_word' id='word_1_744' title='bbox 2015 4520 2194 4564; x_wconf 88' lang='lat' dir='ltr'><strong>nostra</strong></span> <span class='ocrx_word' id='word_1_745' title='bbox 2226 4503 2400 4576; x_wconf 82' lang='lat' dir='ltr'><strong>(Cant.</strong></span> <span class='ocrx_word' id='word_1_746' title='bbox 2429 4516 2466 4555; x_wconf 93' lang='grc' dir='ltr'><strong>ιι</strong></span> <span class='ocrx_word' id='word_1_747' title='bbox 2484 4542 2498 4562; x_wconf 86' lang='grc'><em>,</em></span> <span class='ocrx_word' id='word_1_748' title='bbox 2525 4497 2848 4567; x_wconf 67' lang='grc' dir='ltr'>13),ὀὶινὶιιιι;</span> <span class='ocrx_word' id='word_1_749' title='bbox 2871 4490 3056 4561; x_wconf 80' lang='lat' dir='ltr'><strong>gratiae</strong></span> <span class='ocrx_word' id='word_1_750' title='bbox 3083 4481 3436 4556; x_wconf 65' lang='lat' dir='ltr'><strong>prterogativa</strong></span> 
     </span>
    </p>
   </div>
   <div class='ocr_carea' id='block_1_102' title="bbox 1849 4569 3440 4674">
    <p class='ocr_par' dir='ltr' id='par_1_102' title="bbox 1849 4569 3440 4674">
     <span class='ocr_line' id='line_1_102' title="bbox 1849 4569 3440 4674; baseline -0.024 -16"><span class='ocrx_word' id='word_1_751' title='bbox 1849 4603 2046 4674; x_wconf 85' lang='lat' dir='ltr'><strong>quibus</strong></span> <span class='ocrx_word' id='word_1_752' title='bbox 2074 4569 2365 4658; x_wconf 75' lang='lat' dir='ltr'><strong>nutriatur,</strong></span> <span class='ocrx_word' id='word_1_753' title='bbox 2411 4589 2556 4646; x_wconf 88' lang='lat' dir='ltr'><strong>velut</strong></span> <span class='ocrx_word' id='word_1_754' title='bbox 2605 4585 2800 4642; x_wconf 66' lang='lat' dir='ltr'><strong>haeduli</strong></span> <span class='ocrx_word' id='word_1_755' title='bbox 2834 4581 2925 4652; x_wconf 89' lang='lat' dir='ltr'><strong>qui</strong></span> <span class='ocrx_word' id='word_1_756' title='bbox 2968 4584 3259 4648; x_wconf 89' lang='lat' dir='ltr'><strong>pascuntur</strong></span> <span class='ocrx_word' id='word_1_757' title='bbox 3289 4572 3342 4625; x_wconf 94' lang='lat' dir='ltr'><strong>in</strong></span> <span class='ocrx_word' id='word_1_758' title='bbox 3374 4569 3440 4622; x_wconf 48' lang='lat' dir='ltr'><strong>li.</strong></span> 
     </span>
    </p>
   </div>
   <div class='ocr_carea' id='block_1_103' title="bbox 1851 4665 3438 4765">
    <p class='ocr_par' dir='ltr' id='par_1_103' title="bbox 1851 4665 3438 4765">
     <span class='ocr_line' id='line_1_103' title="bbox 1851 4665 3438 4765; baseline -0.022 -13"><span class='ocrx_word' id='word_1_759' title='bbox 1851 4665 1938 4753; x_wconf 84' lang='lat' dir='ltr'><strong>liis</strong></span> <span class='ocrx_word' id='word_1_760' title='bbox 1981 4694 2048 4765; x_wconf 85' lang='grc'><strong>(1</strong></span> <span class='ocrx_word' id='word_1_761' title='bbox 2086 4693 2248 4754; x_wconf 84' lang='lat' dir='ltr'><strong>ibid.,</strong></span> <span class='ocrx_word' id='word_1_762' title='bbox 2301 4689 2440 4757; x_wconf 78' lang='lat'><strong>16),</strong></span> <span class='ocrx_word' id='word_1_763' title='bbox 2500 4691 2843 4754; x_wconf 88' lang='lat' dir='ltr'><strong>peccatorum</strong></span> <span class='ocrx_word' id='word_1_764' title='bbox 2887 4684 3194 4730; x_wconf 90' lang='lat' dir='ltr'><strong>nostrormn</strong></span> <span class='ocrx_word' id='word_1_765' title='bbox 3234 4665 3438 4722; x_wconf 88' lang='lat' dir='ltr'><strong>conscii</strong></span> 
     </span>
    </p>
   </div>
   <div class='ocr_carea' id='block_1_104' title="bbox 1849 4761 3442 4858">
    <p class='ocr_par' dir='ltr' id='par_1_104' title="bbox 1849 4761 3442 4858">
     <span class='ocr_line' id='line_1_104' title="bbox 1849 4761 3442 4858; baseline -0.021 -10"><span class='ocrx_word' id='word_1_766' title='bbox 1849 4792 1948 4848; x_wconf 89' lang='lat' dir='ltr'><strong>sub</strong></span> <span class='ocrx_word' id='word_1_767' title='bbox 1993 4786 2301 4858; x_wconf 83' lang='lat' dir='ltr'><strong>magisterio</strong></span> <span class='ocrx_word' id='word_1_768' title='bbox 2329 4795 2384 4839; x_wconf 93' lang='lat' dir='ltr'><strong>et</strong></span> <span class='ocrx_word' id='word_1_769' title='bbox 2415 4780 2600 4852; x_wconf 80' lang='lat' dir='ltr'><strong>regula</strong></span> <span class='ocrx_word' id='word_1_770' title='bbox 2647 4773 2969 4849; x_wconf 77' lang='lat' dir='ltr'><strong>legislatoris</strong></span> <span class='ocrx_word' id='word_1_771' title='bbox 3010 4765 3313 4828; x_wconf 83' lang='lat' dir='ltr'><strong>Benedicti;</strong></span> <span class='ocrx_word' id='word_1_772' title='bbox 3347 4761 3442 4831; x_wconf 86' lang='lat' dir='ltr'><strong>qui</strong></span> 
     </span>
    </p>
   </div>
   <div class='ocr_carea' id='block_1_105' title="bbox 1853 4852 3444 4950">
    <p class='ocr_par' dir='ltr' id='par_1_105' title="bbox 1853 4852 3444 4950">
     <span class='ocr_line' id='line_1_105' title="bbox 1853 4852 3444 4950; baseline -0.02 -12"><span class='ocrx_word' id='word_1_773' title='bbox 1853 4884 2014 4938; x_wconf 85' lang='lat' dir='ltr'><strong>etiam</strong></span> <span class='ocrx_word' id='word_1_774' title='bbox 2064 4877 2493 4950; x_wconf 76' lang='lat' dir='ltr'><strong>iiigetniscimus.</strong></span> <span class='ocrx_word' id='word_1_775' title='bbox 2524 4871 2781 4941; x_wconf 89' lang='lat' dir='ltr'><strong>quoniam</strong></span> <span class='ocrx_word' id='word_1_776' title='bbox 2817 4878 3004 4921; x_wconf 88' lang='lat' dir='ltr'><strong>eorum</strong></span> <span class='ocrx_word' id='word_1_777' title='bbox 3040 4859 3244 4916; x_wconf 85' lang='lat' dir='ltr'><strong>ferinos</strong></span> <span class='ocrx_word' id='word_1_778' title='bbox 3275 4852 3444 4907; x_wconf 85' lang='lat' dir='ltr'><strong>rictus</strong></span> 
     </span>
    </p>
   </div>
   <div class='ocr_carea' id='block_1_106' title="bbox 1857 4948 3450 5043">
    <p class='ocr_par' dir='ltr' id='par_1_106' title="bbox 1857 4948 3450 5043">
     <span class='ocr_line' id='line_1_106' title="bbox 1857 4948 3450 5043; baseline -0.02 -18"><span class='ocrx_word' id='word_1_779' title='bbox 1857 4973 2112 5043; x_wconf 89' lang='lat' dir='ltr'><strong>patimur,</strong></span> <span class='ocrx_word' id='word_1_780' title='bbox 2149 4984 2286 5040; x_wconf 89' lang='lat' dir='ltr'><strong>quos</strong></span> <span class='ocrx_word' id='word_1_781' title='bbox 2316 4967 2384 5022; x_wconf 88' lang='lat' dir='ltr'><strong>ab</strong></span> <span class='ocrx_word' id='word_1_782' title='bbox 2427 4963 2547 5019; x_wconf 89' lang='lat' dir='ltr'><strong>aliis</strong></span> <span class='ocrx_word' id='word_1_783' title='bbox 2575 4977 2768 5031; x_wconf 81' lang='lat' dir='ltr'><strong>passos</strong></span> <span class='ocrx_word' id='word_1_784' title='bbox 2804 4956 3051 5026; x_wconf 78' lang='lat' dir='ltr'><strong>graviora</strong></span> <span class='ocrx_word' id='word_1_785' title='bbox 3097 4966 3198 5005; x_wconf 91' lang='lat' dir='ltr'><strong>non</strong></span> <span class='ocrx_word' id='word_1_786' title='bbox 3231 4948 3450 5015; x_wconf 79' lang='lat' dir='ltr'><strong>ignora-</strong></span> 
     </span>
    </p>
   </div>
   <div class='ocr_carea' id='block_1_107' title="bbox 1859 5035 3453 5117">
    <p class='ocr_par' dir='ltr' id='par_1_107' title="bbox 1859 5035 3453 5117">
     <span class='ocr_line' id='line_1_107' title="bbox 1859 5035 3453 5117; baseline -0.018 0"><span class='ocrx_word' id='word_1_787' title='bbox 1859 5079 1978 5117; x_wconf 90' lang='lat' dir='ltr'><strong>mus</strong></span> <span class='ocrx_word' id='word_1_788' title='bbox 2011 5080 2024 5116; x_wconf 90' lang='lat'><strong>:</strong></span> <span class='ocrx_word' id='word_1_789' title='bbox 2058 5075 2156 5115; x_wconf 91' lang='lat' dir='ltr'><strong>nec</strong></span> <span class='ocrx_word' id='word_1_790' title='bbox 2187 5061 2238 5113; x_wconf 90' lang='lat' dir='ltr'><strong>in</strong></span> <span class='ocrx_word' id='word_1_791' title='bbox 2277 5073 2373 5113; x_wconf 87' lang='lat' dir='ltr'><strong>eos</strong></span> <span class='ocrx_word' id='word_1_792' title='bbox 2403 5054 2603 5108; x_wconf 88' lang='lat' dir='ltr'><strong>audent</strong></span> <span class='ocrx_word' id='word_1_793' title='bbox 2641 5061 2962 5117; x_wconf 87' lang='lat' dir='ltr'><strong>retorquere</strong></span> <span class='ocrx_word' id='word_1_794' title='bbox 2991 5044 3283 5096; x_wconf 81' lang='lat' dir='ltr'><strong>vindictam</strong></span> <span class='ocrx_word' id='word_1_795' title='bbox 3310 5074 3326 5099; x_wconf 93' lang='lat'><strong>,</strong></span> <span class='ocrx_word' id='word_1_796' title='bbox 3353 5035 3453 5088; x_wconf 83' lang='lat' dir='ltr'><strong>sed</strong></span> 
     </span>
    </p>
   </div>
   <div class='ocr_carea' id='block_1_108' title="bbox 1857 5125 3528 5218">
    <p class='ocr_par' dir='ltr' id='par_1_108' title="bbox 1857 5125 3528 5218">
     <span class='ocr_line' id='line_1_108' title="bbox 1857 5125 3528 5218; baseline -0.017 -9"><span class='ocrx_word' id='word_1_797' title='bbox 1857 5155 1910 5210; x_wconf 89' lang='lat' dir='ltr'><strong>in</strong></span> <span class='ocrx_word' id='word_1_798' title='bbox 1963 5169 2061 5208; x_wconf 88' lang='lat' dir='ltr'><strong>nos</strong></span> <span class='ocrx_word' id='word_1_799' title='bbox 2109 5153 2359 5206; x_wconf 90' lang='lat' dir='ltr'><strong>minimos</strong></span> <span class='ocrx_word' id='word_1_800' title='bbox 2408 5156 2763 5218; x_wconf 90' lang='lat' dir='ltr'><strong>nostramque</strong></span> <span class='ocrx_word' id='word_1_801' title='bbox 2817 5137 3184 5195; x_wconf 87' lang='lat' dir='ltr'><strong>innocentiam</strong></span> <span class='ocrx_word' id='word_1_802' title='bbox 3238 5134 3460 5183; x_wconf 76' lang='lat' dir='ltr'><strong>movent</strong></span> <span class='ocrx_word' id='word_1_803' title='bbox 3525 5125 3528 5128; x_wconf 73' lang='grc'><em>’</em></span> 
     </span>
    </p>
   </div>
   <div class='ocr_carea' id='block_1_109' title="bbox 1859 5232 2977 5318">
    <p class='ocr_par' dir='ltr' id='par_1_109' title="bbox 1859 5232 2977 5318">
     <span class='ocr_line' id='line_1_109' title="bbox 1859 5232 2977 5318; baseline -0.016 -18"><span class='ocrx_word' id='word_1_804' title='bbox 1859 5246 2314 5318; x_wconf 86' lang='lat' dir='ltr'><strong>persecutionem,</strong></span> <span class='ocrx_word' id='word_1_805' title='bbox 2341 5244 2495 5312; x_wconf 76' lang='lat' dir='ltr'><strong>juxta</strong></span> <span class='ocrx_word' id='word_1_806' title='bbox 2529 5241 2667 5298; x_wconf 86' lang='lat' dir='ltr'><strong>illud</strong></span> <span class='ocrx_word' id='word_1_807' title='bbox 2701 5232 2938 5297; x_wconf 85' lang='lat' dir='ltr'><strong>Maronis</strong></span> <span class='ocrx_word' id='word_1_808' title='bbox 2964 5246 2977 5282; x_wconf 89' lang='lat'><strong>:</strong></span> 
     </span>
    </p>
   </div>
   <div class='ocr_carea' id='block_1_110' title="bbox 1923 5362 3294 5412">
    <p class='ocr_par' dir='ltr' id='par_1_110' title="bbox 1923 5362 3294 5412">
     <span class='ocr_line' id='line_1_110' title="bbox 1923 5362 3294 5412; baseline 0 0"><span class='ocrx_word' id='word_1_809' title='bbox 1923 5382 2078 5412; x_wconf 72' lang='lat' dir='ltr'><strong>Tnnm</strong></span> <span class='ocrx_word' id='word_1_810' title='bbox 2103 5381 2221 5412; x_wconf 71' lang='grc' dir='ltr'>Ιιῐιηοι</span> <span class='ocrx_word' id='word_1_811' title='bbox 2251 5381 2412 5412; x_wconf 71' lang='grc' dir='ltr'><strong>Ιηηιιηῒ</strong></span> <span class='ocrx_word' id='word_1_812' title='bbox 2438 5378 2671 5412; x_wconf 71' lang='lat' dir='ltr'><strong>enauit-u-</strong></span> <span class='ocrx_word' id='word_1_813' title='bbox 2719 5378 2867 5412; x_wconf 82' lang='lat' dir='ltr'><strong>IunttS</strong></span> <span class='ocrx_word' id='word_1_814' title='bbox 2893 5367 2998 5412; x_wconf 77' lang='lat' dir='ltr'><strong>inse</strong></span> <span class='ocrx_word' id='word_1_815' title='bbox 3022 5362 3294 5412; x_wconf 64' lang='grc' dir='ltr'>επιιωιὶιῐπ.</span> 
     </span>
    </p>
   </div>
  </div>
