3944 5414
471 380 580 440 4ιῖ

1461 381 1530 451 's.’
1557 393 1846 453 ABBONIS
1879 385 2169 458 AB’BATIS
2205 398 2698 461 FLORIACENSlS

3617 409 3714 466 ut

475 496 552 551 Ne
581 495 876 570 indigneris
897 501 1038 570 quod
1069 509 1121 556 te
1148 500 1365 574 capella:
1396 503 1624 562 similem
1653 506 1902 590 dixerim,
1932 524 2050 580 qua:
2083 521 2124 575 Α
2157 526 2257 569 nus
2274 515 2486 570 atillam
2509 517 2761 587 deinceps
2786 518 2836 571 in
2866 517 2944 572 eis
2970 503 3281 582 clerici,'vel
3308 520 3344 576 ii
3372 521 3463 590 qui
3495 522 3548 577 in
3575 537 3720 582 sacro

476 590 601 659 lupo
630 605 1010 661 nonnunquam
1043 595 1299 650 obediens
1331 611 1662 663 murmurat,
1708 610 1764 655 et
1807 589 2055 658 flebiliter

477 682 748 736 balatibus
773 699 923 738 suam
952 701 1245 741 aerumnam
1283 687 1532 756 eiulando
1568 697 1932 762 conqueritur.
1974 698 2052 753 Tu

409 765 422 842 ξ
477 786 718 841 quoque,
767 773 891 842 quia
941 777 1149 845 cogeris
1185 778 1358 832 dulcia
1406 797 1533 836 arva
1570 785 1840 854 perdendo
1888 789 2053 843 relin-

475 879 640 932 quere
679 865 880 935 (thc.,
914 865 1028 922 Ecl.
1068 885 1118 935 ι,
1167 869 1224 940 3)
1255 872 1320 926 de
1355 873 1686 943 impatientia
1718 877 2055 950 blasphema-

478 957 582 1016 ris,
617 955 682 1009 de
717 955 1085 1015 taciturnitate
1115 962 1544 1030 reprehenderis.
1581 965 1686 1022 Sed
1729 967 1924 1037 capella
1958 969 2056 1023 ali-

473 1045 690 1110 quando
731 1045 1046 1116 lacrymosis
1073 1054 1353 1120 questibus
1391 1056 1456 1110 de
1501 1055 1630 1126 ipsis
1667 1056 1910 1115 faucibus
1945 1061 2051 1132 lupi

473 1133 720 1202 eripitur,
765 1140 991 1194 tacendo
1020 1154 1150 1194 vero
1184 1143 1249 1197 ad
1285 1155 1511 1201 mortem
1547 1160 1785 1217 praeceps
1825 1153 2052 1222 rapitur.

475 1223 750 1293 Siquidem
785 1229 945 1297 igitur
975 1241 1147 1300 potes,
1180 1231 1419 1302 enitere,
1467 1239 1620 1294 malis
1650 1242 1862 1308 resiste,
1893 1243 2051 1298 Chri-

471 1309 704 1370 SIiauum
752 1321 982 1376 maxime
1021 1323 1362 1395 episcopum,
1407 1326 1530 1400 quia
1575 1330 1916 1390 Christianus
1959 1351 2049 1399 es,

475 1405 528 1460 in
561 1416 614 1462 te
648 1423 875 1477 peccare
905 1412 1010 1467 noli
1043 1417 1357 1483 permittere
1391 1437 1404 1473 :
1437 1421 1483 1474 ei
1527 1419 1748 1477 alteram
1780 1426 2052 1482 maxillam

471 1510 575 1549 non
616 1497 886 1566 praebeas,
917 1501 1133 1558 auferre
1161 1505 1359 1562 volenti
1393 1510 1630 1566 tunicam
1669 1529 1772 1568 non
1814 1515 2054 1573 dimittas

471 1583 688 1676 (-Mauh.
730 1603 782 1652 v,
817 1591 907 1653 59,
940 1591 1063 1658 40),
1111 1610 1179 1651 ne
1223 1605 1311 1652 tua
1353 1601 1609 1668 patientia
1657 1603 1799 1658 illam
1832 1608 2050 1676 perdas.

471 1672 778 1730 Recordare
807 1683 1074 1748 proverbii
1105 1686 1248 1752 quod
1278 1688 1538 1758 scriptum
1566 1701 1648 1747 est
1682 1710 1694 1745 :
1729 1672 1873 1748 Malo
1901 1696 2056 1750 arbo-

472 1766 543 1819 ris
571 1769 708 1823 nodo
739 1771 909 1825 "talus
936 1791 1128 1830 cuneus
1161 1781 1472 1848 quwrendtts
1500 1791 1592 1836 est.

2154 614 2278 659 sunt
2313 607 2500 661 ordine
2537 607 2834 669 constituti,
2870 606 2939 662 ob
2972 608 3114 663 aliud
3140 611 3374 666 habeant
3411 611 3512 666 nisi
3543 615 3720 670 orandi

2156 695 2528 749 tantummodo
2554 711 2716 750 causa
2745 698 3030 753 accedendi
3061 699 3331 754 licentiam
3352 741 3367 766 ,
3401 709 3495 756 aut
3522 703 3566 756 si
3596 703 3751 763 forte;

2154 786 2220 837 ad
2241 787 2540 855 peragenda
2565 800 2720 840 sacra
2743 787 3027 842 missarum
3053 787 3271 844 fuerunt
3295 791 3506 845 invitati
3537 798 3746 868 myste-f

2157 874 2252 927 ria.
2288 871 2393 928 Sed
2438 889 2504 929 ne
2544 874 2626 929 vel
2665 891 2762 946 per
2789 877 3072 946 cujuslibet
3110 879 3359 933 monachi
3402 888 3498 933 aut
3528 871 3744 937 abbatis

2154 964 2573 1034 promotionem,
2601 981 2738 1022 onus
2767 966 2982 1037 aliquod
3012 967 3240 1024 fortasse
3265 970 3592 1034 sustineant,
3623 981 3730 1025 stu-

2155 1056 2388 1112 dendum
2417 1055 2575 1113 nobis
2610 1066 2795 1125 estut,
2823 1059 2869 1113 si
2898 1061 3167 1130 quispiam
3202 1062 3457 1116 abbatum
3506 1071 3598 1117 aut
3623 1069 3753 1127 mcx'

2154 1148 2450 1204 nachorum
2491 1164 2558 1205 ex
2605 1165 2927 1221 quocunque
2971 1153 3301 1208 monasterio
3339 1153 3406 1207 ad
3451 1151 3727 1208 clericatus

2153 1235 2384 1293 alliciam
2429 1238 2515 1293 vel
2551 1241 2793 1296 ordinem
2837 1257 3049 1296 sacrum
3095 1243 3425 1308 accesserit,
3475 1258 3582 1297 non
3630 1241 3727 1297 illic

2155 1328 2388 1400 aliquam
2426 1329 2642 1396 habeat,
2671 1339 2728 1385 ut
2759 1332 3009 1396 diximus,
3037 1329 3264 1389 ulterius
3293 1342 3636 1404 potestatem,
3665 1349 3728 1390 ne

2155 1419 2483 1474 monasteria
2515 1417 2673 1490 hujus
2697 1421 2998 1477 occasionis
3026 1421 3293 1476 velamine
3314 1438 3376 1478 ea
3402 1438 3522 1491 qua:
3550 1424 3729 1491 prohi-

2154 1509 2342 1565 benms
2393 1510 2660 1566 sustinere
2701 1527 2864 1566 onera
2916 1513 3324 1582 compellantur.
3376 1512 3504 1570 Hme
3558 1515 3733 1584 itaque

2154 1601 2335 1654 omnia
2363 1600 2604 1672 vigilanti
2631 1617 2758 1656 cura
2786 1604 3075 1658 emendare
3094 1604 3203 1674 jam
3232 1605 3470 1661 secundo
3498 1618 3733 1660 commo-

2155 1692 2269 1746 nita
2306 1692 2567 1746 sanctitas
2609 1701 2784 1747 vestra
2837 1707 2942 1746 non
2987 1692 3230 1759 differat,
3263 1708 3329 1748 ne
3377 1695 3424 1748 si
3470 1703 3587 1764 post
3635 1693 3733 1749 hoc

2158 1782 2487 1850 negligentes
2528 1799 2625 1838 vos
2654 1799 2772 1840 esse
2795 1824 2809 1846 ,
2839 1785 2982 1854 quod
3019 1801 3123 1839 non
3163 1787 3460 1850 credimus,
3511 1783 3738 1840 senseri-

549 1857 660 1914 Nee
695 1861 748 1916 id
787 1865 908 1918 dico
941 1869 1016 1920 uti
1048 1870 1326 1926 nonachus
1360 1883 1547 1929 contra
1581 1883 1726 1932 mam
1758 1879 2052 1948 professio-
2086 1869 2131 1929 Β
2160 1889 2310 1936 mus,
2353 1873 2510 1929 aliter
2551 1875 3004 1928 monasteriorum
3044 1875 3208 1944 quieti
3242 1875 3552 1946 prospicere
3593 1889 3736 1929 com-

473 1963 596 2003 nem
630 1950 681 2005 in
724 1952 957 2024 aliquem
990 1958 1240 2014 manibus
1268 1963 1526 2027 excedas,
1563 1967 1656 2020 sed
1687 1978 1738 2021 ut
1769 1968 1944 2038 gladio
1971 1971 2057 2024 di-

470 2037 579 2091 vini
628 2041 777 2094 verbi
827 2043 1159 2116 inferiusque
1199 2050 1426 2118 prolatis
1471 2037 1789 2111 sanctorum
1831 2057 2051 2114 Patrum

469 2132 756 2186 sententiis
783 2147 904 2188 cum
942 2138 1258 2195 confodiens
1291 2143 1550 2215 corrigas,
1582 2147 1709 2216 qui,
1738 2147 2056 2206 Christianae

469 2219 818 2288 professionis
850 2225 1154 2295 immemor,
1196 2232 1388 2303 satagit
1426 2249 1547 2290 esse
1583 2251 1763 2292 rerum
1792 2249 2055 2307 extortor,

470 2310 756 2384 legumque
797 2327 1094 2386 contortor,
1131 2323 1258 2380 dum
1298 2325 1674 2386 fundatoribus
1705 2334 2055 2392 ecclesiarum

470 2415 565 2459 aut
593 2407 898 2465 haeredibus
925 2427 1112 2468 eorum
1143 2416 1335 2472 nititur
1367 2419 1580 2475 auferre
1618 2425 1760 2493 quod
1787 2425 1866 2480 eis
1903 2442 2056 2483 como

468 2496 634 2564 petit;
667 2509 722 2554 et
753 2498 826 2556 ita
859 2511 1003 2558 tuam
1031 2504 1254 2577 ejusque
1282 2509 1518 2565 animam
1553 2513 2055 2584 salvansvsalvabis.

467 2586 760 2658 Gregorius
802 2592 1026 2665 Magnus
1055 2613 1190 2668 papa
1219 2601 1486 2672 episcopis
1520 2611 1574 2658 et
1600 2605 1814 2661 clericis
1843 2609 1908 2662 ad
1941 2625 2056 2664 mo-

469 2682 833 2737 nasteriorum
876 2685 1295 2745 dominationem
1336 2695 1621 2751 occasione
1655 2699 1930 2768 regimiuis
1957 2701 2057 2755 im-

468 2779 698 2839 portune
741 2777 1083 2835 tendentibus
1123 2783 1327 2840 resistit
1359 2786 1410 2840 in
1457 2788 1638 2844 multis
1674 2792 1935 2860 epistolis.
1979 2794 2056 2850 De

466 2875 571 2929 qua
607 2878 662 2917 re
689 2863 883 2920 Joanni
925 2867 1221 2927 Ravennati
1267 2877 1522 2947 episcopo
1570 2881 1813 2936 scribens
1857 2883 2051 2954 (Epist.

467 2967 541 3016 tv,
575 2955 650 3024 l),
687 2957 764 3012 ait
796 2977 808 3012 :
847 2979 865 3010 ι
897 2960 1150 3019 Pervenit
1179 2967 1244 3020 ad
1289 2983 1372 3023 me
1399 2972 1540 3039 quod
1575 2971 1628 3026 in
1676 2974 1920 3029 ecclesiis
1950 2975 2056 3030 fra-

469 3044 741 3102 ternitatis
770 3056 872 3104 tute
896 3051 1074 3122 aliqua
1107 3054 1220 3109 loca
1253 3057 1451 3113 dudum
1481 3066 1824 3119 monasteriis
1864 3082 2050 3122 conse-

468 3142 619 3188 crata
639 3176 654 3198 ,
699 3153 842 3195 nunc
871 3141 1178 3199 habitacula
1203 3146 1524 3206 clericorum
1570 3162 1660 3206 aut
1689 3156 1850 3210 etiam
1889 3156 2054 3214 laico-

2155 1965 2436 2035 pellantur.
2461 1965 2593 2020 Nam
2619 1974 2798 2020 uotum
2831 1966 2984 2021 vobis
3005 1968 3075 2021 sit
3095 1968 3218 2038 quia
3246 1976 3408 2022 tanta:
3428 1966 3734 2023 necessitati

2158 2069 2436 2110 servorum
2463 2055 2554 2110 Dei
2582 2058 3051 2127 congregationem
3074 2057 3304 2128 amplius
3323 2058 3606 2130 subjacere
3631 2072 3735 2112 non

2157 2145 2412 2214 patimur.
2447 2164 2466 2198 ι

2237 2237 2310 2291 De
2347 2236 2539 2307 injusta
2585 2237 3142 2294 exeommunicatione
3177 2237 3434 2308 episcopi,
3480 2235 3742 2292 Januario

2157 2343 2370 2398 quoque
2397 2327 2708 2383 Karalitano
2735 2328 2846 2399 (26)
2879 2329 3159 2400 episcopo,
3185 2338 3306 2400 post
3336 2329 3517 2400 aliqua
3548 2329 3740 2383 ser-ibit

2157 2417 2344 2473 dicens
2374 2417 2498 2485 (ln.,
2526 2418 2655 2485 ibid,
2699 2435 2759 2479 ιι,
2789 2417 2879 2476 54)
2916 2437 2928 2472 :
2978 2437 2996 2470 ι
3030 2418 3176 2473 Inter
3203 2418 3453 2488 querelas
3479 2419 3739 2488 multipli-

2157 2522 2266 2572 ces,
2293 2507 2527 2563 Isidorus
2549 2508 2631 2562 vir
2643 2508 2976 2563 clarissimus
2998 2523 3027 2562 a
3058 2507 3402 2562 fraternitate
3427 2516 3515 2561 tua
3538 2505 3739 2561 frustra

2156 2615 2217 2654 se
2259 2599 2782 2654 excotnmunicatum
2823 2599 3453 2667 anathematizatnmque
3493 2611 3737 2665 canque-

2155 2701 2272 2746 stus
2303 2699 2416 2752 est;
2465 2689 2608 2759 quod
2653 2689 3000 2759 quamobrem
3051 2687 3251 2742 factum
3299 2687 3480 2753 fuerit,
3524 2687 3650 2741 dum
3705 2701 3737 2740 a

2154 2780 2349 2835 clerico
2381 2787 2470 2834 tuo
2498 2779 2588 2848 qui
2625 2794 2863 2850 praesens
2893 2789 3011 2834 erat
3042 2779 3400 2834 voluissemus
3427 2778 3734 2842 addiscere,

2154 2884 2252 2938 pro
2292 2869 2432 2924 nulla
2463 2869 2568 2923 alia
2594 2883 2774 2932 causa,
2804 2869 2903 2924 nisi
2927 2884 3024 2937 pro
3045 2884 3110 2923 eo
3137 2869 3278 2938 quod
3305 2878 3355 2924 te
3378 2867 3737 2937 injur'averat

2155 2961 2352 3015 factum
2391 2961 2641 3016 innotuit.
2683 2961 2812 3027 Qum
2855 2977 2940 3016 res
2983 2977 3082 3016 nos
3127 2961 3478 3016 vehementer
3519 2959 3736 3022 amisit,

2153 3052 2298 3120 quia,
2338 3053 2382 3106 si
2426 3053 2497 3106 ita
2533 3060 2636 3117 est,
2681 3051 2753 3105 nil
2796 3060 2848 3106 te
2876 3051 3121 3105 ostendis
3153 3051 3219 3106 de
3249 3050 3565 3106 ctelestibus
3589 3055 3740 3121 cOgi-

2155 3155 2292 3210 tare,
2322 3145 2413 3200 sed
2456 3155 2724 3200 terrenam
2760 3153 2810 3198 te
2837 3144 3300 3198 conversationem
3340 3143 3541 3198 habere
3569 3144 3740 3215 signi-

469 3241 586 3279 rtlm
631 3227 771 3284 facta
808 3241 961 3296 sunt,
999 3234 1234 3307 dumque
1272 3240 1323 3294 hi
1353 3281 1367 3305 ,
1395 3243 1484 3312 qui
1513 3254 1640 3300 sum
1682 3247 1732 3300 in
1765 3248 2009 3305 ccclesiis
2033 3293 2047 3316 ν
2075 3234 2122 3298 C
2154 3235 2307 3301 fleas,
2331 3237 2455 3290 dum
2483 3250 2579 3306 pro
2606 3235 2842 3290 vindicta
2867 3236 3098 3304 propriae
3124 3233 3358 3304 injurias,
3384 3234 3528 3303 quod
3561 3236 3737 3288 sacris

469 3313 679 3385 tingunt.
728 3334 786 3374 se
839 3322 1090 3393 religiose
1144 3327 1367 3395 vivere,
1420 3337 1763 3391 monasteriis
1814 3342 2050 3411 przrpoui

468 3417 760 3474 appetunt,
788 3419 842 3465 et
874 3427 970 3482 per
993 3429 1180 3470 eorum
1209 3418 1372 3474 vitam
1419 3427 1741 3481 monasteria
1769 3429 2054 3486 destruun-

471 3505 578 3592 tur.
633 3497 799 3556 Nemo
844 3505 989 3559 enim
1038 3517 1210 3577 potest
1250 3520 1304 3566 et
1352 3513 1734 3572 ecclesiasticis
1780 3520 2054 3592 obsequiis

470 3587 782 3657 deservire,
824 3601 881 3648 et
922 3595 974 3649 in
1018 3599 1332 3655 monachica
1367 3605 1548 3674 regula
1597 3607 1846 3666 ordinate
1887 3587 2058 3682 persio

470 3688 646 3746 atere,
691 3693 749 3739 ut
777 3685 891 3757 ipse
931 3689 1323 3749 districtionem
1364 3700 1676 3756 monasterii
1709 3710 1923 3769 teneat,
1961 3706 2052 3777 qui

470 3774 713 3842 quotidie
748 3779 803 3834 in
841 3781 1146 3839 ministerio
1180 3787 1548 3847 ecclesiastico
1592 3796 1805 3865 cogitur
1839 3774 2054 3868 perma-

472 3881 620 3921 nere.
664 3865 894 3926 Proinde
942 3872 1256 3932 fraternitas
1284 3888 1374 3934 tua
1421 3880 1521 3936 hoc
1568 3885 1807 3953 quolibet
1837 3865 1889 3942 in
1939 3888 2057 3944 loco

471 3955 671 4010 factum
721 3959 1011 4015 emendare
1059 3961 1321 4032 festinet,
1373 3971 1498 4039 quia
1544 3987 1645 4041 ego
1698 3974 1844 4030 nullo
1895 3992 1984 4032 mo
2007 3978 2056 4033 ῗο

470 4045 650 4114 patiar
692 4047 805 4103 loca
852 4066 1006 4107 sacra
1053 4058 1437 4115 monachorum
1485 4071 1544 4118 ut
1593 4080 1690 4134 per
1731 4067 2054 4124 clericorum

473 4136 734 4193 ambitum
761 4140 1131 4199 destruantur.
1167 4166 1185 4199 ι
1218 4149 1347 4204 Item
1375 4149 1615 4209 Mariano
1643 4155 1909 4213 Ravenna:
1933 4160 2060 4231 Epi-

473 4241 635 4297 scopo
665 4229 784 4298 (ln.,
825 4233 950 4286 ibid.
979 4252 1054 4302 vt,
1079 4235 1170 4307 40)
1201 4255 1216 4292 :
1263 4259 1281 4292 ι
1310 4240 1462 4307 Quod
1493 4259 1598 4299 non
1626 4246 1820 4302 debeat
1849 4229 2058 4319 episco-

474 4332 574 4387 pus
590 4323 975 4379 monasterium
993 4326 1313 4397 inquietare.
1339 4332 1546 4389 Dudum
1565 4336 1628 4390 ad
1649 4351 1748 4393 nos
1767 4339 2056 4395 multorum

476 4407 735 4464 relatione
780 4424 1135 4480 pervenerat,
1183 4423 1509 4478 monasteria
1556 4424 1606 4478 in
1653 4425 2059 4486 Ravennatibus

477 4501 719 4567 partibus
765 4506 1057 4562 constituta
1105 4511 1325 4566 omnino
1371 4513 1696 4570 clericorum
1754 4527 2056 4574 vestrorqu

2157 3325 2358 3393 regulis
2397 3323 2733 3393 prohibetur,
2780 3322 3211 3378 maledictionem
3263 3323 3622 3378 anathematis
3657 3323 3743 3378 iu-

2155 3419 2381 3483 vexisti;
2414 3419 2555 3472 unde
2592 3417 2658 3472 de
2704 3427 2901 3472 callere
2929 3417 3148 3471 omnino
3177 3426 3294 3471 esto
3314 3415 3742 3484 circumspectus

2156 3518 2317 3578 atque
2347 3507 2629 3572 sollicitus,
2661 3517 2714 3562 et
2747 3507 2872 3562 talia
2905 3507 3157 3576 cuiquam
3192 3521 3288 3575 pro
3313 3504 3628 3559 defensione
3657 3505 3741 3558 in-

2149 3597 2306 3668 juriae
2333 3608 2438 3653 tua:
2459 3597 2662 3653 inferre
2691 3599 2867 3653 denuo
2896 3611 3001 3651 nou
3030 3610 3330 3666 praesumas
3359 3613 3375 3650 :
3406 3610 3533 3651 nam
3559 3595 3605 3650 si
3633 3595 3741 3649 tale

2157 3689 2358 3761 aliquid
2399 3689 2614 3755 feceris,
2653 3689 2707 3743 iu
2750 3698 2802 3744 te
2838 3689 2980 3744 scias
3025 3696 3210 3756 postea
3247 3687 3660 3742 vindicandum.
3716 3705 3736 3738 ι

2156 3781 2449 3837 Lumiuoso
2483 3780 2665 3835 abbati
2699 3779 3011 3835 monasterii
3041 3778 3226 3834 Sancti
3266 3777 3492 3832 Thoma:
3517 3777 3585 3833 de
3621 3777 3742 3830 Ari-

2157 3875 2304 3930 mino
2333 3873 2452 3943 (ln.,
2475 3872 2624 3937 ibid.,
2660 3887 2731 3934 tv,
2762 3870 2849 3941 14)
2883 3888 2898 3925 :
2939 3891 2957 3922 ι
2987 3869 3308 3926 Petitionem
3339 3878 3489 3924 tuam
3517 3884 3742 3940 congre-

2157 3965 2497 4037 gationisque
2564 3972 2669 4018 tute
2722 3962 2954 4016 libenter
3012 3961 3370 4031 suscepimus,
3438 3961 3739 4016 secundum

2158 4064 2356 4110 statuta
2425 4053 2646 4107 Patrum
2705 4051 2950 4122 jnrisque
3015 4050 3245 4106 formam
3315 4052 3422 4106 tuis
3489 4049 3742 4122 precibus

2159 4145 2630 4201 accommodantes
2667 4143 2876 4198 fidelem
2905 4142 3176 4198 ell‘eetum.
3215 4143 3466 4199 Castorio
3495 4143 3653 4197 fratri
3687 4151 3741 4196 et

2159 4238 2476 4308 coepiscopo
2515 4246 2700 4290 nostro
2722 4245 2905 4289 nostra
2930 4236 3290 4306 prreceptione
3317 4235 3664 4300 transmissa,
3691 4235 3739 4289 ei

2159 4327 2668 4397 successoribusque
2732 4326 2850 4397 ejus
2916 4341 2945 4379 a
3023 4335 3074 4380 te
3147 4326 3590 4396 mouasterioque
3655 4337 3742 4379 tuo

2160 4428 2366 4476 cunctw
2391 4417 2625 4472 hesiouis
2661 4417 2982 4472 abstulimus
3016 4416 3257 4470 funditus
3291 4424 3651 4487 potestatem,
3686 4423 3740 4466 ut

2163 4526 2262 4566 nec
2290 4509 2426 4564 ultra
2460 4509 2513 4563 in
2540 4519 2722 4564 vestro
2759 4516 3004 4562 versetur
3031 4507 3370 4576 gravamine,
3405 4521 3505 4560 nec
3545 4521 3738 4558 niona-

479 4593 720 4649 dominio
741 4602 1089 4667 przegravari,
1121 4602 1191 4656 i:a
1219 4613 1276 4656 ut
1300 4607 1582 4664 occasione
1604 4609 1755 4678 quasi
1782 4610 2059 4679 regiminis
2087 4587 2137 4648 D
2163 4603 2313 4658 Slcrii
2353 4617 2442 4658 res
2486 4601 2775 4662 describat.
2825 4613 2922 4654 nec
2962 4599 3176 4669 Pllblica
3226 4597 3332 4653 illic
3373 4597 3573 4652 debeat
3623 4611 3740 4652 0550

477 4700 539 4737 ea
559 4727 572 4745 ,
601 4688 744 4755 quod
783 4688 886 4744 dici
919 4705 1081 4760 grave
1109 4703 1222 4756 est,
1253 4695 1395 4750 velut
1426 4697 1480 4751 in
1512 4701 1842 4769 praprietate
1879 4703 2056 4771 possi-

478 4775 656 4830 deant.
688 4777 892 4844 Quibus
932 4797 1036 4835 non
1068 4785 1334 4840 modicum
1372 4788 1719 4845 condolentes
1743 4831 1757 4852 ,
1786 4792 2056 4848 decessori

477 4875 660 4920 vestro
695 4868 899 4925 litteras
930 4873 1195 4941 misimus,
1228 4885 1281 4930 ut
1312 4876 1414 4932 hoc
1445 4879 1734 4936 emendare
1761 4895 1856 4951 per
1877 4883 2055 4938 omnia

477 4959 766 5040 debuisset.
803 4963 909 5019 Sed
939 4968 1192 5035 quoniam
1223 4969 1345 5024 vitat
1376 4973 1607 5026 termino
1636 4973 1796 5028 citius
1819 4989 2055 5044 occupa-

480 5061 562 5086 ΙΙΙΩ
603 5050 727 5086 (ηειιῖ
805 5071 870 5086 I\A
913 5056 1013 5086 ’.ΛΔ
1059 5074 1193 5086 Α.-..ι-
1237 5062 1286 5086 ζ..
1337 5063 1661 5086 M-....-.---2-
1712 5074 2014 5086 -.-..-....-η-ι

805 5071 870 5086 I\A
913 5056 1013 5086 ’.ΛΔ
1059 5074 1193 5086 Α.-..ι-
1237 5062 1286 5086 ζ..
1337 5063 1661 5086 Μακαρία-,εει

1727 5079 1927 5086 .-κει-..α

2162 4695 2453 4766 processio,
2494 4693 2581 4748 illa
2616 4693 2866 4747 videlicet
2909 4693 2956 4746 ei
2991 4691 3379 4761 jarisdietione
3437 4690 3653 4754 relicta,
3688 4697 3742 4741 ut

2165 4785 2217 4839 in
2270 4783 2507 4840 defuncti
2559 4783 2768 4839 abbatis
2815 4782 3016 4847 locum,
3053 4783 3256 4843 talium,
3299 4797 3461 4851 quem
3518 4781 3737 4850 dignum

2162 4875 2463 4931 communis
2488 4890 2787 4930 consensus
2812 4875 3250 4946 congregationis
3275 4873 3521 4943 elegerit,
3549 4872 3740 4926 debeat

2161 4966 2432 5020 ordinare.
2473 4965 2568 5021 llis
2595 4967 2664 5020 ita
2691 4966 2965 5037 perfectis,
2995 4967 3046 5020 in
3080 4966 3170 5020 Dei
3201 4979 3368 5034 opere
3393 4971 3572 5017 estote
3595 4961 3739 5015 solli-

3597 5056 3608 5067 ο

2165 5057 2208 5084 At
2239 5057 2251 5084 ξ
2311 5067 2355 5084 ΑΙ
2395 5058 2620 5084 κηκῖι¹.ιηι
2650 5059 2876 5084 Α-.ι.²ι·ι-ι²
2913 5073 3128 5084 ΑκΑ-Αανι
3157 5057 3272 5083 ,1....ι
3321 5071 3387 5082 usa
3419 5071 3527 5082 “an
3559 5056 3711 5082 .9..l.u.a
