  <div class='ocr_page' id='page_1' title='image "/cluster/home/n/w/nwhite01/storage/ocr_20150623/139/hvd.32044015471782/228.png"; bbox 0 0 3944 5414; ppageno 0'>
   <div class='ocr_carea' id='block_1_1' title="bbox 219 280 306 339">
    <p class='ocr_par' dir='ltr' id='par_1_1' title="bbox 219 280 306 339">
     <span class='ocr_line' id='line_1_1' title="bbox 219 280 306 339; baseline 0 -1"><span class='ocrx_word' id='word_1_1' title='bbox 219 280 306 339; x_wconf 64' lang='grc' dir='ltr'>ιιθ</span> 
     </span>
    </p>
   </div>
   <div class='ocr_carea' id='block_1_2' title="bbox 1632 280 2013 341">
    <p class='ocr_par' dir='ltr' id='par_1_2' title="bbox 1632 280 2013 341">
     <span class='ocr_line' id='line_1_2' title="bbox 1632 280 2013 341; baseline -0.005 0"><span class='ocrx_word' id='word_1_2' title='bbox 1632 280 2013 341; x_wconf 69' lang='grc' dir='ltr'><strong>ΕΜΞΪΟιμιΕ.</strong></span> 
     </span>
    </p>
   </div>
   <div class='ocr_carea' id='block_1_3' title="bbox 3339 282 3445 342">
    <p class='ocr_par' dir='ltr' id='par_1_3' title="bbox 3339 282 3445 342">
     <span class='ocr_line' id='line_1_3' title="bbox 3339 282 3445 342; baseline 0.047 -5"><span class='ocrx_word' id='word_1_3' title='bbox 3339 282 3445 342; x_wconf 64' lang='grc' dir='ltr'><strong>αθ</strong></span> 
     </span>
    </p>
   </div>
   <div class='ocr_carea' id='block_1_4' title="bbox 216 388 3446 474">
    <p class='ocr_par' dir='ltr' id='par_1_4' title="bbox 216 388 3446 474">
     <span class='ocr_line' id='line_1_4' title="bbox 216 388 3446 474; baseline -0.004 -15"><span class='ocrx_word' id='word_1_4' title='bbox 216 406 378 459; x_wconf 73' lang='grc' dir='ltr'>ιιῑὶὶιθι·</span> <span class='ocrx_word' id='word_1_5' title='bbox 430 388 617 474; x_wconf 84' lang='lat' dir='ltr'><strong>preces</strong></span> <span class='ocrx_word' id='word_1_6' title='bbox 674 399 944 467; x_wconf 81' lang='lat' dir='ltr'><strong>elfuderit,</strong></span> <span class='ocrx_word' id='word_1_7' title='bbox 1012 403 1193 459; x_wconf 68' lang='lat' dir='ltr'><strong>inditae</strong></span> <span class='ocrx_word' id='word_1_8' title='bbox 1256 412 1432 457; x_wconf 74' lang='lat' dir='ltr'><strong>textus</strong></span> <span class='ocrx_word' id='word_1_9' title='bbox 1490 398 1766 471; x_wconf 74' lang='lat' dir='ltr'><strong>petitionis</strong></span> <span class='ocrx_word' id='word_1_10' title='bbox 1796 410 1991 466; x_wconf 72' lang='lat' dir='ltr'><strong>Aeum</strong></span> <span class='ocrx_word' id='word_1_11' title='bbox 2014 396 2245 466; x_wconf 89' lang='lat' dir='ltr'><strong>pertinet</strong></span> <span class='ocrx_word' id='word_1_12' title='bbox 2266 408 2589 465; x_wconf 88' lang='lat' dir='ltr'><strong>quocunque</strong></span> <span class='ocrx_word' id='word_1_13' title='bbox 2615 395 2794 461; x_wconf 87' lang='lat' dir='ltr'><strong>modo,</strong></span> <span class='ocrx_word' id='word_1_14' title='bbox 2817 393 3055 467; x_wconf 89' lang='lat' dir='ltr'><strong>qualibet</strong></span> <span class='ocrx_word' id='word_1_15' title='bbox 3083 392 3446 465; x_wconf 68' lang='lat' dir='ltr'><strong>exquisitione</strong></span> 
     </span>
    </p>
   </div>
   <div class='ocr_carea' id='block_1_5' title="bbox 218 495 1766 565">
    <p class='ocr_par' dir='ltr' id='par_1_5' title="bbox 218 495 1766 565">
     <span class='ocr_line' id='line_1_5' title="bbox 218 495 1766 565; baseline -0.001 -16"><span class='ocrx_word' id='word_1_16' title='bbox 218 496 465 558; x_wconf 85' lang='lat' dir='ltr'><strong>informat,</strong></span> <span class='ocrx_word' id='word_1_17' title='bbox 493 512 590 565; x_wconf 87' lang='lat' dir='ltr'><strong>pro</strong></span> <span class='ocrx_word' id='word_1_18' title='bbox 620 511 728 565; x_wconf 88' lang='lat' dir='ltr'><strong>qua</strong></span> <span class='ocrx_word' id='word_1_19' title='bbox 774 512 831 550; x_wconf 91' lang='lat' dir='ltr'><strong>re</strong></span> <span class='ocrx_word' id='word_1_20' title='bbox 876 495 1270 550; x_wconf 88' lang='lat' dir='ltr'><strong>fraternitatem</strong></span> <span class='ocrx_word' id='word_1_21' title='bbox 1302 502 1446 548; x_wconf 89' lang='lat' dir='ltr'><strong>tuam</strong></span> <span class='ocrx_word' id='word_1_22' title='bbox 1477 496 1766 548; x_wconf 79' lang='lat' dir='ltr'><strong>hortamur</strong></span> 
     </span>
    </p>
   </div>
   <div class='ocr_carea' id='block_1_6' title="bbox 218 585 1765 653">
    <p class='ocr_par' dir='ltr' id='par_1_6' title="bbox 218 585 1765 653">
     <span class='ocr_line' id='line_1_6' title="bbox 218 585 1765 653; baseline -0.003 -12"><span class='ocrx_word' id='word_1_23' title='bbox 218 597 281 646; x_wconf 80' lang='lat' dir='ltr'><strong>ut.</strong></span> <span class='ocrx_word' id='word_1_24' title='bbox 307 586 523 639; x_wconf 88' lang='lat' dir='ltr'><strong>obeunte</strong></span> <span class='ocrx_word' id='word_1_25' title='bbox 565 586 760 640; x_wconf 89' lang='lat' dir='ltr'><strong>abbate</strong></span> <span class='ocrx_word' id='word_1_26' title='bbox 793 586 1101 639; x_wconf 79' lang='lat' dir='ltr'><strong>monasterii</strong></span> <span class='ocrx_word' id='word_1_27' title='bbox 1150 586 1318 653; x_wconf 84' lang='lat' dir='ltr'><strong>ipsius</strong></span> <span class='ocrx_word' id='word_1_28' title='bbox 1358 585 1616 643; x_wconf 64' lang='lat' dir='ltr'><strong>ecclesia}.</strong></span> <span class='ocrx_word' id='word_1_29' title='bbox 1674 593 1765 636; x_wconf 91' lang='lat' dir='ltr'><strong>tua</strong></span> 
     </span>
    </p>
   </div>
   <div class='ocr_carea' id='block_1_7' title="bbox 219 675 1763 748">
    <p class='ocr_par' dir='ltr' id='par_1_7' title="bbox 219 675 1763 748">
     <span class='ocr_line' id='line_1_7' title="bbox 219 675 1763 748; baseline 0 -21"><span class='ocrx_word' id='word_1_30' title='bbox 219 675 367 748; x_wconf 58' lang='lat' dir='ltr'><strong>{cura}</strong></span> <span class='ocrx_word' id='word_1_31' title='bbox 425 678 475 729; x_wconf 93' lang='lat' dir='ltr'><strong>in</strong></span> <span class='ocrx_word' id='word_1_32' title='bbox 531 677 901 732; x_wconf 88' lang='lat' dir='ltr'><strong>describendis</strong></span> <span class='ocrx_word' id='word_1_33' title='bbox 956 677 1407 747; x_wconf 89' lang='lat' dir='ltr'><strong>providendisque</strong></span> <span class='ocrx_word' id='word_1_34' title='bbox 1477 675 1763 743; x_wconf 88' lang='lat' dir='ltr'><strong>acquisitis</strong></span> 
     </span>
    </p>
   </div>
   <div class='ocr_carea' id='block_1_8' title="bbox 219 764 1765 835">
    <p class='ocr_par' dir='ltr' id='par_1_8' title="bbox 219 764 1765 835">
     <span class='ocr_line' id='line_1_8' title="bbox 219 764 1765 835; baseline -0.001 -16"><span class='ocrx_word' id='word_1_35' title='bbox 219 766 598 835; x_wconf 80' lang='lat' dir='ltr'><strong>acquirendisve</strong></span> <span class='ocrx_word' id='word_1_36' title='bbox 642 767 882 834; x_wconf 84' lang='lat' dir='ltr'><strong>ejusdem</strong></span> <span class='ocrx_word' id='word_1_37' title='bbox 930 766 1243 821; x_wconf 73' lang='lat' dir='ltr'><strong>monasterii</strong></span> <span class='ocrx_word' id='word_1_38' title='bbox 1288 767 1472 830; x_wconf 82' lang='lat' dir='ltr'><strong>rebus,</strong></span> <span class='ocrx_word' id='word_1_39' title='bbox 1521 764 1663 817; x_wconf 88' lang='lat' dir='ltr'><strong>nulla</strong></span> <span class='ocrx_word' id='word_1_40' title='bbox 1704 778 1765 818; x_wconf 89' lang='lat' dir='ltr'><strong>se</strong></span> 
     </span>
    </p>
   </div>
   <div class='ocr_carea' id='block_1_9' title="bbox 219 855 1766 927">
    <p class='ocr_par' dir='ltr' id='par_1_9' title="bbox 219 855 1766 927">
     <span class='ocr_line' id='line_1_9' title="bbox 219 855 1766 927; baseline -0.004 -16"><span class='ocrx_word' id='word_1_41' title='bbox 219 855 470 911; x_wconf 79' lang='lat' dir='ltr'><strong>occasione</strong></span> <span class='ocrx_word' id='word_1_42' title='bbox 510 858 857 927; x_wconf 90' lang='lat' dir='ltr'><strong>permisceat.</strong></span> <span class='ocrx_word' id='word_1_43' title='bbox 894 856 1156 910; x_wconf 86' lang='lat' dir='ltr'><strong>Abbatem</strong></span> <span class='ocrx_word' id='word_1_44' title='bbox 1197 867 1326 909; x_wconf 81' lang='lat' dir='ltr'><strong>vero</strong></span> <span class='ocrx_word' id='word_1_45' title='bbox 1369 855 1542 909; x_wconf 91' lang='lat' dir='ltr'><strong>eidem</strong></span> <span class='ocrx_word' id='word_1_46' title='bbox 1581 868 1766 907; x_wconf 88' lang='lat' dir='ltr'><strong>mona-</strong></span> 
     </span>
    </p>
   </div>
   <div class='ocr_carea' id='block_1_10' title="bbox 219 946 1766 1018">
    <p class='ocr_par' dir='ltr' id='par_1_10' title="bbox 219 946 1766 1018">
     <span class='ocr_line' id='line_1_10' title="bbox 219 946 1766 1018; baseline -0.001 -16"><span class='ocrx_word' id='word_1_47' title='bbox 219 949 358 1003; x_wconf 84' lang='lat' dir='ltr'><strong>sterio</strong></span> <span class='ocrx_word' id='word_1_48' title='bbox 386 962 488 1002; x_wconf 91' lang='lat' dir='ltr'><strong>non</strong></span> <span class='ocrx_word' id='word_1_49' title='bbox 522 946 712 1011; x_wconf 90' lang='lat' dir='ltr'><strong>alium,</strong></span> <span class='ocrx_word' id='word_1_50' title='bbox 752 947 841 1001; x_wconf 84' lang='lat' dir='ltr'><strong>sed</strong></span> <span class='ocrx_word' id='word_1_51' title='bbox 872 963 1034 1017; x_wconf 91' lang='lat' dir='ltr'><strong>quem</strong></span> <span class='ocrx_word' id='word_1_52' title='bbox 1076 948 1294 1018; x_wconf 83' lang='lat' dir='ltr'><strong>dignum</strong></span> <span class='ocrx_word' id='word_1_53' title='bbox 1336 947 1574 1000; x_wconf 82' lang='lat' dir='ltr'><strong>moribus</strong></span> <span class='ocrx_word' id='word_1_54' title='bbox 1605 955 1766 1015; x_wconf 90' lang='lat' dir='ltr'><strong>atque</strong></span> 
     </span>
    </p>
   </div>
   <div class='ocr_carea' id='block_1_11' title="bbox 218 1041 1763 1112">
    <p class='ocr_par' dir='ltr' id='par_1_11' title="bbox 218 1041 1763 1112">
     <span class='ocr_line' id='line_1_11' title="bbox 218 1041 1763 1112; baseline 0.001 -19"><span class='ocrx_word' id='word_1_55' title='bbox 218 1050 401 1094; x_wconf 86' lang='lat' dir='ltr'><strong>actuum</strong></span> <span class='ocrx_word' id='word_1_56' title='bbox 449 1041 748 1112; x_wconf 68' lang='lat' dir='ltr'><strong>disciplina:</strong></span> <span class='ocrx_word' id='word_1_57' title='bbox 795 1044 1128 1098; x_wconf 65' lang='lat' dir='ltr'><strong>monachica:</strong></span> <span class='ocrx_word' id='word_1_58' title='bbox 1176 1043 1446 1098; x_wconf 90' lang='lat' dir='ltr'><strong>communi</strong></span> <span class='ocrx_word' id='word_1_59' title='bbox 1496 1058 1763 1098; x_wconf 89' lang='lat' dir='ltr'><strong>consensu</strong></span> 
     </span>
    </p>
   </div>
   <div class='ocr_carea' id='block_1_12' title="bbox 216 1133 1760 1204">
    <p class='ocr_par' dir='ltr' id='par_1_12' title="bbox 216 1133 1760 1204">
     <span class='ocr_line' id='line_1_12' title="bbox 216 1133 1760 1204; baseline 0.006 -22"><span class='ocrx_word' id='word_1_60' title='bbox 216 1133 523 1203; x_wconf 70' lang='lat' dir='ltr'><strong>congregatio</strong></span> <span class='ocrx_word' id='word_1_61' title='bbox 574 1142 686 1187; x_wconf 89' lang='lat' dir='ltr'><strong>tota</strong></span> <span class='ocrx_word' id='word_1_62' title='bbox 739 1137 1063 1204; x_wconf 81' lang='lat' dir='ltr'><strong>peposcerit,</strong></span> <span class='ocrx_word' id='word_1_63' title='bbox 1112 1137 1364 1191; x_wconf 88' lang='lat' dir='ltr'><strong>ordinare</strong></span> <span class='ocrx_word' id='word_1_64' title='bbox 1402 1146 1453 1191; x_wconf 92' lang='lat' dir='ltr'><strong>te</strong></span> <span class='ocrx_word' id='word_1_65' title='bbox 1491 1136 1760 1192; x_wconf 89' lang='lat' dir='ltr'><strong>volumus.</strong></span> 
     </span>
    </p>
   </div>
   <div class='ocr_carea' id='block_1_13' title="bbox 216 1222 1759 1297">
    <p class='ocr_par' dir='ltr' id='par_1_13' title="bbox 216 1222 1759 1297">
     <span class='ocr_line' id='line_1_13' title="bbox 216 1222 1759 1297; baseline 0.006 -22"><span class='ocrx_word' id='word_1_66' title='bbox 216 1222 376 1276; x_wconf 78' lang='lat' dir='ltr'><strong>Missas</strong></span> <span class='ocrx_word' id='word_1_67' title='bbox 400 1233 578 1277; x_wconf 91' lang='lat' dir='ltr'><strong>autem</strong></span> <span class='ocrx_word' id='word_1_68' title='bbox 613 1225 719 1279; x_wconf 86' lang='lat' dir='ltr'><strong>illic</strong></span> <span class='ocrx_word' id='word_1_69' title='bbox 742 1226 982 1295; x_wconf 86' lang='lat' dir='ltr'><strong>publicas</strong></span> <span class='ocrx_word' id='word_1_70' title='bbox 1013 1242 1109 1295; x_wconf 91' lang='lat' dir='ltr'><strong>per</strong></span> <span class='ocrx_word' id='word_1_71' title='bbox 1127 1227 1436 1297; x_wconf 87' lang='lat' dir='ltr'><strong>episcopum</strong></span> <span class='ocrx_word' id='word_1_72' title='bbox 1463 1228 1575 1282; x_wconf 82' lang='lat' dir='ltr'><strong>ﬁeri</strong></span> <span class='ocrx_word' id='word_1_73' title='bbox 1614 1230 1759 1284; x_wconf 91' lang='lat' dir='ltr'><strong>omni</strong></span> 
     </span>
    </p>
   </div>
   <div class='ocr_carea' id='block_1_14' title="bbox 214 1314 1760 1385">
    <p class='ocr_par' dir='ltr' id='par_1_14' title="bbox 214 1314 1760 1385">
     <span class='ocr_line' id='line_1_14' title="bbox 214 1314 1760 1385; baseline 0.006 -18"><span class='ocrx_word' id='word_1_74' title='bbox 214 1314 345 1367; x_wconf 81' lang='lat' dir='ltr'><strong>modo</strong></span> <span class='ocrx_word' id='word_1_75' title='bbox 380 1315 747 1383; x_wconf 79' lang='lat' dir='ltr'><strong>prohibemus,</strong></span> <span class='ocrx_word' id='word_1_76' title='bbox 787 1333 853 1372; x_wconf 92' lang='lat' dir='ltr'><strong>ne</strong></span> <span class='ocrx_word' id='word_1_77' title='bbox 895 1318 947 1370; x_wconf 95' lang='lat' dir='ltr'><strong>in</strong></span> <span class='ocrx_word' id='word_1_78' title='bbox 990 1334 1269 1372; x_wconf 89' lang='lat' dir='ltr'><strong>servorum</strong></span> <span class='ocrx_word' id='word_1_79' title='bbox 1303 1320 1396 1373; x_wconf 89' lang='lat' dir='ltr'><strong>Dei</strong></span> <span class='ocrx_word' id='word_1_80' title='bbox 1438 1322 1760 1385; x_wconf 88' lang='lat' dir='ltr'><strong>recessibus,</strong></span> 
     </span>
    </p>
   </div>
   <div class='ocr_carea' id='block_1_15' title="bbox 213 1404 1762 1476">
    <p class='ocr_par' dir='ltr' id='par_1_15' title="bbox 213 1404 1762 1476">
     <span class='ocr_line' id='line_1_15' title="bbox 213 1404 1762 1476; baseline 0.006 -21"><span class='ocrx_word' id='word_1_81' title='bbox 213 1404 528 1473; x_wconf 84' lang='lat' dir='ltr'><strong>popularibus</strong></span> <span class='ocrx_word' id='word_1_82' title='bbox 557 1408 774 1462; x_wconf 85' lang='lat' dir='ltr'><strong>occasio</strong></span> <span class='ocrx_word' id='word_1_83' title='bbox 801 1408 1104 1476; x_wconf 67' lang='lat' dir='ltr'><strong>prrebcatur</strong></span> <span class='ocrx_word' id='word_1_84' title='bbox 1145 1409 1247 1463; x_wconf 91' lang='lat' dir='ltr'><strong>ulla</strong></span> <span class='ocrx_word' id='word_1_85' title='bbox 1292 1412 1671 1473; x_wconf 87' lang='lat' dir='ltr'><strong>conventibus,</strong></span> <span class='ocrx_word' id='word_1_86' title='bbox 1708 1419 1762 1465; x_wconf 90' lang='lat' dir='ltr'><strong>et</strong></span> 
     </span>
    </p>
   </div>
   <div class='ocr_carea' id='block_1_16' title="bbox 212 1496 1753 1571">
    <p class='ocr_par' dir='ltr' id='par_1_16' title="bbox 212 1496 1753 1571">
     <span class='ocr_line' id='line_1_16' title="bbox 212 1496 1753 1571; baseline 0.005 -22"><span class='ocrx_word' id='word_1_87' title='bbox 212 1496 533 1565; x_wconf 83' lang='lat' dir='ltr'><strong>simpliciores</strong></span> <span class='ocrx_word' id='word_1_88' title='bbox 570 1513 637 1551; x_wconf 80' lang='lat' dir='ltr'><strong>ex</strong></span> <span class='ocrx_word' id='word_1_89' title='bbox 672 1499 771 1552; x_wconf 88' lang='lat' dir='ltr'><strong>hoc</strong></span> <span class='ocrx_word' id='word_1_90' title='bbox 797 1498 1007 1552; x_wconf 90' lang='lat' dir='ltr'><strong>animas</strong></span> <span class='ocrx_word' id='word_1_91' title='bbox 1037 1500 1369 1570; x_wconf 86' lang='lat' dir='ltr'><strong>plerumque,</strong></span> <span class='ocrx_word' id='word_1_92' title='bbox 1403 1503 1545 1571; x_wconf 92' lang='lat' dir='ltr'><strong>quod</strong></span> <span class='ocrx_word' id='word_1_93' title='bbox 1589 1503 1753 1558; x_wconf 91' lang='lat' dir='ltr'><strong>absit!</strong></span> 
     </span>
    </p>
   </div>
   <div class='ocr_carea' id='block_1_17' title="bbox 211 1588 1759 1661">
    <p class='ocr_par' dir='ltr' id='par_1_17' title="bbox 211 1588 1759 1661">
     <span class='ocr_line' id='line_1_17' title="bbox 211 1588 1759 1661; baseline 0.005 -21"><span class='ocrx_word' id='word_1_94' title='bbox 211 1589 256 1640; x_wconf 91' lang='lat' dir='ltr'><strong>in</strong></span> <span class='ocrx_word' id='word_1_95' title='bbox 292 1588 589 1642; x_wconf 73' lang='lat' dir='ltr'><strong>scandalum</strong></span> <span class='ocrx_word' id='word_1_96' title='bbox 643 1590 819 1643; x_wconf 81' lang='lat' dir='ltr'><strong>trahat</strong></span> <span class='ocrx_word' id='word_1_97' title='bbox 860 1590 1193 1658; x_wconf 77' lang='lat' dir='ltr'><strong>frequentior</strong></span> <span class='ocrx_word' id='word_1_98' title='bbox 1230 1607 1444 1661; x_wconf 88' lang='lat' dir='ltr'><strong>quoque</strong></span> <span class='ocrx_word' id='word_1_99' title='bbox 1486 1593 1759 1648; x_wconf 85' lang='lat' dir='ltr'><strong>muliebris</strong></span> 
     </span>
    </p>
   </div>
   <div class='ocr_carea' id='block_1_18' title="bbox 212 1679 1759 1754">
    <p class='ocr_par' dir='ltr' id='par_1_18' title="bbox 212 1679 1759 1754">
     <span class='ocr_line' id='line_1_18' title="bbox 212 1679 1759 1754; baseline 0.003 -22"><span class='ocrx_word' id='word_1_100' title='bbox 212 1680 448 1737; x_wconf 83' lang='lat' dir='ltr'><strong>Introitus.</strong></span> <span class='ocrx_word' id='word_1_101' title='bbox 490 1679 643 1734; x_wconf 85' lang='lat' dir='ltr'><strong>lianc</strong></span> <span class='ocrx_word' id='word_1_102' title='bbox 686 1691 863 1736; x_wconf 87' lang='lat' dir='ltr'><strong>autem</strong></span> <span class='ocrx_word' id='word_1_103' title='bbox 900 1683 1225 1751; x_wconf 90' lang='lat' dir='ltr'><strong>scriptorum</strong></span> <span class='ocrx_word' id='word_1_104' title='bbox 1263 1693 1574 1738; x_wconf 88' lang='lat' dir='ltr'><strong>nostrormu</strong></span> <span class='ocrx_word' id='word_1_105' title='bbox 1609 1685 1759 1754; x_wconf 82' lang='lat' dir='ltr'><strong>pagi-</strong></span> 
     </span>
    </p>
   </div>
   <div class='ocr_carea' id='block_1_19' title="bbox 1871 490 3443 560">
    <p class='ocr_par' dir='ltr' id='par_1_19' title="bbox 1871 490 3443 560">
     <span class='ocr_line' id='line_1_19' title="bbox 1871 490 3443 560; baseline -0.002 -14"><span class='ocrx_word' id='word_1_106' title='bbox 1871 493 2134 556; x_wconf 68' lang='lat' dir='ltr'><strong>minuere,</strong></span> <span class='ocrx_word' id='word_1_107' title='bbox 2168 506 2267 546; x_wconf 90' lang='lat' dir='ltr'><strong>nec</strong></span> <span class='ocrx_word' id='word_1_108' title='bbox 2298 492 2659 547; x_wconf 89' lang='lat' dir='ltr'><strong>immissiones</strong></span> <span class='ocrx_word' id='word_1_109' title='bbox 2700 492 2782 547; x_wconf 86' lang='lat' dir='ltr'><strong>vel</strong></span> <span class='ocrx_word' id='word_1_110' title='bbox 2817 491 2969 547; x_wconf 84' lang='lat' dir='ltr'><strong>dolos</strong></span> <span class='ocrx_word' id='word_1_111' title='bbox 3002 491 3210 560; x_wconf 88' lang='lat' dir='ltr'><strong>aliquos</strong></span> <span class='ocrx_word' id='word_1_112' title='bbox 3243 490 3443 544; x_wconf 86' lang='lat' dir='ltr'><strong>facere.</strong></span> 
     </span>
    </p>
   </div>
   <div class='ocr_carea' id='block_1_20' title="bbox 1869 582 3441 655">
    <p class='ocr_par' dir='ltr' id='par_1_20' title="bbox 1869 582 3441 655">
     <span class='ocr_line' id='line_1_20' title="bbox 1869 582 3441 655; baseline -0.004 -15"><span class='ocrx_word' id='word_1_113' title='bbox 1869 585 1974 640; x_wconf 85' lang='lat' dir='ltr'><strong>Sed</strong></span> <span class='ocrx_word' id='word_1_114' title='bbox 2002 586 2046 640; x_wconf 87' lang='lat' dir='ltr'><strong>si</strong></span> <span class='ocrx_word' id='word_1_115' title='bbox 2066 601 2171 655; x_wconf 92' lang='lat' dir='ltr'><strong>qua</strong></span> <span class='ocrx_word' id='word_1_116' title='bbox 2192 584 2332 639; x_wconf 86' lang='lat' dir='ltr'><strong>forte</strong></span> <span class='ocrx_word' id='word_1_117' title='bbox 2351 600 2511 640; x_wconf 86' lang='lat' dir='ltr'><strong>causa</strong></span> <span class='ocrx_word' id='word_1_118' title='bbox 2539 587 2677 640; x_wconf 89' lang='lat' dir='ltr'><strong>inter</strong></span> <span class='ocrx_word' id='word_1_119' title='bbox 2698 585 3065 641; x_wconf 75' lang='lat' dir='ltr'><strong>Ravennatem</strong></span> <span class='ocrx_word' id='word_1_120' title='bbox 3090 592 3140 638; x_wconf 89' lang='lat' dir='ltr'><strong>et</strong></span> <span class='ocrx_word' id='word_1_121' title='bbox 3158 582 3441 653; x_wconf 75' lang='lat' dir='ltr'><strong>pra-fatum</strong></span> 
     </span>
    </p>
   </div>
   <div class='ocr_carea' id='block_1_21' title="bbox 1867 672 3465 746">
    <p class='ocr_par' dir='ltr' id='par_1_21' title="bbox 1867 672 3465 746">
     <span class='ocr_line' id='line_1_21' title="bbox 1867 672 3465 746; baseline -0.003 -16"><span class='ocrx_word' id='word_1_122' title='bbox 1867 676 2255 730; x_wconf 86' lang='lat' dir='ltr'><strong>monasterium</strong></span> <span class='ocrx_word' id='word_1_123' title='bbox 2275 676 2540 741; x_wconf 79' lang='lat' dir='ltr'><strong>evenerit,</strong></span> <span class='ocrx_word' id='word_1_124' title='bbox 2565 687 2621 731; x_wconf 92' lang='lat' dir='ltr'><strong>et</strong></span> <span class='ocrx_word' id='word_1_125' title='bbox 2646 676 2872 746; x_wconf 86' lang='lat' dir='ltr'><strong>pacitice</strong></span> <span class='ocrx_word' id='word_1_126' title='bbox 2900 692 3004 730; x_wconf 92' lang='lat' dir='ltr'><strong>non</strong></span> <span class='ocrx_word' id='word_1_127' title='bbox 3035 673 3271 745; x_wconf 88' lang='lat' dir='ltr'><strong>potuerit</strong></span> <span class='ocrx_word' id='word_1_128' title='bbox 3299 672 3465 726; x_wconf 67' lang='lat' dir='ltr'><strong>ordio‘</strong></span> 
     </span>
    </p>
   </div>
   <div class='ocr_carea' id='block_1_22' title="bbox 1866 764 3444 839">
    <p class='ocr_par' dir='ltr' id='par_1_22' title="bbox 1866 764 3444 839">
     <span class='ocr_line' id='line_1_22' title="bbox 1866 764 3444 839; baseline -0.004 -16"><span class='ocrx_word' id='word_1_129' title='bbox 1866 770 2005 834; x_wconf 89' lang='lat' dir='ltr'><strong>nari,</strong></span> <span class='ocrx_word' id='word_1_130' title='bbox 2039 769 2175 839; x_wconf 86' lang='lat' dir='ltr'><strong>apud</strong></span> <span class='ocrx_word' id='word_1_131' title='bbox 2203 767 2405 822; x_wconf 90' lang='lat' dir='ltr'><strong>electos</strong></span> <span class='ocrx_word' id='word_1_132' title='bbox 2436 783 2467 822; x_wconf 88' lang='lat' dir='ltr'><strong>a</strong></span> <span class='ocrx_word' id='word_1_133' title='bbox 2500 768 2742 837; x_wconf 89' lang='lat' dir='ltr'><strong>partibus</strong></span> <span class='ocrx_word' id='word_1_134' title='bbox 2770 766 3083 823; x_wconf 89' lang='lat' dir='ltr'><strong>timentibus</strong></span> <span class='ocrx_word' id='word_1_135' title='bbox 3109 764 3297 830; x_wconf 88' lang='lat' dir='ltr'><strong>Deum,</strong></span> <span class='ocrx_word' id='word_1_136' title='bbox 3325 764 3444 817; x_wconf 84' lang='lat' dir='ltr'><strong>sine</strong></span> 
     </span>
    </p>
   </div>
   <div class='ocr_carea' id='block_1_23' title="bbox 1864 856 3445 927">
    <p class='ocr_par' dir='ltr' id='par_1_23' title="bbox 1864 856 3445 927">
     <span class='ocr_line' id='line_1_23' title="bbox 1864 856 3445 927; baseline -0.002 -14"><span class='ocrx_word' id='word_1_137' title='bbox 1864 860 2168 914; x_wconf 86' lang='lat' dir='ltr'><strong>voluntaria</strong></span> <span class='ocrx_word' id='word_1_138' title='bbox 2210 858 2488 923; x_wconf 86' lang='lat' dir='ltr'><strong>dilatione,</strong></span> <span class='ocrx_word' id='word_1_139' title='bbox 2525 860 2715 913; x_wconf 88' lang='lat' dir='ltr'><strong>mediis</strong></span> <span class='ocrx_word' id='word_1_140' title='bbox 2744 858 3107 915; x_wconf 83' lang='lat' dir='ltr'><strong>sacrosanctis</strong></span> <span class='ocrx_word' id='word_1_141' title='bbox 3138 856 3445 927; x_wconf 83' lang='lat' dir='ltr'><strong>Evangeliis</strong></span> 
     </span>
    </p>
   </div>
   <div class='ocr_carea' id='block_1_24' title="bbox 1865 946 3442 1013">
    <p class='ocr_par' dir='ltr' id='par_1_24' title="bbox 1865 946 3442 1013">
     <span class='ocr_line' id='line_1_24' title="bbox 1865 946 3442 1013; baseline -0.001 -11"><span class='ocrx_word' id='word_1_142' title='bbox 1865 950 2103 1003; x_wconf 81' lang='lat' dir='ltr'><strong>ﬁniatur.</strong></span> <span class='ocrx_word' id='word_1_143' title='bbox 2151 949 2412 1004; x_wconf 88' lang='lat' dir='ltr'><strong>Defuncto</strong></span> <span class='ocrx_word' id='word_1_144' title='bbox 2460 963 2588 1003; x_wconf 90' lang='lat' dir='ltr'><strong>vero</strong></span> <span class='ocrx_word' id='word_1_145' title='bbox 2628 949 2823 1005; x_wconf 85' lang='lat' dir='ltr'><strong>abbate</strong></span> <span class='ocrx_word' id='word_1_146' title='bbox 2860 965 2965 1005; x_wconf 90' lang='lat' dir='ltr'><strong>non</strong></span> <span class='ocrx_word' id='word_1_147' title='bbox 2996 958 3308 1013; x_wconf 77' lang='lat' dir='ltr'><strong>extraneas,</strong></span> <span class='ocrx_word' id='word_1_148' title='bbox 3339 946 3442 1001; x_wconf 90' lang='lat' dir='ltr'><strong>nisi</strong></span> 
     </span>
    </p>
   </div>
   <div class='ocr_carea' id='block_1_25' title="bbox 1865 1040 3442 1113">
    <p class='ocr_par' dir='ltr' id='par_1_25' title="bbox 1865 1040 3442 1113">
     <span class='ocr_line' id='line_1_25' title="bbox 1865 1040 3442 1113; baseline -0.002 -18"><span class='ocrx_word' id='word_1_149' title='bbox 1865 1042 1929 1095; x_wconf 91' lang='lat' dir='ltr'><strong>de</strong></span> <span class='ocrx_word' id='word_1_150' title='bbox 1958 1041 2147 1097; x_wconf 90' lang='lat' dir='ltr'><strong>eadem</strong></span> <span class='ocrx_word' id='word_1_151' title='bbox 2178 1042 2619 1112; x_wconf 76' lang='lat' dir='ltr'><strong>congregatione,</strong></span> <span class='ocrx_word' id='word_1_152' title='bbox 2652 1057 2812 1110; x_wconf 89' lang='lat' dir='ltr'><strong>quem</strong></span> <span class='ocrx_word' id='word_1_153' title='bbox 2857 1042 2957 1095; x_wconf 87' lang='lat' dir='ltr'><strong>sibi</strong></span> <span class='ocrx_word' id='word_1_154' title='bbox 3001 1042 3219 1113; x_wconf 89' lang='lat' dir='ltr'><strong>propria</strong></span> <span class='ocrx_word' id='word_1_155' title='bbox 3252 1040 3442 1094; x_wconf 86' lang='lat' dir='ltr'><strong>volun-</strong></span> 
     </span>
    </p>
   </div>
   <div class='ocr_carea' id='block_1_26' title="bbox 1865 1130 3442 1202">
    <p class='ocr_par' dir='ltr' id='par_1_26' title="bbox 1865 1130 3442 1202">
     <span class='ocr_line' id='line_1_26' title="bbox 1865 1130 3442 1202; baseline 0 -18"><span class='ocrx_word' id='word_1_156' title='bbox 1865 1140 1973 1184; x_wconf 92' lang='lat' dir='ltr'><strong>tate</strong></span> <span class='ocrx_word' id='word_1_157' title='bbox 2005 1132 2353 1202; x_wconf 82' lang='lat' dir='ltr'><strong>congregatio</strong></span> <span class='ocrx_word' id='word_1_158' title='bbox 2379 1132 2624 1202; x_wconf 79' lang='lat' dir='ltr'><strong>elegerit,</strong></span> <span class='ocrx_word' id='word_1_159' title='bbox 2652 1142 2708 1186; x_wconf 89' lang='lat' dir='ltr'><strong>et</strong></span> <span class='ocrx_word' id='word_1_160' title='bbox 2735 1132 2826 1201; x_wconf 92' lang='lat' dir='ltr'><strong>qui</strong></span> <span class='ocrx_word' id='word_1_161' title='bbox 2873 1132 3077 1189; x_wconf 89' lang='lat' dir='ltr'><strong>electus</strong></span> <span class='ocrx_word' id='word_1_162' title='bbox 3120 1132 3284 1187; x_wconf 87' lang='lat' dir='ltr'><strong>fuerit</strong></span> <span class='ocrx_word' id='word_1_163' title='bbox 3323 1130 3442 1185; x_wconf 89' lang='lat' dir='ltr'><strong>sine</strong></span> 
     </span>
    </p>
   </div>
   <div class='ocr_carea' id='block_1_27' title="bbox 1862 1221 3439 1293">
    <p class='ocr_par' dir='ltr' id='par_1_27' title="bbox 1862 1221 3439 1293">
     <span class='ocr_line' id='line_1_27' title="bbox 1862 1221 3439 1293; baseline -0.001 -18"><span class='ocrx_word' id='word_1_164' title='bbox 1862 1221 1985 1275; x_wconf 89' lang='lat' dir='ltr'><strong>dolo</strong></span> <span class='ocrx_word' id='word_1_165' title='bbox 2015 1222 2098 1276; x_wconf 89' lang='lat' dir='ltr'><strong>vel</strong></span> <span class='ocrx_word' id='word_1_166' title='bbox 2132 1222 2424 1277; x_wconf 87' lang='lat' dir='ltr'><strong>venalitate</strong></span> <span class='ocrx_word' id='word_1_167' title='bbox 2450 1222 2627 1293; x_wconf 88' lang='lat' dir='ltr'><strong>aliqua</strong></span> <span class='ocrx_word' id='word_1_168' title='bbox 2660 1224 2963 1278; x_wconf 82' lang='lat' dir='ltr'><strong>ordinetur.</strong></span> <span class='ocrx_word' id='word_1_169' title='bbox 2996 1223 3150 1289; x_wconf 88' lang='lat' dir='ltr'><strong>Quod</strong></span> <span class='ocrx_word' id='word_1_170' title='bbox 3179 1225 3220 1277; x_wconf 88' lang='lat' dir='ltr'><strong>si</strong></span> <span class='ocrx_word' id='word_1_171' title='bbox 3257 1232 3439 1292; x_wconf 89' lang='lat' dir='ltr'><strong>aptam</strong></span> 
     </span>
    </p>
   </div>
   <div class='ocr_carea' id='block_1_28' title="bbox 1862 1313 3441 1384">
    <p class='ocr_par' dir='ltr' id='par_1_28' title="bbox 1862 1313 3441 1384">
     <span class='ocr_line' id='line_1_28' title="bbox 1862 1313 3441 1384; baseline 0 -18"><span class='ocrx_word' id='word_1_172' title='bbox 1862 1313 2005 1366; x_wconf 89' lang='lat' dir='ltr'><strong>inter</strong></span> <span class='ocrx_word' id='word_1_173' title='bbox 2028 1328 2086 1367; x_wconf 91' lang='lat' dir='ltr'><strong>se</strong></span> <span class='ocrx_word' id='word_1_174' title='bbox 2108 1328 2393 1382; x_wconf 87' lang='lat' dir='ltr'><strong>personam</strong></span> <span class='ocrx_word' id='word_1_175' title='bbox 2433 1314 2674 1367; x_wconf 89' lang='lat' dir='ltr'><strong>invenire</strong></span> <span class='ocrx_word' id='word_1_176' title='bbox 2702 1313 3065 1384; x_wconf 83' lang='lat' dir='ltr'><strong>nequiverint,</strong></span> <span class='ocrx_word' id='word_1_177' title='bbox 3091 1313 3345 1367; x_wconf 87' lang='lat' dir='ltr'><strong>solertem</strong></span> <span class='ocrx_word' id='word_1_178' title='bbox 3375 1313 3441 1367; x_wconf 90' lang='lat' dir='ltr'><strong>de</strong></span> 
     </span>
    </p>
   </div>
   <div class='ocr_carea' id='block_1_29' title="bbox 1861 1404 3436 1475">
    <p class='ocr_par' dir='ltr' id='par_1_29' title="bbox 1861 1404 3436 1475">
     <span class='ocr_line' id='line_1_29' title="bbox 1861 1404 3436 1475; baseline -0.001 -16"><span class='ocrx_word' id='word_1_179' title='bbox 1861 1406 1981 1461; x_wconf 90' lang='lat' dir='ltr'><strong>aliis</strong></span> <span class='ocrx_word' id='word_1_180' title='bbox 2023 1407 2364 1461; x_wconf 84' lang='lat' dir='ltr'><strong>monasteriis</strong></span> <span class='ocrx_word' id='word_1_181' title='bbox 2390 1407 2489 1461; x_wconf 93' lang='lat' dir='ltr'><strong>sibi</strong></span> <span class='ocrx_word' id='word_1_182' title='bbox 2529 1407 2778 1461; x_wconf 89' lang='lat' dir='ltr'><strong>similiter</strong></span> <span class='ocrx_word' id='word_1_183' title='bbox 2807 1406 3007 1475; x_wconf 78' lang='lat' dir='ltr'><strong>eligant</strong></span> <span class='ocrx_word' id='word_1_184' title='bbox 3043 1404 3436 1468; x_wconf 84' lang='lat' dir='ltr'><strong>ordinandum;</strong></span> 
     </span>
    </p>
   </div>
   <div class='ocr_carea' id='block_1_30' title="bbox 1862 1494 3439 1568">
    <p class='ocr_par' dir='ltr' id='par_1_30' title="bbox 1862 1494 3439 1568">
     <span class='ocr_line' id='line_1_30' title="bbox 1862 1494 3439 1568; baseline -0.003 -18"><span class='ocrx_word' id='word_1_185' title='bbox 1862 1514 2034 1568; x_wconf 90' lang='lat' dir='ltr'><strong>neque</strong></span> <span class='ocrx_word' id='word_1_186' title='bbox 2063 1498 2301 1552; x_wconf 86' lang='lat' dir='ltr'><strong>venienti</strong></span> <span class='ocrx_word' id='word_1_187' title='bbox 2335 1498 2514 1552; x_wconf 84' lang='lat' dir='ltr'><strong>abbati</strong></span> <span class='ocrx_word' id='word_1_188' title='bbox 2547 1511 2882 1567; x_wconf 66' lang='lat' dir='ltr'><strong>quaecunque</strong></span> <span class='ocrx_word' id='word_1_189' title='bbox 2928 1510 3156 1566; x_wconf 84' lang='lat' dir='ltr'><strong>persona</strong></span> <span class='ocrx_word' id='word_1_190' title='bbox 3202 1494 3439 1562; x_wconf 85' lang='lat' dir='ltr'><strong>qualibet</strong></span> 
     </span>
    </p>
   </div>
   <div class='ocr_carea' id='block_1_31' title="bbox 1860 1576 3439 1659">
    <p class='ocr_par' dir='ltr' id='par_1_31' title="bbox 1860 1576 3439 1659">
     <span class='ocr_line' id='line_1_31' title="bbox 1860 1576 3439 1659; baseline -0.003 -18"><span class='ocrx_word' id='word_1_191' title='bbox 1860 1591 2146 1644; x_wconf 89' lang='lat' dir='ltr'><strong>occasione</strong></span> <span class='ocrx_word' id='word_1_192' title='bbox 2181 1591 2233 1643; x_wconf 92' lang='lat' dir='ltr'><strong>in</strong></span> <span class='ocrx_word' id='word_1_193' title='bbox 2278 1605 2375 1644; x_wconf 93' lang='lat' dir='ltr'><strong>suo</strong></span> <span class='ocrx_word' id='word_1_194' title='bbox 2402 1590 2733 1644; x_wconf 90' lang='lat' dir='ltr'><strong>monasterio</strong></span> <span class='ocrx_word' id='word_1_195' title='bbox 2761 1576 3127 1659; x_wconf 71' lang='lat' dir='ltr'><strong>prmpouatur,</strong></span> <span class='ocrx_word' id='word_1_196' title='bbox 3163 1586 3263 1640; x_wconf 88' lang='lat' dir='ltr'><strong>uisi</strong></span> <span class='ocrx_word' id='word_1_197' title='bbox 3301 1585 3439 1639; x_wconf 86' lang='lat' dir='ltr'><strong>forte</strong></span> 
     </span>
    </p>
   </div>
   <div class='ocr_carea' id='block_1_32' title="bbox 1859 1682 3437 1752">
    <p class='ocr_par' dir='ltr' id='par_1_32' title="bbox 1859 1682 3437 1752">
     <span class='ocr_line' id='line_1_32' title="bbox 1859 1682 3437 1752; baseline -0.001 -15"><span class='ocrx_word' id='word_1_198' title='bbox 1859 1684 2216 1744; x_wconf 80' lang='lat' dir='ltr'><strong>exstantibus,</strong></span> <span class='ocrx_word' id='word_1_199' title='bbox 2246 1684 2390 1752; x_wconf 92' lang='lat' dir='ltr'><strong>quod</strong></span> <span class='ocrx_word' id='word_1_200' title='bbox 2413 1683 2553 1738; x_wconf 90' lang='lat' dir='ltr'><strong>absit</strong></span> <span class='ocrx_word' id='word_1_201' title='bbox 2578 1686 2589 1737; x_wconf 89' lang='lat'><strong>!</strong></span> <span class='ocrx_word' id='word_1_202' title='bbox 2618 1684 2937 1738; x_wconf 86' lang='lat' dir='ltr'><strong>criminibus</strong></span> <span class='ocrx_word' id='word_1_203' title='bbox 2960 1697 3080 1751; x_wconf 74' lang='lat' dir='ltr'><strong>qua:</strong></span> <span class='ocrx_word' id='word_1_204' title='bbox 3106 1682 3247 1736; x_wconf 91' lang='lat' dir='ltr'><strong>sacri</strong></span> <span class='ocrx_word' id='word_1_205' title='bbox 3276 1697 3437 1736; x_wconf 85' lang='lat' dir='ltr'><strong>cano-</strong></span> 
     </span>
    </p>
   </div>
   <div class='ocr_carea' id='block_1_33' title="bbox 211 1767 3436 1845">
    <p class='ocr_par' dir='ltr' id='par_1_33' title="bbox 211 1767 3436 1845">
     <span class='ocr_line' id='line_1_33' title="bbox 211 1767 3436 1845; baseline 0.002 -26"><span class='ocrx_word' id='word_1_206' title='bbox 211 1782 310 1819; x_wconf 86' lang='lat' dir='ltr'><strong>nam</strong></span> <span class='ocrx_word' id='word_1_207' title='bbox 331 1768 469 1821; x_wconf 91' lang='lat' dir='ltr'><strong>omni</strong></span> <span class='ocrx_word' id='word_1_208' title='bbox 497 1768 551 1821; x_wconf 92' lang='lat' dir='ltr'><strong>in</strong></span> <span class='ocrx_word' id='word_1_209' title='bbox 576 1767 756 1823; x_wconf 81' lang='lat' dir='ltr'><strong>futuro</strong></span> <span class='ocrx_word' id='word_1_210' title='bbox 788 1779 1029 1840; x_wconf 90' lang='lat' dir='ltr'><strong>tempore</strong></span> <span class='ocrx_word' id='word_1_211' title='bbox 1061 1771 1143 1825; x_wconf 89' lang='lat' dir='ltr'><strong>vel</strong></span> <span class='ocrx_word' id='word_1_212' title='bbox 1172 1781 1294 1841; x_wconf 91' lang='lat' dir='ltr'><strong>post</strong></span> <span class='ocrx_word' id='word_1_213' title='bbox 1316 1773 1583 1842; x_wconf 90' lang='lat' dir='ltr'><strong>episcopis</strong></span> <span class='ocrx_word' id='word_1_214' title='bbox 1608 1775 1753 1828; x_wconf 87' lang='lat' dir='ltr'><strong>ordi-</strong></span> <span class='ocrx_word' id='word_1_215' title='bbox 1788 1777 1830 1835; x_wconf 79' lang='grc' dir='ltr'><strong>Β</strong></span> <span class='ocrx_word' id='word_1_216' title='bbox 1861 1791 1954 1828; x_wconf 90' lang='lat' dir='ltr'><strong>nes</strong></span> <span class='ocrx_word' id='word_1_217' title='bbox 1987 1775 2176 1845; x_wconf 87' lang='lat' dir='ltr'><strong>punire</strong></span> <span class='ocrx_word' id='word_1_218' title='bbox 2206 1783 2527 1828; x_wconf 85' lang='lat' dir='ltr'><strong>monstrant.</strong></span> <span class='ocrx_word' id='word_1_219' title='bbox 2571 1774 2783 1829; x_wconf 88' lang='lat' dir='ltr'><strong>Pariter</strong></span> <span class='ocrx_word' id='word_1_220' title='bbox 2812 1783 2991 1828; x_wconf 90' lang='lat' dir='ltr'><strong>autem</strong></span> <span class='ocrx_word' id='word_1_221' title='bbox 3024 1771 3436 1827; x_wconf 86' lang='lat' dir='ltr'><strong>custodiendum</strong></span> 
     </span>
    </p>
   </div>
   <div class='ocr_carea' id='block_1_34' title="bbox 209 1858 1754 1933">
    <p class='ocr_par' dir='ltr' id='par_1_34' title="bbox 209 1858 1754 1933">
     <span class='ocr_line' id='line_1_34' title="bbox 209 1858 1754 1933; baseline 0.005 -22"><span class='ocrx_word' id='word_1_222' title='bbox 209 1858 375 1913; x_wconf 85' lang='lat' dir='ltr'><strong>nandis</strong></span> <span class='ocrx_word' id='word_1_223' title='bbox 420 1858 649 1913; x_wconf 88' lang='lat' dir='ltr'><strong>formam</strong></span> <span class='ocrx_word' id='word_1_224' title='bbox 679 1862 983 1927; x_wconf 87' lang='lat' dir='ltr'><strong>statuimus,</strong></span> <span class='ocrx_word' id='word_1_225' title='bbox 1027 1862 1393 1933; x_wconf 90' lang='lat' dir='ltr'><strong>illibatamque</strong></span> <span class='ocrx_word' id='word_1_226' title='bbox 1429 1864 1655 1926; x_wconf 90' lang='lat' dir='ltr'><strong>servari,</strong></span> <span class='ocrx_word' id='word_1_227' title='bbox 1695 1872 1754 1918; x_wconf 91' lang='lat' dir='ltr'><strong>ut</strong></span> 
     </span>
    </p>
   </div>
   <div class='ocr_carea' id='block_1_35' title="bbox 208 1950 1753 2022">
    <p class='ocr_par' dir='ltr' id='par_1_35' title="bbox 208 1950 1753 2022">
     <span class='ocr_line' id='line_1_35' title="bbox 208 1950 1753 2022; baseline 0.008 -24"><span class='ocrx_word' id='word_1_228' title='bbox 208 1957 358 2001; x_wconf 76' lang='lat' dir='ltr'><strong>tecum</strong></span> <span class='ocrx_word' id='word_1_229' title='bbox 397 1956 482 2001; x_wconf 89' lang='lat' dir='ltr'><strong>tua</strong></span> <span class='ocrx_word' id='word_1_230' title='bbox 522 1950 785 2017; x_wconf 82' lang='lat' dir='ltr'><strong>Ecclesia,</strong></span> <span class='ocrx_word' id='word_1_231' title='bbox 824 1952 1043 2022; x_wconf 91' lang='lat' dir='ltr'><strong>juvante</strong></span> <span class='ocrx_word' id='word_1_232' title='bbox 1087 1953 1335 2018; x_wconf 89' lang='lat' dir='ltr'><strong>Domino,</strong></span> <span class='ocrx_word' id='word_1_233' title='bbox 1380 1970 1479 2009; x_wconf 92' lang='lat' dir='ltr'><strong>suo</strong></span> <span class='ocrx_word' id='word_1_234' title='bbox 1518 1963 1753 2010; x_wconf 89' lang='lat' dir='ltr'><strong>tantum-</strong></span> 
     </span>
    </p>
   </div>
   <div class='ocr_carea' id='block_1_36' title="bbox 208 2039 1749 2111">
    <p class='ocr_par' dir='ltr' id='par_1_36' title="bbox 208 2039 1749 2111">
     <span class='ocr_line' id='line_1_36' title="bbox 208 2039 1749 2111; baseline 0.007 -21"><span class='ocrx_word' id='word_1_235' title='bbox 208 2039 341 2092; x_wconf 80' lang='lat' dir='ltr'><strong>modo</strong></span> <span class='ocrx_word' id='word_1_236' title='bbox 366 2039 574 2109; x_wconf 81' lang='lat' dir='ltr'><strong>sitjure</strong></span> <span class='ocrx_word' id='word_1_237' title='bbox 604 2051 876 2107; x_wconf 88' lang='lat' dir='ltr'><strong>contenta,</strong></span> <span class='ocrx_word' id='word_1_238' title='bbox 920 2053 973 2098; x_wconf 91' lang='lat' dir='ltr'><strong>et</strong></span> <span class='ocrx_word' id='word_1_239' title='bbox 1017 2046 1403 2099; x_wconf 90' lang='lat' dir='ltr'><strong>monasterium</strong></span> <span class='ocrx_word' id='word_1_240' title='bbox 1438 2046 1588 2111; x_wconf 88' lang='lat' dir='ltr'><strong>illud,</strong></span> <span class='ocrx_word' id='word_1_241' title='bbox 1619 2047 1749 2101; x_wconf 91' lang='lat' dir='ltr'><strong>nulli</strong></span> 
     </span>
    </p>
   </div>
   <div class='ocr_carea' id='block_1_37' title="bbox 207 2129 1748 2204">
    <p class='ocr_par' dir='ltr' id='par_1_37' title="bbox 207 2129 1748 2204">
     <span class='ocr_line' id='line_1_37' title="bbox 207 2129 1748 2204; baseline 0.008 -25"><span class='ocrx_word' id='word_1_242' title='bbox 207 2129 398 2183; x_wconf 73' lang='lat' dir='ltr'><strong>alterius</strong></span> <span class='ocrx_word' id='word_1_243' title='bbox 451 2130 652 2199; x_wconf 88' lang='lat' dir='ltr'><strong>aliique</strong></span> <span class='ocrx_word' id='word_1_244' title='bbox 705 2133 942 2203; x_wconf 81' lang='lat' dir='ltr'><strong>generali</strong></span> <span class='ocrx_word' id='word_1_245' title='bbox 995 2136 1338 2190; x_wconf 64' lang='lat' dir='ltr'><strong>canonicaave</strong></span> <span class='ocrx_word' id='word_1_246' title='bbox 1384 2135 1748 2204; x_wconf 88' lang='lat' dir='ltr'><strong>jurisdictioni</strong></span> 
     </span>
    </p>
   </div>
   <div class='ocr_carea' id='block_1_38' title="bbox 206 2221 1749 2297">
    <p class='ocr_par' dir='ltr' id='par_1_38' title="bbox 206 2221 1749 2297">
     <span class='ocr_line' id='line_1_38' title="bbox 206 2221 1749 2297; baseline 0.008 -29"><span class='ocrx_word' id='word_1_247' title='bbox 206 2221 500 2287; x_wconf 68' lang='lat' dir='ltr'><strong>deserviens,</strong></span> <span class='ocrx_word' id='word_1_248' title='bbox 550 2224 768 2277; x_wconf 88' lang='lat' dir='ltr'><strong>remotis</strong></span> <span class='ocrx_word' id='word_1_249' title='bbox 793 2224 1168 2280; x_wconf 81' lang='lat' dir='ltr'><strong>vexatiouibns</strong></span> <span class='ocrx_word' id='word_1_250' title='bbox 1208 2240 1270 2280; x_wconf 88' lang='lat' dir='ltr'><strong>ac</strong></span> <span class='ocrx_word' id='word_1_251' title='bbox 1305 2227 1515 2280; x_wconf 90' lang='lat' dir='ltr'><strong>cunctis</strong></span> <span class='ocrx_word' id='word_1_252' title='bbox 1554 2243 1749 2297; x_wconf 82' lang='lat' dir='ltr'><strong>grava-</strong></span> 
     </span>
    </p>
   </div>
   <div class='ocr_carea' id='block_1_39' title="bbox 209 2311 1751 2385">
    <p class='ocr_par' dir='ltr' id='par_1_39' title="bbox 209 2311 1751 2385">
     <span class='ocr_line' id='line_1_39' title="bbox 209 2311 1751 2385; baseline 0.005 -21"><span class='ocrx_word' id='word_1_253' title='bbox 209 2311 429 2378; x_wconf 82' lang='lat' dir='ltr'><strong>minibus,</strong></span> <span class='ocrx_word' id='word_1_254' title='bbox 454 2312 692 2367; x_wconf 81' lang='lat' dir='ltr'><strong>divinum</strong></span> <span class='ocrx_word' id='word_1_255' title='bbox 724 2330 855 2385; x_wconf 89' lang='lat' dir='ltr'><strong>opus</strong></span> <span class='ocrx_word' id='word_1_256' title='bbox 884 2331 1006 2369; x_wconf 89' lang='lat' dir='ltr'><strong>cum</strong></span> <span class='ocrx_word' id='word_1_257' title='bbox 1036 2330 1243 2368; x_wconf 90' lang='lat' dir='ltr'><strong>summa</strong></span> <span class='ocrx_word' id='word_1_258' title='bbox 1274 2317 1437 2370; x_wconf 91' lang='lat' dir='ltr'><strong>animi</strong></span> <span class='ocrx_word' id='word_1_259' title='bbox 1467 2317 1751 2373; x_wconf 87' lang='lat' dir='ltr'><strong>devotione</strong></span> 
     </span>
    </p>
   </div>
   <div class='ocr_carea' id='block_1_40' title="bbox 207 2403 1472 2471">
    <p class='ocr_par' dir='ltr' id='par_1_40' title="bbox 207 2403 1472 2471">
     <span class='ocr_line' id='line_1_40' title="bbox 207 2403 1472 2471; baseline 0.006 -20"><span class='ocrx_word' id='word_1_260' title='bbox 207 2404 469 2471; x_wconf 56' lang='lat' dir='ltr'><strong>perficiant.</strong></span> <span class='ocrx_word' id='word_1_261' title='bbox 508 2404 637 2457; x_wconf 80' lang='lat' dir='ltr'><strong>Data</strong></span> <span class='ocrx_word' id='word_1_262' title='bbox 675 2420 854 2459; x_wconf 88' lang='lat' dir='ltr'><strong>mense</strong></span> <span class='ocrx_word' id='word_1_263' title='bbox 890 2403 1053 2469; x_wconf 84' lang='lat' dir='ltr'><strong>Julio,</strong></span> <span class='ocrx_word' id='word_1_264' title='bbox 1085 2406 1269 2459; x_wconf 91' lang='lat' dir='ltr'><strong>indict.</strong></span> <span class='ocrx_word' id='word_1_265' title='bbox 1303 2422 1413 2459; x_wconf 65' lang='grc' dir='ltr'><strong>κεν.</strong></span> <span class='ocrx_word' id='word_1_266' title='bbox 1454 2427 1472 2458; x_wconf 77' lang='grc' dir='ltr'><strong>ι</strong></span> 
     </span>
    </p>
   </div>
   <div class='ocr_carea' id='block_1_41' title="bbox 263 2494 1749 2567">
    <p class='ocr_par' dir='ltr' id='par_1_41' title="bbox 263 2494 1749 2567">
     <span class='ocr_line' id='line_1_41' title="bbox 263 2494 1749 2567; baseline 0.005 -20"><span class='ocrx_word' id='word_1_267' title='bbox 263 2494 395 2560; x_wconf 88' lang='lat' dir='ltr'><strong>Quod</strong></span> <span class='ocrx_word' id='word_1_268' title='bbox 458 2511 567 2549; x_wconf 92' lang='lat' dir='ltr'><strong>non</strong></span> <span class='ocrx_word' id='word_1_269' title='bbox 619 2496 773 2550; x_wconf 86' lang='lat' dir='ltr'><strong>debet</strong></span> <span class='ocrx_word' id='word_1_270' title='bbox 827 2498 1109 2567; x_wconf 85' lang='lat' dir='ltr'><strong>episcopus</strong></span> <span class='ocrx_word' id='word_1_271' title='bbox 1161 2500 1545 2553; x_wconf 90' lang='lat' dir='ltr'><strong>monasterium</strong></span> <span class='ocrx_word' id='word_1_272' title='bbox 1608 2500 1749 2554; x_wconf 88' lang='lat' dir='ltr'><strong>inhi-</strong></span> 
     </span>
    </p>
   </div>
   <div class='ocr_carea' id='block_1_42' title="bbox 209 2584 1743 2657">
    <p class='ocr_par' dir='ltr' id='par_1_42' title="bbox 209 2584 1743 2657">
     <span class='ocr_line' id='line_1_42' title="bbox 209 2584 1743 2657; baseline 0.007 -22"><span class='ocrx_word' id='word_1_273' title='bbox 209 2584 307 2637; x_wconf 51' lang='lat' dir='ltr'><strong>l‘cre</strong></span> <span class='ocrx_word' id='word_1_274' title='bbox 338 2600 363 2637; x_wconf 90' lang='lat' dir='ltr'><strong>a</strong></span> <span class='ocrx_word' id='word_1_275' title='bbox 392 2585 573 2639; x_wconf 85' lang='lat' dir='ltr'><strong>missis</strong></span> <span class='ocrx_word' id='word_1_276' title='bbox 605 2600 702 2639; x_wconf 87' lang='lat' dir='ltr'><strong>nec</strong></span> <span class='ocrx_word' id='word_1_277' title='bbox 733 2602 759 2639; x_wconf 89' lang='lat' dir='ltr'><strong>a</strong></span> <span class='ocrx_word' id='word_1_278' title='bbox 789 2587 1061 2655; x_wconf 86' lang='lat' dir='ltr'><strong>scpultura</strong></span> <span class='ocrx_word' id='word_1_279' title='bbox 1096 2605 1109 2640; x_wconf 89' lang='lat'><strong>:</strong></span> <span class='ocrx_word' id='word_1_280' title='bbox 1151 2605 1168 2637; x_wconf 81' lang='grc' dir='ltr'><strong>ι</strong></span> <span class='ocrx_word' id='word_1_281' title='bbox 1215 2587 1508 2657; x_wconf 85' lang='lat' dir='ltr'><strong>Gregorius</strong></span> <span class='ocrx_word' id='word_1_282' title='bbox 1547 2588 1743 2645; x_wconf 83' lang='lat' dir='ltr'><strong>Joanui</strong></span> 
     </span>
    </p>
   </div>
   <div class='ocr_carea' id='block_1_43' title="bbox 207 2673 1748 2750">
    <p class='ocr_par' dir='ltr' id='par_1_43' title="bbox 207 2673 1748 2750">
     <span class='ocr_line' id='line_1_43' title="bbox 207 2673 1748 2750; baseline 0.008 -27"><span class='ocrx_word' id='word_1_283' title='bbox 207 2676 419 2743; x_wconf 73' lang='lat' dir='ltr'><strong>episcopo</strong></span> <span class='ocrx_word' id='word_1_284' title='bbox 469 2676 536 2729; x_wconf 90' lang='lat' dir='ltr'><strong>de</strong></span> <span class='ocrx_word' id='word_1_285' title='bbox 585 2673 727 2729; x_wconf 87' lang='lat' dir='ltr'><strong>U&#39;rbe</strong></span> <span class='ocrx_word' id='word_1_286' title='bbox 779 2677 971 2731; x_wconf 79' lang='lat' dir='ltr'><strong>Vetere</strong></span> <span class='ocrx_word' id='word_1_287' title='bbox 1024 2677 1241 2748; x_wconf 61' lang='lat' dir='ltr'><strong>(Epist,</strong></span> <span class='ocrx_word' id='word_1_288' title='bbox 1298 2696 1335 2743; x_wconf 90' lang='grc' dir='ltr'>ι,</span> <span class='ocrx_word' id='word_1_289' title='bbox 1385 2679 1494 2749; x_wconf 74' lang='grc'><strong>12).</strong></span> <span class='ocrx_word' id='word_1_290' title='bbox 1552 2681 1748 2750; x_wconf 76' lang='lat' dir='ltr'><strong>Agapi-</strong></span> 
     </span>
    </p>
   </div>
   <div class='ocr_carea' id='block_1_44' title="bbox 209 2767 1747 2842">
    <p class='ocr_par' dir='ltr' id='par_1_44' title="bbox 209 2767 1747 2842">
     <span class='ocr_line' id='line_1_44' title="bbox 209 2767 1747 2842; baseline 0.009 -26"><span class='ocrx_word' id='word_1_291' title='bbox 209 2778 275 2819; x_wconf 86' lang='lat' dir='ltr'><strong>tus</strong></span> <span class='ocrx_word' id='word_1_292' title='bbox 294 2767 447 2821; x_wconf 88' lang='lat' dir='ltr'><strong>abbas</strong></span> <span class='ocrx_word' id='word_1_293' title='bbox 468 2768 781 2822; x_wconf 90' lang='lat' dir='ltr'><strong>monasterii</strong></span> <span class='ocrx_word' id='word_1_294' title='bbox 820 2770 1003 2825; x_wconf 87' lang='lat' dir='ltr'><strong>Sancti</strong></span> <span class='ocrx_word' id='word_1_295' title='bbox 1032 2770 1244 2842; x_wconf 81' lang='lat' dir='ltr'><strong>Georgii</strong></span> <span class='ocrx_word' id='word_1_296' title='bbox 1275 2772 1571 2828; x_wconf 86' lang='lat' dir='ltr'><strong>insinuavit</strong></span> <span class='ocrx_word' id='word_1_297' title='bbox 1593 2776 1747 2830; x_wconf 89' lang='lat' dir='ltr'><strong>nobis</strong></span> 
     </span>
    </p>
   </div>
   <div class='ocr_carea' id='block_1_45' title="bbox 208 2860 1741 2937">
    <p class='ocr_par' dir='ltr' id='par_1_45' title="bbox 208 2860 1741 2937">
     <span class='ocr_line' id='line_1_45' title="bbox 208 2860 1741 2937; baseline 0.008 -28"><span class='ocrx_word' id='word_1_298' title='bbox 208 2860 395 2927; x_wconf 70' lang='lat' dir='ltr'><strong>plurima</strong></span> <span class='ocrx_word' id='word_1_299' title='bbox 426 2874 482 2914; x_wconf 92' lang='lat' dir='ltr'><strong>se</strong></span> <span class='ocrx_word' id='word_1_300' title='bbox 506 2860 581 2933; x_wconf 85' lang='lat' dir='ltr'><strong>[a]</strong></span> <span class='ocrx_word' id='word_1_301' title='bbox 608 2872 779 2915; x_wconf 84' lang='lat' dir='ltr'><strong>vestra</strong></span> <span class='ocrx_word' id='word_1_302' title='bbox 803 2865 1090 2920; x_wconf 87' lang='lat' dir='ltr'><strong>sanctitate</strong></span> <span class='ocrx_word' id='word_1_303' title='bbox 1112 2868 1426 2937; x_wconf 78' lang='lat' dir='ltr'><strong>gravamina</strong></span> <span class='ocrx_word' id='word_1_304' title='bbox 1452 2870 1741 2935; x_wconf 88' lang='lat' dir='ltr'><strong>sustinere,</strong></span> 
     </span>
    </p>
   </div>
   <div class='ocr_carea' id='block_1_46' title="bbox 208 2949 1745 3026">
    <p class='ocr_par' dir='ltr' id='par_1_46' title="bbox 208 2949 1745 3026">
     <span class='ocr_line' id='line_1_46' title="bbox 208 2949 1745 3026; baseline 0.011 -28"><span class='ocrx_word' id='word_1_305' title='bbox 208 2958 249 2999; x_wconf 80' lang='lat' dir='ltr'><strong>rt</strong></span> <span class='ocrx_word' id='word_1_306' title='bbox 274 2965 358 3003; x_wconf 91' lang='lat' dir='ltr'><strong>non</strong></span> <span class='ocrx_word' id='word_1_307' title='bbox 392 2949 562 3004; x_wconf 88' lang='lat' dir='ltr'><strong>solum</strong></span> <span class='ocrx_word' id='word_1_308' title='bbox 588 2951 639 3004; x_wconf 92' lang='lat' dir='ltr'><strong>in</strong></span> <span class='ocrx_word' id='word_1_309' title='bbox 668 2952 750 3007; x_wconf 92' lang='lat' dir='ltr'><strong>his</strong></span> <span class='ocrx_word' id='word_1_310' title='bbox 781 2951 888 3024; x_wconf 86' lang='lat' dir='ltr'><strong>[ad.</strong></span> <span class='ocrx_word' id='word_1_311' title='bbox 919 2954 998 3008; x_wconf 84' lang='lat' dir='ltr'><strong>vel</strong></span> <span class='ocrx_word' id='word_1_312' title='bbox 1024 2956 1234 3026; x_wconf 87' lang='lat' dir='ltr'><strong>contra]</strong></span> <span class='ocrx_word' id='word_1_313' title='bbox 1260 2972 1379 3026; x_wconf 74' lang='lat' dir='ltr'><strong>qua:</strong></span> <span class='ocrx_word' id='word_1_314' title='bbox 1404 2959 1745 3015; x_wconf 87' lang='lat' dir='ltr'><strong>necessitatis</strong></span> 
     </span>
    </p>
   </div>
   <div class='ocr_carea' id='block_1_47' title="bbox 210 3042 1741 3117">
    <p class='ocr_par' dir='ltr' id='par_1_47' title="bbox 210 3042 1741 3117">
     <span class='ocr_line' id='line_1_47' title="bbox 210 3042 1741 3117; baseline 0.011 -26"><span class='ocrx_word' id='word_1_315' title='bbox 210 3052 405 3110; x_wconf 74' lang='lat' dir='ltr'><strong>tmupore</strong></span> <span class='ocrx_word' id='word_1_316' title='bbox 433 3042 649 3112; x_wconf 87' lang='lat' dir='ltr'><strong>aliquod</strong></span> <span class='ocrx_word' id='word_1_317' title='bbox 677 3047 1061 3102; x_wconf 90' lang='lat' dir='ltr'><strong>monasterium</strong></span> <span class='ocrx_word' id='word_1_318' title='bbox 1092 3047 1261 3117; x_wconf 79' lang='lat' dir='ltr'><strong>possit</strong></span> <span class='ocrx_word' id='word_1_319' title='bbox 1291 3048 1539 3106; x_wconf 86' lang='lat' dir='ltr'><strong>subferre</strong></span> <span class='ocrx_word' id='word_1_320' title='bbox 1562 3052 1741 3107; x_wconf 89' lang='lat' dir='ltr'><strong>subsi-</strong></span> 
     </span>
    </p>
   </div>
   <div class='ocr_carea' id='block_1_48' title="bbox 1856 1860 3437 1932">
    <p class='ocr_par' dir='ltr' id='par_1_48' title="bbox 1856 1860 3437 1932">
     <span class='ocr_line' id='line_1_48' title="bbox 1856 1860 3437 1932; baseline -0.004 -13"><span class='ocrx_word' id='word_1_321' title='bbox 1856 1875 1940 1919; x_wconf 89' lang='lat' dir='ltr'><strong>est</strong></span> <span class='ocrx_word' id='word_1_322' title='bbox 1980 1875 2059 1929; x_wconf 89' lang='lat' dir='ltr'><strong>ut,</strong></span> <span class='ocrx_word' id='word_1_323' title='bbox 2094 1866 2261 1918; x_wconf 92' lang='lat' dir='ltr'><strong>invito</strong></span> <span class='ocrx_word' id='word_1_324' title='bbox 2287 1863 2531 1932; x_wconf 87' lang='lat' dir='ltr'><strong>ejusdem</strong></span> <span class='ocrx_word' id='word_1_325' title='bbox 2574 1865 2890 1920; x_wconf 89' lang='lat' dir='ltr'><strong>monasterii</strong></span> <span class='ocrx_word' id='word_1_326' title='bbox 2931 1863 3146 1928; x_wconf 89' lang='lat' dir='ltr'><strong>abbate,</strong></span> <span class='ocrx_word' id='word_1_327' title='bbox 3191 1862 3257 1915; x_wconf 92' lang='lat' dir='ltr'><strong>ad</strong></span> <span class='ocrx_word' id='word_1_328' title='bbox 3289 1860 3437 1916; x_wconf 87' lang='lat' dir='ltr'><strong>ordi-</strong></span> 
     </span>
    </p>
   </div>
   <div class='ocr_carea' id='block_1_49' title="bbox 1855 1949 3433 2019">
    <p class='ocr_par' dir='ltr' id='par_1_49' title="bbox 1855 1949 3433 2019">
     <span class='ocr_line' id='line_1_49' title="bbox 1855 1949 3433 2019; baseline -0.003 -13"><span class='ocrx_word' id='word_1_329' title='bbox 1855 1955 2028 2007; x_wconf 89' lang='lat' dir='ltr'><strong>nanda</strong></span> <span class='ocrx_word' id='word_1_330' title='bbox 2070 1954 2172 2008; x_wconf 89' lang='lat' dir='ltr'><strong>alia</strong></span> <span class='ocrx_word' id='word_1_331' title='bbox 2217 1954 2570 2019; x_wconf 90' lang='lat' dir='ltr'><strong>monasteria,</strong></span> <span class='ocrx_word' id='word_1_332' title='bbox 2611 1964 2704 2008; x_wconf 91' lang='lat' dir='ltr'><strong>aut</strong></span> <span class='ocrx_word' id='word_1_333' title='bbox 2744 1954 2811 2007; x_wconf 93' lang='lat' dir='ltr'><strong>ad</strong></span> <span class='ocrx_word' id='word_1_334' title='bbox 2850 1953 3068 2007; x_wconf 88' lang='lat' dir='ltr'><strong>ordines</strong></span> <span class='ocrx_word' id='word_1_335' title='bbox 3099 1966 3306 2017; x_wconf 87' lang='lat' dir='ltr'><strong>sacros,</strong></span> <span class='ocrx_word' id='word_1_336' title='bbox 3352 1949 3433 2004; x_wconf 85' lang='lat' dir='ltr'><strong>vel</strong></span> 
     </span>
    </p>
   </div>
   <div class='ocr_carea' id='block_1_50' title="bbox 1852 2044 3432 2108">
    <p class='ocr_par' dir='ltr' id='par_1_50' title="bbox 1852 2044 3432 2108">
     <span class='ocr_line' id='line_1_50' title="bbox 1852 2044 3432 2108; baseline -0.001 -11"><span class='ocrx_word' id='word_1_337' title='bbox 1852 2045 2137 2099; x_wconf 84' lang='lat' dir='ltr'><strong>clericatus</strong></span> <span class='ocrx_word' id='word_1_338' title='bbox 2157 2045 2390 2099; x_wconf 75' lang='lat' dir='ltr'><strong>ofﬁcium</strong></span> <span class='ocrx_word' id='word_1_339' title='bbox 2417 2046 2525 2100; x_wconf 85' lang='lat' dir='ltr'><strong>tolli</strong></span> <span class='ocrx_word' id='word_1_340' title='bbox 2548 2046 2742 2100; x_wconf 79' lang='lat' dir='ltr'><strong>exinde</strong></span> <span class='ocrx_word' id='word_1_341' title='bbox 2762 2045 3009 2099; x_wconf 87' lang='lat' dir='ltr'><strong>monachi</strong></span> <span class='ocrx_word' id='word_1_342' title='bbox 3038 2060 3142 2099; x_wconf 93' lang='lat' dir='ltr'><strong>non</strong></span> <span class='ocrx_word' id='word_1_343' title='bbox 3166 2044 3394 2098; x_wconf 80' lang='lat' dir='ltr'><strong>debeant</strong></span> <span class='ocrx_word' id='word_1_344' title='bbox 3417 2059 3432 2108; x_wconf 90' lang='lat'><strong>;</strong></span> 
     </span>
    </p>
   </div>
   <div class='ocr_carea' id='block_1_51' title="bbox 1851 2135 3436 2207">
    <p class='ocr_par' dir='ltr' id='par_1_51' title="bbox 1851 2135 3436 2207">
     <span class='ocr_line' id='line_1_51' title="bbox 1851 2135 3436 2207; baseline 0.001 -19"><span class='ocrx_word' id='word_1_345' title='bbox 1851 2136 1944 2188; x_wconf 90' lang='lat' dir='ltr'><strong>scd</strong></span> <span class='ocrx_word' id='word_1_346' title='bbox 1992 2137 2035 2189; x_wconf 65' lang='lat' dir='ltr'><strong>si</strong></span> <span class='ocrx_word' id='word_1_347' title='bbox 2074 2137 2413 2192; x_wconf 87' lang='lat' dir='ltr'><strong>abundantes</strong></span> <span class='ocrx_word' id='word_1_348' title='bbox 2451 2137 2652 2192; x_wconf 82' lang='lat' dir='ltr'><strong>fuerint</strong></span> <span class='ocrx_word' id='word_1_349' title='bbox 2694 2138 2783 2207; x_wconf 88' lang='lat' dir='ltr'><strong>qui</strong></span> <span class='ocrx_word' id='word_1_350' title='bbox 2821 2138 2887 2191; x_wconf 92' lang='lat' dir='ltr'><strong>ad</strong></span> <span class='ocrx_word' id='word_1_351' title='bbox 2930 2136 3283 2193; x_wconf 85' lang='lat' dir='ltr'><strong>celebrandas</strong></span> <span class='ocrx_word' id='word_1_352' title='bbox 3325 2135 3436 2190; x_wconf 85' lang='lat' dir='ltr'><strong>Deo</strong></span> 
     </span>
    </p>
   </div>
   <div class='ocr_carea' id='block_1_52' title="bbox 1852 2227 3431 2299">
    <p class='ocr_par' dir='ltr' id='par_1_52' title="bbox 1852 2227 3431 2299">
     <span class='ocr_line' id='line_1_52' title="bbox 1852 2227 3431 2299; baseline 0.003 -20"><span class='ocrx_word' id='word_1_353' title='bbox 1852 2227 2039 2282; x_wconf 83' lang='lat' dir='ltr'><strong>laudes</strong></span> <span class='ocrx_word' id='word_1_354' title='bbox 2096 2229 2179 2283; x_wconf 88' lang='lat' dir='ltr'><strong>vel</strong></span> <span class='ocrx_word' id='word_1_355' title='bbox 2248 2230 2508 2287; x_wconf 88' lang='lat' dir='ltr'><strong>utilitates</strong></span> <span class='ocrx_word' id='word_1_356' title='bbox 2574 2231 3024 2285; x_wconf 84' lang='lat' dir='ltr'><strong>monasteriorum</strong></span> <span class='ocrx_word' id='word_1_357' title='bbox 3078 2229 3431 2299; x_wconf 81' lang='lat' dir='ltr'><strong>complendas</strong></span> 
     </span>
    </p>
   </div>
   <div class='ocr_carea' id='block_1_53' title="bbox 1848 2319 3431 2390">
    <p class='ocr_par' dir='ltr' id='par_1_53' title="bbox 1848 2319 3431 2390">
     <span class='ocr_line' id='line_1_53' title="bbox 1848 2319 3431 2390; baseline 0.001 -18"><span class='ocrx_word' id='word_1_358' title='bbox 1848 2319 2135 2384; x_wconf 80' lang='lat' dir='ltr'><strong>sulliciant,</strong></span> <span class='ocrx_word' id='word_1_359' title='bbox 2183 2321 2350 2376; x_wconf 88' lang='lat' dir='ltr'><strong>abbas</strong></span> <span class='ocrx_word' id='word_1_360' title='bbox 2379 2338 2501 2376; x_wconf 88' lang='lat' dir='ltr'><strong>cum</strong></span> <span class='ocrx_word' id='word_1_361' title='bbox 2544 2322 2830 2377; x_wconf 81' lang='lat' dir='ltr'><strong>devotione</strong></span> <span class='ocrx_word' id='word_1_362' title='bbox 2878 2323 2945 2375; x_wconf 90' lang='lat' dir='ltr'><strong>de</strong></span> <span class='ocrx_word' id='word_1_363' title='bbox 2988 2321 3073 2375; x_wconf 92' lang='lat' dir='ltr'><strong>his</strong></span> <span class='ocrx_word' id='word_1_364' title='bbox 3110 2321 3201 2390; x_wconf 92' lang='lat' dir='ltr'><strong>qui</strong></span> <span class='ocrx_word' id='word_1_365' title='bbox 3238 2334 3431 2389; x_wconf 88' lang='lat' dir='ltr'><strong>super-</strong></span> 
     </span>
    </p>
   </div>
   <div class='ocr_carea' id='block_1_54' title="bbox 1850 2411 3429 2485">
    <p class='ocr_par' dir='ltr' id='par_1_54' title="bbox 1850 2411 3429 2485">
     <span class='ocr_line' id='line_1_54' title="bbox 1850 2411 3429 2485; baseline -0.001 -20"><span class='ocrx_word' id='word_1_366' title='bbox 1850 2412 2047 2465; x_wconf 74' lang='lat' dir='ltr'><strong>fui-rint</strong></span> <span class='ocrx_word' id='word_1_367' title='bbox 2091 2412 2283 2467; x_wconf 83' lang='lat' dir='ltr'><strong>olferat</strong></span> <span class='ocrx_word' id='word_1_368' title='bbox 2330 2428 2467 2483; x_wconf 90' lang='lat' dir='ltr'><strong>quos</strong></span> <span class='ocrx_word' id='word_1_369' title='bbox 2521 2414 2714 2485; x_wconf 85' lang='lat' dir='ltr'><strong>dignos</strong></span> <span class='ocrx_word' id='word_1_370' title='bbox 2756 2428 2940 2468; x_wconf 88' lang='lat' dir='ltr'><strong>coram</strong></span> <span class='ocrx_word' id='word_1_371' title='bbox 2989 2412 3097 2467; x_wconf 89' lang='lat' dir='ltr'><strong>Deo</strong></span> <span class='ocrx_word' id='word_1_372' title='bbox 3142 2411 3429 2482; x_wconf 86' lang='lat' dir='ltr'><strong>putaverit.</strong></span> 
     </span>
    </p>
   </div>
   <div class='ocr_carea' id='block_1_55' title="bbox 1849 2500 3429 2569">
    <p class='ocr_par' dir='ltr' id='par_1_55' title="bbox 1849 2500 3429 2569">
     <span class='ocr_line' id='line_1_55' title="bbox 1849 2500 3429 2569; baseline -0.001 -14"><span class='ocrx_word' id='word_1_373' title='bbox 1849 2505 2001 2569; x_wconf 88' lang='lat' dir='ltr'><strong>Quod</strong></span> <span class='ocrx_word' id='word_1_374' title='bbox 2032 2504 2077 2557; x_wconf 90' lang='lat' dir='ltr'><strong>si</strong></span> <span class='ocrx_word' id='word_1_375' title='bbox 2105 2504 2433 2558; x_wconf 84' lang='lat' dir='ltr'><strong>suﬂicienter</strong></span> <span class='ocrx_word' id='word_1_376' title='bbox 2472 2504 2679 2559; x_wconf 87' lang='lat' dir='ltr'><strong>habens</strong></span> <span class='ocrx_word' id='word_1_377' title='bbox 2717 2503 2847 2557; x_wconf 89' lang='lat' dir='ltr'><strong>dare</strong></span> <span class='ocrx_word' id='word_1_378' title='bbox 2874 2502 3131 2564; x_wconf 86' lang='lat' dir='ltr'><strong>noluerit,</strong></span> <span class='ocrx_word' id='word_1_379' title='bbox 3166 2512 3290 2555; x_wconf 93' lang='lat' dir='ltr'><strong>tunc</strong></span> <span class='ocrx_word' id='word_1_380' title='bbox 3321 2500 3429 2554; x_wconf 66' lang='lat' dir='ltr'><strong>lia-</strong></span> 
     </span>
    </p>
   </div>
   <div class='ocr_carea' id='block_1_56' title="bbox 1848 2592 3431 2666">
    <p class='ocr_par' dir='ltr' id='par_1_56' title="bbox 1848 2592 3431 2666">
     <span class='ocr_line' id='line_1_56' title="bbox 1848 2592 3431 2666; baseline -0.002 -17"><span class='ocrx_word' id='word_1_381' title='bbox 1848 2598 2098 2651; x_wconf 89' lang='lat' dir='ltr'><strong>venuatis</strong></span> <span class='ocrx_word' id='word_1_382' title='bbox 2128 2597 2413 2666; x_wconf 90' lang='lat' dir='ltr'><strong>episcopus</strong></span> <span class='ocrx_word' id='word_1_383' title='bbox 2442 2597 2506 2651; x_wconf 91' lang='lat' dir='ltr'><strong>ad</strong></span> <span class='ocrx_word' id='word_1_384' title='bbox 2538 2597 2837 2652; x_wconf 87' lang='lat' dir='ltr'><strong>ordinanda</strong></span> <span class='ocrx_word' id='word_1_385' title='bbox 2870 2596 2971 2649; x_wconf 88' lang='lat' dir='ltr'><strong>alia</strong></span> <span class='ocrx_word' id='word_1_386' title='bbox 3006 2593 3331 2649; x_wconf 85' lang='lat' dir='ltr'><strong>monasteria</strong></span> <span class='ocrx_word' id='word_1_387' title='bbox 3363 2592 3431 2646; x_wconf 90' lang='lat' dir='ltr'><strong>de</strong></span> 
     </span>
    </p>
   </div>
   <div class='ocr_carea' id='block_1_57' title="bbox 1848 2687 3428 2759">
    <p class='ocr_par' dir='ltr' id='par_1_57' title="bbox 1848 2687 3428 2759">
     <span class='ocr_line' id='line_1_57' title="bbox 1848 2687 3428 2759; baseline -0.005 -14"><span class='ocrx_word' id='word_1_388' title='bbox 1848 2691 1933 2745; x_wconf 92' lang='lat' dir='ltr'><strong>his</strong></span> <span class='ocrx_word' id='word_1_389' title='bbox 1979 2691 2070 2759; x_wconf 92' lang='lat' dir='ltr'><strong>qui</strong></span> <span class='ocrx_word' id='word_1_390' title='bbox 2113 2698 2403 2758; x_wconf 92' lang='lat' dir='ltr'><strong>supersunt</strong></span> <span class='ocrx_word' id='word_1_391' title='bbox 2437 2689 2608 2744; x_wconf 89' lang='lat' dir='ltr'><strong>tollat.</strong></span> <span class='ocrx_word' id='word_1_392' title='bbox 2659 2690 2739 2743; x_wconf 82' lang='lat' dir='ltr'><strong>Ad</strong></span> <span class='ocrx_word' id='word_1_393' title='bbox 2778 2687 3206 2743; x_wconf 89' lang='lat' dir='ltr'><strong>ecclesiasticum</strong></span> <span class='ocrx_word' id='word_1_394' title='bbox 3248 2694 3428 2738; x_wconf 92' lang='lat' dir='ltr'><strong>tamen</strong></span> 
     </span>
    </p>
   </div>
   <div class='ocr_carea' id='block_1_58' title="bbox 1845 2775 3427 2848">
    <p class='ocr_par' dir='ltr' id='par_1_58' title="bbox 1845 2775 3427 2848">
     <span class='ocr_line' id='line_1_58' title="bbox 1845 2775 3427 2848; baseline -0.001 -18"><span class='ocrx_word' id='word_1_395' title='bbox 1845 2779 2076 2834; x_wconf 78' lang='lat' dir='ltr'><strong>alliciunt</strong></span> <span class='ocrx_word' id='word_1_396' title='bbox 2110 2778 2287 2834; x_wconf 91' lang='lat' dir='ltr'><strong>nullus</strong></span> <span class='ocrx_word' id='word_1_397' title='bbox 2325 2780 2519 2835; x_wconf 73' lang='lat' dir='ltr'><strong>exinde</strong></span> <span class='ocrx_word' id='word_1_398' title='bbox 2550 2779 2904 2848; x_wconf 89' lang='lat' dir='ltr'><strong>producatur,</strong></span> <span class='ocrx_word' id='word_1_399' title='bbox 2940 2777 3042 2831; x_wconf 90' lang='lat' dir='ltr'><strong>nisi</strong></span> <span class='ocrx_word' id='word_1_400' title='bbox 3069 2791 3227 2845; x_wconf 89' lang='lat' dir='ltr'><strong>quem</strong></span> <span class='ocrx_word' id='word_1_401' title='bbox 3258 2775 3427 2829; x_wconf 86' lang='lat' dir='ltr'><strong>abbas</strong></span> 
     </span>
    </p>
   </div>
   <div class='ocr_carea' id='block_1_59' title="bbox 1846 2867 3425 2941">
    <p class='ocr_par' dir='ltr' id='par_1_59' title="bbox 1846 2867 3425 2941">
     <span class='ocr_line' id='line_1_59' title="bbox 1846 2867 3425 2941; baseline -0.001 -18"><span class='ocrx_word' id='word_1_402' title='bbox 1846 2869 1945 2923; x_wconf 83' lang='lat' dir='ltr'><strong>loci</strong></span> <span class='ocrx_word' id='word_1_403' title='bbox 1982 2871 2287 2925; x_wconf 90' lang='lat' dir='ltr'><strong>admonitus</strong></span> <span class='ocrx_word' id='word_1_404' title='bbox 2309 2871 2525 2941; x_wconf 88' lang='lat' dir='ltr'><strong>propria</strong></span> <span class='ocrx_word' id='word_1_405' title='bbox 2554 2870 2834 2926; x_wconf 89' lang='lat' dir='ltr'><strong>voluntate</strong></span> <span class='ocrx_word' id='word_1_406' title='bbox 2855 2870 3131 2924; x_wconf 87' lang='lat' dir='ltr'><strong>obtulerit.</strong></span> <span class='ocrx_word' id='word_1_407' title='bbox 3162 2867 3425 2937; x_wconf 85' lang='lat' dir='ltr'><strong>Quisquis</strong></span> 
     </span>
    </p>
   </div>
   <div class='ocr_carea' id='block_1_60' title="bbox 1846 2957 3425 3029">
    <p class='ocr_par' dir='ltr' id='par_1_60' title="bbox 1846 2957 3425 3029">
     <span class='ocr_line' id='line_1_60' title="bbox 1846 2957 3425 3029; baseline -0.003 -16"><span class='ocrx_word' id='word_1_408' title='bbox 1846 2972 2025 3014; x_wconf 90' lang='lat' dir='ltr'><strong>autem</strong></span> <span class='ocrx_word' id='word_1_409' title='bbox 2071 2975 2135 3014; x_wconf 82' lang='lat' dir='ltr'><strong>ex</strong></span> <span class='ocrx_word' id='word_1_410' title='bbox 2188 2961 2447 3029; x_wconf 75' lang='lat' dir='ltr'><strong>praedicto</strong></span> <span class='ocrx_word' id='word_1_411' title='bbox 2497 2960 2828 3014; x_wconf 88' lang='lat' dir='ltr'><strong>monasterio</strong></span> <span class='ocrx_word' id='word_1_412' title='bbox 2872 2958 2940 3013; x_wconf 88' lang='lat' dir='ltr'><strong>ad</strong></span> <span class='ocrx_word' id='word_1_413' title='bbox 2993 2957 3425 3012; x_wconf 85' lang='lat' dir='ltr'><strong>ecclesiasticum</strong></span> 
     </span>
    </p>
   </div>
   <div class='ocr_carea' id='block_1_61' title="bbox 1845 3048 3427 3122">
    <p class='ocr_par' dir='ltr' id='par_1_61' title="bbox 1845 3048 3427 3122">
     <span class='ocr_line' id='line_1_61' title="bbox 1845 3048 3427 3122; baseline -0.003 -16"><span class='ocrx_word' id='word_1_414' title='bbox 1845 3052 2173 3122; x_wconf 83' lang='lat' dir='ltr'><strong>pervenerit,</strong></span> <span class='ocrx_word' id='word_1_415' title='bbox 2206 3051 2434 3106; x_wconf 90' lang='lat' dir='ltr'><strong>ulterius</strong></span> <span class='ocrx_word' id='word_1_416' title='bbox 2465 3051 2577 3106; x_wconf 91' lang='lat' dir='ltr'><strong>illie</strong></span> <span class='ocrx_word' id='word_1_417' title='bbox 2607 3065 2674 3104; x_wconf 91' lang='lat' dir='ltr'><strong>ne</strong></span> <span class='ocrx_word' id='word_1_418' title='bbox 2701 3058 3024 3120; x_wconf 88' lang='lat' dir='ltr'><strong>potestatem</strong></span> <span class='ocrx_word' id='word_1_419' title='bbox 3056 3048 3294 3117; x_wconf 83' lang='lat' dir='ltr'><strong>aliquam</strong></span> <span class='ocrx_word' id='word_1_420' title='bbox 3328 3061 3427 3101; x_wconf 91' lang='lat' dir='ltr'><strong>ncc</strong></span> 
     </span>
    </p>
   </div>
   <div class='ocr_carea' id='block_1_62' title="bbox 210 3125 3426 3215">
    <p class='ocr_par' dir='ltr' id='par_1_62' title="bbox 210 3125 3426 3215">
     <span class='ocr_line' id='line_1_62' title="bbox 210 3125 3426 3215; baseline 0.003 -35"><span class='ocrx_word' id='word_1_421' title='bbox 210 3132 341 3195; x_wconf 82' lang='lat' dir='ltr'><strong>dium,</strong></span> <span class='ocrx_word' id='word_1_422' title='bbox 369 3149 551 3187; x_wconf 90' lang='lat' dir='ltr'><strong>verum</strong></span> <span class='ocrx_word' id='word_1_423' title='bbox 574 3137 737 3191; x_wconf 91' lang='lat' dir='ltr'><strong>etiam</strong></span> <span class='ocrx_word' id='word_1_424' title='bbox 765 3138 815 3191; x_wconf 92' lang='lat' dir='ltr'><strong>in</strong></span> <span class='ocrx_word' id='word_1_425' title='bbox 849 3139 963 3208; x_wconf 92' lang='lat' dir='ltr'><strong>ipso</strong></span> <span class='ocrx_word' id='word_1_426' title='bbox 990 3144 1321 3198; x_wconf 91' lang='lat' dir='ltr'><strong>monasterio</strong></span> <span class='ocrx_word' id='word_1_427' title='bbox 1345 3144 1538 3200; x_wconf 90' lang='lat' dir='ltr'><strong>missas</strong></span> <span class='ocrx_word' id='word_1_428' title='bbox 1559 3147 1739 3215; x_wconf 88' lang='lat' dir='ltr'><strong>prohi-</strong></span> <span class='ocrx_word' id='word_1_429' title='bbox 1766 3125 1814 3188; x_wconf 69' lang='grc' dir='ltr'>ο</span> <span class='ocrx_word' id='word_1_430' title='bbox 1845 3141 2117 3196; x_wconf 88' lang='lat' dir='ltr'><strong>licentiam</strong></span> <span class='ocrx_word' id='word_1_431' title='bbox 2159 3142 2355 3195; x_wconf 86' lang='lat' dir='ltr'><strong>habeat</strong></span> <span class='ocrx_word' id='word_1_432' title='bbox 2405 3141 2705 3195; x_wconf 89' lang='lat' dir='ltr'><strong>habitandi.</strong></span> <span class='ocrx_word' id='word_1_433' title='bbox 2760 3138 3171 3197; x_wconf 88' lang='lat' dir='ltr'><strong>Observandum</strong></span> <span class='ocrx_word' id='word_1_434' title='bbox 3212 3154 3426 3209; x_wconf 90' lang='lat' dir='ltr'><strong>quoque</strong></span> 
     </span>
    </p>
   </div>
   <div class='ocr_carea' id='block_1_63' title="bbox 210 3223 1739 3295">
    <p class='ocr_par' dir='ltr' id='par_1_63' title="bbox 210 3223 1739 3295">
     <span class='ocr_line' id='line_1_63' title="bbox 210 3223 1739 3295; baseline 0.012 -25"><span class='ocrx_word' id='word_1_435' title='bbox 210 3224 308 3272; x_wconf 81' lang='lat' dir='ltr'><strong>beas</strong></span> <span class='ocrx_word' id='word_1_436' title='bbox 336 3223 610 3288; x_wconf 90' lang='lat' dir='ltr'><strong>celebrari,</strong></span> <span class='ocrx_word' id='word_1_437' title='bbox 642 3227 854 3295; x_wconf 87' lang='lat' dir='ltr'><strong>sepeliri</strong></span> <span class='ocrx_word' id='word_1_438' title='bbox 880 3230 1044 3283; x_wconf 90' lang='lat' dir='ltr'><strong>etiam</strong></span> <span class='ocrx_word' id='word_1_439' title='bbox 1076 3230 1271 3286; x_wconf 90' lang='lat' dir='ltr'><strong>ibidem</strong></span> <span class='ocrx_word' id='word_1_440' title='bbox 1298 3244 1542 3288; x_wconf 87' lang='lat' dir='ltr'><strong>mortuos</strong></span> <span class='ocrx_word' id='word_1_441' title='bbox 1570 3235 1739 3289; x_wconf 87' lang='lat' dir='ltr'><strong>inter-</strong></span> 
     </span>
    </p>
   </div>
   <div class='ocr_carea' id='block_1_64' title="bbox 211 3308 1737 3383">
    <p class='ocr_par' dir='ltr' id='par_1_64' title="bbox 211 3308 1737 3383">
     <span class='ocr_line' id='line_1_64' title="bbox 211 3308 1737 3383; baseline 0.014 -24"><span class='ocrx_word' id='word_1_442' title='bbox 211 3308 327 3363; x_wconf 72' lang='lat' dir='ltr'><strong>diras</strong></span> <span class='ocrx_word' id='word_1_443' title='bbox 353 3330 363 3364; x_wconf 90' lang='lat'>:</span> <span class='ocrx_word' id='word_1_444' title='bbox 385 3314 525 3383; x_wconf 89' lang='lat' dir='ltr'><strong>quod</strong></span> <span class='ocrx_word' id='word_1_445' title='bbox 556 3317 600 3369; x_wconf 90' lang='lat' dir='ltr'><strong>si</strong></span> <span class='ocrx_word' id='word_1_446' title='bbox 628 3316 698 3370; x_wconf 87' lang='lat' dir='ltr'><strong>ita</strong></span> <span class='ocrx_word' id='word_1_447' title='bbox 730 3327 831 3381; x_wconf 89' lang='lat' dir='ltr'><strong>est,</strong></span> <span class='ocrx_word' id='word_1_448' title='bbox 859 3333 888 3371; x_wconf 87' lang='lat' dir='ltr'><strong>a</strong></span> <span class='ocrx_word' id='word_1_449' title='bbox 929 3320 1019 3372; x_wconf 87' lang='lat' dir='ltr'><strong>tali</strong></span> <span class='ocrx_word' id='word_1_450' title='bbox 1048 3336 1142 3375; x_wconf 84' lang='lat' dir='ltr'><strong>vos</strong></span> <span class='ocrx_word' id='word_1_451' title='bbox 1168 3321 1451 3377; x_wconf 90' lang='lat' dir='ltr'><strong>hortamur</strong></span> <span class='ocrx_word' id='word_1_452' title='bbox 1486 3324 1737 3379; x_wconf 90' lang='lat' dir='ltr'><strong>inhuma-</strong></span> 
     </span>
    </p>
   </div>
   <div class='ocr_carea' id='block_1_65' title="bbox 212 3400 1737 3479">
    <p class='ocr_par' dir='ltr' id='par_1_65' title="bbox 212 3400 1737 3479">
     <span class='ocr_line' id='line_1_65' title="bbox 212 3400 1737 3479; baseline 0.012 -27"><span class='ocrx_word' id='word_1_453' title='bbox 212 3400 345 3457; x_wconf 85' lang='lat' dir='ltr'><strong>nitate</strong></span> <span class='ocrx_word' id='word_1_454' title='bbox 386 3407 661 3475; x_wconf 87' lang='lat' dir='ltr'><strong>suspendi,</strong></span> <span class='ocrx_word' id='word_1_455' title='bbox 708 3415 761 3462; x_wconf 92' lang='lat' dir='ltr'><strong>et</strong></span> <span class='ocrx_word' id='word_1_456' title='bbox 810 3411 1028 3478; x_wconf 85' lang='lat' dir='ltr'><strong>sepeliri</strong></span> <span class='ocrx_word' id='word_1_457' title='bbox 1084 3411 1282 3466; x_wconf 87' lang='lat' dir='ltr'><strong>ibidem</strong></span> <span class='ocrx_word' id='word_1_458' title='bbox 1333 3424 1601 3479; x_wconf 89' lang='lat' dir='ltr'><strong>mortuos,</strong></span> <span class='ocrx_word' id='word_1_459' title='bbox 1650 3417 1737 3471; x_wconf 86' lang='lat' dir='ltr'><strong>vel</strong></span> 
     </span>
    </p>
   </div>
   <div class='ocr_carea' id='block_1_66' title="bbox 211 3491 1734 3574">
    <p class='ocr_par' dir='ltr' id='par_1_66' title="bbox 211 3491 1734 3574">
     <span class='ocr_line' id='line_1_66' title="bbox 211 3491 1734 3574; baseline 0.013 -32"><span class='ocrx_word' id='word_1_460' title='bbox 211 3491 422 3549; x_wconf 80' lang='lat' dir='ltr'><strong>celebrari</strong></span> <span class='ocrx_word' id='word_1_461' title='bbox 450 3497 662 3561; x_wconf 90' lang='lat' dir='ltr'><strong>missas,</strong></span> <span class='ocrx_word' id='word_1_462' title='bbox 687 3500 829 3554; x_wconf 92' lang='lat' dir='ltr'><strong>nulla</strong></span> <span class='ocrx_word' id='word_1_463' title='bbox 846 3500 1264 3559; x_wconf 88' lang='lat' dir='ltr'><strong>ulteriushabita</strong></span> <span class='ocrx_word' id='word_1_464' title='bbox 1288 3508 1734 3574; x_wconf 87' lang='lat' dir='ltr'><strong>contradictione,</strong></span> 
     </span>
    </p>
   </div>
   <div class='ocr_carea' id='block_1_67' title="bbox 212 3584 1737 3667">
    <p class='ocr_par' dir='ltr' id='par_1_67' title="bbox 212 3584 1737 3667">
     <span class='ocr_line' id='line_1_67' title="bbox 212 3584 1737 3667; baseline 0.014 -35"><span class='ocrx_word' id='word_1_465' title='bbox 212 3584 467 3649; x_wconf 76' lang='lat' dir='ltr'><strong>permittas;</strong></span> <span class='ocrx_word' id='word_1_466' title='bbox 513 3602 612 3643; x_wconf 91' lang='lat' dir='ltr'><strong>nec</strong></span> <span class='ocrx_word' id='word_1_467' title='bbox 658 3589 835 3645; x_wconf 91' lang='lat' dir='ltr'><strong>denuo</strong></span> <span class='ocrx_word' id='word_1_468' title='bbox 875 3592 1150 3661; x_wconf 86' lang='lat' dir='ltr'><strong>querelam</strong></span> <span class='ocrx_word' id='word_1_469' title='bbox 1196 3595 1263 3650; x_wconf 91' lang='lat' dir='ltr'><strong>de</strong></span> <span class='ocrx_word' id='word_1_470' title='bbox 1303 3594 1389 3651; x_wconf 87' lang='lat' dir='ltr'><strong>his</strong></span> <span class='ocrx_word' id='word_1_471' title='bbox 1430 3611 1551 3667; x_wconf 58' lang='lat' dir='ltr'><strong>qua;</strong></span> <span class='ocrx_word' id='word_1_472' title='bbox 1594 3599 1737 3655; x_wconf 84' lang='lat' dir='ltr'><strong>dicta</strong></span> 
     </span>
    </p>
   </div>
   <div class='ocr_carea' id='block_1_68' title="bbox 214 3679 1731 3761">
    <p class='ocr_par' dir='ltr' id='par_1_68' title="bbox 214 3679 1731 3761">
     <span class='ocr_line' id='line_1_68' title="bbox 214 3679 1731 3761; baseline 0.016 -38"><span class='ocrx_word' id='word_1_473' title='bbox 214 3685 308 3725; x_wconf 84' lang='lat' dir='ltr'><strong>sunt</strong></span> <span class='ocrx_word' id='word_1_474' title='bbox 325 3679 596 3744; x_wconf 73' lang='lat' dir='ltr'><strong>przcdictus</strong></span> <span class='ocrx_word' id='word_1_475' title='bbox 616 3681 697 3735; x_wconf 90' lang='lat' dir='ltr'><strong>vir</strong></span> <span class='ocrx_word' id='word_1_476' title='bbox 717 3686 1042 3742; x_wconf 88' lang='lat' dir='ltr'><strong>venerabilis</strong></span> <span class='ocrx_word' id='word_1_477' title='bbox 1065 3690 1334 3759; x_wconf 91' lang='lat' dir='ltr'><strong>deponere</strong></span> <span class='ocrx_word' id='word_1_478' title='bbox 1355 3692 1731 3761; x_wconf 88' lang='lat' dir='ltr'><strong>compellatur;</strong></span> 
     </span>
    </p>
   </div>
   <div class='ocr_carea' id='block_1_69' title="bbox 213 3768 1733 3847">
    <p class='ocr_par' dir='ltr' id='par_1_69' title="bbox 213 3768 1733 3847">
     <span class='ocr_line' id='line_1_69' title="bbox 213 3768 1733 3847; baseline 0.013 -28"><span class='ocrx_word' id='word_1_479' title='bbox 213 3768 322 3831; x_wconf 82' lang='lat' dir='ltr'><strong>quod</strong></span> <span class='ocrx_word' id='word_1_480' title='bbox 345 3784 433 3823; x_wconf 92' lang='lat' dir='ltr'><strong>non</strong></span> <span class='ocrx_word' id='word_1_481' title='bbox 464 3771 656 3827; x_wconf 85' lang='lat' dir='ltr'><strong>debeat</strong></span> <span class='ocrx_word' id='word_1_482' title='bbox 690 3776 975 3847; x_wconf 82' lang='lat' dir='ltr'><strong>episcopus</strong></span> <span class='ocrx_word' id='word_1_483' title='bbox 1016 3781 1402 3836; x_wconf 91' lang='lat' dir='ltr'><strong>monasterium</strong></span> <span class='ocrx_word' id='word_1_484' title='bbox 1430 3783 1675 3840; x_wconf 89' lang='lat' dir='ltr'><strong>inhibere</strong></span> <span class='ocrx_word' id='word_1_485' title='bbox 1704 3800 1733 3839; x_wconf 91' lang='lat' dir='ltr'><strong>a</strong></span> 
     </span>
    </p>
   </div>
   <div class='ocr_carea' id='block_1_70' title="bbox 218 3856 1732 3944">
    <p class='ocr_par' dir='ltr' id='par_1_70' title="bbox 218 3856 1732 3944">
     <span class='ocr_line' id='line_1_70' title="bbox 218 3856 1732 3944; baseline 0.018 -40"><span class='ocrx_word' id='word_1_486' title='bbox 218 3856 376 3912; x_wconf 79' lang='lat' dir='ltr'><strong>missis.</strong></span> <span class='ocrx_word' id='word_1_487' title='bbox 410 3879 426 3911; x_wconf 82' lang='grc' dir='ltr'><strong>ι</strong></span> <span class='ocrx_word' id='word_1_488' title='bbox 472 3860 605 3917; x_wconf 87' lang='lat' dir='ltr'><strong>Item</strong></span> <span class='ocrx_word' id='word_1_489' title='bbox 636 3864 959 3921; x_wconf 83' lang='lat' dir='ltr'><strong>Martiniano</strong></span> <span class='ocrx_word' id='word_1_490' title='bbox 994 3871 1243 3942; x_wconf 89' lang='lat' dir='ltr'><strong>episcopo</strong></span> <span class='ocrx_word' id='word_1_491' title='bbox 1283 3875 1406 3943; x_wconf 85' lang='lat' dir='ltr'><strong>(lo.,</strong></span> <span class='ocrx_word' id='word_1_492' title='bbox 1452 3876 1604 3943; x_wconf 83' lang='lat' dir='ltr'><strong>ibid.,</strong></span> <span class='ocrx_word' id='word_1_493' title='bbox 1634 3892 1732 3944; x_wconf 88' lang='lat' dir='ltr'><strong>vu,</strong></span> 
     </span>
    </p>
   </div>
   <div class='ocr_carea' id='block_1_71' title="bbox 217 3944 1733 4025">
    <p class='ocr_par' dir='ltr' id='par_1_71' title="bbox 217 3944 1733 4025">
     <span class='ocr_line' id='line_1_71' title="bbox 217 3944 1733 4025; baseline 0.017 -29"><span class='ocrx_word' id='word_1_494' title='bbox 217 3944 452 4004; x_wconf 74' lang='lat' dir='ltr'><strong>lSJndict.</strong></span> <span class='ocrx_word' id='word_1_495' title='bbox 476 3956 513 4025; x_wconf 90' lang='grc' dir='ltr'>ι)</span> <span class='ocrx_word' id='word_1_496' title='bbox 534 3972 546 4006; x_wconf 93' lang='lat'>:</span> <span class='ocrx_word' id='word_1_497' title='bbox 569 3972 587 4004; x_wconf 79' lang='grc' dir='ltr'><strong>ι</strong></span> <span class='ocrx_word' id='word_1_498' title='bbox 612 3955 780 4022; x_wconf 90' lang='lat' dir='ltr'><strong>Quam</strong></span> <span class='ocrx_word' id='word_1_499' title='bbox 803 3958 871 4012; x_wconf 88' lang='lat' dir='ltr'><strong>sit</strong></span> <span class='ocrx_word' id='word_1_500' title='bbox 893 3964 1254 4016; x_wconf 89' lang='lat' dir='ltr'><strong>necessarium</strong></span> <span class='ocrx_word' id='word_1_501' title='bbox 1279 3968 1733 4022; x_wconf 90' lang='lat' dir='ltr'><strong>monasteriorum</strong></span> 
     </span>
    </p>
   </div>
   <div class='ocr_carea' id='block_1_72' title="bbox 216 4038 1733 4130">
    <p class='ocr_par' dir='ltr' id='par_1_72' title="bbox 216 4038 1733 4130">
     <span class='ocr_line' id='line_1_72' title="bbox 216 4038 1733 4130; baseline 0.019 -44"><span class='ocrx_word' id='word_1_502' title='bbox 216 4038 346 4101; x_wconf 83' lang='lat' dir='ltr'><strong>quieti</strong></span> <span class='ocrx_word' id='word_1_503' title='bbox 385 4047 683 4116; x_wconf 88' lang='lat' dir='ltr'><strong>prospicere</strong></span> <span class='ocrx_word' id='word_1_504' title='bbox 715 4058 767 4104; x_wconf 91' lang='lat' dir='ltr'><strong>et</strong></span> <span class='ocrx_word' id='word_1_505' title='bbox 802 4051 868 4106; x_wconf 88' lang='lat' dir='ltr'><strong>de</strong></span> <span class='ocrx_word' id='word_1_506' title='bbox 911 4067 1096 4109; x_wconf 89' lang='lat' dir='ltr'><strong>eorum</strong></span> <span class='ocrx_word' id='word_1_507' title='bbox 1138 4058 1431 4114; x_wconf 89' lang='lat' dir='ltr'><strong>securitate</strong></span> <span class='ocrx_word' id='word_1_508' title='bbox 1471 4070 1733 4130; x_wconf 89' lang='lat' dir='ltr'><strong>perpetua</strong></span> 
     </span>
    </p>
   </div>
   <div class='ocr_carea' id='block_1_73' title="bbox 216 4134 1734 4223">
    <p class='ocr_par' dir='ltr' id='par_1_73' title="bbox 216 4134 1734 4223">
     <span class='ocr_line' id='line_1_73' title="bbox 216 4134 1734 4223; baseline 0.02 -45"><span class='ocrx_word' id='word_1_509' title='bbox 216 4134 423 4197; x_wconf 85' lang='lat' dir='ltr'><strong>tractare,</strong></span> <span class='ocrx_word' id='word_1_510' title='bbox 453 4149 757 4194; x_wconf 90' lang='lat' dir='ltr'><strong>anteactum</strong></span> <span class='ocrx_word' id='word_1_511' title='bbox 790 4159 882 4198; x_wconf 85' lang='lat' dir='ltr'><strong>vos</strong></span> <span class='ocrx_word' id='word_1_512' title='bbox 907 4144 1161 4213; x_wconf 82' lang='lat' dir='ltr'><strong>cilicium,</strong></span> <span class='ocrx_word' id='word_1_513' title='bbox 1199 4150 1342 4219; x_wconf 88' lang='lat' dir='ltr'><strong>quod</strong></span> <span class='ocrx_word' id='word_1_514' title='bbox 1373 4151 1425 4204; x_wconf 91' lang='lat' dir='ltr'><strong>in</strong></span> <span class='ocrx_word' id='word_1_515' title='bbox 1470 4153 1734 4223; x_wconf 81' lang='lat' dir='ltr'><strong>regimine</strong></span> 
     </span>
    </p>
   </div>
   <div class='ocr_carea' id='block_1_74' title="bbox 215 4229 1733 4314">
    <p class='ocr_par' dir='ltr' id='par_1_74' title="bbox 215 4229 1733 4314">
     <span class='ocr_line' id='line_1_74' title="bbox 215 4229 1733 4314; baseline 0.021 -46"><span class='ocrx_word' id='word_1_516' title='bbox 215 4229 471 4281; x_wconf 68' lang='lat' dir='ltr'><strong>monasterii</strong></span> <span class='ocrx_word' id='word_1_517' title='bbox 493 4230 837 4301; x_wconf 77' lang='lat' dir='ltr'><strong>exhibuistis,</strong></span> <span class='ocrx_word' id='word_1_518' title='bbox 872 4236 1149 4291; x_wconf 84' lang='lat' dir='ltr'><strong>informat.</strong></span> <span class='ocrx_word' id='word_1_519' title='bbox 1182 4240 1247 4294; x_wconf 82' lang='lat' dir='ltr'><strong>Et</strong></span> <span class='ocrx_word' id='word_1_520' title='bbox 1281 4243 1422 4307; x_wconf 87' lang='lat' dir='ltr'><strong>ideo,</strong></span> <span class='ocrx_word' id='word_1_521' title='bbox 1451 4245 1576 4314; x_wconf 86' lang='lat' dir='ltr'><strong>quia</strong></span> <span class='ocrx_word' id='word_1_522' title='bbox 1618 4262 1733 4299; x_wconf 84' lang='lat' dir='ltr'><strong>mo-</strong></span> 
     </span>
    </p>
   </div>
   <div class='ocr_carea' id='block_1_75' title="bbox 217 4314 1728 4404">
    <p class='ocr_par' dir='ltr' id='par_1_75' title="bbox 217 4314 1728 4404">
     <span class='ocr_line' id='line_1_75' title="bbox 217 4314 1728 4404; baseline 0.018 -41"><span class='ocrx_word' id='word_1_523' title='bbox 217 4314 458 4404; x_wconf 60' lang='lat' dir='ltr'><strong>nasterium</strong></span> <span class='ocrx_word' id='word_1_524' title='bbox 510 4321 788 4377; x_wconf 88' lang='lat' dir='ltr'><strong>beatorum</strong></span> <span class='ocrx_word' id='word_1_525' title='bbox 824 4324 1051 4381; x_wconf 83' lang='lat' dir='ltr'><strong>Joannis</strong></span> <span class='ocrx_word' id='word_1_526' title='bbox 1093 4339 1147 4383; x_wconf 90' lang='lat' dir='ltr'><strong>et</strong></span> <span class='ocrx_word' id='word_1_527' title='bbox 1194 4330 1451 4400; x_wconf 90' lang='lat' dir='ltr'><strong>Stephani</strong></span> <span class='ocrx_word' id='word_1_528' title='bbox 1494 4337 1636 4404; x_wconf 87' lang='lat' dir='ltr'><strong>quod</strong></span> <span class='ocrx_word' id='word_1_529' title='bbox 1677 4338 1728 4390; x_wconf 90' lang='lat' dir='ltr'><strong>iu</strong></span> 
     </span>
    </p>
   </div>
   <div class='ocr_carea' id='block_1_76' title="bbox 215 4398 1732 4486">
    <p class='ocr_par' dir='ltr' id='par_1_76' title="bbox 215 4398 1732 4486">
     <span class='ocr_line' id='line_1_76' title="bbox 215 4398 1732 4486; baseline 0.018 -35"><span class='ocrx_word' id='word_1_530' title='bbox 215 4398 459 4486; x_wconf 63' lang='lat' dir='ltr'><strong>Classitana</strong></span> <span class='ocrx_word' id='word_1_531' title='bbox 498 4412 717 4467; x_wconf 86' lang='lat' dir='ltr'><strong>civitate</strong></span> <span class='ocrx_word' id='word_1_532' title='bbox 762 4417 1114 4473; x_wconf 91' lang='lat' dir='ltr'><strong>constitutum</strong></span> <span class='ocrx_word' id='word_1_533' title='bbox 1158 4431 1261 4486; x_wconf 91' lang='lat' dir='ltr'><strong>est,</strong></span> <span class='ocrx_word' id='word_1_534' title='bbox 1300 4424 1383 4476; x_wconf 88' lang='lat' dir='ltr'><strong>cui</strong></span> <span class='ocrx_word' id='word_1_535' title='bbox 1429 4428 1732 4480; x_wconf 89' lang='lat' dir='ltr'><strong>communis</strong></span> 
     </span>
    </p>
   </div>
   <div class='ocr_carea' id='block_1_77' title="bbox 1840 3229 3425 3301">
    <p class='ocr_par' dir='ltr' id='par_1_77' title="bbox 1840 3229 3425 3301">
     <span class='ocr_line' id='line_1_77' title="bbox 1840 3229 3425 3301; baseline -0.003 -15"><span class='ocrx_word' id='word_1_536' title='bbox 1840 3242 1922 3286; x_wconf 89' lang='lat' dir='ltr'><strong>est</strong></span> <span class='ocrx_word' id='word_1_537' title='bbox 1946 3242 2000 3286; x_wconf 93' lang='lat' dir='ltr'><strong>ut</strong></span> <span class='ocrx_word' id='word_1_538' title='bbox 2026 3232 2317 3301; x_wconf 64' lang='lat' dir='ltr'><strong>descriptio</strong></span> <span class='ocrx_word' id='word_1_539' title='bbox 2343 3246 2523 3286; x_wconf 89' lang='lat' dir='ltr'><strong>rerum</strong></span> <span class='ocrx_word' id='word_1_540' title='bbox 2551 3240 2642 3285; x_wconf 91' lang='lat' dir='ltr'><strong>aut</strong></span> <span class='ocrx_word' id='word_1_541' title='bbox 2662 3241 2939 3286; x_wconf 90' lang='lat' dir='ltr'><strong>cartarum</strong></span> <span class='ocrx_word' id='word_1_542' title='bbox 2967 3229 3206 3299; x_wconf 87' lang='lat' dir='ltr'><strong>ejusdem</strong></span> <span class='ocrx_word' id='word_1_543' title='bbox 3239 3245 3425 3283; x_wconf 86' lang='lat' dir='ltr'><strong>mona-</strong></span> 
     </span>
    </p>
   </div>
   <div class='ocr_carea' id='block_1_78' title="bbox 1839 3321 3424 3393">
    <p class='ocr_par' dir='ltr' id='par_1_78' title="bbox 1839 3321 3424 3393">
     <span class='ocr_line' id='line_1_78' title="bbox 1839 3321 3424 3393; baseline -0.003 -14"><span class='ocrx_word' id='word_1_544' title='bbox 1839 3324 1992 3379; x_wconf 88' lang='lat' dir='ltr'><strong>sterii</strong></span> <span class='ocrx_word' id='word_1_545' title='bbox 2021 3323 2088 3377; x_wconf 90' lang='lat' dir='ltr'><strong>ab</strong></span> <span class='ocrx_word' id='word_1_546' title='bbox 2114 3323 2503 3379; x_wconf 88' lang='lat' dir='ltr'><strong>ecclesiasticis</strong></span> <span class='ocrx_word' id='word_1_547' title='bbox 2543 3323 2659 3378; x_wconf 81' lang='lat' dir='ltr'><strong>fieri</strong></span> <span class='ocrx_word' id='word_1_548' title='bbox 2704 3338 2811 3378; x_wconf 93' lang='lat' dir='ltr'><strong>non</strong></span> <span class='ocrx_word' id='word_1_549' title='bbox 2855 3323 3070 3387; x_wconf 85' lang='lat' dir='ltr'><strong>debeat,</strong></span> <span class='ocrx_word' id='word_1_550' title='bbox 3115 3322 3162 3377; x_wconf 86' lang='lat' dir='ltr'><strong>si</strong></span> <span class='ocrx_word' id='word_1_551' title='bbox 3204 3321 3424 3393; x_wconf 88' lang='lat' dir='ltr'><strong>quando</strong></span> 
     </span>
    </p>
   </div>
   <div class='ocr_carea' id='block_1_79' title="bbox 1840 3414 3422 3486">
    <p class='ocr_par' dir='ltr' id='par_1_79' title="bbox 1840 3414 3422 3486">
     <span class='ocr_line' id='line_1_79' title="bbox 1840 3414 3422 3486; baseline -0.003 -17"><span class='ocrx_word' id='word_1_552' title='bbox 1840 3430 1928 3469; x_wconf 90' lang='lat' dir='ltr'><strong>res</strong></span> <span class='ocrx_word' id='word_1_553' title='bbox 1953 3414 2148 3486; x_wconf 73' lang='lat' dir='ltr'><strong>exigit;</strong></span> <span class='ocrx_word' id='word_1_554' title='bbox 2179 3416 2274 3471; x_wconf 89' lang='lat' dir='ltr'><strong>sed</strong></span> <span class='ocrx_word' id='word_1_555' title='bbox 2296 3415 2464 3471; x_wconf 86' lang='lat' dir='ltr'><strong>abbas</strong></span> <span class='ocrx_word' id='word_1_556' title='bbox 2493 3415 2597 3470; x_wconf 89' lang='lat' dir='ltr'><strong>loci</strong></span> <span class='ocrx_word' id='word_1_557' title='bbox 2622 3431 2746 3470; x_wconf 90' lang='lat' dir='ltr'><strong>cum</strong></span> <span class='ocrx_word' id='word_1_558' title='bbox 2780 3415 3065 3472; x_wconf 90' lang='lat' dir='ltr'><strong>abbatibus</strong></span> <span class='ocrx_word' id='word_1_559' title='bbox 3092 3414 3213 3469; x_wconf 91' lang='lat' dir='ltr'><strong>aliis</strong></span> <span class='ocrx_word' id='word_1_560' title='bbox 3242 3429 3422 3469; x_wconf 88' lang='lat' dir='ltr'><strong>rerum</strong></span> 
     </span>
    </p>
   </div>
   <div class='ocr_carea' id='block_1_80' title="bbox 1835 3505 3423 3577">
    <p class='ocr_par' dir='ltr' id='par_1_80' title="bbox 1835 3505 3423 3577">
     <span class='ocr_line' id='line_1_80' title="bbox 1835 3505 3423 3577; baseline -0.003 -15"><span class='ocrx_word' id='word_1_561' title='bbox 1835 3507 2198 3562; x_wconf 88' lang='lat' dir='ltr'><strong>inventarium</strong></span> <span class='ocrx_word' id='word_1_562' title='bbox 2244 3507 2423 3562; x_wconf 89' lang='lat' dir='ltr'><strong>faciat.</strong></span> <span class='ocrx_word' id='word_1_563' title='bbox 2459 3507 2680 3574; x_wconf 82' lang='lat' dir='ltr'><strong>Quoties</strong></span> <span class='ocrx_word' id='word_1_564' title='bbox 2708 3515 2887 3567; x_wconf 89' lang='lat' dir='ltr'><strong>autem</strong></span> <span class='ocrx_word' id='word_1_565' title='bbox 2916 3521 3013 3577; x_wconf 91' lang='lat' dir='ltr'><strong>pro</strong></span> <span class='ocrx_word' id='word_1_566' title='bbox 3037 3505 3274 3561; x_wconf 89' lang='lat' dir='ltr'><strong>utilitate</strong></span> <span class='ocrx_word' id='word_1_567' title='bbox 3307 3518 3423 3558; x_wconf 87' lang='lat' dir='ltr'><strong>mo-</strong></span> 
     </span>
    </p>
   </div>
   <div class='ocr_carea' id='block_1_81' title="bbox 1844 3596 3421 3668">
    <p class='ocr_par' dir='ltr' id='par_1_81' title="bbox 1844 3596 3421 3668">
     <span class='ocr_line' id='line_1_81' title="bbox 1844 3596 3421 3668; baseline -0.001 -16"><span class='ocrx_word' id='word_1_568' title='bbox 1844 3597 2068 3652; x_wconf 86' lang='lat' dir='ltr'><strong>nasterii</strong></span> <span class='ocrx_word' id='word_1_569' title='bbox 2110 3597 2193 3652; x_wconf 92' lang='lat' dir='ltr'><strong>sui</strong></span> <span class='ocrx_word' id='word_1_570' title='bbox 2233 3598 2301 3653; x_wconf 91' lang='lat' dir='ltr'><strong>ad</strong></span> <span class='ocrx_word' id='word_1_571' title='bbox 2344 3598 2652 3668; x_wconf 72' lang='lat' dir='ltr'><strong>pontificem</strong></span> <span class='ocrx_word' id='word_1_572' title='bbox 2694 3599 2993 3653; x_wconf 81' lang='lat' dir='ltr'><strong>Romanum</strong></span> <span class='ocrx_word' id='word_1_573' title='bbox 3029 3598 3194 3652; x_wconf 85' lang='lat' dir='ltr'><strong>abbas</strong></span> <span class='ocrx_word' id='word_1_574' title='bbox 3232 3596 3421 3651; x_wconf 89' lang='lat' dir='ltr'><strong>venire</strong></span> 
     </span>
    </p>
   </div>
   <div class='ocr_carea' id='block_1_82' title="bbox 1835 3687 3421 3753">
    <p class='ocr_par' dir='ltr' id='par_1_82' title="bbox 1835 3687 3421 3753">
     <span class='ocr_line' id='line_1_82' title="bbox 1835 3687 3421 3753; baseline -0.001 -11"><span class='ocrx_word' id='word_1_575' title='bbox 1835 3687 1919 3743; x_wconf 82' lang='lat' dir='ltr'><strong>vel</strong></span> <span class='ocrx_word' id='word_1_576' title='bbox 1968 3688 2333 3743; x_wconf 88' lang='lat' dir='ltr'><strong>transmittere</strong></span> <span class='ocrx_word' id='word_1_577' title='bbox 2380 3687 2522 3743; x_wconf 90' lang='lat' dir='ltr'><strong>forte</strong></span> <span class='ocrx_word' id='word_1_578' title='bbox 2558 3689 2809 3753; x_wconf 91' lang='lat' dir='ltr'><strong>voluerit,</strong></span> <span class='ocrx_word' id='word_1_579' title='bbox 2849 3689 2896 3743; x_wconf 92' lang='lat' dir='ltr'><strong>ei</strong></span> <span class='ocrx_word' id='word_1_580' title='bbox 2944 3689 3119 3743; x_wconf 90' lang='lat' dir='ltr'><strong>modis</strong></span> <span class='ocrx_word' id='word_1_581' title='bbox 3164 3687 3421 3741; x_wconf 90' lang='lat' dir='ltr'><strong>omnibus</strong></span> 
     </span>
    </p>
   </div>
   <div class='ocr_carea' id='block_1_83' title="bbox 1834 3777 3419 3849">
    <p class='ocr_par' dir='ltr' id='par_1_83' title="bbox 1834 3777 3419 3849">
     <span class='ocr_line' id='line_1_83' title="bbox 1834 3777 3419 3849; baseline -0.001 -17"><span class='ocrx_word' id='word_1_582' title='bbox 1834 3778 2015 3834; x_wconf 90' lang='lat' dir='ltr'><strong>liceat.</strong></span> <span class='ocrx_word' id='word_1_583' title='bbox 2051 3779 2344 3846; x_wconf 77' lang='lat' dir='ltr'><strong>Praeterea,</strong></span> <span class='ocrx_word' id='word_1_584' title='bbox 2388 3795 2513 3835; x_wconf 90' lang='lat' dir='ltr'><strong>cum</strong></span> <span class='ocrx_word' id='word_1_585' title='bbox 2549 3780 2924 3849; x_wconf 80' lang='lat' dir='ltr'><strong>episcOporum</strong></span> <span class='ocrx_word' id='word_1_586' title='bbox 2969 3780 3234 3834; x_wconf 88' lang='lat' dir='ltr'><strong>adventus</strong></span> <span class='ocrx_word' id='word_1_587' title='bbox 3274 3777 3419 3831; x_wconf 83' lang='lat' dir='ltr'><strong>desi-</strong></span> 
     </span>
    </p>
   </div>
   <div class='ocr_carea' id='block_1_84' title="bbox 1834 3869 3419 3941">
    <p class='ocr_par' dir='ltr' id='par_1_84' title="bbox 1834 3869 3419 3941">
     <span class='ocr_line' id='line_1_84' title="bbox 1834 3869 3419 3941; baseline -0.003 -14"><span class='ocrx_word' id='word_1_588' title='bbox 1834 3872 2093 3928; x_wconf 85' lang='lat' dir='ltr'><strong>deranter</strong></span> <span class='ocrx_word' id='word_1_589' title='bbox 2142 3887 2173 3926; x_wconf 87' lang='lat' dir='ltr'><strong>a</strong></span> <span class='ocrx_word' id='word_1_590' title='bbox 2227 3872 2573 3928; x_wconf 89' lang='lat' dir='ltr'><strong>monasteriis</strong></span> <span class='ocrx_word' id='word_1_591' title='bbox 2629 3873 2858 3929; x_wconf 87' lang='lat' dir='ltr'><strong>debeant</strong></span> <span class='ocrx_word' id='word_1_592' title='bbox 2911 3870 3238 3941; x_wconf 83' lang='lat' dir='ltr'><strong>exspectari,</strong></span> <span class='ocrx_word' id='word_1_593' title='bbox 3294 3869 3419 3938; x_wconf 90' lang='lat' dir='ltr'><strong>quia</strong></span> 
     </span>
    </p>
   </div>
   <div class='ocr_carea' id='block_1_85' title="bbox 1836 3961 3412 4033">
    <p class='ocr_par' dir='ltr' id='par_1_85' title="bbox 1836 3961 3412 4033">
     <span class='ocr_line' id='line_1_85' title="bbox 1836 3961 3412 4033; baseline -0.004 -16"><span class='ocrx_word' id='word_1_594' title='bbox 1836 3972 2015 4019; x_wconf 91' lang='lat' dir='ltr'><strong>tamen</strong></span> <span class='ocrx_word' id='word_1_595' title='bbox 2045 3963 2349 4032; x_wconf 88' lang='lat' dir='ltr'><strong>hospitandi</strong></span> <span class='ocrx_word' id='word_1_596' title='bbox 2370 3963 2657 4019; x_wconf 88' lang='lat' dir='ltr'><strong>occasione</strong></span> <span class='ocrx_word' id='word_1_597' title='bbox 2678 3964 2991 4033; x_wconf 74' lang='lat' dir='ltr'><strong>pmdictum</strong></span> <span class='ocrx_word' id='word_1_598' title='bbox 3016 3961 3412 4016; x_wconf 85' lang='lat' dir='ltr'><strong>monasterium</strong></span> 
     </span>
    </p>
   </div>
   <div class='ocr_carea' id='block_1_86' title="bbox 1834 4053 3414 4126">
    <p class='ocr_par' dir='ltr' id='par_1_86' title="bbox 1834 4053 3414 4126">
     <span class='ocr_line' id='line_1_86' title="bbox 1834 4053 3414 4126; baseline -0.004 -16"><span class='ocrx_word' id='word_1_599' title='bbox 1834 4055 2168 4126; x_wconf 88' lang='lat' dir='ltr'><strong>temporibus</strong></span> <span class='ocrx_word' id='word_1_600' title='bbox 2197 4055 2500 4111; x_wconf 87' lang='lat' dir='ltr'><strong>decessoris</strong></span> <span class='ocrx_word' id='word_1_601' title='bbox 2527 4056 2688 4111; x_wconf 90' lang='lat' dir='ltr'><strong>vestri</strong></span> <span class='ocrx_word' id='word_1_602' title='bbox 2719 4055 2875 4110; x_wconf 92' lang='lat' dir='ltr'><strong>nobis</strong></span> <span class='ocrx_word' id='word_1_603' title='bbox 2903 4053 3073 4109; x_wconf 87' lang='lat' dir='ltr'><strong>fuisse</strong></span> <span class='ocrx_word' id='word_1_604' title='bbox 3104 4053 3414 4107; x_wconf 90' lang='lat' dir='ltr'><strong>nuntiatum</strong></span> 
     </span>
    </p>
   </div>
   <div class='ocr_carea' id='block_1_87' title="bbox 1832 4143 3421 4217">
    <p class='ocr_par' dir='ltr' id='par_1_87' title="bbox 1832 4143 3421 4217">
     <span class='ocr_line' id='line_1_87' title="bbox 1832 4143 3421 4217; baseline -0.003 -16"><span class='ocrx_word' id='word_1_605' title='bbox 1832 4156 1914 4202; x_wconf 91' lang='lat' dir='ltr'><strong>est</strong></span> <span class='ocrx_word' id='word_1_606' title='bbox 1941 4156 2357 4217; x_wconf 71' lang='lat' dir='ltr'><strong>przegravatum,</strong></span> <span class='ocrx_word' id='word_1_607' title='bbox 2381 4156 2593 4216; x_wconf 89' lang='lat' dir='ltr'><strong>oportet</strong></span> <span class='ocrx_word' id='word_1_608' title='bbox 2625 4156 2682 4201; x_wconf 92' lang='grc' dir='ltr'><strong>ιιι</strong></span> <span class='ocrx_word' id='word_1_609' title='bbox 2705 4147 2807 4201; x_wconf 92' lang='lat' dir='ltr'><strong>hoc</strong></span> <span class='ocrx_word' id='word_1_610' title='bbox 2829 4146 3089 4201; x_wconf 90' lang='lat' dir='ltr'><strong>sanctitas</strong></span> <span class='ocrx_word' id='word_1_611' title='bbox 3113 4152 3293 4198; x_wconf 87' lang='lat' dir='ltr'><strong>vestra</strong></span> <span class='ocrx_word' id='word_1_612' title='bbox 3324 4143 3421 4197; x_wconf 86' lang='lat' dir='ltr'><strong>de-</strong></span> 
     </span>
    </p>
   </div>
   <div class='ocr_carea' id='block_1_88' title="bbox 1834 4234 3419 4308">
    <p class='ocr_par' dir='ltr' id='par_1_88' title="bbox 1834 4234 3419 4308">
     <span class='ocr_line' id='line_1_88' title="bbox 1834 4234 3419 4308; baseline -0.004 -15"><span class='ocrx_word' id='word_1_613' title='bbox 1834 4248 2022 4293; x_wconf 72' lang='lat' dir='ltr'><strong>center</strong></span> <span class='ocrx_word' id='word_1_614' title='bbox 2049 4240 2239 4293; x_wconf 90' lang='lat' dir='ltr'><strong>debeat</strong></span> <span class='ocrx_word' id='word_1_615' title='bbox 2270 4248 2593 4308; x_wconf 86' lang='lat' dir='ltr'><strong>temperare,</strong></span> <span class='ocrx_word' id='word_1_616' title='bbox 2626 4248 2683 4292; x_wconf 92' lang='lat' dir='ltr'><strong>ut</strong></span> <span class='ocrx_word' id='word_1_617' title='bbox 2706 4237 2959 4292; x_wconf 87' lang='lat' dir='ltr'><strong>visitandi</strong></span> <span class='ocrx_word' id='word_1_618' title='bbox 2986 4234 3419 4305; x_wconf 71' lang='lat' dir='ltr'><strong>esbortandique</strong></span> 
     </span>
    </p>
   </div>
   <div class='ocr_carea' id='block_1_89' title="bbox 1833 4327 3419 4400">
    <p class='ocr_par' dir='ltr' id='par_1_89' title="bbox 1833 4327 3419 4400">
     <span class='ocr_line' id='line_1_89' title="bbox 1833 4327 3419 4400; baseline 0 -19"><span class='ocrx_word' id='word_1_619' title='bbox 1833 4330 2004 4397; x_wconf 81' lang='lat' dir='ltr'><strong>gratia</strong></span> <span class='ocrx_word' id='word_1_620' title='bbox 2036 4330 2102 4383; x_wconf 91' lang='lat' dir='ltr'><strong>ad</strong></span> <span class='ocrx_word' id='word_1_621' title='bbox 2140 4330 2547 4389; x_wconf 87' lang='lat' dir='ltr'><strong>monasterium,</strong></span> <span class='ocrx_word' id='word_1_622' title='bbox 2586 4329 2797 4399; x_wconf 88' lang='lat' dir='ltr'><strong>quoties</strong></span> <span class='ocrx_word' id='word_1_623' title='bbox 2837 4328 3124 4400; x_wconf 87' lang='lat' dir='ltr'><strong>placuerit,</strong></span> <span class='ocrx_word' id='word_1_624' title='bbox 3176 4328 3243 4382; x_wconf 90' lang='lat' dir='ltr'><strong>ab</strong></span> <span class='ocrx_word' id='word_1_625' title='bbox 3275 4327 3419 4395; x_wconf 86' lang='lat' dir='ltr'><strong>ejus-</strong></span> 
     </span>
    </p>
   </div>
   <div class='ocr_carea' id='block_1_90' title="bbox 1834 4416 3417 4473">
    <p class='ocr_par' dir='ltr' id='par_1_90' title="bbox 1834 4416 3417 4473">
     <span class='ocr_line' id='line_1_90' title="bbox 1834 4416 3417 4473; baseline -0.002 0"><span class='ocrx_word' id='word_1_626' title='bbox 1834 4419 1954 4473; x_wconf 89' lang='lat' dir='ltr'><strong>dem</strong></span> <span class='ocrx_word' id='word_1_627' title='bbox 1978 4419 2217 4473; x_wconf 87' lang='lat' dir='ltr'><strong>civitatis</strong></span> <span class='ocrx_word' id='word_1_628' title='bbox 2245 4418 2488 4471; x_wconf 90' lang='lat' dir='ltr'><strong>antistite</strong></span> <span class='ocrx_word' id='word_1_629' title='bbox 2519 4419 2811 4473; x_wconf 84' lang='lat' dir='ltr'><strong>accedatur</strong></span> <span class='ocrx_word' id='word_1_630' title='bbox 2840 4435 2853 4472; x_wconf 85' lang='lat'>:</span> <span class='ocrx_word' id='word_1_631' title='bbox 2895 4418 2988 4473; x_wconf 89' lang='lat' dir='ltr'><strong>sed</strong></span> <span class='ocrx_word' id='word_1_632' title='bbox 3022 4417 3102 4471; x_wconf 86' lang='lat' dir='ltr'><strong>sic</strong></span> <span class='ocrx_word' id='word_1_633' title='bbox 3131 4416 3417 4471; x_wconf 85' lang='lat' dir='ltr'><strong>eharitatis</strong></span> 
     </span>
    </p>
   </div>
   <div class='ocr_carea' id='block_1_91' title="bbox 216 4483 3418 4581">
    <p class='ocr_par' dir='ltr' id='par_1_91' title="bbox 216 4483 3418 4581">
     <span class='ocr_line' id='line_1_91' title="bbox 216 4483 3418 4581; baseline 0.007 -42"><span class='ocrx_word' id='word_1_634' title='bbox 216 4485 325 4545; x_wconf 79' lang='lat' dir='ltr'><strong>filius</strong></span> <span class='ocrx_word' id='word_1_635' title='bbox 356 4496 592 4555; x_wconf 85' lang='lat' dir='ltr'><strong>Claudius</strong></span> <span class='ocrx_word' id='word_1_636' title='bbox 640 4503 803 4562; x_wconf 89' lang='lat' dir='ltr'><strong>abbas</strong></span> <span class='ocrx_word' id='word_1_637' title='bbox 846 4524 1078 4579; x_wconf 73' lang='lat' dir='ltr'><strong>prmusse</strong></span> <span class='ocrx_word' id='word_1_638' title='bbox 1107 4512 1459 4581; x_wconf 72' lang='lat' dir='ltr'><strong>dignoscitur,</strong></span> <span class='ocrx_word' id='word_1_639' title='bbox 1488 4517 1653 4571; x_wconf 58' lang='lat' dir='ltr'><strong>multa</strong></span> <span class='ocrx_word' id='word_1_640' title='bbox 1697 4534 1726 4571; x_wconf 69' lang='grc' dir='ltr'>ει</span> <span class='ocrx_word' id='word_1_641' title='bbox 1761 4483 1809 4541; x_wconf 78' lang='lat' dir='ltr'><strong>D</strong></span> <span class='ocrx_word' id='word_1_642' title='bbox 1833 4510 2064 4565; x_wconf 86' lang='lat' dir='ltr'><strong>ollicium</strong></span> <span class='ocrx_word' id='word_1_643' title='bbox 2091 4510 2200 4565; x_wconf 90' lang='lat' dir='ltr'><strong>illic</strong></span> <span class='ocrx_word' id='word_1_644' title='bbox 2223 4510 2509 4580; x_wconf 89' lang='lat' dir='ltr'><strong>episcopus</strong></span> <span class='ocrx_word' id='word_1_645' title='bbox 2534 4511 2771 4580; x_wconf 81' lang='lat' dir='ltr'><strong>impleat.</strong></span> <span class='ocrx_word' id='word_1_646' title='bbox 2802 4520 2859 4564; x_wconf 89' lang='lat' dir='ltr'><strong>ut</strong></span> <span class='ocrx_word' id='word_1_647' title='bbox 2883 4524 3174 4581; x_wconf 87' lang='lat' dir='ltr'><strong>gravamen</strong></span> <span class='ocrx_word' id='word_1_648' title='bbox 3199 4508 3418 4578; x_wconf 88' lang='lat' dir='ltr'><strong>aliquod</strong></span> 
     </span>
    </p>
   </div>
   <div class='ocr_carea' id='block_1_92' title="bbox 218 4584 1726 4675">
    <p class='ocr_par' dir='ltr' id='par_1_92' title="bbox 218 4584 1726 4675">
     <span class='ocr_line' id='line_1_92' title="bbox 218 4584 1726 4675; baseline 0.012 -31"><span class='ocrx_word' id='word_1_649' title='bbox 218 4584 646 4648; x_wconf 75' lang='lat' dir='ltr'><strong>Pnedecessoribus</strong></span> <span class='ocrx_word' id='word_1_650' title='bbox 668 4599 864 4653; x_wconf 88' lang='lat' dir='ltr'><strong>vestris</strong></span> <span class='ocrx_word' id='word_1_651' title='bbox 891 4598 1201 4668; x_wconf 73' lang='lat' dir='ltr'><strong>prmjttilicizt</strong></span> <span class='ocrx_word' id='word_1_652' title='bbox 1228 4612 1390 4672; x_wconf 89' lang='lat' dir='ltr'><strong>atque</strong></span> <span class='ocrx_word' id='word_1_653' title='bbox 1412 4608 1726 4675; x_wconf 86' lang='lat' dir='ltr'><strong>gravamina</strong></span> 
     </span>
    </p>
   </div>
   <div class='ocr_carea' id='block_1_93' title="bbox 217 4678 1727 4761">
    <p class='ocr_par' dir='ltr' id='par_1_93' title="bbox 217 4678 1727 4761">
     <span class='ocr_line' id='line_1_93' title="bbox 217 4678 1727 4761; baseline 0.017 -33"><span class='ocrx_word' id='word_1_654' title='bbox 217 4678 449 4739; x_wconf 71' lang='lat' dir='ltr'><strong>pertulisse</strong></span> <span class='ocrx_word' id='word_1_655' title='bbox 461 4690 822 4756; x_wconf 83' lang='lat' dir='ltr'><strong>cognovimus,</strong></span> <span class='ocrx_word' id='word_1_656' title='bbox 839 4703 1055 4761; x_wconf 88' lang='lat' dir='ltr'><strong>oportet</strong></span> <span class='ocrx_word' id='word_1_657' title='bbox 1076 4705 1132 4749; x_wconf 95' lang='lat' dir='ltr'><strong>ut</strong></span> <span class='ocrx_word' id='word_1_658' title='bbox 1155 4696 1514 4753; x_wconf 86' lang='lat' dir='ltr'><strong>fraternitatis</strong></span> <span class='ocrx_word' id='word_1_659' title='bbox 1534 4711 1727 4755; x_wconf 68' lang='lat' dir='ltr'><strong>vestra:</strong></span> 
     </span>
    </p>
   </div>
   <div class='ocr_carea' id='block_1_94' title="bbox 221 4769 1724 4862">
    <p class='ocr_par' dir='ltr' id='par_1_94' title="bbox 221 4769 1724 4862">
     <span class='ocr_line' id='line_1_94' title="bbox 221 4769 1724 4862; baseline 0.016 -41"><span class='ocrx_word' id='word_1_660' title='bbox 221 4769 407 4862; x_wconf 47' lang='lat' dir='ltr'><strong>Provisio</strong></span> <span class='ocrx_word' id='word_1_661' title='bbox 433 4790 610 4833; x_wconf 89' lang='lat' dir='ltr'><strong>eorum</strong></span> <span class='ocrx_word' id='word_1_662' title='bbox 636 4782 697 4835; x_wconf 88' lang='lat' dir='ltr'><strong>de</strong></span> <span class='ocrx_word' id='word_1_663' title='bbox 721 4781 901 4837; x_wconf 89' lang='lat' dir='ltr'><strong>futura</strong></span> <span class='ocrx_word' id='word_1_664' title='bbox 934 4786 1118 4854; x_wconf 91' lang='lat' dir='ltr'><strong>quiete</strong></span> <span class='ocrx_word' id='word_1_665' title='bbox 1144 4787 1343 4841; x_wconf 91' lang='lat' dir='ltr'><strong>salubri</strong></span> <span class='ocrx_word' id='word_1_666' title='bbox 1372 4791 1724 4847; x_wconf 88' lang='lat' dir='ltr'><strong>ordinatione</strong></span> 
     </span>
    </p>
   </div>
   <div class='ocr_carea' id='block_1_95' title="bbox 221 4854 1724 4957">
    <p class='ocr_par' dir='ltr' id='par_1_95' title="bbox 221 4854 1724 4957">
     <span class='ocr_line' id='line_1_95' title="bbox 221 4854 1724 4957; baseline 0.026 -57"><span class='ocrx_word' id='word_1_667' title='bbox 221 4854 439 4957; x_wconf 63' lang='lat' dir='ltr'><strong>disponat,</strong></span> <span class='ocrx_word' id='word_1_668' title='bbox 459 4879 713 4937; x_wconf 88' lang='lat' dir='ltr'><strong>quatenus</strong></span> <span class='ocrx_word' id='word_1_669' title='bbox 738 4886 1126 4931; x_wconf 85' lang='lat' dir='ltr'><strong>conversantes</strong></span> <span class='ocrx_word' id='word_1_670' title='bbox 1151 4879 1256 4933; x_wconf 91' lang='lat' dir='ltr'><strong>illic</strong></span> <span class='ocrx_word' id='word_1_671' title='bbox 1284 4880 1333 4933; x_wconf 93' lang='lat' dir='ltr'><strong>in</strong></span> <span class='ocrx_word' id='word_1_672' title='bbox 1362 4881 1453 4935; x_wconf 89' lang='lat' dir='ltr'><strong>Dei</strong></span> <span class='ocrx_word' id='word_1_673' title='bbox 1481 4884 1724 4947; x_wconf 86' lang='lat' dir='ltr'><strong>servitio,</strong></span> 
     </span>
    </p>
   </div>
   <div class='ocr_carea' id='block_1_96' title="bbox 222 4958 1728 5044">
    <p class='ocr_par' dir='ltr' id='par_1_96' title="bbox 222 4958 1728 5044">
     <span class='ocr_line' id='line_1_96' title="bbox 222 4958 1728 5044; baseline 0.017 -40"><span class='ocrx_word' id='word_1_674' title='bbox 222 4958 355 5044; x_wconf 43' lang='lat' dir='ltr'><strong>fastus</strong></span> <span class='ocrx_word' id='word_1_675' title='bbox 371 4967 569 5029; x_wconf 88' lang='lat' dir='ltr'><strong>quoque</strong></span> <span class='ocrx_word' id='word_1_676' title='bbox 588 4966 750 5031; x_wconf 84' lang='lat' dir='ltr'><strong>gratia</strong></span> <span class='ocrx_word' id='word_1_677' title='bbox 786 4967 1140 5037; x_wconf 69' lang='lat' dir='ltr'><strong>suffragante,</strong></span> <span class='ocrx_word' id='word_1_678' title='bbox 1182 4971 1330 5025; x_wconf 89' lang='lat' dir='ltr'><strong>liberi</strong></span> <span class='ocrx_word' id='word_1_679' title='bbox 1360 4986 1728 5041; x_wconf 87' lang='lat' dir='ltr'><strong>perseverent.</strong></span> 
     </span>
    </p>
   </div>
   <div class='ocr_carea' id='block_1_97' title="bbox 222 5036 1732 5133">
    <p class='ocr_par' dir='ltr' id='par_1_97' title="bbox 222 5036 1732 5133">
     <span class='ocr_line' id='line_1_97' title="bbox 222 5036 1732 5133; baseline 0.002 -17"><span class='ocrx_word' id='word_1_680' title='bbox 294 5058 303 5091; x_wconf 92' lang='lat'>&#39;</span> <span class='ocrx_word' id='word_1_681' title='bbox 326 5058 397 5106; x_wconf 54' lang='lat' dir='ltr'><strong>&quot;ei</strong></span> <span class='ocrx_word' id='word_1_682' title='bbox 430 5062 489 5103; x_wconf 71' lang='grc' dir='ltr'>ει</span> <span class='ocrx_word' id='word_1_683' title='bbox 524 5067 582 5105; x_wconf 76' lang='lat' dir='ltr'><strong>ea</strong></span> <span class='ocrx_word' id='word_1_684' title='bbox 612 5070 724 5123; x_wconf 64' lang='lat' dir='ltr'><strong>qua!</strong></span> <span class='ocrx_word' id='word_1_685' title='bbox 764 5059 939 5128; x_wconf 90' lang='lat' dir='ltr'><strong>magis</strong></span> <span class='ocrx_word' id='word_1_686' title='bbox 970 5061 1304 5115; x_wconf 83' lang='lat' dir='ltr'><strong>emendanda</strong></span> <span class='ocrx_word' id='word_1_687' title='bbox 1332 5073 1414 5117; x_wconf 88' lang='lat' dir='ltr'><strong>est</strong></span> <span class='ocrx_word' id='word_1_688' title='bbox 1444 5076 1732 5119; x_wconf 91' lang='lat' dir='ltr'><strong>consuetu-</strong></span> 
     </span>
    </p>
   </div>
   <div class='ocr_carea' id='block_1_98' title="bbox 222 5123 1727 5224">
    <p class='ocr_par' dir='ltr' id='par_1_98' title="bbox 222 5123 1727 5224">
     <span class='ocr_line' id='line_1_98' title="bbox 222 5123 1727 5224; baseline 0.017 -39"><span class='ocrx_word' id='word_1_689' title='bbox 222 5123 334 5224; x_wconf 59' lang='grc' dir='ltr'>ίιίξιε,</span> <span class='ocrx_word' id='word_1_690' title='bbox 358 5136 566 5209; x_wconf 90' lang='lat' dir='ltr'><strong>quisque</strong></span> <span class='ocrx_word' id='word_1_691' title='bbox 598 5144 696 5199; x_wconf 89' lang='lat' dir='ltr'><strong>illic</strong></span> <span class='ocrx_word' id='word_1_692' title='bbox 724 5123 967 5217; x_wconf 72' lang='lat' dir='ltr'><strong>quolibet</strong></span> <span class='ocrx_word' id='word_1_693' title='bbox 1003 5160 1243 5218; x_wconf 88' lang='lat' dir='ltr'><strong>tempore</strong></span> <span class='ocrx_word' id='word_1_694' title='bbox 1278 5153 1514 5222; x_wconf 91' lang='lat' dir='ltr'><strong>quidque</strong></span> <span class='ocrx_word' id='word_1_695' title='bbox 1559 5156 1727 5209; x_wconf 87' lang='lat' dir='ltr'><strong>mole-</strong></span> 
     </span>
    </p>
   </div>
   <div class='ocr_carea' id='block_1_99' title="bbox 224 5224 1729 5316">
    <p class='ocr_par' dir='ltr' id='par_1_99' title="bbox 224 5224 1729 5316">
     <span class='ocr_line' id='line_1_99' title="bbox 224 5224 1729 5316; baseline 0.018 -43"><span class='ocrx_word' id='word_1_696' title='bbox 224 5224 616 5316; x_wconf 36' lang='lat' dir='ltr'><strong>firm-prmsumat</strong></span> <span class='ocrx_word' id='word_1_697' title='bbox 660 5238 878 5302; x_wconf 84' lang='lat' dir='ltr'><strong>inferre.</strong></span> <span class='ocrx_word' id='word_1_698' title='bbox 926 5255 1156 5295; x_wconf 88' lang='lat' dir='ltr'><strong>necesse</strong></span> <span class='ocrx_word' id='word_1_699' title='bbox 1206 5252 1287 5296; x_wconf 87' lang='lat' dir='ltr'><strong>est</strong></span> <span class='ocrx_word' id='word_1_700' title='bbox 1342 5252 1401 5297; x_wconf 91' lang='lat' dir='ltr'><strong>ut</strong></span> <span class='ocrx_word' id='word_1_701' title='bbox 1445 5244 1559 5298; x_wconf 57' lang='lat' dir='ltr'><strong>haec</strong></span> <span class='ocrx_word' id='word_1_702' title='bbox 1610 5262 1729 5316; x_wconf 69' lang='lat' dir='ltr'><strong>qua:</strong></span> 
     </span>
    </p>
   </div>
   <div class='ocr_carea' id='block_1_100' title="bbox 226 5305 1728 5414">
    <p class='ocr_par' dir='ltr' id='par_1_100' title="bbox 226 5305 1728 5414">
     <span class='ocr_line' id='line_1_100' title="bbox 226 5305 1728 5414; baseline 0.026 -62"><span class='ocrx_word' id='word_1_703' title='bbox 226 5305 406 5414; x_wconf 60' lang='lat' dir='ltr'><strong>inferius</strong></span> <span class='ocrx_word' id='word_1_704' title='bbox 450 5332 790 5386; x_wconf 62' lang='lat' dir='ltr'><strong>enumeranda</strong></span> <span class='ocrx_word' id='word_1_705' title='bbox 851 5330 1190 5394; x_wconf 81' lang='lat' dir='ltr'><strong>curavimus,</strong></span> <span class='ocrx_word' id='word_1_706' title='bbox 1244 5336 1312 5386; x_wconf 92' lang='lat' dir='ltr'><strong>ita</strong></span> <span class='ocrx_word' id='word_1_707' title='bbox 1364 5334 1728 5391; x_wconf 87' lang='lat' dir='ltr'><strong>fraternitatis</strong></span> 
     </span>
    </p>
   </div>
   <div class='ocr_carea' id='block_1_101' title="bbox 1836 4600 3414 4657">
    <p class='ocr_par' dir='ltr' id='par_1_101' title="bbox 1836 4600 3414 4657">
     <span class='ocr_line' id='line_1_101' title="bbox 1836 4600 3414 4657; baseline -0.003 -2"><span class='ocrx_word' id='word_1_708' title='bbox 1836 4602 2219 4655; x_wconf 88' lang='lat' dir='ltr'><strong>monasterium</strong></span> <span class='ocrx_word' id='word_1_709' title='bbox 2251 4619 2357 4657; x_wconf 91' lang='lat' dir='ltr'><strong>non</strong></span> <span class='ocrx_word' id='word_1_710' title='bbox 2382 4602 2642 4656; x_wconf 87' lang='lat' dir='ltr'><strong>incurrat.</strong></span> <span class='ocrx_word' id='word_1_711' title='bbox 2680 4601 2920 4656; x_wconf 78' lang='lat' dir='ltr'><strong>Vestram</strong></span> <span class='ocrx_word' id='word_1_712' title='bbox 2951 4616 3077 4655; x_wconf 86' lang='lat' dir='ltr'><strong>vero</strong></span> <span class='ocrx_word' id='word_1_713' title='bbox 3108 4600 3414 4654; x_wconf 86' lang='lat' dir='ltr'><strong>fraternita-</strong></span> 
     </span>
    </p>
   </div>
   <div class='ocr_carea' id='block_1_102' title="bbox 1835 4688 3411 4761">
    <p class='ocr_par' dir='ltr' id='par_1_102' title="bbox 1835 4688 3411 4761">
     <span class='ocr_line' id='line_1_102' title="bbox 1835 4688 3411 4761; baseline -0.003 -16"><span class='ocrx_word' id='word_1_714' title='bbox 1835 4700 1941 4745; x_wconf 89' lang='lat' dir='ltr'><strong>tem</strong></span> <span class='ocrx_word' id='word_1_715' title='bbox 1990 4691 2276 4761; x_wconf 69' lang='lat' dir='ltr'><strong>pmdietus</strong></span> <span class='ocrx_word' id='word_1_716' title='bbox 2332 4691 2497 4745; x_wconf 89' lang='lat' dir='ltr'><strong>abbas</strong></span> <span class='ocrx_word' id='word_1_717' title='bbox 2554 4707 2659 4746; x_wconf 92' lang='lat' dir='ltr'><strong>non</strong></span> <span class='ocrx_word' id='word_1_718' title='bbox 2716 4692 2889 4746; x_wconf 90' lang='lat' dir='ltr'><strong>solum</strong></span> <span class='ocrx_word' id='word_1_719' title='bbox 2945 4706 3049 4745; x_wconf 91' lang='lat' dir='ltr'><strong>non</strong></span> <span class='ocrx_word' id='word_1_720' title='bbox 3103 4691 3292 4744; x_wconf 82' lang='lat' dir='ltr'><strong>metuit</strong></span> <span class='ocrx_word' id='word_1_721' title='bbox 3345 4688 3411 4741; x_wconf 91' lang='lat' dir='ltr'><strong>ad</strong></span> 
     </span>
    </p>
   </div>
   <div class='ocr_carea' id='block_1_103' title="bbox 1836 4778 3414 4850">
    <p class='ocr_par' dir='ltr' id='par_1_103' title="bbox 1836 4778 3414 4850">
     <span class='ocr_line' id='line_1_103' title="bbox 1836 4778 3414 4850; baseline -0.004 -15"><span class='ocrx_word' id='word_1_722' title='bbox 1836 4781 2221 4835; x_wconf 88' lang='lat' dir='ltr'><strong>monasterium</strong></span> <span class='ocrx_word' id='word_1_723' title='bbox 2248 4781 2558 4850; x_wconf 89' lang='lat' dir='ltr'><strong>frequenter</strong></span> <span class='ocrx_word' id='word_1_724' title='bbox 2581 4784 2858 4843; x_wconf 89' lang='lat' dir='ltr'><strong>accedere,</strong></span> <span class='ocrx_word' id='word_1_725' title='bbox 2898 4781 2989 4835; x_wconf 92' lang='lat' dir='ltr'><strong>sed</strong></span> <span class='ocrx_word' id='word_1_726' title='bbox 3010 4781 3175 4834; x_wconf 85' lang='lat' dir='ltr'><strong>etiam</strong></span> <span class='ocrx_word' id='word_1_727' title='bbox 3202 4778 3414 4832; x_wconf 82' lang='lat' dir='ltr'><strong>deside-</strong></span> 
     </span>
    </p>
   </div>
   <div class='ocr_carea' id='block_1_104' title="bbox 1835 4868 3411 4942">
    <p class='ocr_par' dir='ltr' id='par_1_104' title="bbox 1835 4868 3411 4942">
     <span class='ocr_line' id='line_1_104' title="bbox 1835 4868 3411 4942; baseline -0.004 -17"><span class='ocrx_word' id='word_1_728' title='bbox 1835 4871 2077 4925; x_wconf 81' lang='lat' dir='ltr'><strong>rabiliter</strong></span> <span class='ocrx_word' id='word_1_729' title='bbox 2097 4871 2451 4940; x_wconf 89' lang='lat' dir='ltr'><strong>concupiscit,</strong></span> <span class='ocrx_word' id='word_1_730' title='bbox 2477 4871 2655 4926; x_wconf 91' lang='lat' dir='ltr'><strong>sciens</strong></span> <span class='ocrx_word' id='word_1_731' title='bbox 2683 4873 2825 4942; x_wconf 91' lang='lat' dir='ltr'><strong>quod</strong></span> <span class='ocrx_word' id='word_1_732' title='bbox 2858 4884 2954 4940; x_wconf 89' lang='lat' dir='ltr'><strong>per</strong></span> <span class='ocrx_word' id='word_1_733' title='bbox 2981 4885 3076 4923; x_wconf 87' lang='lat' dir='ltr'><strong>vos</strong></span> <span class='ocrx_word' id='word_1_734' title='bbox 3113 4868 3411 4923; x_wconf 70' lang='lat' dir='ltr'><strong>substantia</strong></span> 
     </span>
    </p>
   </div>
   <div class='ocr_carea' id='block_1_105' title="bbox 1834 4961 3055 5033">
    <p class='ocr_par' dir='ltr' id='par_1_105' title="bbox 1834 4961 3055 5033">
     <span class='ocr_line' id='line_1_105' title="bbox 1834 4961 3055 5033; baseline -0.006 -16"><span class='ocrx_word' id='word_1_735' title='bbox 1834 4963 2149 5017; x_wconf 85' lang='lat' dir='ltr'><strong>monasterii</strong></span> <span class='ocrx_word' id='word_1_736' title='bbox 2188 4963 2409 5017; x_wconf 90' lang='lat' dir='ltr'><strong>omnino</strong></span> <span class='ocrx_word' id='word_1_737' title='bbox 2439 4965 2653 5033; x_wconf 78' lang='lat' dir='ltr'><strong>gravari</strong></span> <span class='ocrx_word' id='word_1_738' title='bbox 2681 4980 2788 5018; x_wconf 84' lang='lat' dir='ltr'><strong>non</strong></span> <span class='ocrx_word' id='word_1_739' title='bbox 2812 4961 2999 5032; x_wconf 86' lang='lat' dir='ltr'><strong>possit.</strong></span> <span class='ocrx_word' id='word_1_740' title='bbox 3038 4978 3055 5009; x_wconf 86' lang='grc'><strong>›</strong></span> 
     </span>
    </p>
   </div>
   <div class='ocr_carea' id='block_1_106' title="bbox 1910 5047 3407 5126">
    <p class='ocr_par' dir='ltr' id='par_1_106' title="bbox 1910 5047 3407 5126">
     <span class='ocr_line' id='line_1_106' title="bbox 1910 5047 3407 5126; baseline -0.007 -18"><span class='ocrx_word' id='word_1_741' title='bbox 1910 5054 1975 5107; x_wconf 64' lang='lat' dir='ltr'><strong>lit</strong></span> <span class='ocrx_word' id='word_1_742' title='bbox 2004 5054 2285 5126; x_wconf 85' lang='lat' dir='ltr'><strong>privilegia</strong></span> <span class='ocrx_word' id='word_1_743' title='bbox 2307 5064 2357 5107; x_wconf 87' lang='lat' dir='ltr'><strong>et</strong></span> <span class='ocrx_word' id='word_1_744' title='bbox 2380 5055 2757 5111; x_wconf 90' lang='lat' dir='ltr'><strong>ordinationes</strong></span> <span class='ocrx_word' id='word_1_745' title='bbox 2778 5065 2833 5110; x_wconf 79' lang='lat' dir='ltr'><strong>et</strong></span> <span class='ocrx_word' id='word_1_746' title='bbox 2856 5054 3074 5107; x_wconf 88' lang='lat' dir='ltr'><strong>decreta</strong></span> <span class='ocrx_word' id='word_1_747' title='bbox 3108 5049 3250 5104; x_wconf 88' lang='lat' dir='ltr'><strong>beati</strong></span> <span class='ocrx_word' id='word_1_748' title='bbox 3275 5047 3407 5103; x_wconf 86' lang='lat' dir='ltr'><strong>Grc-</strong></span> 
     </span>
    </p>
   </div>
   <div class='ocr_carea' id='block_1_107' title="bbox 1832 5142 3417 5216">
    <p class='ocr_par' dir='ltr' id='par_1_107' title="bbox 1832 5142 3417 5216">
     <span class='ocr_line' id='line_1_107' title="bbox 1832 5142 3417 5216; baseline -0.004 -17"><span class='ocrx_word' id='word_1_749' title='bbox 1832 5147 1965 5216; x_wconf 83' lang='lat' dir='ltr'><strong>gorii</strong></span> <span class='ocrx_word' id='word_1_750' title='bbox 1995 5155 2051 5199; x_wconf 91' lang='lat' dir='ltr'><strong>et</strong></span> <span class='ocrx_word' id='word_1_751' title='bbox 2074 5146 2305 5202; x_wconf 89' lang='lat' dir='ltr'><strong>aliorum</strong></span> <span class='ocrx_word' id='word_1_752' title='bbox 2336 5156 2649 5202; x_wconf 90' lang='lat' dir='ltr'><strong>sanctorum</strong></span> <span class='ocrx_word' id='word_1_753' title='bbox 2681 5150 2798 5203; x_wconf 88' lang='lat' dir='ltr'><strong>sine</strong></span> <span class='ocrx_word' id='word_1_754' title='bbox 2843 5144 3021 5211; x_wconf 89' lang='lat' dir='ltr'><strong>aliqua</strong></span> <span class='ocrx_word' id='word_1_755' title='bbox 3052 5142 3417 5210; x_wconf 82' lang='lat' dir='ltr'><strong>refragatiunc</strong></span> 
     </span>
    </p>
   </div>
   <div class='ocr_carea' id='block_1_108' title="bbox 1832 5232 3415 5308">
    <p class='ocr_par' dir='ltr' id='par_1_108' title="bbox 1832 5232 3415 5308">
     <span class='ocr_line' id='line_1_108' title="bbox 1832 5232 3415 5308; baseline -0.007 -16"><span class='ocrx_word' id='word_1_756' title='bbox 1832 5245 2117 5292; x_wconf 83' lang='lat' dir='ltr'><strong>serventur</strong></span> <span class='ocrx_word' id='word_1_757' title='bbox 2150 5254 2165 5291; x_wconf 90' lang='lat'><strong>:</strong></span> <span class='ocrx_word' id='word_1_758' title='bbox 2206 5259 2224 5290; x_wconf 82' lang='grc' dir='ltr'><strong>ι</strong></span> <span class='ocrx_word' id='word_1_759' title='bbox 2264 5238 2538 5294; x_wconf 86' lang='lat' dir='ltr'><strong>Bouifacio</strong></span> <span class='ocrx_word' id='word_1_760' title='bbox 2581 5241 2758 5308; x_wconf 87' lang='lat' dir='ltr'><strong>primo</strong></span> <span class='ocrx_word' id='word_1_761' title='bbox 2810 5235 3080 5291; x_wconf 86' lang='lat' dir='ltr'><strong>defensori</strong></span> <span class='ocrx_word' id='word_1_762' title='bbox 3112 5236 3233 5305; x_wconf 69' lang='lat' dir='ltr'><strong>(In,</strong></span> <span class='ocrx_word' id='word_1_763' title='bbox 3266 5232 3415 5291; x_wconf 82' lang='lat' dir='ltr'><strong>ibid.,</strong></span> 
     </span>
    </p>
   </div>
   <div class='ocr_carea' id='block_1_109' title="bbox 1832 5323 3417 5395">
    <p class='ocr_par' dir='ltr' id='par_1_109' title="bbox 1832 5323 3417 5395">
     <span class='ocr_line' id='line_1_109' title="bbox 1832 5323 3417 5395; baseline -0.006 -12"><span class='ocrx_word' id='word_1_764' title='bbox 1832 5347 1930 5392; x_wconf 76' lang='lat' dir='ltr'><strong>vn,</strong></span> <span class='ocrx_word' id='word_1_765' title='bbox 1984 5330 2069 5395; x_wconf 81' lang='lat' dir='ltr'><strong>l7)</strong></span> <span class='ocrx_word' id='word_1_766' title='bbox 2105 5344 2120 5382; x_wconf 91' lang='lat'><strong>:</strong></span> <span class='ocrx_word' id='word_1_767' title='bbox 2157 5331 2553 5387; x_wconf 83' lang='lat' dir='ltr'><strong>Ecclesiasticis</strong></span> <span class='ocrx_word' id='word_1_768' title='bbox 2613 5331 2935 5385; x_wconf 81' lang='lat' dir='ltr'><strong>utilitatibus</strong></span> <span class='ocrx_word' id='word_1_769' title='bbox 2991 5325 3227 5380; x_wconf 81' lang='lat' dir='ltr'><strong>ﬁdeliter</strong></span> <span class='ocrx_word' id='word_1_770' title='bbox 3268 5323 3417 5376; x_wconf 88' lang='lat' dir='ltr'><strong>insu-</strong></span> 
     </span>
    </p>
   </div>
  </div>
