3944 5414
504 369 613 429 tu
640 340 645 345 ’

1507 363 1568 420 S.
1607 361 1900 422 ABBONIS
1933 363 2223 422 ABBATIS
2259 367 2752 429 FLORIACENSIS

3667 368 3761 430 “8

480 522 483 525 ρ
509 502 629 557 quae
651 499 751 555 pro
776 472 1117 538 defensorum
1149 486 1273 535 sunt
1317 476 1620 549 privilegiis
1648 486 1707 532 et
1732 477 2079 534 ordinatione
2112 484 2162 543 Α
2190 482 2446 538 dictione.
2475 484 2609 540 ltem
2639 487 2913 557 :equitatis
2950 486 3041 558 jus
3088 491 3262 563 exigit
3301 500 3359 547 ut
3400 493 3504 551 hoc
3555 497 3696 566 quod
3719 510 3745 549 ι

505 580 789 652 disposita,
821 587 1079 648 perpetua
1123 573 1421 628 stabilitate
1449 566 1505 629 et
1535 567 1651 628 sine
1671 573 1852 643 aliqua
1879 573 2085 628 consti-

506 673 710 727 tuimus
741 666 1102 737 refragatione
1128 664 1360 731 servari,
1382 664 1497 718 sive
1524 677 1644 734 qum
1668 663 1877 733 scripto
1897 662 2088 731 decre-
2114 712 2123 720 ι

506 754 703 823 vimus,
734 775 827 816 seu
858 774 976 830 qtae
1004 758 1055 835 in
1087 756 1169 813 eis
1195 756 1248 810 in
1280 765 1467 811 nostra
1514 756 1803 827 prtescntia
1834 756 2088 810 videntur
2114 804 2119 809 .

503 871 625 916 esse
653 850 936 922 diSposita.
971 863 1071 904 nec
1103 863 1133 901 a
1172 863 1446 918 quoquam
1473 847 1790 917 pontificum
1823 847 1876 901 in
1912 855 2084 901 totum

506 945 586 1000 vel
637 953 845 1014 partem
888 942 972 996 vel
1001 956 1071 996 ex
1098 942 1344 1012 qualibet
1388 941 1679 996 occasione
1708 939 1939 995 convelli
1992 940 2087 996 de-

502 1037 799 1101 cernimus,
832 1035 915 1089 vel
962 1035 1203 1088 mutari:
1241 1049 1365 1088 nam
1394 1033 1558 1088 nimis
1598 1043 1684 1089 est
1735 1029 1986 1103 asperum
2031 1041 2090 1087 et

504 1122 772 1199 pra‘cipue
802 1127 959 1181 bonis
981 1125 1325 1180 sacerdotum
1377 1123 1623 1178 moribus
1658 1123 1957 1187 inimicum,
1990 1121 2088 1176 niti

502 1218 815 1289 quempiam
846 1230 1171 1286 quacunque
1200 1213 1430 1269 rationis
1455 1214 1826 1277 excusatione,
1860 1222 1923 1268 ut
1967 1228 2115 1280 qum'

502 1312 637 1366 bene
661 1317 788 1365 sunt
809 1308 1060 1363 ordinata
1082 1305 1415 1371 rescindere,
1431 1313 1488 1360 et
1505 1304 1758 1376 exemplo
1772 1321 1875 1360 suo
1891 1306 2089 1360 docere
2110 1344 2115 1353 .

501 1414 733 1459 czeteros
801 1417 901 1457 sua
952 1401 1278 1472 quandoque
1331 1416 1490 1470 posse
1542 1401 1839 1455 constituta
1895 1399 2090 1455 dissol-

501 1509 649 1549 vere.
691 1489 982 1549 D—JOaltlll
1008 1490 1275 1562 Episcopo
1302 1489 1604 1555 Scillitano,
1638 1491 1765 1546 item
1794 1491 1861 1545 de
1901 1491 2088 1544 eadem

500 1600 560 1640 rc
586 1584 705 1653 (lo.,
741 1583 894 1646 ibid.,
923 1574 1016 1645 vlt,
1042 1581 1134 1652 '59.)
1164 1586 1177 1636 ἑ
1215 1599 1234 1633 t
1271 1581 1451 1637 Grave
1500 1581 1664 1636 nitnis
1695 1590 1750 1636 et
1777 1590 1965 1635 contra
1995 1595 2087 1632 sa-

499 1674 772 1729 cerdotale
801 1682 1017 1728 constat
1038 1686 1159 1728 esse
1188 1673 1554 1742 propositum,
1579 1671 1663 1725 vel
1689 1669 1954 1740 cujusque
1977 1686 2093 1723 mu-

501 1765 722 1820 tuasterii
770 1765 1046 1837 privilegia
1090 1762 1219 1819 olim
1266 1763 1469 1818 indulta
1522 1762 1875 1824 confundere,
1923 1769 1980 1817 el
2019 1761 2085 1815 ad

2186 575 2678 644 prtedecessoribus
2705 579 2905 633 nostris
2929 581 3147 649 cognita
3204 584 3433 640 veritate
3474 594 3562 641 est
3588 586 3750 642 reddi-

2189 673 2322 730 tum,
2343 673 2527 720 nostra
2549 667 2731 722 debite
2753 668 2932 724 denuo
2953 670 3181 725 ecclesia
3208 681 3395 728 tenere
3417 690 3524 729 non
3543 676 3747 741 debeat;

2187 771 2285 821 ne,
2335 757 2477 826 quod
2525 760 2746 814 omnino
2795 769 2983 815 coxitra
3019 762 3331 833 religiosum
3382 775 3598 821 constat
3645 763 3750 822 che

2187 848 2554 916 prepositum,
2594 865 2700 905 non
2748 865 2900 915 vera,
2956 851 3049 906 sed
3104 853 3427 923 imaginaria
3480 871 3546 911 ac
3598 858 3751 927 magis

2188 937 2370 993 dolosa
2396 939 2571 996 fuisse
2612 941 2885 999 restitutio
2932 942 3201 998 videatur.
3247 944 3311 999 Et
3342 946 3485 1011 ideo,
3514 948 3749 1016 quoniam

2189 1026 2494 1098 Stephanus
2548 1030 2718 1086 abbas
2775 1032 3092 1088 monasterii
3150 1033 3334 1090 Sancti
3392 1036 3561 1091 Marci
3620 1037 3751 1108 quod

2189 1118 2538 1179 constitutum
2591 1117 2745 1187 juxta
2795 1137 2981 1177 muros
3028 1123 3321 1194 Spolitanze
3362 1126 3603 1181 civitatis
3641 1140 3754 1181 esse

2189 1208 2544 1280 dignoscitur,
2594 1221 2820 1282 questus
2873 1213 3030 1268 nobis
3075 1222 3157 1268 est
3181 1215 3412 1270 Massam
3464 1216 3678 1272 Veneris
3698 1216 3751 1271 in

2189 1300 2464 1369 provincia
2492 1299 2800 1370 Campanize
2839 1302 3001 1356 sitam
3054 1305 3334 1359 territorio
3382 1304 3753 1371 Minturnensi,

2190 1404 2349 1459 quam
2381 1391 2432 1444 ei
2462 1390 2636 1445 beatae
2666 1392 2942 1446 memoriae
2963 1393 3266 1450 decessoris
3289 1396 3463 1451 nostri
3488 1394 3753 1452 Benedicti

2190 1482 2455 1537 redditam
2471 1484 2835 1554 prmceptione
2849 1486 3223 1553 cognovimus,
3237 1487 3303 1541 ab
3325 1487 3558 1543 ecclesia
3582 1497 3759 1542 nostra

2192 1591 2334 1630 nunc
2363 1575 2880 1649 indebitcjretineri;
2919 1578 3121 1634 idcirco
3157 1579 3259 1634 hac
3308 1580 3406 1635 tibi
3446 1580 3761 1635 auctoritate

2192 1667 2535 1738 praecipitans
2558 1676 2634 1732 ut,
2668 1668 2714 1723 si
2745 1669 3032 1724 manifeste
3072 1672 3141 1724 ab
3164 1669 3409 1726 ecclesia:
3440 1678 3640 1725 nostra:
3662 1671 3760 1725 ho-

2194 1759 2430 1815 minibus
2448 1760 2743 1825 detinetur,
2777 1762 2827 1815 in
2855 1759 2979 1829 jure
3010 1777 3131 1817 eam
3178 1763 3422 1835 pradicti
3453 1763 3761 1817 monasterii

501 1857 716 1911 irritum
741 1872 860 1926 qua:
885 1867 1011 1912 sunt
1034 1871 1130 1926 pro
1148 1856 1329 1926 quiete
1356 1855 1616 1925 disposita
1649 1854 1748 1908 niti
1774 1853 2082 1908 deducere:
2116 1828 2309 1905 B‘sine
2330 1849 2508 1921 aliqua
2540 1866 2688 1905 mora
2721 1850 2804 1906 vel
2829 1852 3187 1908 altercatione
3230 1854 3515 1908 restituas.
3552 1851 3609 1907 Si
3639 1867 3761 1906 vero

501 1949 678 2017 questi
711 1963 946 2019 namque
992 1949 1150 2003 nobis
1200 1956 1327 2003 sunt
1375 1948 1625 2002 monachi
1677 1946 2085 2012 Castellienscs,

500 2040 642 2108 quod
674 2040 725 2093 in
752 2039 1116 2095 fraternitatis
1138 2050 1336 2095 vestrm
1360 2039 1578 2093 civitate
1601 2049 1684 2093 est
1705 2038 2083 2103 constitutum,

497 2130 624 2199 quia
657 2130 830 2185 eidem
863 2131 1192 2185 monasterio
1221 2130 1465 2201 qumziam
1522 2144 1643 2198 quae
1674 2129 2083 2199 praedecessori-

499 2222 600 2276 bus
630 2222 831 2276 vestris
861 2223 1125 2291 permissa
1156 2238 1220 2277 ac
1247 2223 1640 2277 consuetudine
1686 2222 1843 2290 longa
1874 2228 2085 2276 servata

509 2324 657 2380 sunt,
695 2312 969 2379 festinetis
992 2314 1270 2376 inducere,
1299 2320 1355 2367 et
1379 2312 1657 2381 antiquam
1683 2311 2086 2366 ordinationem

501 2405 734 2473 quadam
759 2404 1059 2474 prtejudicii
1086 2404 1325 2458 novitate
1350 2404 1587 2456 turbare.
1613 2401 1846 2455 Proinde
1870 2401 1957 2455 bis
1980 2400 2090 2453 fra-

502 2492 813 2546 ternitatem
869 2503 1106 2547 vestram
1156 2493 1441 2546 hortamur
1486 2488 1759 2553 affatibus,
1802 2498 1884 2553 ut,
1920 2491 1967 2543 si
2011 2489 2086 2543 ita

497 2595 603 2649 est,
634 2585 702 2655 ab
725 2584 841 2653 ejus
867 2600 926 2640 se
953 2585 1201 2640 molestia
1232 2584 1350 2639 sine
1375 2583 1554 2653 aliqua
1583 2582 1935 2638 exornatione
1956 2596 2088 2636 con-

503 2674 692 2739 tineat,
728 2685 784 2730 et
828 2691 949 2746 qua:
1000 2676 1081 2731 eis
1133 2684 1259 2729 sunt
1308 2675 1512 2729 diutius
1557 2674 1857 2739 custodita,
1887 2672 2089 2727 nullius

496 2769 803 2824 occasionis
836 2778 1006 2824 tentet
1030 2767 1383 2838 usurpatione
1413 2765 1736 2829 convellere,
1771 2766 1867 2821 sed
1889 2774 2084 2819 cuneta

499 2860 705 2915 illiivatc
735 2871 788 2916 et
819 2861 938 2917 sine
982 2861 1162 2931 aliqua
1202 2860 1418 2915 studeat
1446 2858 1812 2929 refragatione
1842 2871 2085 2923 servare,

502 2962 555 3005 et
588 2954 706 3022 plus
736 2953 836 3008 sibi
870 2954 924 3007 in
974 2954 1161 3007 eodem
1191 2952 1546 3018 menasterio,
1596 2966 1758 3021 quam
1788 2950 2088 3019 praedeces-

499 3046 718 3099 soribus
749 3047 862 3100 suis
894 3045 1068 3111 licuit,
1100 3047 1309 3101 noverit
1371 3060 1478 3099 non
1526 3044 1713 3098 licere.
1766 3042 1903 3109 Quia
1955 3056 2087 3097 vero

500 3136 707 3205 p.:ritcr
737 3139 913 3206 questi
965 3147 1091 3192 sunt
1132 3137 1528 3191 fraternitatem
1562 3146 1710 3191 tuam
1742 3134 1987 3203 quaedam
2019 3133 2086 3187 de

502 3231 836 3284 monasterio
863 3229 963 3283 sub
989 3230 1132 3284 xenii
1156 3230 1311 3299 quasi
1336 3229 1513 3298 specie
1536 3225 1846 3290 abstulisse,
1863 3240 2088 3281 necesse

499 3327 583 3372 est
615 3326 693 3383 ut,
724 3319 767 3373 si
794 3319 922 3388 quid
967 3327 1019 3372 te
1065 3318 1382 3373 indecenter
1416 3317 1610 3373 recolis
1646 3317 1944 3387 accepisse,
1971 3316 2090 3370 sine

499 3407 761 3463 dilatione
816 3410 1093 3474 restituas,
1139 3424 1208 3464 ne
1265 3409 1511 3463 avaritiae
1560 3416 1612 3461 te
1648 3406 1889 3477 graviter
1930 3406 2087 3476 culpa

503 3502 816 3570 redarguat,
848 3515 1009 3570 quem
1060 3499 1269 3568 largum
1298 3514 1423 3568 erga
1474 3496 1803 3552 monasteria
1834 3496 2091 3551 sacerdo-

503 3591 623 3644 talis
660 3592 922 3645 debuerat
973 3591 1145 3661 magis
1193 3589 1563 3644 munificentia
1622 3590 2017 3644 demonstrare.
2062 3605 2083 3641 ι

503 3678 630 3734 [tem
654 3692 773 3751 post
800 3699 968 3751 pauca
996 3700 1008 3736 :
1038 3701 1056 3734 ι
1095 3682 1475 3743 Indicaveruut
1505 3678 1671 3735 etiam
1703 3681 1950 3735 monachi
1974 3693 2092 3734 ιιιοέ

508 3775 733 3829 easterii
792 3786 1030 3830 castrum
1088 3776 1231 3846 quod
1262 3775 1578 3831 Scillacium
1621 3775 1840 3840 dlcitur,
1874 3774 1926 3828 in
1973 3773 2091 3829 solo

502 3865 645 3936 juris
675 3868 991 3923 monasterii
1020 3884 1208 3923 eorum
1236 3882 1358 3923 esse
1383 3868 1688 3933 fundatum,
1709 3878 1873 3937 atque
1893 3868 1961 3921 ob
1986 3868 2090 3923 hoe

507 3959 816 4015 habitantes
851 3960 965 4015 illic
989 3958 1148 4015 faelis
1170 3960 1366 4015 libellis
1393 3960 1645 4015 snlatium
1675 3958 1905 4030 singulis
1925 3958 2089 4012 annis

501 4052 856 4123 expendisse;
882 4053 1193 4123 persolvere
1235 4052 1328 4107 sed
1355 4060 1542 4122 postea
1582 4050 1997 4120 contempsisse,
2032 4060 2089 4105 et

503 4142 572 4195 ab
598 4143 781 4196 eadem
807 4156 866 4196 se
896 4144 1321 4213 prwsentationc
1349 4157 1687 4212 supervacue
1712 4141 2084 4211 suspendisse.

504 4230 841 4290 Fraternitas
869 4250 999 4305 ergo
1048 4245 1228 4291 vestra
1272 4236 1545 4290 subtiliter
1592 4235 1876 4288 veritatem
1933 4241 2089 4288 curet

505 4324 808 4388 addiscere,
834 4334 910 4390 et,
943 4327 986 4379 si
1020 4327 1093 4380 ita
1142 4326 1428 4396 repererit,
1459 4325 1729 4380 instanter
1774 4324 1992 4379 studeat
2029 4331 2089 4379 ut

503 4428 567 4468 ea
600 4430 719 4484 quze
747 4416 1135 4484 promiserunt,
1161 4418 1288 4486 quia
1321 4426 1378 4471 et
1427 4417 1564 4471 ratio
1590 4417 1664 4470 ita
1702 4416 1894 4485 exigit,
1942 4431 2084 4485 pra:-

506 4500 634 4558 bere
691 4520 798 4559 non
846 4504 1126 4572 diffamat;
1186 4515 1453 4574 quatenus
1488 4513 1544 4560 et
1590 4506 1666 4559 illi
1714 4507 1900 4574 quiete
1940 4505 2082 4574 quod

508 4608 691 4655 tenent
720 4603 1050 4672 possideant,
1078 4613 1132 4657 et
1183 4602 1497 4657 monasterii
1541 4601 1665 4671 jura
1711 4599 2082 4670 pra-judicium

507 4713 613 4753 non
643 4696 944 4750 incurrant.
975 4695 1245 4750 Prmterea
1299 4693 1477 4766 questi
1506 4692 1663 4747 nobis
1688 4700 1810 4747 sunt
1844 4689 2085 4761 μιαιόὶΜὶ

507 4789 760 4865 monachi
789 4788 1103 4842 monasterii
1129 4788 1379 4841 abbatem
1410 4800 1568 4839 suum
1597 4784 1739 4839 intra
1787 4782 2083 4838 Scillanum

506 4890 747 4935 castrum
776 4882 918 4951 quod
945 4888 1234 4935 sexcentos
1275 4876 1440 4949 pedes
1485 4878 1797 4933 extenditur
1821 4876 1924 4931 sub
1950 4889 2090 4945 prte-

512 4983 660 5027 textu
684 4973 1010 5029 fabricauit-te
1033 4972 1276 5028 ecclesiae
1305 4971 1630 5026 fraternitati
1657 4980 1762 5024 ltltB
1777 4967 2085 5031 donationis

507 5063 662 5119 titulo
687 5065 1045 5130 concessisse,
1069 5074 1123 5119 et
1145 5064 1263 5118 ideo
1289 5064 1538 5119 volumus
1564 5071 1824 5132 quantum
1850 5060 2083 5130 parietes

504 5168 730 5224 possunt
753 5156 1031 5212 aedificatae
1069 5154 1311 5226 ecclesia:
1336 5153 1686 5215 circumdari,
1703 5150 1811 5219 juri
1839 5149 2082 5204 ecclesia:

506 5245 788 5301 vindicari.
845 5247 1115 5318 Quidquid
1167 5259 1297 5302 vero
1346 5257 1497 5302 extra
1551 5243 1783 5314 parietes
1836 5239 2077 5309 ejusdem

1964 5328 2051 5348 1⁸⁵9

2190 1957 2295 1995 non
2327 1956 2357 1995 a
2400 1943 2623 2008 nostris,
2651 1943 2747 1998 sed
2781 1959 2810 1996 a
2849 1944 3174 2014 quibusdam
3228 1943 3456 1998 forsitan
3495 1944 3763 1998 extraneis

2189 2033 2478 2099 detinetur,
2503 2043 2736 2087 strenua
2753 2042 2804 2086 te
2827 2048 2985 2102 agr-re
3006 2033 3366 2091 sollicitudine
3391 2032 3661 2098 volumus,
3704 2041 3765 2086 ut

2195 2126 2247 2178 in
2279 2124 2402 2195 jure
2431 2125 2606 2180 modis
2644 2125 2894 2180 omnibus
2920 2127 3203 2180 memorati
3231 2125 3424 2181 debeat
3450 2124 3759 2179 monasterii

2188 2214 2497 2281 reformari,
2546 2225 2813 2286 quatenus
2865 2226 2919 2272 et
2968 2217 3140 2286 ipsum
3186 2216 3328 2287 quod
3373 2231 3528 2271 suum
3576 2225 3660 2271 est
3710 2225 3761 2269 te

2189 2305 2512 2361 sollicitante
2529 2306 2644 2363 sine
2664 2307 2840 2377 aliqua
2863 2306 3174 2378 fatigatione
3202 2307 3445 2378 recipiat,
3470 2315 3525 2362 et
3543 2305 3680 2361 alter
3698 2306 3767 2361 de

2185 2396 2463 2466 dispendio
2499 2397 2806 2450 monasterii
2843 2395 3039 2465 injuste
3063 2395 3271 2452 lucrum
3302 2412 3407 2451 non
3441 2396 3662 2451 habeat.
3704 2414 3725 2446 ι

2261 2484 2382 2556 (Ιυ.,
2407 2485 2559 2549 ibid.,
2592 2501 2657 2550 tt,
2686 2484 2802 2549 39.)
2839 2504 2856 2536 ι
2888 2484 2962 2540 De
2988 2484 3372 2540 ecclesiasticis
3398 2498 3530 2538 vero
3550 2483 3768 2554 privile-

2189 2579 2292 2648 giis
2316 2578 2461 2646 quod
2495 2586 2674 2631 vestra
2706 2576 3021 2631 fraternitas
3059 2576 3268 2640 scribit,
3325 2576 3429 2630 hoc
3471 2573 3764 2644 postposita

2189 2669 2527 2727 dubitatione
2573 2676 2775 2731 teneat,
2818 2667 2967 2737 quia,
3010 2668 3151 2721 sicut
3180 2674 3361 2720 nostra
3405 2664 3766 2724 defendimus.

2188 2760 2263 2816 ita
2293 2759 2518 2830 singulis
2543 2758 2846 2828 quibusque
2886 2754 3134 2811 ecclesiis
3171 2770 3267 2809 sua
3308 2753 3432 2822 jura
3464 2767 3765 2816 servamus,

2188 2865 2289 2906 nec
2311 2849 2535 2905 cuilibet
2563 2848 2779 2902 favente
2811 2845 2985 2917 gratia
3019 2844 3157 2899 ultra
3201 2859 3361 2913 quam
3405 2852 3647 2897 meretur
3670 2841 3769 2894 im-

2188 2938 2412 3013 pertior,
2443 2951 2545 2992 nec
2567 2936 2659 2990 ulli
2691 2936 2793 2990 hoc
2821 2936 2962 3003 quod
2990 2934 3073 2988 sui
3117 2931 3255 3001 juris
3282 2941 3387 2996 est,
3432 2931 3637 2985 ambitu
3667 2928 3767 2983 sti-

2190 3034 2450 3099 mulante,
2502 3031 2806 3102 derogabo;
2861 3030 2955 3084 sed
3005 3027 3205 3082 fratres
3252 3038 3401 3079 meos
3454 3036 3553 3093 per
3590 3020 3769 3075 onmia

2190 3125 2460 3180 honorare
2505 3124 2685 3194 cupio,
2735 3122 2922 3191 siCque
2976 3119 3167 3173 studeo
3197 3117 3432 3171 honores
3472 3114 3540 3167 in
3587 3112 3770 3166 oculos

2190 3216 2438 3280 subvehi,
2464 3212 2754 3270 dummodo
2780 3228 2887 3267 non
2915 3211 2983 3265 sit
3004 3209 3149 3279 quod
3175 3207 3329 3263 alteri
3353 3204 3479 3275 jure
3510 3205 3578 3258 ab
3601 3202 3769 3255 altero

2189 3308 2361 3378 possit
2386 3308 2607 3379 Opponi.
2647 3303 3060 3375 llesponsalium
3094 3315 3226 3356 vero
3253 3308 3560 3353 vestrorum
3605 3293 3769 3348 mori-

2188 3400 2290 3456 bus
2316 3400 2468 3454 valde
2497 3397 2831 3468 eongaudeo,
2861 3396 2914 3450 in
2964 3393 3158 3464 quibus
3211 3390 3340 3446 milti
3383 3398 3664 3443 ostensum
3689 3392 3770 3440 est

2163 3499 2448 3562 quantum
2476 3503 2562 3544 me
2591 3487 2833 3557 diligitis,
2861 3484 2952 3556 qui
3002 3483 3070 3538 ad
3115 3498 3203 3538 me
3247 3481 3449 3534 electos
3493 3476 3692 3530 fratres
3718 3483 3770 3527 et

2192 3583 2331 3638 ﬁlios
2382 3580 2783 3636 transmisistis.
2826 3575 3049 3645 n—(lo.,
3098 3574 3249 3636 ibid.,
3294 3587 3368 3635 vt,
3396 3569 3513 3639 '59..)
3552 3585 3571 3619 ‹
3628 3567 3769 3621 Licet

2189 3675 2584 3730 fraternitatem
2611 3681 2848 3726 vestram
2908 3681 3036 3737 erga
3081 3663 3534 3721 monasteriorum
3585 3674 3766 3714 curam

2188 3767 2446 3839 pastorali
2474 3750 2777 3836 vigilantia
2825 3759 3109 3817 credamus
3158 3770 3279 3810 esse
3326 3753 3650 3816 sollicitam,
3706 3766 3764 3804 ea

2192 3872 2368 3917 tamen
2421 3874 2540 3928 qua:
2585 3857 2651 3911 de
2706 3853 3034 3910 monasterio
3092 3851 3144 3905 in
3189 3849 3444 3903 Africana
3490 3843 3764 3916 provincia

2189 3953 2365 4024 posito
2416 3949 2788 4019 cognovimus,
2846 3944 2998 3998 vobis
3053 3938 3363 3996 necessario
3422 3935 3767 4005 prmvidimus

2189 4048 2431 4103 indicare
2456 4044 2567 4099 illa.
2601 4041 2857 4108 Queritur
2883 4045 3065 4091 autem
3088 4031 3406 4090 Coucodeus
3434 4029 3607 4084 abbas
3633 4027 3767 4081 lator

2186 4139 2531 4209 praesentium
2596 4133 2761 4202 quia,
2816 4131 2861 4187 si
2923 4129 3140 4200 quando
3203 4124 3499 4181 monachos
3576 4121 3765 4192 quibus

2188 4244 2419 4300 prmesse
2444 4226 2782 4297 dignoscitur
2818 4221 2917 4277 sub
2945 4219 3175 4289 regulari
3222 4215 3452 4273 voluerit
3484 4213 3762 4284 disciplina

2187 4320 2542 4391 restringere,
2574 4313 3196 4383 monasterinmvtemere
3236 4307 3509 4389 deserant,
3536 4312 3595 4357 et
3625 4301 3764 4356 licite

2186 4423 2508 4481 quocunque
2553 4404 2823 4459 voluerint
2859 4408 3121 4471 vagantes
3173 4399 3429 4453 existant.
3473 4392 3614 4458 Quia
3641 4405 3763 4481 ergo

2190 4480 2291 4554 lt0c
2318 4508 2374 4554 et
2398 4498 2527 4568 ipsis
2555 4495 2774 4550 omnino
2812 4490 3180 4561 perniciosum
3213 4494 3315 4551 est,
3348 4492 3402 4539 et
3441 4481 3567 4537 aliis
3590 4480 3763 4553 perdi-

2192 4589 2353 4645 tionis
2381 4593 2649 4642 monstrat
2673 4581 3002 4650 exemplum,
3037 4580 3321 4635 hortamur
3368 4573 3761 4629 fraternitatem

2189 4689 2422 4735 vestram
2451 4686 2532 4743 ut,
2578 4676 2626 4730 si
2659 4675 2732 4729 ita
2774 4682 2877 4737 est,
2933 4669 3360 4726 ecclesiasticam
3397 4667 3449 4720 in
3493 4664 3620 4719 illos
3644 4677 3760 4717 cor-

2188 4770 2481 4826 rectionem
2511 4773 2783 4826 exerceat.
2814 4772 3015 4819 etcum
3043 4761 3194 4832 gravi
3246 4774 3341 4813 eos
3370 4756 3580 4811 ultione
3616 4770 3648 4809 a
3675 4750 3760 4807 tali

2188 4860 2374 4934 procul
2395 4858 2559 4914 dubio
2590 4855 3014 4930 prmsumptione
3039 4861 3379 4922 compescat;
3411 4858 3578 4919 atque
3605 4848 3678 4909 ita
3699 4842 3760 4897 ad

2185 4951 2543 5023 obedientium
2574 4947 2780 5004 salubri
2813 4943 3121 5016 provisione
3150 4940 3526 5012 superbientes
3557 4937 3762 4990 animos

2176 5042 2308 5114 jugo
2339 5039 2635 5109 disciplinae
2656 5037 2930 5105 subjiciat,
2953 5045 3168 5106 utquos
3192 5033 3258 5088 ad
3290 5029 3603 5102 hujusmodi
3638 5042 3759 5098 pra-

2188 5134 2370 5190 vitatis
2393 5145 2675 5187 excessum
2724 5143 2913 5184 eorum
2947 5136 3157 5197 poterat
3184 5122 3413 5178 imitatio
3441 5130 3759 5191 provocare,

2183 5224 2492 5281 cutemlatio
2516 5238 2546 5276 a
2579 5220 2732 5290 culpa
2784 5226 3025 5283 revocet,
3055 5224 3113 5272 et
3138 5215 3274 5279 suis,
3311 5222 3369 5267 ut
3408 5211 3637 5281 dignum
3663 5214 3759 5268 est,

2187 5319 2368 5348 .Innnul
2404 5313 2700 5348 nrmnnciﬁc
2727 5312 2946 5348 nhmliro
3015 5310 3149 5348 nnis!
3192 5322 3322 5348 vam
3364 5321 3391 5348 !|
3440 5303 3759 5348 ηιιίὴιιςιίειιιὶ
