3944 5414
466 356 582 411 451

1493 339 1551 398 S.
1590 337 1882 396 ABBONIS
1931 336 2233 393 ABBATIS,
2267 335 2759 393 FLORIACENSIS

3637 330 3726 385 43‘!

484 466 740 525 Ecclesia:
766 478 870 519 non
898 470 1169 534 procedat.
1199 453 1303 514 scd
1332 460 1374 513 si
1420 466 1759 526 quocumque
1806 454 1964 506 modo
2010 468 2061 504 tn

2188 448 2631 521 reprehensihilis,
2647 458 2700 501 et
2725 449 2919 503 iterum
2944 446 3097 502 bonis
3121 443 3441 500 tesdmoniis
3462 445 3727 511 muniatur,

482 559 745 625 majorem
779 554 1001 621 gradum
1032 551 1322 621 productus
1348 549 1439 612 sit,
1486 546 1760 614 rcjiciatur
1803 545 1872 597 ab
1898 557 1984 607 eo,
2014 551 2070 595 et

482 649 649 720 priori
697 646 1029 701 restituatur.
1089 659 1107 691 ι
1167 642 1239 693 De
1289 638 1501 693 clericis
1538 638 1629 706 qui
1683 634 1898 704 nuptias
1944 648 2073 687 con-

486 743 703 799 trahere
740 754 844 793 non
877 744 1101 806 possunt
1126 752 1140 785 :
1170 753 1186 783 ι
1225 731 1468 787 Clericus
1502 730 1593 800 qui
1634 744 1796 799 supra
1841 727 2073 781 lectores

484 843 540 889 et
585 839 835 886 cantores
881 834 987 889 est,
1037 824 1196 879 veluti
1249 822 1613 877 subdiaconus
1661 819 1743 872 vel
1794 818 2069 880 diaconus,

483 921 658 979 nullas
679 927 893 988 nuptias
915 915 1239 970 contrahere
1261 908 1745 979 audeat,~ahoquin
1770 907 2073 962 sacerdotio

486 1014 667 1068 cadat.
700 1009 903 1064 Lector
931 1021 1145 1076 quoque
1194 1004 1237 1059 si
1285 1002 1549 1058 secundas
1594 998 1927 1054 contraxerit
1976 1012 2076 1050 nu-

487 1105 667 1175 ptias,
719 1099 783 1154 ad
840 1098 1099 1168 majorem
1169 1096 1395 1166 gradum
1454 1090 1812 1147 ecclesiastici
1867 1088 2075 1143 ordinis

486 1191 839 1263 prohibeatur
894 1186 1205 1241 ascendere.
1267 1182 1463 1238 Laicus
1503 1182 1665 1236 etiam
1721 1181 1763 1233 si
1814 1188 2072 1248 appareat

486 1286 639 1342 uxori
677 1283 1001 1353 conjunctus
1043 1292 1163 1334 esse
1208 1291 1328 1346 qua:
1372 1275 1535 1329 alium
1587 1273 1839 1327 maritum
1869 1270 2073 1335 habuit,

485 1385 581 1430 aut
607 1375 651 1429 si
676 1389 782 1428 non
805 1373 926 1442 jure
955 1365 1270 1437 conjunctus
1301 1367 1390 1432 sit,
1422 1377 1516 1420 aut
1539 1364 1583 1418 si
1613 1364 1701 1419 ille
1728 1363 1887 1416 aliam
1942 1376 2079 1415 uxo-

490 1482 604 1522 rem
652 1463 873 1525 habuit,
923 1474 1100 1530 neque
1151 1458 1533 1522 subdiaconus,
1583 1470 1757 1525 neque
1792 1454 2074 1516 diaconus,

489 1571 665 1625 neque
710 1554 991 1625 presbyter
1020 1552 1135 1606 iieri
1165 1549 1386 1619 poterit.
1422 1548 1555 1603 Nam
1584 1547 1684 1603 etsi
1731 1543 2078 1599 clandestinis

487 1650 700 1706 artibus
722 1647 788 1701 ad
811 1644 1272 1701 consecrationem
1312 1637 1591 1709 irrepserit
1611 1678 1627 1703 ,
1651 1637 1821 1691 honor
1841 1634 1957 1705 ejus
1992 1647 2079 1687 ca-

485 1740 582 1793 dit.
619 1737 749 1792 ltem
794 1734 884 1804 qui
906 1734 1040 1787 duas
1079 1730 1292 1800 nuptias
1332 1726 1683 1789 contraxerit,
1710 1723 1971 1777 diaconus
1992 1721 2074 1776 vel

2171 556 2238 593 an
2273 556 2402 595 non.
2440 541 2547 595 Sed
2589 550 2645 593 et
2680 539 2723 594 si
2771 539 3015 593 otiiciahs
3061 544 3143 592 vel
3181 536 3402 591 curialis
3432 537 3729 593 conditionis

2168 632 2259 694 sit,
2311 631 2628 699 prohibetur
2671 630 2955 699 episcopus
2998 628 3134 693 fieri,
3170 628 3271 681 nisi
3310 625 3446 680 forte
3496 641 3524 680 a
3572 635 3729 683 tenera

2169 729 2331 773 actate
2362 720 2415 773 in
2448 720 2777 774 monasterio
2804 718 2922 773 fuit.
2950 719 3131 787 quue
3160 718 3316 771 moto
3338 716 3591 770 liberatus
3611 729 3682 772 est
3706 740 3731 771 a

2170 811 2445 881 praedictis
2511 811 2944 877 conditionibus;
3013 811 3083 864 ita
3149 822 3327 863 tamen
3399 816 3455 863 ut
3506 822 3732 879 quartam

2174 902 2474 968 portionem
2508 902 2823 956 substantia:
2849 916 2958 955 sna:
2987 902 3149 954 curiae
3175 908 3425 970 praestet,
3459 900 3731 956 secundum

2172 991 2306 1061 legis
2336 991 2765 1046 observantiam.
2802 990 2908 1046 Sed
2955 1006 3130 1061 neque
3175 1007 3239 1044 ex
3291 991 3429 1045 laico
3460 993 3632 1045 statim
3680 994 3736 1045 ad

2174 1087 2540 1157 episcopatum
2577 1087 2869 1141 ascendere
2895 1085 3036 1149 licet,
3068 1100 3241 1154 neque
3271 1084 3562 1139 clericatus
3588 1084 3737 1138 honn«
3763 1094 3777 1126 ι

2175 1194 2288 1232 rem
2322 1178 2632 1233 simulatum
2662 1178 2917 1231 habu'sse
2964 1174 3177 1231 suiﬁeit.
3225 1175 3455 1245 Oportet
3503 1190 3617 1228 eum
3660 1178 3738 1244 qui

2174 1271 2459 1339 episcopus
2489 1270 2561 1324 sit
2590 1284 2761 1338 neque
2788 1283 3009 1323 uxorem
3045 1268 3267 1332 habere,
3301 1282 3475 1335 neque
3509 1268 3739 1321 concubi-

2176 1376 2325 1426 nam,
2351 1374 2524 1430 neque
2555 1360 2712 1425 ﬁlios,
2744 1374 2918 1429 neque
2950 1368 3169 1429 nepotes
3196 1374 3291 1412 seu
3330 1357 3600 1428 legitimos
3645 1357 3747 1411 sive

2177 1452 2385 1523 legibus
2418 1452 2719 1523 incognitos
2745 1468 2760 1517 ;
2788 1461 2841 1505 et
2881 1451 2926 1506 si
2956 1452 3079 1521 quis
3108 1460 3296 1505 contra
3325 1451 3441 1505 ha-c
3472 1450 3671 1512 fecerit,
3699 1460 3750 1504 et

2179 1544 2226 1599 is
2257 1543 2346 1612 qui
2376 1540 2554 1598 factus
2582 1551 2684 1603 est,
2711 1550 2765 1597 et
2796 1542 2841 1596 is
2868 1542 2960 1611 qui
2982 1554 3106 1594 eum
3133 1540 3278 1604 fecit,
3302 1542 3641 1610 episcopatus
3666 1554 3750 1594 ex-

2179 1635 2413 1705 pellatur
2434 1635 2660 1688 honore.
2686 1632 2762 1687 Ne
2778 1631 2941 1688 liceat
2964 1633 3207 1702 pecuniaa
3228 1633 3447 1686 datione
3458 1633 3751 1702 episcopum

2178 1740 2318 1780 esse.
2351 1724 2485 1779 Eum
2516 1732 2697 1777 autem
2722 1730 2936 1793 oportet
2969 1722 3059 1791 qui
3092 1722 3377 1792 episc0pus
3410 1722 3491 1783 tit,
3522 1720 3605 1773 vel
3648 1736 3749 1773 mo-

488 1828 777 1899 presbyter
822 1824 937 1880 iieri
982 1820 1319 1893 prohibetur.
1370 1818 1476 1874 Sed
1514 1826 1567 1871 et
1590 1816 1633 1870 si
1659 1815 1936 1870 mulierem
1963 1812 2074 1867 dis-
2107 1810 2152 1870 B
2182 1816 2435 1877 naehum,
2474 1813 2557 1869 vel
2592 1812 2849 1868 clericum
2882 1830 2895 1866 :
2925 1813 2999 1867 ita
3032 1822 3212 1866 tamen
3241 1820 3301 1865 ut
3336 1826 3440 1864 non
3475 1809 3647 1863 minus
3669 1822 3753 1864 se:

483 1920 730 1988 junctam
765 1931 794 1970 a
831 1914 1028 1969 marito
1054 1927 1154 1968 suo
1197 1925 1358 1980 quem
1404 1910 1519 1979 ipsa
1564 1906 1798 1977 reliquit,
1849 1917 2073 1958 uxorein

491 2010 764 2080 quispiam
813 2004 1101 2069 habuerit,
1134 2015 1308 2071 neque
1336 2000 1593 2055 diaconus
1638 2010 1816 2065 neque
1860 1993 2079 2064 presby-

495 2113 581 2159 ter
629 2098 745 2154 iieri
796 2103 992 2168 potest.
1051 2094 1196 2149 ldcm
1246 2101 1330 2147 est
1375 2091 1418 2144 si
1468 2087 1823 2144 concubinam
1878 2083 2081 2139 habue-

496 2191 587 2255 rit,
641 2188 837 2258 quippe
899 2183 1032 2239 tales
1096 2181 1343 2236 homines
1406 2193 1529 2232 cum
1590 2176 1842 2232 castitate
1899 2172 2081 2226 vivere

496 2280 687 2343 decet;
714 2284 901 2331 castus
953 2282 1133 2327 autem
1176 2282 1258 2325 εει
1289 2269 1380 2338 qui
1427 2267 1588 2322 habet
1616 2266 1698 2319 vel
1728 2263 1916 2319 habuit
1944 2277 2079 2316 uxo—

498 2385 614 2425 rem
634 2376 863 2429 castam,
894 2372 944 2417 et
987 2362 1157 2432 ipsam
1205 2360 1490 2429 virginem,
1521 2366 1576 2411 et
1606 2358 1674 2410 ab
1721 2357 1839 2425 ipso
1866 2354 2073 2424 virgine

498 2464 789 2527 receptam.
828 2453 885 2507 Si
915 2452 1035 2521 quis
1071 2460 1249 2505 autem
1275 2450 1553 2520 presbyter
1576 2447 1667 2502 vel
1696 2447 1956 2501 diaconus
1994 2451 2087 2498 ant

497 2546 861 2603 subdiaconus
887 2556 1107 2595 uxorem
1138 2540 1371 2604 duxerit,
1402 2538 1483 2592 vel
1506 2537 1863 2593 concubinam
1887 2535 2087 2589 habue-

500 2638 574 2692 rit
623 2635 738 2691 sive
796 2632 933 2686 clam
997 2631 1109 2685 sive
1158 2630 1333 2700 palam
1387 2627 1501 2683 sive
1539 2626 1639 2681 sub
1680 2625 1857 2695 aliqua
1895 2625 2083 2694 tignra,

498 2725 660 2784 cadat
696 2723 983 2779 clericatus
1024 2721 1249 2784 honore,
1295 2726 1351 2773 et
1396 2717 1467 2771 sit
1521 2718 1762 2787 privatus
1800 2726 1854 2771 et
1898 2716 2085 2770 laicus.

498 2819 631 2874 ltem
668 2831 731 2872 ea
773 2830 893 2885 qua:
935 2813 1001 2867 de
1044 2812 1255 2868 clericis
1298 2810 1531 2865 diximus
1577 2818 1793 2864 teneant
1832 2808 1997 2862 etiam
2036 2816 2090 2862 ct

504 2912 559 2966 in
599 2908 936 2965 diaconissis.
980 2904 1324 2959 Diaconissas
1360 2910 1537 2957 autem
1572 2901 1744 2956 creari
1776 2900 2090 2955 constitutio

513 3002 776 3075 praecipit,
804 3002 846 3054 si
871 2995 1257 3068 quinquaginta
1280 3010 1539 3049 annorum
1564 3002 1779 3048 aetatem
1803 3001 1991 3063 agunt,
2018 2992 2090 3046 ita

504 3107 686 3151 tamen
706 3102 762 3145 ut
789 3090 1020 3159 virgines
1050 3088 1177 3151 sint,
1219 3085 1300 3141 vel
1325 3086 1369 3139 si
1405 3099 1569 3138 unum
1598 3084 1851 3137 maritum
1882 3092 2089 3136 tantum

2181 1905 2456 1960 mensibus
2492 1913 2749 1975 appareat
2789 1919 2913 1959 eum
2946 1905 2997 1957 in
3046 1902 3303 1958 clericatu
3335 1900 3522 1956 fuisse.
3570 1898 3756 1971 chere

2177 2003 2358 2048 autem
2390 1994 2551 2049 debet
2576 2002 2633 2048 et
2658 2008 2847 2048 sacros
2877 2007 3135 2053 canones.
3183 2006 3358 2061 eoque
3386 1999 3624 2060 tempore
3661 2000 3758 2061 quo

2180 2094 2555 2148 consecratur,
2600 2082 2917 2137 consulatur
2954 2096 3075 2136 eum
3124 2082 3170 2137 is
3213 2082 3309 2152 qui
3355 2090 3671 2143 consecrat,
3716 2082 3755 2133 si

2181 2175 2349 2244 possit
2376 2172 2552 2228 facere
2580 2182 2741 2241 atque
2766 2174 3041 2229 custodire
3070 2175 3249 2227 omnia
3279 2190 3396 2244 qum
3439 2172 3607 2226 divini
3636 2186 3755 2240 pra:-

2182 2263 2392 2333 cipiunt
2436 2276 2712 2326 canones,
2758 2272 2814 2316 et
2863 2262 3129 2332 siquidem
3185 2264 3466 2333 negaverit
3513 2280 3571 2319 se
3618 2280 3761 2334 posse

2184 2356 2480 2419 custodire,
2513 2370 2618 2409 non
2644 2366 3031 2420 consecretur;
3062 2357 3104 2410 si
3136 2367 3315 2412 autem
3348 2358 3618 2427 pollicitus
3648 2360 3760 2414 fue-

2186 2448 2256 2503 rit
2279 2449 2692 2503 observaturum
2715 2464 2775 2503 se
2796 2458 3057 2518 quantum
3091 2451 3399 2507 hominibus
3419 2454 3671 2523 possibile
3691 2465 3765 2508 est

2186 2550 2375 2595 sancta
2428 2554 2695 2595 canonum
2746 2554 3037 2611 praecepta,
3085 2551 3211 2598 tunc
3261 2544 3305 2599 is
3352 2546 3443 2615 qui
3492 2557 3764 2601 consecrat

2187 2644 2308 2685 eum
2340 2632 2631 2686 admouere
2657 2641 2820 2700 atque
2850 2632 3143 2702 praedicere
3187 2634 3347 2690 debet
3391 2638 3556 2705 quod,
3586 2639 3634 2691 si
3663 2652 3762 2693 non

2187 2720 2556 2775 observaverit
2583 2735 2817 2776 canones
2842 2731 3080 2787 sanctos,
3108 2730 3163 2776 et
3192 2722 3399 2778 alienus
3429 2726 3533 2778 erit
3579 2741 3609 2779 a
3640 2726 3763 2790 Deo,

2189 2822 2243 2867 et
2294 2812 2555 2885 religiosis
2612 2814 2880 2884 episcopis
2930 2831 3035 2869 non
3087 2816 3604 2872 connumerahitur:
3648 2834 3765 2871 eam

2190 2918 2426 2958 canones
2474 2903 2698 2958 Patrum
2749 2905 2855 2958 vim
2908 2904 3084 2976 legum
3141 2906 3341 2961 habere
3388 2918 3620 2976 oportet.
3677 2908 3766 2962 Sin

2192 3004 2370 3048 autem
2417 2994 2614 3063 aliquis
2656 2997 2937 3066 pecuniam
2984 2997 3227 3063 dederit,
3275 2998 3571 3067 eodemth
3618 3000 3768 3053 modo

2193 3087 2477 3155 episcopus
2543 3096 2757 3141 creatus
2811 3088 3011 3152 fuerit,
3081 3103 3187 3141 non
3238 3088 3411 3142 solum
3480 3088 3636 3159 ipse,
3682 3090 3770 3142 sed

506 3187 831 3242 habuerunt.
862 3181 920 3235 Si
944 3189 1123 3235 autem
1150 3178 1360 3242 mulier,
1402 3186 1623 3247 prapter
1648 3176 1883 3246 aliquam
1910 3189 2092 3230 neces-
2120 3169 2165 3232 C
2196 3176 2357 3231 etiam
2390 3178 2479 3246 qui
2508 3179 2844 3233 consecravit
2871 3194 2992 3233 eum
3019 3179 3159 3233 inter
3186 3178 3467 3248 episcopos
3497 3196 3603 3233 non
3653 3180 3769 3241 erit,

506 3277 745 3337 sitatem,
778 3273 953 3327 minor
992 3270 1381 3340 quinquaginta
1423 3269 1581 3323 annis
1618 3268 1921 3322 diaconissa
1950 3266 2089 3321 facta

508 3365 694 3431 fuerit,
721 3377 826 3416 non
856 3361 1014 3415 liceat
1052 3359 1101 3413 ei
1133 3358 1259 3413 alibi
1283 3358 1481 3429 degere
1507 3372 1667 3426 quam
1694 3358 1745 3409 in
1774 3356 2093 3410 archisterio

509 3451 1001 3513 sanctimonialium
1034 3448 1349 3513 mulierum,
1393 3448 1483 3502 ubi
1529 3462 1701 3517 neque
1742 3462 1917 3501 mares
1966 3461 2094 3500 con-

508 3555 831 3609 versantur,
878 3556 1053 3611 neque
1105 3541 1288 3594 vivere
1338 3540 1497 3594 liceat
1542 3539 1591 3593 ei
1631 3537 1899 3607 quomodo
1944 3538 2091 3591 velit.

511 3636 645 3692 Nam
666 3633 983 3690 diaconissie
1012 3645 1173 3700 super
1193 3644 1252 3684 se
1275 3629 1521 3684 habitare
1545 3628 1763 3692 debent,
1785 3627 1869 3681 vel
1888 3627 2093 3681 nullum

511 3731 675 3785 alium
723 3724 1008 3780 admittere
1052 3737 1274 3783 secum,
1322 3721 1423 3775 nisi
1472 3736 1662 3775 revera
1711 3718 1974 3781 fratrem;
2010 3720 2093 3772 sin

514 3828 695 3874 autem
723 3815 903 3883 aliqua
924 3812 1161 3882 suspicio
1191 3810 1257 3866 sit
1281 3810 1434 3880 quasi
1468 3808 1752 3863 simulatus
1776 3808 1942 3861 frater
1967 3823 2089 3861 eum

513 3924 575 3963 ea
600 3907 780 3977 degat,
818 3900 902 3957 vel
930 3901 998 3954 ab
1020 3900 1174 3953 initio
1195 3915 1301 3954 non
1324 3906 1692 3963 consecretur,
1712 3896 1813 3963 vel,
1839 3898 1881 3951 si
1907 3911 2096 3951 cause-

513 4004 664 4052 crata
693 3992 873 4055 fuerit,
904 3988 1118 4042 amittat
1139 3988 1415 4041 honorem.
1455 4006 1475 4038 ι

588 4086 664 4139 De
704 4082 967 4138 clericis:
1001 4098 1019 4130 ι
1049 4076 1217 4132 Nemo
1244 4077 1477 4132 clericus
1520 4077 1616 4131 iiat
1674 4078 1777 4132 nisi
1819 4078 1864 4131 is
1906 4078 1995 4145 qui
2040 4087 2095 4132 et

516 4178 717 4233 bonum
765 4170 1135 4227 testimonium
1190 4170 1351 4223 habet
1396 4180 1451 4223 et
1502 4169 1770 4224 litteratus
1832 4179 1933 4225 est.
1995 4169 2097 4235 Qui

515 4267 661 4321 enim
687 4265 892 4317 litteras
922 4277 1028 4315 non
1060 4262 1184 4324 scit,
1210 4260 1440 4314 clericus
1467 4276 1585 4314 esse
1615 4276 1719 4314 non
1744 4270 1922 4330 potest
1949 4278 1961 4312 :
1998 4264 2097 4315 do-

518 4362 745 4413 ccantur
769 4364 822 4407 et
848 4352 1144 4422 presbyteri
1182 4360 1238 4405 et
1276 4350 1487 4405 diaconi
1526 4366 1709 4405 sacras
1747 4354 2016 4406 ouationes
2044 4362 2098 4405 et

520 4444 916 4502 ecclesiasticos
980 4455 1219 4495 canones
1266 4458 1278 4492 :
1326 4455 1463 4509 quos
1519 4442 1725 4494 scilicet
1788 4441 2095 4496 consecrari

2192 3268 2285 3321 sed
2309 3268 2551 3336 pecunia:
2572 3268 2654 3322 vel
2682 3283 2767 3323 res
2789 3269 2926 3323 data:
2947 3270 3374 3324 consecrationis
3402 3284 3562 3324 causa
3586 3284 3772 3327 sacro-

2193 3366 2394 3412 sancta:
2423 3357 2677 3414 Ecclesiae
2704 3360 3044 3425 addicantur,
3078 3362 3190 3415 sive
3224 3362 3530 3431 epist-Opus,
3562 3361 3676 3435 sive
3695 3370 3777 3415 est

2194 3449 2284 3518 qui
2313 3450 2479 3503 dedit.
2507 3449 2556 3502 ls
2591 3459 2769 3505 autem
2797 3453 2886 3521 qui
2915 3452 3140 3521 accepit,
3170 3466 3275 3506 non
3300 3452 3473 3507 solum
3509 3470 3595 3507 res
3624 3455 3771 3506 antit-

2198 3551 2294 3605 lat,
2343 3541 2435 3595 sed
2481 3542 2644 3596 etiam
2691 3544 2920 3612 gradum
2965 3552 3126 3613 atque
3176 3544 3432 3599 honorem
3468 3543 3774 3598 clericatus.

2195 3631 2455 3686 Similiter
2477 3644 2657 3686 autem
2690 3642 2744 3687 et
2770 3634 2813 3688 si
2838 3632 3009 3687 laicus
3038 3634 3107 3688 sit
3136 3634 3224 3701 qui
3253 3636 3539 3703 pecmiiain
3572 3635 3653 3688 vel
3695 3650 3776 3688 res

2194 3723 2420 3791 accepit,
2449 3732 2501 3775 et
2532 3723 2675 3792 ipsas
2713 3725 2948 3787 amittat,
2995 3730 3049 3777 et
3081 3723 3225 3777 aliud
3270 3733 3476 3776 tantum
3521 3734 3774 3794 quantum

2194 3814 2401 3882 accepit
2429 3817 2672 3883 pecuniae
2722 3816 2937 3868 nomine
2982 3826 3185 3867 sanctae
3219 3814 3476 3869 Ecclesiae
3523 3827 3779 3885 praistare

2195 3904 2587 3973 compellatur;
2626 3904 2718 3958 sed
2749 3912 2803 3958 et
2831 3904 2873 3957 si
2903 3904 3277 3973 magistratum
3323 3915 3496 3974 gerat,
3534 3906 3587 3959 in
3620 3906 3778 3975 magi-

2197 4004 2365 4048 stratu
2388 4008 2506 4047 esse
2523 3994 2755 4057 desinat,
2777 4004 2832 4048 et
2862 3996 2912 4048 in
2937 3996 3128 4049 exsilio
3162 3996 3499 4050 irrevocabili
3524 3999 3777 4052 condem-

2198 4084 2433 4137 nabitur.
2480 4084 2573 4137 Sin
2614 4095 2794 4139 autem
2832 4085 3025 4155 aliquis
3060 4088 3344 4157 presbyter
3390 4089 3474 4142 vel
3520 4090 3780 4144 diaconus

2199 4177 2524 4230 constitutus
2547 4176 2773 4245 pecunia
2800 4176 2923 4230 data
2951 4178 3016 4230 ad
3039 4180 3407 4247 episcopatum
3444 4182 3779 4248 pervenerit,

2199 4282 2304 4318 non
2332 4265 2503 4319 solum
2526 4265 2811 4334 episc0pus
2832 4280 2951 4319 esse
2975 4264 3209 4329 desinat,
3241 4267 3333 4321 sed
3360 4268 3524 4321 etiam
3547 4269 3779 4338 priorem

2198 4355 2420 4425 gradum
2448 4357 2851 4423 presbyteratus
2872 4354 2953 4408 vel
2976 4354 3205 4409 diaconii
3231 4356 3463 4410 amittat.
3487 4355 3783 4412 Consecra-

2202 4448 2275 4501 tio
2323 4455 2503 4500 autem
2538 4446 2770 4515 cpiscOpi
2801 4446 2893 4499 iiat
2920 4455 3042 4500 ante
3083 4461 3298 4501 omnem
3339 4447 3598 4515 populum
3628 4448 3782 4502 Chri-

521 4545 732 4608 oportet
754 4536 871 4588 sine
903 4531 1341 4601 reprehensione,
1367 4532 1484 4585 sine
1507 4532 1952 4597 contradictione,
1984 4533 2099 4585 sine
2127 4514 2175 4572 Ῑ)
2204 4537 2517 4600 stianitatis,
2550 4547 2606 4589 ut
2633 4536 2702 4590 sit
2724 4514 2973 4591 it‘acultas
3015 4538 3305 4607 unicuique
3334 4540 3378 4591 si
3407 4514 3539 4593 velit
3566 4550 3782 4596 contra-

522 4627 874 4698 pecuniarum
920 4622 1158 4686 datione,
1206 4620 1466 4675 liberatos
1521 4631 1631 4675 tam
1669 4620 1879 4676 oﬂiciali
1935 4638 2096 4692 quam

525 4716 713 4775 curiali
746 4712 1056 4770 conditione
1086 4752 1100 4776 ,
1132 4711 1233 4765 nisi
1263 4709 1401 4767 forte
1432 4711 1723 4766 secundum
1769 4712 2102 4767 observatio-

526 4825 648 4866 nem
677 4821 837 4877 quam
884 4806 936 4859 in
980 4803 1154 4873 primo
1179 4803 1355 4872 capite
1396 4803 1676 4871 praesentis
1702 4803 2101 4857 constitutionis

526 4898 891 4969 exposuimus.
921 4894 1052 4948 Item
1077 4893 1190 4947 sive
1226 4893 1415 4958 lector,
1446 4893 1562 4948 sive
1584 4893 1965 4957 subdiaconus,
1988 4895 2125 4947 sive

526 4994 811 5063 presbyter
858 4987 1143 5042 clericatus
1190 4986 1450 5041 honorem
1494 4986 1913 5055 contempserit,
1954 4996 2008 5039 et
2050 4986 2102 5040 in

530 5086 691 5138 aliam
718 5083 881 5136 vitam
920 5078 1216 5143 transierit,
1248 5078 1479 5132 duorum
1510 5076 1736 5131 alterum
1763 5078 1868 5133 sit:
1905 5078 1986 5131 vel
2007 5093 2103 5131 cu-

528 5174 717 5230 curiali
744 5172 1036 5229 conditioni
1067 5186 1189 5224 cuni
1230 5170 1342 5225 suis
1387 5169 1731 5226 facultatibus
1773 5170 2106 5239 subjiciatur,

530 5265 613 5319 vel
638 5266 682 5320 si
712 5265 891 5336 plures
918 5261 1148 5317 curiales
1182 5261 1430 5316 civitates
1472 5262 1684 5324 habeat,
1733 5262 1866 5327 sive,
1894 5274 1952 5315 ut
1996 5262 2110 5330 ipse

532 5359 689 5414 vilior
712 5357 802 5414 sit.
833 5354 898 5409 ad
920 5353 1201 5409 oliiciaietu
1230 5354 1590 5408 cc::di:ic::c:::

1632 5352 1877 5407 trahatur
1891 5395 1904 5414 ,
1935 5353 1987 5407 id
2023 5362 2105 5407 est
2130 5374 2133 5377 ‘

2204 4628 2405 4682 dicere.
2436 4628 2500 4681 Et
2529 4627 2790 4695 siquidem
2817 4638 2942 4681 ante
2980 4628 3447 4682 consecrationem
3496 4626 3646 4682 facta
3677 4628 3775 4682 fue-

2207 4718 2279 4770 rit
2327 4715 2706 4780 contradictio,
2757 4730 2862 4768 non
2912 4716 3060 4784 prius
3106 4725 3457 4769 consecretur
3504 4718 3711 4787 episco,
3731 4732 3787 4771 us

2207 4807 2307 4861 nisi
2335 4808 2652 4876 disceptatio
2682 4806 2747 4859 de
2771 4805 3197 4859 contradictione
3224 4804 3368 4861 facta
3400 4807 3497 4870 sit,
3546 4818 3603 4862 et
3636 4811 3787 4862 undi-

2206 4912 2312 4968 que
2356 4903 2615 4965 appareat
2660 4895 2929 4948 innoxius.
2980 4892 3029 4947 ls
3054 4902 3234 4947 autem
3270 4895 3360 4964 qui
3406 4910 3531 4948 eum
3579 4906 3787 4951 contra-

2206 4988 2360 5053 dixit,
2390 4985 2766 5047 calumniator,
2804 4985 2847 5038 si
2871 4985 3316 5039 contradictionis
3338 4984 3605 5053 juJicium
3642 4988 3789 5042 dese-

2207 5078 2396 5143 ruerit,
2426 5087 2479 5129 et
2503 5078 2546 5129 si
2571 5090 2674 5129 non
2698 5074 2966 5145 peregerit
2983 5089 3223 5140 causam,
3252 5076 3609 5144 prohibeatur
3636 5092 3788 5131 sacra

2208 5167 2586 5227 communione
2607 5171 2661 5224 in
2682 5170 2826 5225 omni
2851 5169 2958 5223 vita
2981 5183 3076 5223 sua
3099 5168 3165 5222 ab
3183 5184 3249 5223 eo
3271 5170 3363 5239 qui
3388 5170 3793 5225 consecraverit

2209 5263 2541 5334 episcopum.
2580 5278 2598 5311 ι

2283 5391 2357 5409 νυ
2409 5391 2459 5414 γι
2474 5391 2593 5414 νυν]
2610 5391 2677 5404 ενι
2693 5391 2738 5405 lu
2779 5391 3170 5406 ννιιυυινυνιιυιυ

3216 5391 3481 5403 ι“υιιι“ι“ιυ
3513 5391 3602 5398 -υο-
3627 5391 3641 5396 ο
3671 5391 3691 5394 -
