4036 6328
219 376 340 431 Δὸἷ)

1686 366 2065 427 EPISTOLiﬁ.

3397 376 3502 432 ιδι

216 484 1462 554 dosobtnleriut,nnllaqualibetoccasioneeos
1490 482 1753 549 rejiciant.
1780 501 1798 533 ι
1844 488 1888 541 Α
1919 480 2235 533 Ambrosius
2284 479 2335 532 iu
2368 478 2504 534 libro
2545 478 2610 534 de
2640 478 2905 533 Trinitate
2946 480 3029 535 his
3073 483 3251 538 verb's
3295 484 3347 537 in
3397 484 3501 539 im-

216 578 281 631 lu
314 577 547 632 concilio
574 574 983 644 Carthaginiensi
1010 592 1022 626 :
1052 592 1070 624 ι
1104 573 1305 628 Utcum
1328 570 1811 627 omnibusomuino

215 667 443 722 clericis
465 676 738 720 extranea:
781 663 992 718 femina:
1018 678 1121 717 non
1161 662 1469 716 cohabitent
1498 699 1514 723 ,
1551 658 1644 714 sed
1676 660 1803 713 sola:

217 768 459 822 matres,
491 756 654 820 aviae,
684 763 1011 817 matertera,
1046 752 1225 807 amitae
1251 790 1265 816 ,
1309 765 1525 805 sorores
1555 789 1571 815 ,
1597 758 1651 803 et
1685 748 1808 802 ﬁliae

216 847 458 899 fratrum
515 844 599 899 vel
643 858 910 898 sororum.
945 862 964 895 ι
1031 842 1163 896 ltem
1214 842 1267 896 in
1310 842 1499 895 eodem
1546 840 1812 895 concilio:

222 955 243 986 ι
286 934 357 990 Ut
400 934 582 990 clerici
616 933 698 989 vel
734 933 1077 988 continentes
1113 933 1181 986 ad
1225 932 1414 986 viduas
1441 930 1525 984 vel
1556 930 1811 1000 virgines,

218 1028 330 1080 nisi
357 1042 429 1081 ex
448 1026 603 1097 jussu
626 1033 682 1079 et
706 1024 971 1093 permissu
993 1024 1390 1092 episcoporum,
1413 1038 1516 1076 non
1534 1022 1811 1085 accedant,

214 1124 275 1170 et
298 1116 411 1170 hoc
433 1130 541 1169 non
561 1115 659 1169 soli
683 1114 905 1179 faciant,
927 1114 1021 1168 sed
1043 1129 1165 1168 cum
1188 1112 1420 1176 clericis,
1452 1123 1545 1167 aut
1576 1128 1699 1168 cum
1732 1113 1816 1168 his

214 1222 347 1260 cum
377 1206 579 1276 quibus
602 1206 886 1275 episcopus
910 1204 1155 1274 jusserit.
1188 1203 1296 1258 Nec
1322 1204 1422 1274 ipsi
1451 1203 1691 1272 episeotii
1722 1212 1817 1257 aut

212 1295 534 1366 presbyteri
579 1295 680 1349 soli
712 1296 950 1349 habeant
977 1308 1256 1349 accessum
1287 1293 1355 1347 ad
1402 1291 1705 1360 hujusmodi
1740 1292 1818 1347 fe-

214 1384 427 1449 minas,
451 1382 545 1439 sed
566 1393 659 1438 aut
684 1384 774 1438 ubi
800 1383 981 1439 clerici
1006 1390 1301 1453 praesentes
1331 1392 1477 1447 sunt,
1502 1391 1595 1436 aut
1624 1395 1815 1451 graves

215 1476 397 1546 aliqui
425 1474 741 1531 Christiani.
775 1494 794 1528 ι
828 1475 884 1530 ln
914 1475 1201 1547 Aucyrano
1229 1474 1462 1530 concilio
1493 1491 1505 1528 :
1540 1493 1559 1527 ‹
1594 1473 1815 1529 Diaconi

215 1583 350 1623 cum
400 1566 742 1631 ordinantur,
789 1568 836 1623 si
884 1568 939 1622 in
988 1568 1102 1638 ipsa
1146 1567 1490 1623 ordinatione
1532 1568 1817 1637 protestati

216 1665 351 1713 sum
391 1658 635 1713 dicentes
665 1658 802 1712 velle
846 1671 905 1713 se
948 1657 1149 1713 habere
1189 1671 1405 1722 uxores,
1444 1671 1621 1726 neque
1660 1671 1818 1727 posse

216 1746 558 1801 continere:
595 1746 652 1800 bi
695 1754 885 1817 postea
931 1746 978 1801 si
1025 1746 1094 1801 ad
1140 1746 1356 1817 nuptias
1398 1748 1667 1811 venerint,
1703 1762 1818 1802 ma-

1918 584 2160 624 mcnsum
2189 568 2344 622 effert
2383 582 2398 619 :
2437 585 2454 618 α
2499 568 2573 622 De
2612 569 2855 623 conciliis
2903 571 2983 623 vel
3032 573 3372 640 poti~simnm
3414 590 3505 630 se-

1917 674 2053 726 quar
2077 658 2220 725 quod
2270 659 2494 712 trecenti
2527 658 2713 713 decem
2755 667 2809 713 et
2854 670 2977 714 octo
3020 662 3349 728 sacerdotes,
3386 674 3503 719 tan-

1917 764 2079 817 quam
2130 748 2361 802 Abrahae
2408 748 2533 804 lecti
2574 749 2799 816 judicio,
2845 766 3082 806 consona
3133 752 3253 807 ﬁdei
3302 756 3504 810 virtute

1920 838 2171 899 victores,
2206 837 2351 891 velut
2382 839 2676 907 tropltzcum
2721 848 2831 893 toto
2857 843 2989 895 orbe
3011 842 3249 897 subactis
3278 844 3503 913 perﬁdis

1917 924 2228 979 extulerunt
2256 944 2269 979 :
2301 936 2360 980 ut
2388 927 2518 981 mibi
2547 928 2794 983 videatur
2825 930 2924 984 hoc
2948 946 3069 987 esse
3091 933 3330 988 divinum
3357 937 3503 1005 quod

1917 1013 2103 1067 eodem
2137 1029 2363 1069 numero
2412 1016 2466 1069 in
2517 1017 2762 1072 conciliis
2811 1018 2931 1073 ﬁdei
2979 1022 3273 1077 habeamus
3308 1039 3501 1079 oracu-

1916 1102 2048 1165 lum,
2090 1104 2230 1171 quod
2276 1103 2329 1155 iu
2376 1104 2598 1159 historia
2649 1108 2861 1174 pietatis
2895 1112 3220 1179 exetuplum.
3257 1132 3276 1163 ι
3308 1114 3363 1167 lu
3397 1114 3503 1169 Dee

1917 1192 2242 1259 cretalibus;
2276 1209 2395 1263 quae
2420 1195 2634 1251 femina:
2662 1198 2908 1254 habitent
2934 1215 3054 1256 cum
3088 1204 3331 1259 clericis:
3363 1224 3379 1256 ι
3402 1206 3502 1261 Fc.

1918 1282 2095 1338 minas
2127 1298 2254 1340 vero
2283 1301 2389 1339 non
2414 1285 2549 1341 alias
2572 1300 2693 1342 esse
2714 1289 2950 1357 patimur
2974 1291 3027 1345 in
3057 1292 3306 1348 domibus
3345 1294 3503 1349 cleri-

1918 1388 2126 1440 corum,
2158 1376 2256 1432 nisi
2286 1391 2379 1431 eas
2415 1386 2619 1432 tantum
2656 1394 2789 1447 quas
2819 1389 3040 1451 propter
3076 1383 3219 1440 solas
3253 1387 3496 1442 necessi-

1920 1467 2166 1521 tudinum
2197 1483 2390 1523 causas
2438 1469 2682 1524 habitare
2714 1486 2835 1524 cmn
2885 1471 3091 1526 hisdem
3132 1476 3370 1543 synodus
3410 1475 3501 1532 Ni-

1918 1572 2067 1611 cazna
2113 1558 2381 1626 permisit.
2418 1578 2436 1609 ι
2485 1559 2541 1614 In
2590 1561 2825 1617 concilio
2871 1561 3191 1619 Laodicensi
3231 1583 3245 1619 :
3292 1584 3311 1618 ι
3356 1566 3500 1623 Viris

1920 1663 2040 1703 cum
2078 1649 2392 1705 mulieribus
2422 1651 2635 1707 lavacra
2679 1668 2784 1707 non
2815 1653 3159 1712 celebranda.
3209 1656 3359 1724 Quod
3392 1675 3499 1715 non

1919 1747 2165 1809 oporteat
2206 1742 2377 1797 sacris
2404 1741 2598 1797 ofﬁciis
2626 1742 2835 1799 deditos
2878 1752 2973 1798 aut
2994 1744 3221 1801 clericos
3252 1757 3345 1802 aut
3372 1765 3501 1804 cou-

215 1846 395 1891 neant
431 1836 485 1891 in
520 1836 664 1891 clero
712 1844 949 1903 tantum,
980 1845 1036 1891 et
1068 1852 1099 1890 a
1133 1837 1443 1893 ministerio
1468 1837 1813 1908 abjiciantur.
1847 1846 1891 1905 ις
1922 1830 2171 1896 linem“.
2222 1830 2303 1884 νει
2353 1845 2569 1887 omnem
2621 1830 2818 1887 laicum
2866 1834 3235 1892 Christianum
3287 1837 3500 1894 lavat-ra

215 1927 551 1995 Quicunque
596 1942 728 1981 sane
782 1935 1066 1982 tacuerunt
1108 1935 1164 1983 et
1211 1935 1569 1997 susceperunt
1620 1942 1814 1983 manus

217 2019 628 2089 impositlonem
679 2018 909 2087 professi
955 2018 1367 2083 continentiam,
1414 2029 1469 2074 et
1509 2028 1699 2088 postea
1747 2019 1815 2075 ad

216 2110 447 2178 nuptias
477 2117 867 2175 convenerunt,
898 2124 928 2163 a
972 2109 1274 2164 ministerio
1320 2118 1374 2165 et
1418 2108 1566 2164 clero
1600 2122 1813 2165 cessare

213 2198 538 2263 debebunt,
582 2198 772 2254 laicam
816 2207 1025 2254 tantum
1071 2198 1505 2254 communionem
1553 2199 1816 2268 recipien-

216 2299 328 2345 tes.
373 2310 392 2342 ι
429 2291 488 2345 ιιι
516 2290 885 2347 Decretalibus
912 2307 1063 2362 papa:
1090 2291 1288 2348 Leonis
1317 2311 1329 2347 :
1366 2310 1385 2343 ι
1418 2291 1570 2360 Quod
1599 2292 1815 2348 subdia-

216 2382 381 2437 conis
404 2381 623 2438 carnale
651 2383 978 2439 connubium
1004 2384 1316 2453 denegetur.
1348 2381 1481 2438 Nam
1510 2399 1632 2438 cum
1658 2393 1813 2440 extra

216 2472 553 2529 clericorum
585 2474 830 2529 ordinem
858 2476 1170 2531 constitutis
1208 2476 1519 2546 nuptiarum
1564 2475 1813 2532 societati

217 2571 273 2616 et
319 2562 693 2632 procreationi
739 2564 968 2620 ﬁliorum
1018 2566 1236 2622 studere
1283 2566 1353 2621 sit
1397 2566 1623 2621 liberum
1669 2568 1815 2623 arbi-

220 2653 425 2718 trium,
458 2652 527 2706 ad
572 2653 928 2708 exhibendam
962 2662 1142 2708 tamen
1172 2653 1424 2723 perfectae
1471 2655 1815 2710 continentia:

218 2742 543 2810 puritatem,
572 2757 672 2797 nec
714 2743 1060 2799 subdiaconis
1099 2744 1311 2813 quidem
1339 2745 1668 2801 connubium
1693 2761 1813 2801 car-

220 2832 352 2887 nale
376 2833 716 2897 conceditur,
744 2842 804 2887 ut
846 2842 900 2888 et
941 2835 1032 2903 qui
1063 2836 1263 2890 habent
1288 2836 1395 2891 sint
1424 2845 1677 2908 tanquam
1707 2854 1812 2893 non

222 2922 517 2988 habentes,
542 2932 596 2978 et
618 2924 709 2993 qui
732 2939 838 2978 non
866 2924 1068 2979 habent
1098 2936 1448 2995 permaneant
1486 2926 1810 2999 singulares.

223 3011 384 3079 Quod
420 3013 466 3069 si
508 3013 562 3067 in
608 3014 710 3069 hoc
755 3016 963 3081 ordine,
1007 3017 1099 3085 qui
1143 3028 1371 3086 quartus
1415 3025 1497 3074 est
1541 3034 1571 3071 a
1614 3019 1810 3088 capite,

222 3103 452 3171 dignum
480 3112 565 3157 est
589 3103 871 3170 custodiri,
901 3117 1103 3175 quanto
1129 3108 1301 3177 magis
1333 3108 1386 3163 in
1416 3109 1592 3178 primo
1622 3108 1700 3163 vel
1731 3123 1815 3163 se-

219 3192 409 3245 cundo
442 3193 668 3248 tertiove
712 3197 1036 3251 servandum
1093 3206 1178 3252 est
1224 3213 1291 3251 ne
1320 3207 1413 3252 aut
1443 3198 1677 3263 levltico,
1721 3208 1812 3253 aut

222 3282 584 3352 presbyterali
629 3284 852 3350 honore,
880 3294 973 3341 aut
998 3287 1288 3357 episcopali
1318 3288 1637 3343 excellentia
1664 3291 1813 3358 quis-

221 3387 392 3441 quam
438 3374 661 3431 idoneus
690 3378 1010 3441 aestimetur,
1037 3379 1128 3448 qui
1157 3394 1217 3434 se
1258 3394 1287 3433 a
1329 3380 1602 3450 voluptate
1628 3381 1812 3436 uxoris

224 3477 332 3517 nec
373 3463 503 3517 dum
550 3463 789 3522 frenasse
823 3467 1110 3538 detegitur.
1161 3488 1179 3521 ι
1228 3470 1573 3526 Innocentius
1616 3486 1749 3542 papa
1793 3490 1807 3526 :

230 3574 247 3605 ι
291 3553 452 3619 Quod
481 3557 535 3610 bi
564 3557 655 3626 qui
690 3558 741 3611 in
771 3558 1106 3630 presbyterio
1137 3559 1274 3615 ﬁlios
1301 3562 1605 3631 genuerint,
1637 3578 1812 3617 remo—

225 3644 342 3698 veri
387 3648 601 3715 oportet
630 3647 696 3700 ab
722 3647 915 3702 ofﬁcio.
951 3649 1050 3715 Qui
1097 3650 1212 3704 zelo
1256 3650 1375 3705 ﬁdei
1424 3666 1487 3705 ac
1515 3652 1811 3722 disciplina:

227 3737 421 3790 doctus
447 3751 555 3791 non
586 3738 787 3807 patitur
813 3738 1107 3794 Ecclesiam
1139 3740 1301 3810 pollui
1333 3741 1401 3795 ab
1432 3741 1661 3812 indignis
1692 3760 1811 3805 pre-

226 3829 325 3899 sby
336 3829 467 3882 teris
492 3843 631 3897 quos
656 3828 707 3882 in
740 3830 1074 3901 presbyterio
1094 3830 1232 3886 lilios
1254 3831 1449 3886 asserit
1476 3848 1807 3902 procreasse,

225 3919 371 3989 quod
425 3935 531 3975 non
576 3919 739 3975 licere
775 3936 1131 3991 exponerem,
1179 3922 1280 3977 nisi
1325 3936 1537 3978 nossem
1573 3933 1808 3979 vestram

226 4009 574 4076 prudentiam
620 4009 753 4080 legis
798 4012 961 4066 totius
1006 4012 1207 4067 habere
1252 4013 1521 4069 notitiam.
1567 4013 1632 4069 Et
1664 4015 1806 4078 ideo,

226 4099 433 4153 fratres
473 4099 798 4165 charissimi,
847 4099 1009 4155 libelli
1053 4101 1144 4171 qui
1187 4102 1460 4172 subjectus
1496 4112 1579 4157 est
1625 4112 1810 4159 tenore

225 4200 541 4260 perspecto,
565 4204 658 4244 eos
691 4189 781 4261 qui
816 4191 940 4247 talia
981 4201 1321 4263 perpetrasse
1350 4194 1810 4264 dicunturjubete

227 4282 281 4336 in
325 4282 505 4349 medio
544 4280 828 4345 collocari,
869 4282 1236 4353 discussisque
1269 4283 1663 4353 objectionibus
1690 4300 1810 4353 quae

227 4372 359 4442 ipsis
390 4371 724 4443 presbyteris
753 4373 1140 4444 impinguntur,
1175 4374 1218 4429 si
1245 4375 1490 4429 convinci
1513 4375 1804 4446 potuerint,

1915 1934 2036 1975 cum
2066 1919 2381 1975 mulieribus
2423 1922 2720 1985 celebrare,
2752 1923 2882 1994 quia
2926 1924 3042 1980 bam
3086 1927 3228 1998 apud
3272 1928 3504 1999 gentiles

1914 2012 2087 2082 prima
2118 2014 2468 2082 reprehensio
2497 2021 2599 2069 est.
2637 2033 2655 2065 δ
2685 2013 2802 2070 Non
2843 2015 3006 2073 licere
3031 2018 3246 2075 clericis
3274 2020 3497 2079 ludicris

1917 2112 1974 2159 et
1994 2104 2318 2174 spectaculis
2342 2105 2606 2160 interesse
2636 2124 2649 2159 :
2686 2124 2704 2157 ι
2733 2106 2959 2177 Oportet
2985 2109 3262 2166 ministros
3288 2111 3497 2178 altaris,

1916 2195 2000 2250 vel
2015 2195 2285 2264 quoslibet
2304 2195 2529 2251 clericos
2551 2197 2873 2267 spectaculis
2894 2198 3163 2268 aliquibus
3179 2216 3298 2270 quae
3322 2214 3413 2259 ant
3441 2204 3497 2258 in

1915 2287 2115 2358 nuptiis
2150 2297 2243 2342 aut
2273 2288 2326 2343 in
2354 2293 2526 2345 omnis
2554 2290 2880 2346 exhibentur
2904 2292 3187 2358 interesse,
3222 2294 3314 2348 sed
3342 2304 3492 2350 ante-

1914 2394 2075 2449 quam
2126 2380 2369 2436 cemelici
2421 2381 2534 2453 (28)
2588 2382 2980 2453 ingrediantur,
3010 2400 3232 2453 surgere
3281 2388 3501 2443 eosdem

1914 2472 2160 2527 convivio
2181 2484 2236 2529 et
2260 2475 2413 2530 abire
2439 2477 2656 2532 debere.
2687 2496 2705 2527 ι
2734 2475 2791 2529 In
2820 2477 3025 2547 synodo
3050 2475 3495 2545 Neoctesariensi,

1916 2561 2134 2632 capital.
2169 2566 2193 2618 l
2233 2582 2245 2617 :
2286 2583 2305 2615 ‹
2339 2564 2629 2636 Presbyter
2658 2566 2747 2635 qui
2781 2580 3003 2621 uxorem
3038 2568 3270 2630 duxerit,
3307 2570 3374 2622 ab
3403 2585 3498 2623 or-

1916 2653 2040 2710 dine
2084 2670 2181 2710 suo
2211 2655 2359 2710 illum
2404 2656 2597 2726 deponi
2646 2657 2863 2711 debere.
2913 2656 3065 2724 Quod
3112 2659 3155 2712 si
3204 2658 3499 2715 fornicatus

1914 2743 2078 2800 fuerit
2110 2746 2194 2802 vel
2228 2745 2550 2801 adulterium
2595 2747 2963 2811 commiserit,
3008 2756 3159 2801 extra
3206 2748 3495 2802 ecclesiam

1915 2834 2235 2904 abjiciatur,
2294 2846 2348 2892 et
2399 2836 2770 2907 pmnitentiam
2826 2837 2967 2891 inter
3022 2837 3190 2891 laicos
3245 2838 3497 2894 redactus

1916 2936 2055 2998 agat.
2077 2948 2096 2981 ι
2128 2928 2185 2982 ln
2210 2928 2397 2984 eadem
2425 2929 2661 3001 Synodo,
2695 2929 2920 3000 capitul.
2956 2931 3021 2985 l2
3050 2949 3063 2985 :
3101 2951 3120 2983 ι
3156 2930 3285 2999 Quae
3321 2933 3493 2990 forma

1916 3025 2162 3071 servatur
2207 3018 2260 3073 in
2289 3018 2527 3084 clericis,
2559 3021 2793 3074 maxime
2822 3035 2943 3075 cum
2981 3032 3133 3078 vetus
3171 3023 3353 3093 regula
3391 3025 3500 3079 hoc

1916 3107 2110 3163 habeat
2134 3118 2193 3163 ut
2226 3110 2457 3180 quisque
2478 3118 2757 3169 correctus
2789 3112 3090 3181 baptisatns
3120 3113 3354 3175 clericus
3375 3132 3497 3172 esse

1840 3197 1885 3258 C
1919 3198 2195 3265 voluisset,
2218 3200 2509 3269 sponderet
2529 3216 2588 3256 se
2610 3216 2834 3257 uxorem
2856 3204 3079 3258 omnino
3102 3219 3206 3259 non
3228 3205 3444 3262 ducere.
3470 3226 3493 3259 ι

1912 3290 1969 3345 In
2017 3293 2221 3362 synodo
2255 3292 2697 3364 Carthaginensi,
2746 3294 2813 3350 de
2861 3296 3191 3351 continentia
3242 3298 3497 3353 Aurelius

1912 3385 2195 3454 episcopus
2229 3384 2364 3440 dixit
2393 3403 2407 3438 :
2445 3404 2463 3436 ε
2499 3385 2632 3441 Cum
2658 3387 2934 3455 praterito
2965 3387 3195 3445 concilio
3223 3390 3289 3444 de
3315 3393 3493 3444 conti-

1912 3476 2108 3530 neutite
2142 3483 2197 3531 et
2218 3477 2488 3532 castitatis
2515 3478 2884 3533 moderamine
2911 3488 3267 3546 tractaretur,
3292 3484 3495 3550 gradus

1912 3569 1998 3624 isti
2045 3580 2175 3635 tres,
2218 3572 2307 3641 qui
2355 3570 2754 3639 conscriptione
2800 3572 3032 3643 quadam
3086 3572 3349 3628 castitatis
3398 3588 3498 3644 per

1912 3662 2350 3717 consecrationes
2369 3662 2564 3716 adnexi
2592 3671 2736 3725 sunt,
2769 3661 3071 3731 episcopos,
3096 3662 3333 3730 inquam,
3365 3676 3492 3732 pe-

1909 3749 2156 3819 sbyteros
2176 3762 2231 3806 et
2258 3752 2536 3818 diaconos,
2565 3754 2638 3808 ita
2671 3752 2893 3823 placuit,
2923 3762 2982 3806 ut
3015 3767 3200 3807 sacros
3229 3753 3490 3808 condecet

1909 3844 2206 3906 antistites,
2244 3858 2307 3898 ac
2342 3843 2435 3899 Dei
2478 3844 2810 3906 sacerdotes,
2868 3858 2968 3898 nec
3019 3857 3124 3897 non
3172 3853 3230 3897 et
3276 3841 3493 3909 levitas,

1909 3936 1992 3990 vel
2021 3938 2110 4006 qui
2154 3939 2510 3993 sacramentis
2539 3937 2736 3992 divinis
2777 3937 3109 4000 inserviunt,
3151 3937 3492 3991 continentes

1910 4040 2027 4079 esse
2049 4026 2101 4079 in
2125 4027 2396 4091 omnibus,
2420 4042 2529 4096 quo
2557 4027 2769 4096 possint
2797 4026 3111 4095 simpliciter
3152 4028 3291 4095 quod
3320 4041 3349 4079 a
3382 4026 3492 4081 Deo

1909 4117 2513 4186 postulantimpetrare;
2559 4126 2618 4171 ut
2655 4117 2795 4186 quod
2818 4116 3046 4183 apostoli
3072 4117 3386 4181 docuerm.t,
3435 4126 3492 4171 et

1909 4203 2023 4272 ipsa
2059 4205 2293 4259 servavit
2319 4205 2631 4273 antiquitas,
2676 4221 2774 4260 nos
2799 4220 3011 4275 quoque
3035 4205 3423 4260 custodiamus.
3460 4224 3483 4259 ι

1978 4293 2035 4347 ln
2101 4294 2289 4349 eadem
2363 4295 2597 4365 synodo.
2659 4295 2723 4361 de
2784 4296 3012 4350 diversis
3077 4296 3357 4351 ordinibus
3419 4296 3489 4349 ab

1908 4383 2165 4439 uxoribus
2196 4385 2527 4441 abstinendis
2573 4385 2859 4441 Faustinus
2903 4388 3186 4457 episcopus
3232 4386 3490 4443 Ecclesiae

228 4478 257 4515 ει
306 4460 632 4517 sacerdotali
676 4473 1054 4517 removeantur
1081 4463 1286 4529 ofﬁcio;
1334 4464 1458 4534 quia
1495 4465 1585 4534 qui
1633 4467 1806 4520 sancti
1836 4540 1874 4547 _
1905 4472 2206 4529 Potentime
2250 4477 2539 4545 provinciae
2583 4477 2764 4532 Piceni
2811 4477 3017 4547 legatus
3054 4486 3253 4533 sancte
3307 4478 3488 4532 Eccle-

227 4566 331 4605 uon
364 4559 516 4616 sunt,
543 4560 728 4606 sancta
773 4560 1009 4608 tractare
1037 4568 1139 4607 non
1178 4563 1420 4622 possunt,
1451 4564 1614 4624 atque
1643 4555 1804 4610 alieni
1836 4540 1885 4600 Ῐ)
1911 4564 2003 4619 sia;
2023 4564 2159 4619 dixit
2184 4583 2197 4620 :
2231 4540 2263 4616 «-
2280 4565 2464 4620 Placet
2489 4576 2548 4621 ut
2570 4567 2827 4637 episcopi,
2850 4540 3148 4637 presbyteri
3172 4576 3226 4621 et
3249 4566 3482 4629 diaconi,

226 4642 543 4697 efﬁciuntur
569 4656 600 4694 a
626 4641 944 4707 ministerio,
970 4642 1110 4711 quod
1140 4643 1367 4698 vivendo
1395 4644 1577 4699 illicite
1606 4645 1810 4715 pollue-

228 4741 374 4786 runt.
421 4732 685 4785 Miramur
727 4742 902 4786 autem
952 4733 1068 4787 hmo
1095 4749 1281 4788 eorum
1325 4735 1666 4791 dissimulare
1696 4737 1809 4806 epi-

136 4814 137 4817 “
229 4837 443 4891 scapos,
478 4831 535 4874 ut
577 4831 672 4874 aut
695 4822 948 4877 cohibere
974 4824 1288 4891 connivere,
1329 4833 1421 4878 aut
1449 4826 1659 4881 nescire
1688 4841 1808 4881 esse

230 4912 414 4968 illicita
442 4913 772 4982 judiceutur.
808 4932 828 4965 ι

299 5006 354 5057 In
385 5003 604 5058 Nicaeno
625 5004 864 5061 Concilio
892 5006 957 5060 de
1000 5006 1420 5062 subintroductis
1444 5007 1755 5064 mulieribus
1792 5026 1808 5064 :

235 5116 252 5147 ι
288 5097 572 5151 lnterdixit
611 5112 707 5166 per
765 5098 945 5152 omnia
987 5113 1176 5166 magna
1244 5102 1478 5170 synodos
1538 5116 1643 5155 non
1698 5103 1811 5172 epi-

232 5200 420 5252 scopo,
470 5201 573 5239 non
621 5186 972 5257 presbytero,
1028 5202 1134 5243 nou
1169 5188 1436 5254 diacono,
1505 5205 1607 5245 nec
1647 5190 1806 5247 alicui

231 5277 451 5331 υιιηιίιιο
482 5278 575 5345 qui
619 5279 671 5331 in
711 5278 858 5333 clero
888 5285 971 5333 est
1016 5277 1178 5335 licere
1210 5280 1669 5337 subintroductam
1712 5284 1807 5338 lia-

234 5366 356 5420 lere
386 5366 690 5432 mulierem,
717 5368 821 5423 nisi
851 5368 990 5426 forte
1016 5369 1268 5437 matrem,
1299 5381 1393 5427 aut
1422 5387 1682 5437 sororem,
1714 5382 1807 5429 aut

232 5460 468 5521 amitam,
496 5458 581 5512 vel
622 5473 715 5514 eas
758 5468 964 5514 tantum
1009 5476 1267 5530 personas
1310 5477 1429 5532 quae
1471 5464 1805 5534 suspiciones

232 5547 505 5618 ναιείυηι.
541 5567 561 5601 ι
599 5546 712 5605 Hoc
758 5559 936 5604 autem
984 5550 1257 5606 Niczenum
1285 5551 1571 5611 concilium
1617 5553 1804 5625 beatus

300 5719 407 5792 (28)
450 5719 754 5801 Thymelici,
783 5723 833 5778 id
859 5730 940 5777 est
969 5722 1221 5782 tibicines.

1910 4653 1995 4707 vel
2021 4654 2112 4723 qui
2148 4665 2484 4709 sacramenta
2529 4664 2899 4720 contractant,
2935 4656 3205 4724 pudicitia:
3233 4657 3488 4711 custodes

1910 4746 1977 4799 ab
2005 4746 2259 4801 uxoribus
2288 4762 2346 4801 se
2375 4747 2701 4802 abstineant.
2740 4767 2757 4799 ι
2787 4747 2869 4802 Ab
2913 4747 3179 4801 universis
3216 4747 3486 4816 episcopis

1910 4838 2110 4892 dictum
2148 4849 2270 4893 est:
2304 4857 2322 4890 ι
2355 4839 2537 4895 Placet
2574 4850 2634 4894 ut
2666 4840 2717 4894 in
2760 4840 3011 4894 omnibus
3035 4850 3089 4893 et
3129 4838 3484 4907 ab_0mnibus

1911 4927 2164 4997 pudicitia
2204 4930 2541 4985 custodiatur
2578 4930 2670 4999 qui
2718 4929 2872 4983 altari
2918 4928 3239 4984 inserviunt.
3280 4946 3298 4977 ι
3346 4928 3485 4981 Prte-

1917 5026 2061 5070 terea
2090 5033 2211 5073 cum
2240 5019 2308 5073 de
2336 5019 2690 5089 quorumdam
2718 5018 3036 5073 clericorum
3071 5015 3318 5086 quamvis
3352 5028 3482 5082 erga

1914 5120 2110 5161 uxores
2161 5108 2406 5177 proprias
2456 5107 2840 5164 incontinentis
2883 5106 3199 5166 referretur,
3236 5120 3258 5157 σ
3284 5102 3480 5171 placuit

1908 5195 2189 5266 episcopos
2199 5206 2253 5252 et
2274 5199 2613 5269 presbyteros
2633 5207 2689 5253 et
2714 5198 2968 5253 diaconos
2989 5194 3280 5250 secundum
3300 5192 3479 5263 priora

1908 5296 2112 5344 statuta
2142 5290 2306 5363 etiam
2332 5288 2400 5343 ab
2425 5290 2681 5345 uxoribus
2704 5288 3014 5343 continere:
3039 5284 3181 5355 quod
3204 5284 3306 5338 nisi
3338 5282 3485 5338 fece-

1907 5377 2034 5442 rint,
2076 5379 2145 5434 ab
2188 5379 2557 5435 ecclesiastico
2585 5386 2965 5434 removeantur
3005 5375 3210 5440 ofﬁcio;
3254 5384 3482 5430 cteteros

1906 5478 2085 5524 autem
2112 5469 2339 5526 clericos
2365 5472 2431 5525 ad
2454 5470 2555 5525 hoc
2584 5485 2689 5524 non
2714 5468 2853 5538 cogi,
2883 5467 2974 5522 sed
2999 5465 3293 5522 secundum
3322 5466 3481 5519 unius

1907 5559 2165 5632 cugnsqec
2184 5560 2435 5623 Ecclesiae
2457 5560 2897 5629 consuetudinem
2921 5557 3194 5615 observari
3218 5556 3431 5614 debere.
3453 5576 3473 5611 ο
