3944 5414
1542 338 1601 397 s.
1642 339 1936 399 annonas
1972 308 2800 399 ABBATIS'FLORIACENSIS

3690 351 3801 414 856

548 455 603 510 In
631 451 1102 524 synodoltomana
1133 450 1218 506 cui
1255 450 1442 506 beatus
1471 449 1730 508 Silvester
1753 467 1887 523 papa
1917 467 2117 522 praese-
2146 459 2200 541 Ai
2223 449 2316 504 lat.
2347 449 2683 508 Abstinentia
2701 462 2889 509 autem
2933 453 2986 508 in
3029 454 3294 513 fluctibus
3317 459 3546 530 spiritus
3574 467 3640 520 ab
3662 471 3797 541 Δρο-

543 546 624 599 dit
676 560 798 599 cum
854 543 1119 613 episcopis
1178 543 1427 598 ducentis
1492 545 1764 615 octoginta
1820 559 2051 616 quatuor
2103 561 2118 601 :

550 654 568 688 ι
609 635 775 691 Nemo
803 636 1082 706 presbyter
1122 650 1153 688 a
1201 633 1288 688 die
1333 634 1556 689 honoris
1594 637 1912 708 presbyterii
1945 647 2124 695 sumat
2192 619 2208 726 ξ

2181 727 2193 750 "
2223 741 2341 781 rum
2386 742 2665 783 sacrorum
2711 745 2724 782 :

541 725 849 796 conjugium
880 743 892 778 :
922 725 1062 794 quod
1098 724 1142 779 si
1180 725 1302 794 quis
1337 725 1438 780 hoc
1468 725 1711 796 neglecto
1737 727 1897 781 aliter
1925 731 2116 799 egerit,

540 819 824 874 duodecim
855 818 1012 872 annis
1039 834 1160 872 eum
1198 818 1427 873 dicimus
1457 819 1658 888 privari
1701 819 1923 875 honore.
1967 822 2118 887 Quod

539 909 583 962 si
618 910 739 978 quis
766 919 954 965 contra
976 910 1081 964 hoc
1109 909 1527 978 chirographum
1559 925 1797 979 praesens
1823 921 1878 965 et
1908 912 2118 980 publice

536 1000 737 1054 dictum
765 1001 970 1071 egerit,
1005 1001 1453 1056 eondemnabitur
1482 1002 1533 1055 in
1563 1013 1896 1073 perpetuum.
1933 1024 1952 1056 ι
1982 1007 2114 1060 Am-

533 1092 750 1146 brosius
796 1091 847 1146 in
875 1091 1103 1161 epistola
1144 1091 1210 1145 ad
1243 1091 1424 1145 Titum
1453 1093 1594 1146 inter
1637 1103 1835 1148 caetera
1883 1096 1962 1150 sic
1991 1098 2066 1150 ait
2098 1114 2110 1149 :

539 1200 559 1233 ι
597 1183 765 1238 Unius
795 1184 982 1238 uxoris
1013 1183 1218 1247 virum,
1260 1183 1508 1251 quamvis
1551 1186 1842 1239 secundam
1889 1201 2114 1241 numero

531 1290 758 1330 uxorem
804 1290 906 1328 non
952 1275 1026 1328 sit
1068 1274 1268 1328 habere
1297 1272 1649 1342 prohibitum,
1695 1284 1752 1328 ut
1782 1283 1960 1329 tamen
1993 1277 2114 1346 quis

530 1368 726 1436 dignus
748 1368 814 1421 ad
845 1366 1212 1437 episcopatum
1237 1366 1328 1431 sit,
1353 1367 1513 1420 etiam
1548 1365 1746 1421 licitam
1774 1367 1932 1422 debet
1957 1383 2110 1438 sper-

529 1474 660 1513 nere
685 1468 905 1529 pr0pter
942 1458 1327 1512 sublimitatem
1375 1458 1543 1528 ipsius
1572 1460 1797 1516 ordinis.
1831 1462 1956 1529 quia
2003 1478 2110 1517 ca:-

529 1550 660 1610 teris
702 1549 892 1602 melior
920 1548 1080 1602 debet
1106 1563 1227 1603 esse
1264 1549 1354 1618 qui
1393 1550 1618 1619 cupidus
1653 1560 1736 1604 est
1767 1553 1909 1606 sedis
1945 1553 2106 1609 illius.

527 1636 800 1703 Subrium,
831 1637 1106 1706 pudicum,
1133 1647 1408 1704 ornatum,
1433 1640 1774 1709 hospitalem,
1799 1642 2106 1708 docibilem,

526 1743 631 1780 non
645 1729 937 1782 obnoxium
951 1729 1094 1793 vino,
1113 1744 1217 1783 non
1232 1731 1654 1796 verberatorem,
1671 1732 1763 1785 sed
1779 1732 2100 1799 modestum;

2191 531 2364 608 istolo
2393 552 2672 598 numerata
2699 554 2800 599 est.
2837 564 2856 597 ι

2293 633 2529 690 Isidorus
2591 634 2866 704 Spalensis
2921 639 3208 711 episcopus
3270 643 3324 697 in
3394 645 3534 701 libro
3585 649 3801 709 Officio-

2779 747 2799 780 ι
2847 729 2947 796 Qui
2991 732 3135 786 enim
3190 735 3242 788 in
3289 738 3599 796 erudiendis
3638 758 3798 816 atque

2222 813 2564 871 instituendis
2610 818 2677 871 ad
2727 819 2982 875 virtutem
3031 824 3240 894 populis
3280 829 3530 896 praeerit,
3579 813 3799 891 necesse

2219 911 2303 957 est
2330 912 2384 958 ut
2427 904 2478 958 in
2517 907 2767 962 omnibus
2790 920 3008 965 sanctus
3032 913 3122 976 sit,
3153 923 3208 968 et
3247 915 3300 969 in
3332 919 3480 973 nullo
3509 926 3795 992 reprehen-

2219 992 2390 1047 sibilis
2417 993 2696 1050 habeatur.
2730 997 2829 1065 Qui
2860 1002 3003 1056 enim
3033 1003 3196 1059 alium
3223 1007 3290 1063 de
3327 1013 3566 1079 peccatis
3597 1019 3794 1086 arguit,

2218 1081 2334 1152 ipse
2377 1099 2407 1138 a
2449 1097 2670 1154 peccato
2713 1089 2874 1146 debet
2914 1108 3035 1149 esse
3077 1095 3304 1153 alienus.
3357 1101 3490 1156 Nam
3528 1081 3793 1178 cum—qua

2215 1173 2394 1231 fronte
2417 1177 2684 1246 subjectus
2710 1197 2937 1252 arguere
2961 1188 3176 1255 poterit,
3212 1205 3334 1245 cum
3364 1193 3438 1247 illi
3464 1197 3641 1251 statim
3668 1173 3800 1268 pos-

2213 1265 2286 1319 sit
2334 1279 2615 1338 correptus
2666 1270 2914 1341 ingerere
2961 1292 2974 1329 :
3025 1277 3165 1337 Ante
3211 1287 3262 1333 te
3306 1282 3442 1337 doce
3483 1300 3602 1354 quae
3645 1265 3792 1344 recta

2213 1365 2360 1422 sunt,
2389 1374 2422 1411 ο
2445 1359 2724 1430 episcopo!
2761 1382 2777 1413 ι
2799 1363 3136 1437 Quapropter
3165 1371 3255 1440 qui
3291 1374 3514 1445 negligit
3544 1389 3682 1434 recta
3709 1379 3793 1436 fa‘

2212 1460 2357 1513 cere,
2384 1449 2593 1504 desinat
2621 1461 2761 1507 recta
2786 1456 3014 1519 docere;
3043 1460 3192 1528 prius
3219 1461 3418 1532 quippe
3445 1470 3792 1538 semetipsum

2211 1540 2482 1609 corrigere
2508 1542 2670 1598 debet
2707 1547 2798 1616 qui
2841 1547 2977 1602 alios
3007 1551 3072 1603 ad
3119 1552 3254 1607 bene
3288 1555 3572 1610 vivendum
3604 1562 3791 1613 admo-

2209 1644 2338 1686 nere
2363 1641 2562 1696 studet,
2592 1646 2664 1692 Ita
2699 1645 2758 1690 ut
2798 1638 2849 1691 in
2885 1640 3138 1695 omnibus
3171 1654 3522 1714 semetipsum
3554 1647 3782 1706 formam

2209 1723 2423 1778 vivendi
2475 1728 2732 1795 prtebeat,
2782 1741 3120 1802 cunctosque
3169 1737 3236 1789 ad
3288 1737 3490 1792 bonum
3543 1757 3675 1810 opus
3735 1756 3786 1799 et

526 1833 632 1870 non
663 1817 978 1887 litigiosum,
1010 1835 1116 1874 non
1144 1835 1416 1890 asperum,
1449 1823 1664 1876 donnnn
1689 1839 1840 1878 suam
1859 1825 1992 1881 bene
2019 1841 2099 1880 re-

2212 1813 2456 1868 doctrina
2499 1825 2744 1886 clepere
2790 1831 3069 1888 provocet.
3121 1824 3219 1878 Cui
3267 1827 3434 1880 etiam
3471 1838 3526 1883 ct
3565 1835 3790 1888 scientia

522 1917 755 1976 gentem,
782 1908 917 1963 lilios
935 1909 1222 1964 habentem
1251 1912 1492 1966 subditos
1520 1915 2104 1970 cumonmicharitatc:

525 1997 682 2052 talem
725 2000 1019 2066 hominem,
1069 2001 1159 2070 qui
1199 2004 1313 2058 lucc
1358 2005 1628 2058 custodiat
1671 2021 1790 2076 qua:
1824 2017 2109 2063 enumerat

520 2090 682 2155 bona,
706 2094 878 2146 creari
896 2094 1094 2148 debere
1125 2095 1253 2149 dicit
1273 2096 1584 2167 episcopum
1613 2117 1626 2151 :
1654 2100 1766 2154 lucc
1787 2101 1929 2154 enim
1955 2103 2106 2173 signa

521 2188 652 2234 sunt
699 2182 978 2250 dignitatis
1022 2183 1362 2254 episcopalis.
1416 2186 1471 2240 Si
1518 2188 1639 2256 quis
1670 2197 1849 2243 autem
1899 2193 2105 2260 potiora

517 2278 757 2324 sectatus
786 2280 1122 2342 est,~corpns
1151 2284 1204 2328 ct
1230 2263 1467 2330 animam
1499 2294 1650 2332 suam
1699 2279 1808 2335 Deo
1847 2282 2108 2338 dicaverit

518 2371 586 2410 ne
628 2372 688 2410 se
714 2359 932 2427 copulet
961 2363 1326 2422 matrimonio.
1361 2375 1511 2420 tanto
1541 2368 1714 2438 magis
1739 2371 1951 2437 dignior
1975 2371 2102 2437 fiet;

517 2447 638 2502 ideo
678 2451 822 2504 enim
859 2451 1173 2508 inferiorem
1221 2459 1432 2525 posuit,
1480 2467 1538 2513 ut
1580 2460 1646 2513 de
1693 2462 1900 2530 potiore
1948 2480 2105 2520 nemo

515 2536 811 2595 dubitaret.
839 2542 921 2597 Sit
953 2553 1131 2598 autem
1157 2547 1441 2617 cpiscopus
1469 2550 1714 2617 pudicus,
1746 2567 1903 2621 quem
1927 2553 2102 2609 Graeci

512 2631 750 2702 σῶφρονα
771 2644 986 2698 vocant,
1009 2643 1063 2687 et
1091 2635 1315 2690 Latinus
1339 2638 1626 2708 interpres,
1656 2643 1801 2695 verbi
1833 2643 2101 2713 ambigui-

517 2729 626 2775 tate
655 2723 937 2793 deceptus,
969 2741 1068 2795 pro
1114 2728 1312 2796 pudico
1339 2731 1659 2799 prudentem
1707 2733 1997 2790 transtulit.
2043 2736 2100 2791 Si

514 2823 696 2867 autem
739 2814 888 2872 laicis
916 2819 1212 2886 imperatur
1255 2831 1311 2884 ut
1342 2833 1564 2891 propter
1605 2828 1905 2881 orationem
1934 2831 2099 2885 abstio

513 2914 676 2968 neant
724 2921 782 2960 se
828 2906 897 2960 ab
936 2923 1163 2963 uxorum
1212 2912 1376 2975 coitu,
1419 2916 1546 2982 quid
1593 2916 1659 2970 de
1691 2917 1942 2988 episcopo
1973 2937 2098 2974 sen-

511 2996 754 3052 tiendum
781 3011 884 3065 est,
913 3002 1004 3070 qui
1027 3004 1386 3074 quotidiepro
1412 3009 1527 3061 suis
1550 3009 1838 3079 populique
1863 3014 2101 3081 peccatis

512 3089 746 3146 illibatas
799 3093 909 3148 Deo
964 3095 1245 3151 oblaturus
1299 3108 1384 3153 est
1438 3101 1726 3156 victimas?
1780 3103 2098 3172 Ilelegamus

2213 1901 2618 1972 Scripturarum
2649 1911 2959 1965 necessaria
3010 1922 3115 1977 est,
3147 1915 3275 1984 quia
3307 1917 3350 1970 si
3385 1920 3626 1991 episcopi
3665 1933 3788 1978 tan-

2213 2001 2323 2046 tum
2359 2003 2544 2050 sancta
2596 1998 2669 2052 sit
2713 1998 2841 2063 vita,
2872 1999 2976 2055 sibi
3019 2003 3116 2057 soli
3169 2014 3348 2074 potest
3393 2011 3655 2079 prodesse
3712 2016 3791 2069 sic

2209 2083 2462 2139 vivendo.
2519 2086 2692 2142 Porro
2737 2089 2782 2143 si
2845 2101 2897 2145 et
2951 2093 3197 2149 doctrina
3256 2107 3310 2151 et
3350 2114 3602 2156 sermone
3627 2102 3792 2161 fuerit

2207 2175 2470 2240 eruditus,
2505 2186 2684 2246 potest
2706 2196 2921 2250 quoque
2943 2195 3169 2240 caeteros
3198 2186 3495 2254 instruere,
3517 2202 3571 2245 et
3589 2191 3792 2249 docere

2207 2277 2353 2325 suos,
2379 2274 2435 2320 et
2472 2266 2815 2326 adversarios
2860 2284 3247 2343 repercutere;
3285 2281 3378 2348 qui
3435 2283 3538 2335 nisi
3569 2285 3788 2339 refutati

2207 2351 2412 2410 fuerint
2467 2366 2631 2426 atque
2695 2362 2952 2428 convicti,
2987 2363 3146 2421 facile
3198 2378 3406 2436 queunt
3461 2373 3788 2441 simplicium

2205 2443 2368 2504 corda
2404 2455 2735 2512 pervertere.
2775 2449 2945 2520 IIujus
2993 2461 3175 2509 autem
3226 2471 3406 2512 sermo
3458 2459 3623 2514 debet
3671 2477 3787 2516 esse

2203 2548 2392 2602 purus,
2424 2537 2653 2606 simplex
2682 2549 2738 2592 et
2766 2551 2922 2610 aptus
2948 2559 2962 2606 ;
2991 2543 3146 2611 cujus
3176 2560 3288 2614 pra:
3314 2550 3528 2604 caeteris
3550 2554 3786 2618 speciale

2203 2622 2435 2678 ollicinm
2462 2637 2544 2680 est
2571 2627 2884 2698 Scripturas
2936 2632 3135 2701 legere,
3169 2651 3492 2704 percurrere
3521 2655 3785 2706 canones,

2202 2714 2446 2784 exempla
2478 2727 2788 2773 sanctorum
2820 2722 3046 2786 imitari,
3099 2726 3322 2794 vigiliis,
3361 2728 3616 2798 jejuniis,
3658 2747 3780 2787 ora-

2204 2803 2439 2858 tionibus
2481 2807 2814 2872 incumbere,
2849 2826 2971 2864 cnm
3015 2812 3275 2868 fratribus
3317 2817 3521 2874 habere
3569 2835 3778 2888 pacem.

2202 2911 2304 2950 nec
2329 2911 2654 2965 quemquam
2682 2914 2748 2952 ex
2780 2902 3038 2958 membris
3089 2906 3203 2959 suis
3239 2907 3546 2977 despicere,
3577 2914 3780 2966 nullum

2203 2989 2466 3044 damnare
2520 2991 2622 3045 nisi
2665 2995 3098 3062 comprobatum,
3145 2997 3351 3052 nullum
3403 3005 3780 3057 excommuni-

2200 3095 2328 3134 care
2349 3081 2449 3136 nisi
2484 3082 2788 3138 discussum
2819 3099 2834 3136 :
2864 3086 3064 3156 quique
3120 3073 3201 3164 ita,
3233 3090 3545 3147 humilitate
3579 3097 3779 3164 pariter

511 3178 718 3250 Regum
744 3182 934 3248 libros,
971 3195 1026 3239 et
1057 3187 1392 3244 inveniemus
1421 3192 1754 3247 sacerdotem
1783 3163 2094 3252 Abinielech
2123 3163 2170 3224 C
2200 3178 2255 3225 et
2277 3174 2599 3227 θυθίοτίιωθ
2629 3176 2928 3243 pmsm’i"
2964 3187 3021 3230 ω
3043 3193 3141 3234 "ec
3166 3195 3262 3250 per
3288 3182 3515 3238 nimiam
3568 3187 3777 3241 humm‘

511 3271 579 3324 de
611 3273 839 3339 panibus
867 3277 1252 3344 propositionis
1273 3279 1510 3334 noluisse
1531 3282 1682 3350 prius
1709 3284 1840 3339 dare
1865 3286 1925 3338 D.
1953 3287 2011 3340 D.
2041 3296 2096 3342 et

510 3363 696 3430 pueris
739 3362 877 3432 ejus,
927 3367 1029 3420 nisi
1076 3368 1436 3440 interrogaret
1466 3380 1646 3426 utrum
1686 3377 1868 3431 mundi
1914 3389 2094 3434 essent

510 3455 663 3523 pueri
691 3471 720 3509 a
754 3456 999 3522 muliere,
1045 3474 1150 3513 non
1180 3461 1364 3530 utique
1391 3462 1588 3528 aliena,
1621 3466 1714 3519 sed
1747 3468 2013 3537 conjuge?
2042 3477 2095 3522 et

510 3544 614 3599 nisi
645 3560 741 3605 eos
770 3548 1032 3602 audiisset
1061 3549 1129 3603 ab
1159 3550 1273 3606 heri
1316 3560 1371 3605 et
1414 3553 1610 3608 nudius
1652 3555 1844 3609 tertius
1873 3572 2095 3612 vacasse

511 3635 581 3689 ab
605 3651 770 3706 opere
793 3637 1079 3709 conjugali,
1132 3657 1404 3710 nunquam
1448 3658 1613 3712 panes
1651 3660 1788 3714 quos
1817 3649 1966 3716 prius
1998 3667 2093 3705 ne-

509 3736 734 3796 gaverat
761 3729 1134 3783 concessisset.
1166 3732 1434 3796 Quantum
1467 3733 1690 3788 interest
1725 3736 1866 3791 inter
1895 3752 2092 3808 propo-

513 3819 726 3873 sitionis
774 3835 943 3889 panes
990 3830 1046 3876 et
1095 3838 1293 3892 corpus
1338 3823 1572 3879 Christi?
1626 3841 1746 3896 qua:
1795 3827 2092 3884 dili'erentia

512 3909 653 3964 inter
682 3913 927 3967 utnbram
960 3923 1017 3967 et
1044 3928 1292 3982 corpora,
1324 3915 1464 3969 inter
1491 3916 1778 3987 imaginem
1806 3927 1858 3972 et
1890 3921 2093 3974 verita-

511 4003 659 4056 tem?
686 4002 831 4058 inter
851 4005 1180 4074 exemplaria
1211 4007 1517 4062 futurorum
1543 4018 1598 4063 et
1623 4024 1684 4064 ea
1715 4010 1824 4079 ipsa
1853 4025 1973 4080 qua:
1999 4026 2096 4081 per

509 4094 839 4164 exemplaria
869 4097 1388 4167 praelignrabantur?
1423 4099 1702 4166 Quomodo
1729 4102 1908 4170 itaque
1939 4119 2092 4157 tuan-

509 4189 756 4250 suetudo,
791 4189 1070 4256 patientia,
1102 4189 1389 4253 sobrietas,
1418 4191 1735 4255 moderatio,
1770 4193 2090 4250 abstinentia

510 4275 676 4341 lucri,
730 4279 1069 4347 hospitalitas
1111 4296 1326 4350 quoque
1373 4292 1430 4336 et
1475 4282 1779 4354 benignitas
1823 4287 2092 4357 prmcipne

511 4380 634 4420 esse
663 4366 860 4420 debent
899 4369 950 4421 in
981 4370 1232 4438 episcopo
1273 4380 1327 4424 et
1355 4373 1494 4425 inter
1519 4383 1742 4426 cunctos
1769 4374 1934 4428 laicos
1955 4378 2090 4429 emi-

511 4457 718 4519 nentia,
753 4458 837 4511 sic
866 4469 921 4512 et
946 4461 1169 4514 castitas
1195 4463 1409 4530 propria
1435 4473 1492 4516 et
1522 4463 1592 4516 ita
1621 4463 1849 4518 dixerint
1881 4467 2088 4533 pudici-

512 4548 587 4600 tia
613 4548 984 4613 sacerdotalis,
1019 4558 1074 4602 ut
1103 4566 1206 4603 non
1237 4552 1408 4605 solum
1436 4552 1504 4605 ab
1531 4568 1694 4622 opere
1725 4569 1784 4608 se
1815 4555 2088 4609 imnmndo

507 4637 802 4702 abstineat,
850 4639 943 4692 sed
987 4639 1151 4692 etiam
1201 4656 1230 4693 a
1272 4641 1420 4709 jactu
1463 4643 1602 4695 oculi
1650 4652 1703 4697 et
1747 4646 2087 4713 cogitationis

509 4741 696 4780 errore
742 4741 893 4780 mens
931 4727 1134 4782 Christi
1184 4744 1380 4797 corpus
1425 4729 1733 4784 confectura
1781 4735 1850 4786 sit
1899 4733 2084 4788 libera.

507 4815 694 4870 Justus
724 4830 938 4884 quoque
979 4817 1266 4887 episcOpus
1309 4819 1466 4874 debet
1509 4835 1630 4875 esse
1668 4829 1724 4874 et
1761 4833 1998 4886 sanctus,
2033 4835 2090 4878 ut

503 4905 766 4976 justitiam
794 4907 850 4961 in
881 4908 1089 4976 populis
1115 4910 1311 4977 quibus
1334 4922 1526 4980 praeest
1555 4923 1827 4978 exerceat,
1861 4915 2088 4969 reddens

511 4999 802 5068 unicuique
827 5000 968 5067 quod
1006 5011 1264 5066 meretur,
1315 5016 1415 5055 nec.
1443 5003 1673 5072 accipiat
1716 5019 2000 5074 personam
2035 5006 2086 5059 in

509 5089 727 5151 iudicio.
769 5093 914 5149 Inter
945 5093 1064 5149 laici
1107 5104 1286 5148 autem
1327 5104 1383 5148 et
1412 5096 1650 5165 episcopi
1689 5097 1955 5166 justitiam
1989 5099 2090 5153 hoc

511 5182 761 5250 interest,
786 5187 928 5255 quod
954 5186 1123 5242 laicus
1137 5196 1312 5256 potest
1331 5189 1782 5259 jnstnsapparere
1803 5191 1855 5243 in
1880 5191 2088 5258 paucis,

511 5278 794 5348 episcopus
822 5293 947 5334 vero
973 5283 1024 5335 in
1053 5289 1129 5336 tot
1159 5296 1412 5336 exercere
1430 5280 1696 5347 justitiam
1720 5290 1853 5350 quot
1881 5290 1934 5336 et
1961 5282 2089 5337 sub-

929 5373 1003 5386 ’⁸⁸-
1389 5374 1400 5385 ⁸
1485 5379 1492 5383 ’λ
1679 5374 1690 5386 ¹
1770 5373 1918 5408 inane
1983 5388 2088 5408 ..ηπ

2203 3271 2366 3316 tatem
2390 3278 2546 3318 suam
2574 3266 2916 3321 subditorum
2975 3269 3100 3322 vitia
3150 3272 3542 3330 convalescere
3595 3278 3777 3342 faciat,

2198 3367 2299 3409 nec
2344 3371 2442 3424 per
2515 3359 2926 3414 immoderatam
3013 3365 3393 3419 auctoritatem
3473 3370 3778 3424 severitatis

2196 3455 2520 3515 potestatem
2548 3462 2824 3517 exerceat,
2872 3454 2967 3508 sed
3023 3462 3172 3508 tanto
3221 3457 3434 3511 cautius
3472 3444 3775 3530 erga-rom

2197 3535 2392 3592 missos
2420 3549 2565 3608 agat,
2611 3551 2817 3610 quanto
2847 3543 3032 3598 durius
3071 3544 3348 3601 Christum
3391 3548 3646 3616 judicare
3672 3551 3774 3609 for-

2197 3629 2388 3682 midat.
2452 3649 2471 3680 ι
2505 3631 2647 3686 Idem
2703 3634 2756 3688 in
2819 3636 3010 3689 eodem
3059 3635 3238 3691 libro:
3296 3657 3312 3689 ι
3351 3638 3474 3694 Sint
3517 3643 3686 3714 igitur
3725 3652 3775 3698 et

2196 3721 2435 3790 virgines
2491 3725 2752 3795 episcopi,
2806 3727 2969 3788 casti,
3021 3730 3231 3795 mundi,
3266 3741 3322 3785 et
3355 3746 3592 3803 pergant
3643 3738 3770 3790 viam

2197 3811 2578 3878 sublimitatis;
2615 3815 2751 3882 pede
2789 3815 3112 3871 humilitatis
3147 3831 3450 3889 sequantur
3481 3824 3771 3887 Christum,

2199 3903 2432 3956 tenendo
2479 3915 2891 3972 perseveranter
2913 3909 3057 3977 quod
3095 3921 3356 3965 voverunt
3399 3916 3682 3982 ardenter,
3707 3918 3769 3971 ita

2197 4003 2256 4046 nt
2278 3993 2504 4064 professi
2533 3997 2633 4050 hac
2653 4007 2869 4051 servata
2889 3999 3220 4068 integritate,
3248 4005 3464 4058 caneris
3483 4018 3649 4062 etiam
3674 4023 3773 4062 mo-

2195 4085 2348 4139 ribus
2372 4098 2694 4157 congruant,
2723 4089 2840 4143 sine
2863 4092 3058 4159 quibus
3105 4095 3294 4163 procul
3328 4097 3494 4151 dubio
3523 4110 3696 4156 otiosa
3722 4111 3770 4154 et

2195 4177 2372 4230 inanis
2400 4189 2579 4232 manet
2621 4180 2923 4250 virginitas.
2966 4182 3044 4237 Illi
3076 4199 3205 4254 ergo
3236 4187 3474 4256 virgines
3505 4205 3629 4245 esse
3657 4207 3769 4260 pro.

2192 4267 2390 4322 bantur
2433 4286 2521 4339 qut
2582 4272 2661 4326 sic
2703 4275 3053 4329 continentia:
3127 4277 3448 4340 inserviunt.
3500 4293 3563 4336 ut
3618 4283 3768 4337 nullis

2194 4359 2538 4424 criminibus,
2583 4361 2838 4431 nulloque
2883 4375 3111 4418 terrena:
3155 4366 3545 4424 sollicitudinis
3577 4373 3766 4425 honore

2197 4459 2621 4516 prmgraventur.
2651 4451 2846 4504 Curam
2873 4453 3015 4505 enim
3046 4454 3228 4508 mundi
3252 4457 3558 4526 c0njngalis
3590 4459 3764 4530 rapula

2195 4537 2390 4606 gignit,
2419 4536 2586 4591 Paulo
2636 4543 2884 4604 docente,
2933 4543 3058 4596 dum
3108 4545 3240 4598 dicit
3269 4564 3287 4596 ι
3336 4544 3466 4600 Volo
3498 4561 3670 4603 autem
3689 4564 3764 4602 vos

2194 4626 2304 4679 sine
2326 4627 2677 4682 sollicitudine
2701 4646 2827 4684 esse.
2885 4630 2988 4696 Qui
3029 4635 3142 4687 sine
3187 4650 3351 4690 uxore
3389 4647 3486 4700 est,
3517 4639 3762 4692 sollicitus

2195 4727 2267 4770 est
2297 4735 2414 4787 qua:
2444 4719 2655 4774 Domini
2679 4732 2818 4787 sunt,
2846 4726 3105 4792 quomodo
3128 4725 3332 4792 placeat
3384 4727 3636 4784 Domino.
3665 4728 3761 4796 Qui

2196 4819 2369 4864 autem
2405 4828 2523 4865 rum
2553 4829 2714 4867 uxore
2749 4823 2847 4876 est,
2880 4814 3134 4868 sollicitus
3156 4827 3229 4870 est
3257 4833 3374 4888 qua:
3412 4830 3538 4875 sunt
3571 4823 3759 4886 mundi,

2196 4904 2454 4973 quomodo
2513 4904 2713 4974 placeat
2769 4906 2920 4959 uxori
2975 4905 3026 4976 (I
3051 4906 3175 4962 Cor.
3209 4925 3305 4976 vu,
3351 4911 3444 4976 39.,
3476 4915 3592 4985 55).
3623 4913 3759 4970 Unde

2193 4995 2506 5064 agnoscitur
2529 5008 2632 5047 non
2681 5009 2837 5062 posse
2864 4997 3079 5064 placere
3121 4999 3230 5052 Deo
3259 4999 3572 5068 hujusmodi
3601 5002 3758 5058 conti-

2192 5086 2391 5140 nentize
2428 5093 2610 5140 votum
2633 5087 2774 5154 quod
2803 5087 3128 5156 praepeditur
3169 5091 3512 5147 saecularium
3549 5092 3756 5162 impedio

2195 5186 2374 5230 mento
2439 5191 2714 5230 curarum.
2754 5194 2771 5226 ι
2824 5176 2970 5229 Idem
3022 5179 3213 5233 eodem
3277 5179 3456 5235 libro:
3507 5201 3527 5236 ι
3564 5184 3756 5238 Debent

2191 5281 2320 5336 ergo
2345 5275 2400 5320 et
2428 5267 2526 5334 ipsi
2577 5267 2812 5336 episcopi
2847 5269 2917 5319 ita
2966 5283 3087 5322 esse
3126 5269 3372 5326 ncrl‘omi-
3415 5281 3471 5321 et
3500 5275 3552 5324 in
3582 5270 3754 5325 olliciis
