4036 6328
246 344 369 417 457

1708 339 2088 399 EPISTOLE.

3406 350 3512 407 658

247 478 392 519 euva
420 477 436 516 :
468 458 638 517 Locus
659 459 795 516 enim
823 460 877 513 in
898 472 1001 529 quo
1020 466 1127 512 stas
1153 465 1295 510 terra
1320 465 1500 511 sancta
1538 465 1611 511 est
1636 452 1834 525 (Exod.
1866 454 1915 513 Α
1940 450 2151 508 luxuria
2201 461 2283 509 est
2311 472 2325 510 :
2381 471 2483 511 non
2503 456 2856 524 vinolentum;
2905 459 2984 515 sic
3028 459 3180 516 bibat
3225 461 3512 533 episcopus

248 568 345 618 tu,
385 552 466 624 5).
504 550 767 607 Similiter
794 562 923 619 ergo
951 557 1008 604 et
1041 548 1095 601 in
1123 545 1368 602 Ecclesia
1402 545 1494 602 Dei
1528 545 1682 602 locus
1709 559 1840 602 san-

247 652 390 698 ctus
426 650 511 696 est
543 640 677 695 ﬁdes
705 636 943 710 perfecta
972 644 1027 694 et
1053 636 1295 693 charitas
1334 637 1401 692 de
1430 636 1593 691 corde
1621 650 1757 707 puro
1787 646 1843 691 et

246 730 602 787 conscientia
620 742 774 799 pura.
799 727 1035 784 Videant
1053 734 1109 782 et
1135 726 1348 783 discam
1371 725 1607 796 episcopi
1625 726 1754 796 quid
1772 727 1841 783 sit

250 832 448 879 tactus
468 822 560 891 qui
583 819 748 875 faciat
774 819 1136 884 immundum,
1160 818 1289 888 quid
1313 832 1442 874 vero
1457 818 1530 874 sit
1551 825 1725 873 tactus
1747 818 1841 887 qui

248 912 436 969 faciat
468 911 751 967 mundum.
784 909 1077 981 Apostolus
1114 909 1283 966 dicit:
1310 908 1518 963 Bonum
1540 918 1616 963 est
1639 909 1842 963 homini

245 1003 540 1061 mulierem
553 1019 654 1057 non
670 1011 880 1073 tangere
895 1000 945 1074 (1
962 996 1084 1055 Cor.
1104 1014 1201 1067 vu,
1218 1000 1289 1069 1).
1306 998 1405 1054 Hic
1422 1007 1596 1054 tactus
1612 1002 1841 1056 immun—

250 1094 367 1151 dus
390 1102 509 1160 est;
540 1095 641 1150 hoc
662 1102 744 1149 est
756 1093 899 1148 enim
926 1091 1055 1148 illud
1078 1094 1219 1163 quod
1248 1090 1506 1147 Dominus
1527 1093 1580 1147 in
1597 1093 1838 1163 Evange—

246 1180 327 1240 lio
356 1185 443 1240 ait
474 1202 487 1238 :
518 1183 577 1239 Si
602 1180 718 1255 qitis
753 1182 937 1238 uiderit
974 1183 1243 1238 mulierem
1267 1182 1337 1237 ad
1367 1184 1839 1252 concupiscendum

243 1292 399 1341 eam,
422 1258 540 1345 jam
566 1274 851 1331 moechatus
873 1282 946 1331 est
973 1291 1089 1329 eam
1138 1275 1193 1328 in
1219 1273 1375 1329 corde
1399 1289 1495 1328 suo
1543 1272 1759 1345 (Matth.
1784 1288 1836 1341 v,

243 1362 347 1441 28)
374 1385 389 1423 :
429 1367 604 1437 tetigit
631 1368 776 1423 enim
796 1382 893 1423 cor
916 1365 1033 1435 ejus
1063 1365 1513 1436 concupiscentiae
1543 1365 1758 1432 vitium,
1785 1372 1840 1421 et

247 1458 548 1515 immunda
595 1456 736 1514 facta
777 1467 864 1513 est
897 1456 1075 1512 anima
1130 1457 1267 1527 ejus.
1306 1456 1362 1512 Si
1400 1458 1524 1526 quis
1566 1472 1694 1528 ergo
1734 1457 1839 1513 hoc

244 1548 427 1604 modo
463 1548 638 1615 tangit
687 1547 921 1620 aliquam
962 1562 1100 1613 rem,
1130 1547 1182 1603 id
1232 1555 1318 1602 est
1346 1545 1432 1603 vel
1472 1560 1567 1616 per
1594 1545 1839 1602 mulieris

243 1639 786 1711 concupiscentiam,
811 1639 897 1696 vel
932 1654 1030 1712 per
1053 1640 1296 1711 pecunia:
1329 1638 1685 1709 cupiditatem
1747 1636 1834 1694 vel

244 1732 365 1788 alio
406 1731 648 1803 quolibet
667 1730 877 1802 peccati
928 1730 1220 1797 desiderio,
1248 1731 1584 1786 immundum
1636 1729 1834 1801 tetigit,

1946 556 2006 603 ut
2038 563 2105 603 an
2139 549 2337 607 biberit
2371 551 2667 623 ignoretur.
2715 572 2735 604 ι
2769 553 3089 609 Ambrosius
3131 554 3184 609 in
3212 551 3510 625 Epistulam

1945 638 2013 693 ad
2050 638 2355 696 Romanos:
2414 660 2432 694 ι
2479 643 2689 709 Quanta
2739 643 2969 700 felicitas
3011 660 3118 701 non
3162 646 3346 701 uxoris
3390 662 3511 702 esse

1944 744 2184 798 servum,
2204 733 2296 787 sed
2323 731 2523 789 Christi
2548 750 2563 799 ;
2589 749 2695 790 non
2718 735 2869 791 carni
2895 736 3124 802 servire,
3143 736 3237 792 sed
3258 736 3504 807 spiritui!

1940 820 2032 887 qui
2061 820 2205 876 enim
2245 821 2475 876 adhaeret
2501 821 2746 889 Domino,
2777 840 2911 878 unus
2939 824 3153 894 spiritus
3184 833 3258 879 est
3299 824 3353 896 (Ι
3384 824 3507 879 Cor.

1942 911 2254 984 vu,l7).Ac
2268 928 2333 969 ne
2347 912 2571 969 forsitan
2586 914 2636 969 in
2650 930 2715 971 eo
2727 915 2868 984 quod
2881 931 3041 989 supra
3064 918 3273 971 dixerat
3290 934 3302 969 :
3319 915 3510 972 Servus

1942 1010 2152 1056 uocatus
2177 1018 2254 1066 es,
2282 1019 2383 1058 non
2408 1004 2473 1058 sit
2503 1005 2594 1058 tibi
2621 1021 2781 1070 curm,
2806 1005 2895 1059 sed
2919 1014 2967 1060 et
2995 1006 3040 1060 si
3066 1015 3208 1075 potes
3237 1006 3368 1061 liber
3390 1007 3509 1076 ﬁeri

1940 1094 2108 1164 magis
2128 1102 2273 1148 ntere
2295 1095 2479 1166 (lbid.,
2504 1095 2619 1163 2|),
2646 1097 2926 1169 sugillasse
2947 1098 3332 1155 continentiam
3355 1101 3507 1156 vide-

1940 1184 2247 1251 retur,etin
2266 1183 2582 1241 famulatum
2599 1188 2885 1245 tradidisse
2905 1204 3003 1245 nos
3026 1190 3331 1263 coniugum,
3348 1191 3512 1248 infert

1939 1270 2265 1327 sententiam
2279 1287 2397 1343 quae
2406 1289 2619 1330 omnem
2636 1277 3031 1334 cavillationem
3048 1288 3316 1350 amputet:
3334 1281 3509 1336 Pretio

1937 1375 2127 1430 magno
2155 1363 2310 1432 empti
2341 1364 2492 1431 estis;
2530 1366 2687 1422 nolite
2714 1368 2831 1436 ﬁeri
2867 1370 2998 1424 servi
3026 1370 3291 1425 hominum
3319 1372 3508 1442 (Ibid.,

1935 1448 2052 1518 25),
2080 1464 2253 1519 neque
2277 1453 2587 1524 conjugum,
2613 1456 2874 1527 redempti
2901 1474 3087 1514 sumus
3116 1461 3509 1529 pretiosissima

1937 1535 2139 1593 Christi
2169 1541 2448 1610 sanguine.
2487 1541 2624 1600 Vere
2658 1556 2803 1600 amat
2831 1546 3066 1617 virgines
3093 1547 3356 1617 Christus,
3383 1553 3510 1635 qu‘ia

1938 1636 2128 1695 sponte
2182 1629 2423 1685 tribuunt
2465 1632 2605 1701 quod
2648 1633 2748 1689 sibi
2793 1649 2899 1689 non
2947 1634 3124 1690 fuerat
3163 1629 3507 1709 imperatum,

1938 1716 2268 1787 majorisque
2290 1719 2475 1784 gratim
2497 1719 2785 1777 estofferre
2806 1724 2947 1793 quod
2976 1739 3081 1778 non
3106 1725 3321 1793 debeas,
3348 1741 3511 1797 quam

242 1831 305 1878 et
325 1802 655 1893 inquinatus
682 1830 786 1882 est.
830 1819 1054 1892 Oportet
1077 1836 1210 1893 ergo
1237 1829 1313 1886 te,
1334 1820 1381 1877 si
1414 1822 1541 1891 quid
1572 1820 1679 1876 tale
1713 1820 1837 1875 teti-
1867 1802 1911 1864 Β
1943 1808 2168 1863 reddere
2196 1814 2337 1879 ἾυοιΙ
2376 1813 2631 1883 θὶῖὲθτίε·
2671 1813 2933 1885 ΑΡοειοΠ,
2964 1818 3148 1872 "loris
3178 1833 3343 1874 οηθτο
3381 1834 3511 1875 COD-

242 1913 432 1984 geris,
464 1913 607 1969 scire
636 1912 906 1981 quomodo
930 1910 1127 1967 oll'eras
1154 1912 1507 1977 sacrificium,
1539 1910 1839 1967 secundum

242 2020 311 2058 ea
336 2018 471 2074 qua:
526 2004 581 2059 in
615 2003 986 2074 superioribus
1030 2004 1473 2071 memoravimus,
1504 2010 1562 2059 ut
1603 2004 1837 2059 mundus
1872 2030 1877 2033 ι

240 2093 397 2151 (εἶὶοί
436 2094 636 2164 possis.
670 2112 689 2146 ι

313 2185 650 2243 Ambrosius
692 2186 743 2241 in
795 2180 1089 2255 Epistulam
1133 2187 1198 2241 ad
1245 2184 1519 2243 Romanos
1556 2186 1627 2257 (c.
1666 2188 1783 2259 vtu)
1818 2203 1832 2243 :

248 2289 270 2326 ι
306 2276 562 2341 Fratres,
585 2276 874 2347 quicunque
905 2277 1089 2346 spiritu
1118 2276 1213 2331 Dei
1238 2287 1488 2346 aguntur,
1518 2277 1571 2330 hi
1596 2276 1696 2345 ﬁlii
1716 2288 1834 2332 sunt

244 2367 386 2431 Dei;
434 2367 482 2422 si
519 2367 792 2437 prudentia
822 2368 991 2421 carnis
1024 2368 1234 2421 inimica
1269 2376 1342 2421 est
1370 2366 1425 2421 in
1454 2365 1638 2434 Deum,
1663 2376 1719 2423 et
1748 2369 1836 2439 qui

241 2458 301 2511 in
339 2473 506 2511 carne
543 2466 662 2511 sunt
693 2455 800 2509 Deo
828 2456 1028 2524 placere
1068 2473 1172 2510 non
1209 2464 1441 2523 possunt,
1477 2457 1713 2512 arbitror
1743 2473 1838 2513 eos

243 2546 345 2616 qui
400 2546 645 2601 serviunt
714 2545 888 2600 cilicio
934 2544 1197 2617 coniugali
1271 2547 1413 2616 quod
1494 2547 1835 2617 prudentiam

244 2636 442 2691 carnis
495 2634 740 2706 diligant,
786 2644 837 2689 et
871 2636 923 2690 in
955 2651 1120 2691 carne
1157 2644 1306 2701 sunt,
1347 2652 1376 2692 a
1407 2652 1512 2706 qua
1542 2639 1829 2693 retrahens

243 2741 357 2783 nos
400 2724 716 2797 Apostolus.
751 2735 805 2781 et
836 2724 1067 2797 jnngens
1108 2726 1335 2797 Spiritui
1381 2726 1635 2799 deinceps
1667 2727 1839 2799 loqui-

244 2824 343 2872 tur
388 2816 462 2887 (c.
494 2817 592 2887 xu)
635 2834 649 2869 :
693 2815 917 2871 Obsecro
967 2832 1073 2883 eos,
1123 2834 1217 2886 per
1255 2818 1668 2873 misericordiam
1715 2819 1835 2885 Dei,

244 2923 301 2969 ut
337 2914 628 2969 cxhibeatis
663 2930 879 2981 corpora
927 2926 1095 2975 vestra
1131 2915 1354 2969 hostiam
1396 2915 1663 2980 viventem,
1716 2932 1839 2970 san-

246 3017 414 3072 c:a_m,
450 3006 563 3060 Deo
608 3005 911 3075 placentem.
944 3024 961 3057 ι
1004 3005 1152 3061 Idem
1208 3017 1338 3075 post
1382 3022 1550 3075 pauca
1580 3024 1594 3062 :
1630 3029 1645 3056 ι
1679 3006 1836 3071 Vide,

246 3097 448 3158 frater,
473 3104 672 3165 quanta
712 3084 971 3165 pudicitia
1019 3097 1267 3167 exigatur
1305 3096 1358 3152 in
1390 3097 1666 3169 episeopo,
1694 3109 1755 3155 ut
1788 3100 1831 3154 si

248 3187 352 3241 ﬁlii
377 3187 498 3259 ejus
529 3187 783 3257 impudici
813 3186 1034 3254 fuerint,
1078 3189 1194 3257 ipse
1221 3189 1507 3261 episcopus
1553 3204 1675 3246 esse
1725 3207 1832 3246 non

246 3278 454 3348 possit,
482 3287 538 3332 et
566 3277 753 3333 eodem
775 3277 907 3332 vitio
935 3277 1168 3333 offendat
1194 3279 1364 3335 Deum
1393 3294 1500 3348 quo
1522 3279 1745 3336 offendit
1783 3292 1837 3336 et

249 3366 373 3423 Heli
403 3366 648 3438 pontifex
674 3368 764 3438 qui
792 3368 1131 3437 corripuerat
1156 3369 1373 3439 quidem
1402 3368 1562 3433 filios,
1589 3370 1685 3425 sed
1712 3373 1835 3440 quia

250 3476 363 3517 non
413 3459 690 3530 abiecerat
738 3460 1131 3530 delinquentes,
1173 3468 1473 3517 retrorsum
1531 3462 1749 3528 cecidit,
1781 3471 1837 3516 et

250 3559 506 3605 mortuus
532 3558 616 3604 est
643 3549 696 3620 (Ι
725 3549 847 3620 Reg.
882 3551 976 3620 tv).
1004 3550 1060 3605 In
1091 3552 1235 3606 omni
1259 3550 1425 3621 gradu
1456 3560 1509 3605 et
1539 3568 1669 3607 sexu
1690 3562 1838 3608 tenet

250 3639 513 3709 pudicitia
545 3637 1141 3711 principatumCernis
1170 3640 1333 3710 igitur
1358 3640 1500 3708 quod
1523 3641 1834 3711 episcopus,

249 3729 564 3800 presbyter,
594 3729 852 3783 diaconus
878 3744 981 3782 non
1002 3729 1120 3783 ideo
1146 3730 1253 3784 sint
1284 3729 1424 3783 beati
1446 3728 1573 3799 quia
1596 3733 1833 3802 episcopi

251 3820 335 3875 vel
350 3821 655 3890 presbyteri
680 3832 805 3878 sunt
825 3823 1163 3885 autdiaconi,
1192 3825 1285 3877 sed
1307 3825 1351 3879 si
1377 3824 1607 3880 virtutes
1630 3826 1836 3882 habue-

250 3909 363 3964 rint
413 3910 699 3965 nominum
765 3927 986 3968 suorum
1032 3922 1085 3967 et
1118 3911 1459 3968 ciliciorum:
1509 3915 1747 3984 alioquin
1788 3918 1834 3972 si

254 3998 522 4055 diaconus
578 4001 819 4056 sanctior
867 4003 1118 4072 episcopo
1158 4018 1256 4058 suo
1284 4004 1467 4069 fuerit,
1520 4020 1627 4060 non
1678 4022 1742 4062 ex
1770 4020 1835 4062 eo

253 4091 399 4161 quod
422 4091 477 4145 in
519 4090 571 4145 in
600 4091 781 4147 ferinri
813 4093 979 4164 gradu
1007 4102 1089 4147 est
1116 4095 1254 4163 apud
1299 4095 1572 4149 Christum
1599 4096 1835 4151 deterior

253 4185 361 4239 erit
389 4198 405 4237 :
435 4191 499 4238 ut
520 4182 829 4253 Stephanus
872 4184 1155 4250 diaconus,
1196 4186 1285 4255 qui
1314 4188 1521 4253 primus
1575 4187 1835 4257 martyrio

253 4281 551 4327 coronatus
578 4258 664 4328 est
699 4274 874 4329 minor
897 4272 1191 4337 futurusin
1218 4289 1384 4342 regno
1408 4275 1666 4330 coelorum
1698 4275 1836 4330 mul—

253 4364 325 4419 tis
345 4363 639 4435 episcopis,
664 4372 717 4419 et
742 4363 1025 4420 Timotheo
1045 4380 1109 4421 ac
1134 4364 1256 4419 Tito
1282 4382 1294 4418 :
1332 4380 1468 4434 quos
1488 4373 1546 4419 ut
1568 4365 1835 4437 subjicere

251 4468 360 4507 non
400 4452 596 4516 audeo,
619 4453 691 4506 ita
715 4467 815 4508 nec
836 4454 1222 4525 anteponere(l
1242 4453 1375 4508 Tim.
1398 4455 1640 4527 111,2,5).
1667 4453 1834 4525 Opor-

253 4549 322 4595 tet
372 4558 498 4610 ergo
537 4542 829 4612 episcopum
876 4545 1370 4612 irreprehensibilem
1417 4563 1544 4611 esse,
1590 4555 1647 4600 ttt
1698 4547 1827 4601 nulli

251 4632 387 4687 vitio
437 4632 665 4686 luxuria:
711 4632 1047 4703 mancipatus
1075 4635 1147 4689 sit
1178 4652 1191 4688 :
1229 4635 1385 4689 unius
1411 4636 1589 4690 uxoris
1637 4636 1824 4701 virum,

252 4720 344 4789 qui
366 4734 536 4773 unam
580 4734 801 4774 uxorem
853 4720 1122 4788 habuerit,
1178 4738 1282 4779 non
1335 4723 1426 4793 qui
1456 4723 1692 4779 habeat:
1741 4743 1826 4780 so-

254 4808 448 4875 brium,
481 4810 616 4875 sive,
650 4821 709 4864 ut
737 4810 791 4865 in
822 4810 1011 4867 G’rteco
1045 4813 1263 4879 dicitur,
1294 4812 1620 4883 vigilantem,
1654 4815 1704 4867 id
1747 4823 1830 4869 est

252 4895 541 4967 Niphanon
574 4898 895 4977 [νηφᾳντόνῙΣ
938 4902 1215 4971 pudicum,
1248 4902 1349 4957 hoc
1383 4902 1525 4956 enim
1562 4902 1830 4972 signitteat

255 4982 579 5056 Sophronon
629 4988 930 5067 {saepem},
978 5003 1220 5048 ornatum
1263 5001 1319 5049 et
1355 4993 1608 5049 castitate
1636 5003 1690 5049 et
1715 5010 1830 5051 mo-

256 5076 407 5132 ribus
446 5096 459 5131 :
507 5079 832 5149 hospitalem,
884 5090 939 5136 ut
982 5081 1225 5138 imitetur
1272 5084 1570 5151 Abraham,
1620 5092 1828 5140 etcum

255 5166 580 5236 peregrinis,
633 5167 740 5223 imo
776 5169 831 5223 in
866 5172 1170 5243 peregrinis
1219 5171 1496 5229 Christum
1526 5174 1826 5244 suscipiat:

258 5250 550 5322 doctorem,
586 5257 719 5311 nihil
766 5259 909 5315 enim
940 5263 1161 5330 prodest
1206 5262 1540 5318 conscientia
1564 5264 1828 5319 virtutum

261 5344 387 5411 frui,
421 5348 525 5403 nisi
550 5359 602 5404 et
630 5351 893 5406 creditum
920 5353 1021 5407 sibi
1054 5354 1307 5424 populum
1332 5356 1503 5424 possit
1530 5355 1825 5421 instruere,

260 5444 318 5490 ut
344 5438 526 5492 valeat
553 5442 828 5497 exhortari
859 5443 911 5497 in
941 5444 1212 5510 doctrina,
1247 5455 1300 5500 et
1325 5461 1418 5501 eos
1443 5446 1534 5516 qui
1557 5446 1831 5501 contradi—

262 5536 386 5582 cunt
437 5530 764 5602 redarguere
795 5549 808 5586 :
842 5550 945 5587 non
974 5535 1313 5602 vinolentum,
1355 5538 1478 5606 quia
1528 5551 1740 5607 semper
1777 5537 1831 5592 in

261 5618 463 5674 sanctis
517 5630 829 5678 sanctorum
852 5633 960 5690 est,
1009 5634 1065 5680 et
1104 5624 1262 5682 offert
1303 5628 1529 5694 hostias,
1567 5627 1751 5683 viuum
1777 5636 1832 5682 et
1882 5648 1885 5651 ·

260 5712 484 5768 siceram
535 5728 639 5768 non
682 5716 865 5772 bibit:
903 5735 1005 5772 non
1057 5719 1390 5791 vinolentum,
1434 5723 1558 5793 quia
1601 5722 1656 5777 in
1703 5721 1830 5779 vino

496 5805 770 5868 ΡΔτιιοι.
818 5811 1169 5876 CXXXIX.

1947 1898 2203 1969 templato
2232 1920 2244 1954 :
2272 1900 2334 1956 Si
2356 1903 2498 1970 talis,
2526 1904 2796 1975 inquiunt,
2822 1918 2897 1961 est
2928 1925 3086 1962 causa
3111 1910 3360 1977 hominis,
3393 1928 3511 1967 cum

1942 2007 2109 2047 uxore
2138 2010 2241 2050 non
2276 1997 2481 2066 eapedit
2506 1998 2695 2053 nubere
2721 1999 2935 2068 (Matth.
2973 2018 3086 2067 xix,
3118 2001 3227 2070 10).
3269 1990 3509 2069 Quorum

1945 2085 2268 2140 sententiam
2298 2087 2558 2143 Dominus
2606 2092 2842 2160 probans
2874 2110 2887 2145 :
2932 2092 3101 2148 Recte
3130 2094 3369 2164 quidem,
3410 2095 3507 2162 ait,

1941 2174 2178 2240 sentitis,
2203 2177 2344 2244 quod
2358 2178 2607 2248 expediat
2634 2179 2837 2235 homini
2860 2182 2923 2235 ad
2936 2182 3193 2238 cmlorum
3219 2200 3381 2257 regna
3397 2193 3511 2241 ten-

1939 2263 2084 2317 denti
2113 2280 2218 2320 uon
2244 2267 2487 2336 accipere
2524 2284 2775 2336 uxorem;
2815 2272 2920 2325 Sed
2953 2272 3180 2329 dillicilis
3211 2285 3300 2330 est
3326 2290 3431 2341 res,
3457 2286 3512 2331 et

1944 2353 2067 2408 Non
2094 2373 2267 2409 omnes
2299 2358 2510 2427 capiunt
2547 2360 2756 2413 verbum
2786 2361 2947 2427 istud,
2980 2363 3069 2416 sed
3103 2364 3290 2433 quibus
3328 2366 3508 2419 elatum

1940 2456 2014 2500 est
2044 2447 2234 2517 (lbid.,
2252 2449 2270 2501 1
2288 2448 2438 2518 1).Ει
2458 2450 2616 2520 paulo
2646 2460 2767 2521 post
2792 2456 3074 2508 tractanda
3098 2457 3368 2511 sententia
3391 2471 3506 2513 eSt:

1944 2535 2103 2601 Sunt,
2119 2537 2303 2607 inquit
2323 2540 2475 2609 quise
2497 2551 2850 2597 castrauerunt
2864 2555 3069 2616 propter
3088 2563 3242 2617 regna
3266 2548 3510 2603 ccelorum

1943 2626 2238 2699 (lbid.,12)
2264 2648 2277 2682 :
2301 2644 2430 2700 ergo
2459 2632 2550 2701 qui
2581 2647 2640 2687 se
2661 2648 2767 2687 non
2790 2645 3183 2704 castraverunt,
3209 2640 3386 2695 locum
3401 2658 3509 2698 nou

1942 2727 2168 2786 possunt
2205 2720 2451 2790 accipere
2502 2731 2902 2780 castratorum:
2937 2728 3040 2793 Qui
3068 2739 3256 2798 potest,
3309 2732 3505 2801 inquit,

1940 2824 2142 2877 capere,
2214 2812 2386 2881 capiat
2448 2812 2659 2885 (Ibid.).
2714 2814 2945 2904 Grandis
3011 2818 3133 2873 ﬁdei
3194 2832 3276 2875 est
3341 2838 3508 2893 gran-

1944 2898 2132 2968 disque
2158 2901 2395 2966 virtutis,
2418 2903 2510 2957 Dei
2545 2898 2801 2974 templum
2850 2903 2973 2962 esse
3012 2911 3377 2979 purissimum.
3405 2914 3509 2967 To-

1944 2998 2055 3044 tum
2082 3005 2142 3045 se
2161 2991 2533 3049 holocaustum
2574 2994 2768 3067 oﬂerre
2821 2999 3062 3065 Domino,
3097 3012 3151 3056 et
3172 3001 3327 3070 juxta
3349 3019 3504 3061 eum-

1942 3083 2062 3138 dem
2092 3085 2408 3154 Apestolum
2472 3102 2591 3143 esse
2638 3099 2882 3146 sanctum
2916 3102 2971 3147 et
3017 3108 3245 3164 corpore
3294 3105 3350 3151 et
3397 3099 3507 3167 spi-

1944 3174 2069 3228 ritu.
2119 3174 2182 3228 lli
2236 3186 2363 3230 sunt
2403 3178 2635 3233 eunuchi
2681 3181 2793 3249 qui,
2852 3198 2911 3237 se
2956 3182 3154 3254 lignum
3191 3186 3399 3241 aridum
3439 3188 3508 3242 ob

1941 3264 2282 3320 sterilitatem
2308 3277 2583 3337 putantes,
2627 3271 2852 3326 audiunt
2875 3287 2971 3342 per
3008 3273 3200 3329 lsaiam
3231 3275 3366 3347 (Isa.
3397 3280 3505 3348 Lvt)

1937 3355 2079 3424 quod
2126 3372 2225 3425 pro
2264 3357 2388 3413 filiis
2422 3368 2473 3413 et
2505 3359 2718 3417 ﬁliabus
2766 3362 2940 3418 locum
2999 3364 3233 3422 habeant
3267 3369 3319 3422 in
3354 3370 3507 3427 coelis

1938 3452 2207 3511 paratum.
2249 3465 2267 3498 ι
2306 3446 2664 3520 Hieronymus
2697 3469 2710 3504 :
2752 3469 2770 3502 ι
2800 3452 2915 3508 Non
2938 3464 3115 3524 potest
3147 3457 3357 3513 Domini
3392 3473 3510 3515 ser-

1934 3535 2052 3592 vire
2096 3538 2321 3605 militiae,
2368 3542 2459 3609 qui
2509 3557 2699 3599 servus
2749 3552 2834 3599 est
2887 3547 3090 3601 uxoris.
3136 3549 3209 3602 De
3273 3550 3506 3618 speculis

1937 3626 2223 3683 mulierum
2272 3629 2652 3699 jejunantium,
2697 3636 2848 3705 quasi
2907 3636 2974 3690 de
3022 3638 3326 3705 purissimis
3384 3655 3503 3695 cor-

1937 3716 2162 3783 poribus
2224 3717 2522 3789 Virginum.
2589 3721 2752 3777 Lutcr
2814 3724 2865 3777 in
2930 3725 3274 3781 tabernaculo
3325 3729 3503 3784 fundi-

1944 3813 2052 3871 tus,
2091 3815 2146 3860 et
2188 3809 2517 3865 intrinsecus
2563 3813 2615 3865 in
2645 3815 2956 3868 sanctuario
3032 3826 3138 3869 tam
3188 3819 3501 3884 Cherubim,

1934 3910 2095 3964 quam
2130 3898 2567 3967 pr0pitiatorium
2596 3911 2652 3955 et
2686 3917 2813 3957 arca
2848 3906 3178 3971 testamenti,
3230 3915 3285 3960 et
3314 3924 3498 3963 mensa

1936 3988 2323 4057 propositionis
2384 4000 2439 4044 et
2493 3991 2872 4045 candelabrum
2924 4001 2980 4046 et
3048 3995 3380 4050 thuribulum
3438 4013 3506 4051 ex

1935 4093 2069 4134 auro
2120 4080 2475 4135 mundissimo
2498 4088 2625 4136 sunt
2652 4098 2665 4136 :
2701 4096 2875 4150 neque
2902 4083 3045 4137 enim
3077 4084 3127 4136 in
3157 4083 3356 4139 Sancta
3380 4102 3506 4141 san-

1936 4178 2147 4224 ctorum
2190 4179 2403 4240 poterat
2443 4172 2630 4226 interri
2679 4182 2986 4242 argentum.
3044 4173 3198 4229 Sicut
3251 4176 3304 4229 in
3357 4176 3503 4248 ligno

1936 4265 2157 4329 vermis,
2184 4265 2257 4318 ita
2280 4265 2457 4334 perdit
2481 4265 2655 4320 virum
2679 4281 2834 4320 suum
2865 4281 3001 4321 uxor
3030 4267 3299 4323 malefica.
3326 4267 3384 4323 Si
3411 4283 3506 4325 au-

1936 4368 2046 4413 tem
2065 4357 2367 4413 asserueris
2391 4357 2493 4412 hoc
2521 4358 2587 4412 de
2607 4365 2765 4431 matis
2780 4358 2984 4415 dictum
3021 4372 3142 4414 esse
3161 4360 3501 4431 conjugibus,

1936 4456 1992 4503 et
2021 4463 2121 4519 ego
2159 4448 2253 4504 tibi
2303 4448 2539 4503 breviter
2589 4450 2925 4520 respondebo
2962 4469 2973 4503 :
3019 4450 3148 4517 Qute
3176 4453 3320 4508 enim
3371 4453 3503 4508 mihi

1937 4539 2201 4595 incumbit
2251 4541 2546 4595 necessitas
2578 4542 2765 4598 venire
2806 4542 2858 4596 in
2889 4542 3109 4598 dubium
3141 4553 3322 4599 utrum
3362 4545 3503 4599 mala

1934 4633 2003 4685 sit
2027 4646 2094 4684 an
2124 4631 2260 4685 bona
2286 4630 2462 4685 futura
2484 4648 2645 4701 quam
2669 4633 2872 4688 duxero
2892 4633 2915 4686 ?
2936 4633 3129 4688 melius
3156 4643 3237 4689 est
3260 4634 3503 4690 habitare

1938 4723 2164 4779 interra
2214 4730 2427 4779 deserta
2455 4740 2618 4795 quam
2662 4739 2784 4781 cum
2838 4740 3008 4781 uxore
3056 4725 3290 4797 litigiosa
3317 4735 3370 4782 et
3396 4727 3503 4780 ira-

1935 4813 2130 4868 cunda.
2177 4814 2351 4879 Quam
2408 4829 2593 4868 rarum
2659 4814 2733 4869 sit
2787 4829 3013 4870 uxorem
3068 4815 3186 4872 sine
3229 4816 3315 4871 his
3354 4815 3502 4869 vitiis

1936 4903 2204 4968 invenire,
2228 4904 2381 4958 novit
2412 4903 2503 4958 ille
2540 4904 2633 4974 qui
2656 4904 2809 4959 duxit
2829 4919 3073 4960 uxorem.
3100 4904 3252 4961 Unde
3278 4903 3502 4975 pulchre

1934 4993 2129 5050 Varius
2156 4991 2436 5060 Geminus,
2459 4995 2705 5050 sublimis
2724 4996 2953 5051 orator?
2978 5014 2996 5048 ι
3023 4995 3125 5063 Qui
3150 5011 3275 5061 non,
3302 4995 3498 5064 inquit,

1933 5084 2128 5156 litigat,
2162 5086 2355 5142 caelebs
2381 5096 2500 5143 est:
2544 5106 2562 5139 ι
2592 5086 2782 5143 Melius
2811 5100 2885 5144 est
2913 5090 3206 5143 inhabitare
3226 5090 3280 5142 in
3307 5087 3498 5158 angulo

1932 5177 2072 5242 tecti,
2110 5192 2268 5247 quam
2300 5194 2418 5231 cum
2478 5195 2638 5233 uxore
2667 5180 2923 5235 maledica
2973 5181 3027 5233 in
3055 5180 3206 5233 domo
3236 5178 3499 5232 communi

1933 5265 2116 5338 (Prov.
2147 5283 2273 5333 xxv,
2312 5268 2404 5339 24)
2436 5285 2450 5323 :
2480 5270 2712 5325 assiduis
2760 5271 2956 5340 quippe
2993 5267 3211 5339 iurgiis,
3235 5276 3290 5323 et
3314 5269 3497 5341 quoti-

1932 5360 2095 5417 diana
2139 5363 2459 5434 garrulitate
2502 5364 2633 5419 facit
2673 5363 2953 5433 perpluere
2995 5364 3209 5417 domum
3260 5363 3398 5429 ejus,
3442 5368 3497 5418 et

1932 5450 2079 5521 ejicit
2096 5468 2217 5508 eum
2238 5454 2305 5509 de
2326 5455 2531 5510 {edibus
2556 5456 2687 5519 suis,
2715 5455 2766 5509 id
2785 5463 2867 5508 est
2889 5454 2955 5509 de
2978 5452 3239 5521 Ecclesia.
3261 5450 3496 5508 Estimo

1932 5543 2073 5613 quod
2088 5543 2177 5611 qui
2207 5558 2427 5598 uxorem
2450 5544 2628 5605 habet,
2654 5542 2889 5612 quandiu
2918 5542 2984 5597 ad
3010 5541 3238 5612 idipsum
3263 5542 3493 5611 reverti-

1936 5643 2046 5699 tur,
2071 5648 2178 5689 non
2212 5642 2383 5689 tentet
2403 5647 2526 5689 eum
2551 5633 2800 5702 Satanas,
2829 5636 2954 5706 quia
2983 5636 3038 5692 in
3062 5650 3225 5692 carne
3244 5635 3495 5711 seminat,

1930 5731 2117 5778 etnon
2151 5723 2202 5778 in
2233 5724 2422 5793 spiritu
2448 5740 2462 5790 ;
2491 5725 2582 5796 qui
2613 5734 2792 5783 autem
2821 5727 2873 5781 in
2903 5741 3067 5783 carne
3106 5726 3358 5795 seminat,
3391 5738 3495 5781 non

2950 5819 3025 5880 15
