3944 5414
565 342 670 399 859

1558 338 1618 394 S.
1661 335 1955 394 ABBONIS
1993 333 2283 391 ABBATIS
2315 334 2820 403 FLORIACENSIS

3699 338 3806 396 ἔδυ

564 469 688 525 ego,
713 454 807 509 sed
830 452 1117 524 Apostolus
1150 453 1398 533 loquitur
1432 452 1574 524 quod
1625 459 1792 507 metat
1843 456 2145 520 corruptto-
2174 455 2219 511 Α
2250 450 2347 521 ipsi
2371 466 2475 506 non
2498 451 2774 520 pcccando
2794 457 3137 505 consumant.
3160 449 3299 518 Quid
3318 459 3500 508 autem
3520 463 3604 509 est
3631 453 3806 514 inloco

567 561 690 603 nem
733 544 873 619 (Gal.
906 562 983 611 vi,
1032 544 1109 616 8).
1135 543 1307 616 Elegit
1351 556 1443 599 nas
1475 546 1528 599 in
1559 542 1769 598 Christo
1817 542 1958 597 Deus
1990 540 2154 595 Pater

567 645 689 690 ante
711 636 1126 690 constitutionem
1148 634 1353 700 mundi,
1378 643 1676 689 utessemus
1697 631 1868 687 sancti
1888 640 1938 685 et
1960 630 2148 684 imma-

567 724 734 780 culati
767 741 944 780 eorum
974 742 1032 779 eo
1057 723 1218 795 (Eph.
1250 740 1291 790 t,
1320 724 1397 795 4).
1432 723 1829 779 Ambularimus
1857 722 1913 776 in
1953 738 2148 776 concu-

472 838 475 843 ·
561 815 831 885 piscentiis
853 809 1028 868 carnis
1068 814 1318 884 facientes
1359 813 1677 868 voluntatem
1722 812 1837 882 ejus
1881 820 1929 867 et
1959 812 2153 882 regitu-

563 901 763 957 tionum
789 919 810 969 ;
839 912 887 957 et
915 902 1115 972 fuimus
1168 901 1273 971 ﬁlii
1317 903 1414 957 ira?
1457 902 1590 956 sicut
1637 910 1688 956 et
1771 903 1945 956 cwteri
1968 917 1985 966 ;
2012 915 2150 955 nunc

567 1002 743 1046 autem
802 1010 919 1048 cum
944 989 1265 1048 resu‘scitarit
1295 1003 1345 1048 et
1371 992 1652 1047 consedere
1681 1008 1774 1048 nos
1814 992 1939 1063 fecit
1965 993 2019 1045 in
2042 1006 2146 1047 cce-

562 1079 775 1137 lestibus
832 1084 887 1137 in
937 1081 1143 1138 Christo
1184 1082 1313 1137 Iesu
1361 1081 1576 1153 (Epltes.
1625 1098 1686 1146 η,
1733 1081 1790 1148 ’5,
1845 1082 1898 1147 5,
1959 1080 2038 1151 6),
2092 1089 2148 1135 ut

564 1172 888 1241 deponamus
909 1175 1196 1228 secundum
1214 1175 1440 1242 priorem
1462 1175 1903 1227 conversationem
1926 1183 2145 1227 veterem

558 1262 851 1331 hominem,
912 1265 1001 1337 qui
1038 1265 1393 1336 corrumpitur
1429 1263 1590 1334 juxta
1642 1264 1905 1318 desideria
1969 1263 2146 1317 carnis

554 1353 862 1425 '(Ibitl.,'tv,
884 1355 998 1428 22).
1030 1356 1376 1427 Quaecunque
1402 1368 1532 1427 ergo
1554 1364 1680 1411 sunt
1714 1370 1862 1422 vera,
1888 1369 2143 1426 quaecun-

566 1462 671 1515 que
699 1447 914 1517 pudica,
951 1462 1287 1518 quascunque
1305 1445 1482 1515 juxta,
1513 1460 1852 1517 quaecunque
1882 1445 1952 1500 ad
1979 1439 2145 1501 casti-

568 1547 734 1592 tatem
758 1530 1110 1609 pertinentia,
1152 1539 1236 1594 bis
1264 1537 1602 1608 copulemur,
1634 1535 1748 1592 haec
1774 1549 2084 1604 sequamur.
2117 1555 2136 1588 ι

554 1635 560 1643 ’
637 1631 699 1685 D.
746 1632 1066 1688 Ambrosius
1126 1631 1194 1686 ad
1236 1629 1689 1685 Pammachium:
1729 1647 1747 1681 t
1783 1627 2134 1697 Consequens

554 1732 652 1777 est
700 1729 761 1779 ut
816 1723 1110 1779 secundum
1141 1722 1432 1794 imaginem
1480 1720 1596 1789 ejus
1641 1719 1734 1792 qui
1782 1720 2140 1776 sacerdotium

2254 548 2443 595 sancto
2492 540 2824 596 manducare
2859 548 3142 611 peccatum
3177 540 3202 595 l
3242 541 3396 597 locus
3429 550 3551 598 erat
3596 552 3805 602 sanctus

2254 630 2306 685 in
2326 644 2485 701 quem
2501 639 2825 702 pervenerat
2848 630 3083 703 Moyses,
3108 632 3407 689 secundum
3435 637 3580 703 quod
3614 636 3805 692 dictum

2250 730 2335 778 est
2388 723 2456 777 ad
2501 737 2666 777 eum:
2705 722 2874 777 Locus
2905 725 3041 778 enim
3073 724 3130 778 in
3172 740 3273 794 quo
3309 732 3418 779 stas
3457 734 3595 779 terra
3634 736 3805 781 sancta

2250 824 2326 869 est
2349 812 2550 885 (Exod;
2577 830 2660 881 lli,
2703 813 2779 887 5).
2820 814 3086 872 Similiter
3132 831 3264 887 ergo
3291 816 3418 872 etin
3451 815 3685 872 Ecclesia
3716 817 3804 873 Dei

2249 905 2402 962 locus
2456 916 2679 963 sanet-us
2734 904 2843 972 est,
2890 906 3029 963 lides
3078 906 3338 978 perlecta,
3366 915 3426 964 et
3475 909 3708 964 citaritas
3742 910 3804 965 de

2229 997 2414 1053 ‘eorde
2433 1011 2571 1067 puro
2595 1005 2650 1051 et
2689 998 3021 1053 conscientia
3070 999 3210 1053 bona
3236 1015 3250 1064 ;
3278 999 3373 1069 qui
3400 999 3455 1053 in
3483 999 3568 1054 bis
3602 1008 3725 1064 stat,
3755 1001 3803 1054 in

2250 1089 2508 1155 Ecclesia,
2552 1090 2605 1145 in
2635 1089 2751 1146 loco
2780 1104 2840 1145 se
2888 1098 3078 1145 sancto
3108 1099 3255 1144 stare
3297 1096 3606 1160 cognoscat.
3637 1109 3658 1142 ι
3681 1090 3803 1146 Item

2248 1191 2371 1252 post
2417 1188 2627 1253 pauca:
2679 1200 2698 1234 ι
2729 1183 2954 1238 Discant
2996 1181 3319 1237 sacerdotes
3344 1168 3559 1236 υόωῑιιί
3598 1182 3689 1252 qui
3712 1182 3805 1236 Et-

2232 1271 2428 1328 clesiis
2448 1272 2858 1342 praesunt,qnia
2902 1286 3027 1342 pars
3055 1271 3138 1326 eis
3163 1271 3288 1326 data
3322 1279 3407 1326 est
3430 1287 3554 1327 cum
3586 1271 3669 1326 bis
3688 1286 3805 1340 quo-

2224 1374 2368 1418 ’rum
2416 1363 2614 1437 delicta
2650 1359 3130 1433 repropitiaverint
3171 1361 3362 1433 (Hebr.
3398 1362 3474 1427 tt,
3527 1362 3613 1433 Η)
3644 1364 3804 1433 :quid

2240 1448 2428 1508 autem
2476 1460 2562 1507 est
2598 1452 2961 1522 repropitiare
2992 1450 3299 1506 delictum?
3350 1451 3410 1507 si
3443 1453 3801 1522 assumpseris

2243 1553 2613 1615 peccatorem,
2651 1550 2708 1598 et
2742 1534 3037 1610 monendo,
3095 1544 3390 1605 hortando.
3433 1542 3695 1608 docendo,
3725 1544 3802 1598 in-

2246 1637 2507 1693 struendo
2535 1635 2829 1692 adduxeris
2868 1650 2993 1691 eum
3012 1634 3080 1690 ad
3102 1636 3505 1706 paenitentiam,
3542 1645 3608 1688 an
3624 1649 3803 1689 errore

2244 1729 2569 1794 correxeris,
2610 1742 2642 1784 a
2691 1727 2841 1784 vitiis
2877 1725 3274 1793 emendaveris,
3322 1733 3378 1780 et
3423 1724 3669 1782 olfeceris
3686 1739 3803 1779 eum

566 1809 821 1869 Ecclesiae
841 1814 1009 1881 dedit,
1059 1813 1223 1868 etiam
1248 1812 1487 1868 ministri
1515 1819 1572 1867 et
1599 1809 1913 1891 sacerdotes
1939 1808 2129 1864 Eccle-

2249 1821 2407 1878 talem
2449 1829 2511 1876 ut
2553 1820 2602 1875 ei
2648 1832 2913 1875 converso
2965 1818 3234 1889 propitius
3279 1816 3395 1883 ﬁat,
3457 1829 3558 1885 pro
3614 1815 3803 1871 delicto

561 1900 656 1963 sim
707 1914 933 1975 peccata
993 1903 1174 1975 populi
1236 1903 1526 1972 accipiant,
1573 1910 1629 1956 et
1675 1900 1798 1970 ipsi,
1862 1899 2141 1954 imitantes

561 1996 900 2066 Magistrum,
921 1996 1295 2051 remissionem
1311 1993 1505 2065 populo
1516 2001 1865 2063 peccatorum
1881 1990 2138 2045 tribuant.

558 2087 761 2143 Debent
782 2101 910 2159 ergo
931 2097 984 2142 et
1008 2086 1110 2157 ipsi
1139 2081 1420 2140 Ecclesia!
1453 2082 1766 2138 sacerdotes
1805 2080 1878 2135 ita
1903 2077 2138 2150 perfecti

556 2194 698 2247 esse,
743 2180 873 2236 etin
900 2177 1090 2235 ciliciis
1118 2173 1547 2235 sacerdotalibus
1585 2174 1804 2240 eruditi,
1840 2180 1900 2227 ut
1918 2179 2141 2241 peccata

555 2273 737 2344 populi
764 2271 960 2329 inloco
983 2277 1192 2338 sancto,
1219 2269 1273 2325 in
1299 2266 1455 2325 atriis
1483 2263 1819 2324 tabernaculi
1845 2260 2139 2320 testimonii
2219 2267 2225 2274 ’

2247 1912 2632 1985 repropitiasse
2663 1910 2884 1967 diceris.
2909 1907 2966 1965 Si
2998 1923 3130 1982 ergo
3153 1908 3277 1964 talis
3316 1907 3490 1962 fueris
3540 1905 3801 1971 sacerdos,

2245 2014 2299 2060 et
2337 2004 2462 2060 talis
2488 2002 2671 2060 fuerit
2703 2002 2948 2058 doctrina
2975 2009 3067 2056 tua
3101 2007 3157 2057 et
3174 2014 3361 2069 sermo
3383 2007 3533 2065 tuus,
3564 2013 3697 2070 pars
3718 1999 3803 2051 tibi

2232 2098 2408 2156 eatur
2438 2113 2629 2153 eorum
2672 2111 2809 2166 quos
2845 2095 3173 2161 correxeris,
3201 2102 3262 2148 ut
3282 2092 3498 2148 illorum
3563 2090 3802 2146 meritum

2248 2199 2336 2246 tua
2351 2203 2562 2246 merces
2585 2188 2657 2245 sit
2685 2194 2736 2245 et
2763 2187 2979 2243 illorum
3006 2185 3174 2253 salus,
3210 2193 3301 2240 tua
3329 2181 3525 2256 gloria.
3566 2200 3596 2234 θ

1946 2562 2279 2623 EPISTOLA
2319 2559 2437 2617 XV.
2690 2540 2691 2543 η
3432 2553 3441 2574 ί
3568 2578 3577 2584 .
3626 2567 3639 2573 ν
3694 2538 3772 2585 tut

1130 2708 1215 2753 AD
1262 2704 1521 2751 LEONEH
1564 2696 1861 2748 ΔΒΒΔΤΕΜ
1904 2695 2154 2743 ROMANI
2199 2691 2416 2740 εΑΝϐτι
2461 2687 2781 2733 BONIFACI‘I
2835 2685 3250 2731 MONASTERII.

1110 2808 1307 2883 “(Apud
1339 2805 1569 2875 Mabill.,
1598 2803 1795 2860 Annal.
1835 2801 1955 2858 ord.
1984 2798 2047 2855 Si
2082 2792 2304 2860 Bened.,
2335 2800 2468 2848 tom.
2494 2790 2606 2861 1V,
2632 2789 2905 2861 Append.,
2936 2803 3062 2859 pag.
3094 2788 3248 2859 691'.)

626 2968 1302 3047 Facundim‘prmrogativa
1348 2985 1471 3028 cum
1520 2970 1645 3024 vita:
1693 2964 1889 3023 merito
1922 2968 1992 3016 tet
2051 2973 2140 3047 sa-

554 3066 773 3135 pientiae
826 3046 1075 3122 doctrina
1127 3062 1452 3120 mirabiliter
1499 3054 1769 3115 intonanti
1811 3050 2030 3108 domino
2070 3046 2134 3101 L.

559 3156 746 3212 Sancti
773 3156 1036 3213 Bonifacii
1082 3153 1526 3211 cbarissimorum
1560 3144 1879 3203 charissimo
1927 3138 2132 3204 abbati,

540 3245 925 3304 'Floriacensis
963 3246 1195 3303 cmnobii
1237 3242 1455 3300 humilis
1494 3240 1662 3294 abbas
1689 3237 1834 3290 Anno
1870 3232 2133 3304 Spiritum

553 3338 795 3406 Domini,
816 3339 912 3409 qui
939 3337 1167 3408 replevit
1195 3336 1384 3390 orbem
1412 3340 1705 3394 terrarum,
1726 3325 1947 3396 replere
1990 3321 2133 3377 illius

537 3431 723 3500 ipsius
753 3431 1034 3486 scientiam
1068 3435 1123 3482 et
1144 3424 1496 3479 intellectum.

624 3520 894 3584 Charitas,
924 3532 1044 3589 quae
1067 3524 1149 3571 est
1179 3512 1450 3569 vinculum
1477 3505 1851 3581 perfectionis,
1880 3503 2009 3560 dum
2037 3515 2136 3556 nos

554 3614 743 3668 ambos
770 3610 954 3666 Remis
993 3606 1201 3679 positos
1246 3603 1648 3671 conglutinaret
1692 3598 1852 3653 labiis
1905 3596 2135 3666 privata:
2200 3656 2205 3663 θ

555 3701 952 3766 collocutionis,
1004 3706 1087 3754 tot
1127 3694 1400 3753 oratorios
1461 3693 1629 3757 rivos,
1703 3695 1883 3743 tantos
1922 3693 2135 3740 sanctae

552 3796 852 3866 Scriptum
895 3792 1046 3847 l‘avos
1082 3790 1227 3846 bono
1269 3786 1385 3842 zelo
1420 3782 1689 3839 fulminea
1720 3778 1903 3850 lingua
1952 3785 2132 3866 vestra

550 3865 831 3942 'eruetavit
856 3895 1040 3938 coram
1066 3889 1121 3935 et
1150 3883 1383 3941 secreto,
1413 3882 1472 3928 ut
1502 3870 1813 3928 exclamans
1839 3865 2135 3937 compellar

554 3977 737 4032 dicere
781 3991 796 4027 :
835 3972 1052 4042 Di/fusa
1083 3978 1158 4025 est
1205 3966 1375 4039 gratia
1407 3965 1463 4018 in
1512 3961 1665 4015 labiis
1696 3959 1830 4023 tuis;
1863 3965 2133 4027 propterea

555 4065 815 4122 benedixit
855 4072 906 4118 te
958 4059 1100 4115 Deus
1132 4059 1187 4113 in
1239 4065 1511 4112 teternum.
1544 4051 1679 4105 Dum
1728 4060 1859 4118 ergo
1899 4045 1969 4100 ad
2005 4042 2133 4098 talia

558 4157 897 4212 rutilantium
926 4152 1216 4209 verberum
1239 4146 1449 4218 fulgura
1495 4141 1699 4211 stupui,
1745 4144 1968 4195 coactus
2013 4148 2131 4189 sum

554 4250 811 4317 deinceps
838 4245 1040 4313 ubique
1072 4238 1331 4297 conﬁteri
1349 4250 1447 4291 vos
1470 4234 1768 4290 tonitruum
1796 4242 1919 4286 esse
1957 4225 2130 4295 Spiri-

555 4345 643 4393 tus
691 4314 887 4401 sancti,
941 4334 1036 4402 qui
1088 4324 1565 4401 sttperjvapostolos
1608 4322 1664 4376 in
1714 4318 1886 4391 igneis
1935 4314 2133 4386 linguis

553 4423 853 4488 descendit,
885 4422 977 4491 qui
1003 4420 1167 4474 etiam
1193 4427 1301 4471 ‘vos
1331 4414 1611 4469 ardentem
1638 4408 2031 4478 rltomphaeam,
2062 4403 2130 4457 ad

553 4515 818 4571 secundos
847 4512 1121 4584 improbos
1149 4507 1215 4564 de
1237 4505 1436 4576 templo
1462 4517 1581 4569 suo,
1610 4510 1815 4571 septem
1835 4497 1992 4553 donis
2012 4511 2130 4565 gra-

553 4606 754 4660 tiarum
784 4604 1039 4659 decenter
1067 4598 1327 4655 elimavit.
1351 4594 1499 4649 inter
1521 4590 1638 4647 haec
1668 4589 1904 4653 tandem,
1932 4585 2131 4643 erectis

2241 2967 2350 3009 non
2375 2950 2553 3006 minus
2579 2948 2891 3020 adimplere,
2917 2948 2963 3003 si
2985 2949 3123 3003 Deus
3147 2937 3396 3012 valuerit,
3419 2950 3631 3018 satago,
3656 2950 3796 3016 quam

2240 3042 2406 3096 vitam
2461 3051 2776 3113 perpetuam
2842 3040 3075 3095 mercari
3127 3055 3193 3095 ex
3249 3046 3395 3092 voto.
3448 3034 3797 3091 Pretiosarnm

2239 3132 2589 3201 reliquiarum
2617 3130 2791 3187 sancti
2817 3129 3001 3185 Patris
3033 3127 3305 3184 Benedicti
3357 3124 3590 3195 insignia
3634 3132 3797 3194 postu-

2234 3221 2389 3283 lastis
2417 3222 2568 3277 vobis
2590 3221 2767 3292 dirigi,
2799 3236 2863 3276 eo
2887 3220 3028 3290 quod
3055 3218 3411 3275 indubitatum
3436 3216 3653 3287 penitus
3672 3220 3797 3270 esset

2238 3314 2639 3368 sanctissimam
2684 3311 2855 3383 ipsius
2904 3311 3149 3382 corporis
3193 3308 3542 3380 praesentiam
3584 3323 3617 3360 a
3660 3304 3797 3360 nobis

2239 3404 2481 3471 retineri,
2514 3404 2744 3474 ideoque
2770 3403 2908 3459 velle
2936 3402 3152 3458 enixius
3181 3400 3233 3456 in
3264 3399 3473 3467 honore
3515 3396 3661 3454 illius
3682 3412 3796 3452 ora-

2239 3494 2436 3548 torium
2475 3495 2743 3559 construi,
2770 3494 3008 3564 itemQue
3036 3494 3193 3549 nobis
3218 3492 3283 3547 de
3312 3499 3505 3548 sancto
3538 3489 3795 3545 Boniiacio

2235 3595 2330 3641 aut
2364 3585 2431 3641 de
2463 3586 2637 3642 sacris
2685 3586 2909 3642 artubus
2949 3581 3263 3639 caitero’rum
3296 3581 3612 3637 sanctorum
3661 3579 3794 3634 nobis

2236 3677 2423 3732 eadem
2444 3676 2863 3744 recompensari.
2896 3674 3106 3746 Adjeeit
3133 3674 3351 3744 insuper
3376 3666 3795 3742 incomparabilis

2234 3768 2446 3825 bonitas
2467 3769 2609 3839 quod
2630 3769 2673 3823 si
2698 3781 2796 3822 nos
2816 3776 3032 3837 urgeret
3051 3778 3212 3834 super
3235 3777 3292 3819 re
3309 3763 3612 3819 domestica
3637 3761 3792 3817 aliena

2235 3860 2481 3915 voluntas
2508 3859 2863 3914 corroborare
2892 3866 3077 3910 nostra
3105 3854 3387 3925 privilegia
3419 3866 3521 3922 per
3551 3853 3792 3908 Romana:

2233 3952 2577 4008 auctoritatis
2611 3950 2814 4022 stylum
2842 3946 3223 4018 apostolicum,
3269 3960 3366 4000 vos
3394 3944 3448 3999 in
3477 3942 3726 4001 omnibus
3747 3949 3794 3995 et

2234 4057 2329 4113 per
2355 4042 2535 4097 omnia
2561 4040 2733 4097 nostri
2779 4038 2895 4094 fore
2922 4036 3290 4092 fidelissimum
3326 4026 3790 4090 ‘collabOratorem.

2234 4133 2360 4188 llaec
2387 4141 2568 4186 autem
2594 4129 2777 4185 omnia
2812 4127 3077 4199 perlicere
3100 4117 3212 4181 voti
3257 4132 3398 4192 erat,
3444 4125 3667 4196 quando
3696 4139 3794 4178 ma-

2200 4266 2203 4267 ν
2234 4220 2432 4293 gniﬁca
2462 4219 2720 4290 principis
2753 4218 3120 4289 apostolorum
3149 4216 3391 4272 membra
3420 4217 3645 4288 supplex
3667 4214 3788 4279 adii;

2231 4311 2325 4367 sed
2357 4309 2656 4365 Romanam
2700 4307 2997 4364 Ecclesiam
3046 4307 3208 4379 digno
3259 4307 3540 4362 viduatam
3574 4316 3790 4379 pastore,

2233 4402 2358 4465 heu,
2382 4401 2519 4471 proh
2535 4399 2720 4454 dolor!
2743 4397 2958 4454 oll'endi.
2984 4397 3178 4454 Vestra
3198 4406 3378 4453 autem
3405 4396 3790 4467 absentia,pro-

2231 4492 2406 4558 liteor,
2434 4491 2506 4545 ita
2539 4489 2763 4546 allectus
2789 4504 2911 4545 sum
2960 4489 3103 4545 sic'ut
3138 4480 3279 4544 solet
3324 4482 3465 4543 allici
3514 4487 3656 4543 fetus
3695 4485 3789 4557 gal-

2230 4583 2372 4647 linte,
2400 4596 2741 4652 conquerens
2786 4580 2965 4636 raucis
3005 4578 3253 4635 faucibus
3307 4581 3648 4635 abstractum
3687 4591 3788 4632 esSe

552 4696 722 4751 animi
776 4694 1084 4756 luminibus,
1133 4688 1339 4746 solares
1370 4694 1565 4740 vestrae
1596 4672 1920 4752 eloquentiae
1948 4674 2131 4731 radios
2158 4698 2212 4757 Β
2235 4673 2454 4727 unicum
2485 4671 2675 4726 matris
2710 4685 2821 4726 suae
2849 4669 3179 4740 praesidium.
3212 4664 3396 4740 Nuper
3422 4679 3605 4725 autem
3630 4665 3785 4751 audivi

554 4786 810 4857 aquilinis
838 4783 1010 4842 oculis
1029 4781 1346 4852 conspicere
1371 4774 1514 4831 volui
1538 4790 1554 4840 ;
1588 4781 1642 4828 et
1669 4772 1809 4827 sicut
1836 4769 1915 4823 ait
1940 4765 2129 4823 Eccle-

470 4898 473 4901 ‘
553 4856 772 4945 siastes,
800 4872 993 4930 Frater
1047 4871 1266 4940 fratrem
1311 4864 1570 4936 adjuvans
1619 4858 1772 4931 quasi
1798 4856 1983 4911 ciuitas
2012 4868 2129 4908 mu-

553 4971 665 5024 nita
693 4977 740 5025 et
768 4968 940 5040 fortis,
966 4961 1217 5021 baculum
1241 4956 1449 5015 robusti
1472 4952 1723 5022 adjutorii
1745 4960 1802 5007 et
1822 4948 2127 5006 columnam

550 5062 931 5133 inseparabilis
984 5054 1241 5114 amicitiai
1287 5065 1386 5106 vos
1440 5048 1492 5103 in
1526 5056 1810 5111 aeternum,
1855 5043 1901 5098 si
1931 5041 2126 5112 placet,

551 5155 751 5210 habere
785 5150 1023 5210 decrevi.
1051 5144 1223 5213 Hujus
1252 5142 1329 5198 rei
1372 5140 1547 5212 gratia
1593 5139 1752 5194 llecto
1801 5148 1974 5206 genua
2009 5147 2129 5187 mea

552 5243 618 5297 ad
645 5242 888 5309 Patrem,
915 5250 976 5299 ut
1002 5241 1097 5295 det
1122 5233 1276 5291 vobis
1306 5231 1360 5286 id
1389 5229 1566 5298 ipsum
1604 5241 1799 5297 sapere
1827 5239 1922 5295 per
1948 5221 2132 5276 Domi-

551 5348 678 5380 tmm
718 5342 963 5380 nns‘trttm
1016 5328 1205 5380 Jcsum
1242 5321 1540 5380 Christum,
1573 5326 1635 5374 ut
1660 5316 1815 5371 favus
1862 5311 2130 5369 distillans

2236 4764 2502 4830 nuntium,
2529 4763 2672 4833 quod
2700 4777 2787 4817 me
2818 4761 3108 4817 lactiiicavit
3142 4775 3307 4831 super
3335 4776 3533 4816 aurum
3564 4768 3621 4816 et
3652 4768 3785 4827 lopas

2236 4855 2402 4920 zium,
2423 4863 2662 4908 erectum
2684 4866 2804 4908 esse
2830 4850 3182 4922 apostolicum
3207 4850 3372 4906 decus
3398 4864 3498 4920 per
3522 4849 3785 4919 quemdam

2235 4942 2529 5014 imperialis
2555 4942 2834 5012 sanguinis
2857 4942 3053 5005 virum,
3089 4950 3257 4996 letum
3299 4940 3597 4996 virtutibus
3628 4947 3679 4994 et
3706 4950 3785 4992 sa-

2236 5037 2436 5107 pientia
2483 5036 2861 5106 compositum.
2919 5032 3117 5089 Vester
3160 5047 3289 5088 vero
3326 5032 3540 5089 reditus
3574 5026 3784 5086 intonuit

2233 5129 2403 5185 menti
2451 5138 2650 5187 nostrae
2690 5127 2839 5184 velut
2874 5127 3224 5198 paradisiacae
3261 5125 3593 5181 reversionis
3621 5119 3785 5179 ineﬂa-

2231 5217 2355 5273 bilis
2382 5224 2701 5273 concentus.
2741 5213 2894 5271 Nunc
2920 5215 3103 5285 igitur,
3131 5215 3271 5270 sicut
3304 5213 3473 5269 locuti
3510 5227 3689 5269 sumus
3725 5209 3783 5261 ad

2232 5307 2480 5373 invicem,
2504 5316 2560 5362 et
2598 5307 2714 5361 haec
2747 5303 2973 5375 epistola
3006 5304 3201 5358 vestris
3246 5303 3559 5374 aspectibus
3586 5318 3644 5358 se
3666 5312 3785 5371 pm-
