3944 5414
187 362 267 441 in

1513 384 2051 442 APOLOGETICUS.

3236 424 3241 431 .
3276 382 3380 438 £61

188 495 380 567 goriunt,
410 494 627 565 inspiret
651 493 808 564 huius
839 510 949 549 sua:
994 502 1192 549 sanctae
1228 493 1484 548 Romanae
1524 494 1706 550 Eccle-
1736 483 1783 541 Α
1814 497 2143 552 solidandam
2209 494 2560 564 dejectionem
2640 494 2947 567 apostolica:
3022 494 3377 549 auctoritatis.

188 586 262 639 sire
287 586 623 640 venerabilem
653 585 1028 654 apostolicum,
1059 585 1317 653 vobisque
1358 583 1619 639 concedat
1647 592 1707 636 ut

187 675 283 733 sitis
328 675 487 732 eidem
535 677 638 734 insi
684 676 1028 734 dulcissimus
1074 693 1105 732 a
1154 676 1400 741 secretis,
1449 676 1515 731 ad
1570 690 1702 730 con-

1816 587 2020 643 Valete.

1497 891 1836 948 EPISTOLA
1879 890 2019 945 XVI.

1031 1024 1115 1069 ΔΙ)
1142 1023 1535 1068 BERNARDUM
1593 1024 1885 1068 ABBATEM
1950 1020 2491 1065 BELLILOCENSEM.

1109 1132 1271 1207 (Vide
1290 1150 1456 1204 supra
1484 1135 1538 1189 in
1579 1130 1698 1187 Vita
1728 1131 1787 1187 S.

1829 1131 2082 1195 Abbom’o,
2116 1148 2261 1185 num.
2296 1130 2409 1201 10.)

202 1258 3349 1293 W

998 1395 1662 1513 SANGTI
1756 1396 2379 1510 ABBON
2383 1396 2548 1509 IS

1352 1604 1855 1665 FLORIACENSIS
1889 1604 2184 1660 ABBATIS

1167 1782 2158 1911 APOLOGETIC
2178 1783 2371 1911 US

700 2021 806 2081 AD
863 2020 1257 2082 HUGONEM
1307 2021 1410 2081 ET
1458 2019 1955 2081 RODBERTUM
2013 2018 2267 2081 REGES
2313 2019 2827 2084 FRANCORUM.

243 2288 373 2359 Sepe
396 2290 655 2361 contingit
682 2298 759 2355 ut,
781 2288 906 2343 dum
933 2288 1131 2343 nimius
1158 2288 1546 2359 insurgentium
1569 2284 1713 2344 cala-
1744 2305 1787 2363 Β
1816 2278 1997 2359 (Prov.
2024 2305 2160 2352 xxu,
2190 2289 2304 2362 22.)
2335 2291 2495 2357 Ecce,
2520 2294 2812 2347 secundum
2842 2292 3054 2364 regulas
3092 2300 3398 2352 sanctorum

192 2380 397 2435 mitatum
425 2383 620 2437 horror
653 2389 885 2435 mentem
934 2377 1141 2448 fatigat,
1196 2380 1311 2449 ipso
1356 2376 1581 2435 horrore
1611 2394 1716 2435 non

192 2484 241 2524 ea
264 2486 364 2539 qua:
394 2470 568 2527 dicere
596 2468 851 2526 debuerat
906 2470 1151 2524 turbatus
1192 2470 1406 2524 animus
1449 2471 1717 2540 expediat,

194 2564 266 2617 sed
288 2564 638 2633 phantasmate
666 2561 1052 2631 cogitationum
1081 2560 1335 2615 aliorsum
1364 2570 1571 2630 raptus,
1602 2576 1721 2630 qua:

197 2655 377 2708 tacenda
404 2664 555 2709 erant
585 2654 748 2720 dicat,
784 2666 868 2718 a‘c,
912 2651 1054 2723 quod
1090 2662 1175 2709 est
1208 2668 1563 2722 consequens,
1603 2668 1723 2722 qua:

196 2743 379 2799 dicenda
402 2745 848 2823 taceat._Semper
882 2745 1025 2799 enim
1062 2760 1285 2799 summae
1320 2744 1723 2814 tranquillitatis

198 2833 390 2902 quietem
418 2835 603 2906 diligit,
640 2834 733 2906 qui
779 2835 1024 2889 veritatis
1069 2849 1325 2889 arcanum
1358 2835 1723 2889 ratiocinando

199 2922 437 2992 disponere
462 2926 661 2994 gessit:
690 2934 1019 2996 quapropter
1064 2924 1132 2979 ab
1164 2925 1292 2994 ipsis
1319 2925 1723 2994 disciplinarum

200 3014 486 3081 rudimentis,
505 3020 644 3071 sicut
665 3031 856 3071 cervus
878 3015 1147 3070 desiderat
1168 3016 1233 3069 ad
1259 3015 1431 3070 fontes
1456 3029 1719 3084 aquarum

200 3096 336 3168 (Psal.
364 3117 464 3166 xu,
514 3101 591 3168 l),
625 3102 696 3156 ita
744 3101 1069 3157 desideravit
1113 3102 1291 3155 anima
1344 3116 1462 3155 mea
1492 3100 1726 3155 laborio-

200 3203 293 3245 sum
324 3192 560 3261 spiritalis
584 3193 933 3262 philosophia:
959 3193 1126 3247 otium
1155 3194 1297 3263 quod
1325 3193 1392 3247 ad
1422 3191 1711 3245 multorum

200 3279 435 3336 utilitatem
456 3290 716 3337 verterem
734 3282 783 3336 in
810 3283 1093 3338 honestum
1111 3282 1418 3350 negotium;
1451 3279 1567 3342 sed,
1592 3282 1725 3336 meis

200 3373 392 3438 peccatis
418 3375 877 3443 prtcpedientibus,
910 3388 974 3429 eo
1005 3373 1213 3439 relicto,
1242 3372 1634 3441 quodammodo
1660 3370 1725 3424 ad

202 3463 345 3516 seculi
383 3464 787 3519 sollicitudinem
833 3479 953 3518 sum
1000 3465 1284 3528 reductus,
1326 3465 1416 3532 qui
1464 3462 1562 3516 sub
1596 3474 1725 3516 cura

202 3553 439 3617 pastoralis
459 3553 729 3624 regiminis
750 3554 987 3623 quotidie
1010 3559 1281 3607 sustentor
1302 3568 1439 3621 aqua
1467 3551 1726 3621 angustiae

202 3647 244 3691 ει
267 3654 385 3708 pane
424 3643 780 3697 tribulationis
826 3640 944 3713 (III
967 3639 1095 3712 Reg.
1134 3657 1270 3702 χχιι.
1326 3632 1456 3707 “27):
1491 3634 1751 3693 cerrodit'

204 3741 272 3781 me
292 3730 463 3785 canino
482 3732 638 3786 dente
668 3730 978 3786 aemulorum
1020 3730 1411 3801 supplantatrix
1439 3728 1723 3794 calliditas,

205 3816 527 3875 circumlatrat
556 3822 985 3877 adversariorum
1015 3822 1268 3891 frequens
1303 3822 1598 3884 acerbitas,
1628 3836 1727 3875 nec

205 3906 319 3961 aliud
348 3918 520 3963 contra
552 3926 636 3966 me
662 3912 1098 3976 immurmurant,
1129 3911 1231 3965 nisi
1259 3910 1401 3981 quod
1428 3909 1729 3979 monacho-

207 3988 300 4050 rum
325 4010 550 4055 senatum
588 4002 792 4055 salvum
822 4016 941 4058 esse
971 4002 1146 4068 volui,
1186 4013 1383 4058 nostrm
1418 4002 1727 4071 reipublicae

207 4098 504 4155 augmentum
553 4092 814 4160 quaesivi,
867 4106 929 4146 ac
984 4092 1309 4147 cavillationi
1362 4090 1728 4147 insidiantium

208 4180 481 4234 auctoritate
494 4180 1081 4249 quavaluicontradixi,
1102 4196 1200 4236 nec
1228 4181 1482 4236 abscondi
1510 4180 1731 4235 omnino

210 4268 581 4326 misericordiam
614 4280 669 4327 et
690 4273 969 4327 veritatem
990 4288 1019 4327 a
1041 4272 1265 4328 consilio
1294 4272 1480 4327 multo.
1507 4270 1612 4327 Pro
1632 4270 1731 4325 hu-

207 4356 400 4425 iusmodi
446 4363 591 4420 malis
614 4380 735 4420 meo
760 4364 1081 4419 insidiantur
1103 4365 1367 4435 sanguini,
1394 4380 1478 4419 me
1507 4376 1730 4419 succen-

212 4452 387 4506 lunatis
408 4453 746 4523 insequuntur
765 4456 906 4509 odiis
929 4472 943 4509 :
961 4456 1092 4510 adeo
1108 4463 1163 4509 ut
1183 4470 1281 4509 nec
1304 4454 1450 4525 regia
1474 4452 1729 4522 maiestas

213 4555 284 4596 eos
305 4544 548 4599 deterreat
571 4548 693 4617 quin
718 4564 803 4602 me
826 4547 1069 4602 clanculo
1098 4544 1384 4613 trucident,
1408 4546 1452 4601 si
1482 4545 1561 4600 eis
1586 4544 1733 4601 locus

218 4644 449 4706 tempusve
476 4641 717 4695 arrideat.
752 4640 905 4697 Unde
932 4638 1145 4696 sedulus
1170 4641 1223 4694 in
1247 4639 1577 4696 orationibus
1602 4643 1736 4698 meis

218 4723 351 4781 Deum
378 4728 617 4798 deprecor
649 4732 925 4802 utjudicet
948 4741 1002 4787 et
1026 4732 1293 4788 discernat
1314 4746 1532 4789 causam
1560 4748 1734 4787 meam

220 4816 363 4883 solito,
396 4820 672 4893 eripiatque
702 4824 769 4878 ab
800 4823 1019 4879 homine
1048 4822 1233 4895 iniquo
1259 4833 1314 4879 et
1352 4823 1539 4877 doloso
1561 4821 1733 4895 (Psal.

221 4922 326 4975 ιω,
369 4910 451 4978 ¹);
500 4919 569 4977 et,
613 4914 655 4969 si
700 4928 885 4970 coram
933 4912 1163 4968 dominis
1231 4914 1367 4969 meis
1416 4913 1683 4983 episcopis
1717 4952 1732 4977 ,

1754 3693 1799 3753 C

1820 2376 2059 2443 Patrum,
2077 2380 2279 2446 judicio
2291 2380 2661 2451 episcoporum
2684 2382 2928 2437 subditus
2940 2384 3266 2439 audientiam
3292 2401 3397 2440 non

1822 2464 2059 2535 diﬂ‘ugio.
2073 2467 2414 2524 villicationis
2430 2485 2560 2525 mea:
2573 2472 2835 2526 rationem
2850 2472 3172 2539 redditurus,
3188 2482 3394 2530 tantum

1824 2557 1925 2611 ﬁde
1946 2566 2165 2627 accepta
2196 2564 2255 2611 ut
2293 2574 2398 2613 non
2430 2561 2498 2615 ab
2540 2561 2918 2616 insidiantibus
2949 2561 3276 2633 interceptus
3299 2564 3399 2619 ali-

1830 2646 1955 2712 quid
1984 2647 2179 2716 patiar;
2198 2647 2522 2718 quiparatus
2545 2665 2662 2705 sum
2694 2652 2853 2715 mori,
2875 2650 2921 2705 si
2944 2650 3227 2721 aliquando
3242 2654 3402 2721 digna

1826 2746 1998 2791 morte
2022 2740 2287 2794 commisi.
2321 2740 2385 2793 Et
2413 2740 2646 2810 primum
2674 2743 2741 2796 de
2792 2742 2897 2795 ﬁde
2947 2756 3066 2796 mea
3115 2743 3405 2798 discutien-

1828 2823 1955 2877 dum
1978 2834 2197 2893 exopto,
2226 2827 2342 2879 sine
2370 2842 2475 2895 qua
2505 2828 2683 2883 salvus
2705 2844 2823 2884 esse
2849 2844 2955 2883 non
2979 2837 3187 2897 potero,
3214 2839 3405 2885 utmea

1822 2914 2220 2971 examinatione
2242 2917 2327 2969 alii
2350 2919 2652 2985 proﬁciant,
2685 2922 2767 2973 vel
2794 2934 2911 2974 mea
2939 2919 3301 2975 obtestatione
3344 2935 3404 2975 se

1826 2998 1879 3057 in
1913 2996 2161 3058 haeresim
2209 3007 2465 3062 cecidisse
2510 3020 2868 3079 cOgnoscant,
2918 3025 2949 3063 a
2997 3024 3105 3079 qua
3145 3018 3409 3065 conentur

1825 3094 2143 3163 quantocius
2164 3096 2277 3149 erui
2300 3115 2312 3149 :
2342 3111 2409 3151 ne
2433 3098 2486 3151 in
2508 3114 2569 3153 ea
2601 3115 2766 3169 usque
2792 3100 2857 3154 ad
2889 3110 3115 3156 mortem
3140 3102 3409 3156 manendo

1827 3185 1957 3240 ﬁant
1987 3187 2182 3257 stipula
2227 3188 2468 3256 diaboli;
2524 3206 2647 3246 nam
2677 3193 2982 3262 quicunque
3037 3189 3104 3249 de
3160 3196 3290 3260 Deo,
3341 3195 3408 3248 de

1829 3274 2112 3347 religione,
2146 3278 2213 3332 de
2258 3282 2526 3335 communi
2564 3291 2704 3337 statu
2738 3293 2939 3338 sancta:
2965 3283 3220 3339 Ecclesia:
3249 3284 3411 3337 aliter

1828 3367 2002 3421 credit
2036 3382 2197 3436 quam
2238 3368 2485 3425 Christus
2530 3371 2734 3436 docuit,
2788 3382 2880 3426 aut
2922 3373 3023 3427 sub
3051 3374 3253 3429 sanctis
3283 3389 3414 3444 apo-

1828 3453 1981 3509 stolis
2002 3456 2267 3512 catholica
2287 3457 2526 3513 Ecclesia
2552 3460 2738 3524 tenuit,
2765 3462 2981 3530 suisque
3005 3463 3412 3517 successoribus

1831 3544 2120 3599 tenendum
2166 3547 2422 3611 tradidit,
2462 3565 2568 3604 non
2614 3550 2911 3605 catholicus
2942 3552 3025 3606 vel
3074 3552 3242 3607 ﬁdelis
3272 3592 3286 3617 ,
3319 3554 3414 3606 sed

1829 3633 1986 3702 plane
2010 3635 2295 3691 haereticus
2316 3638 2518 3692 existit.
2549 3630 2826 3709 Siquidem
2856 3656 3041 3695 omnes
3071 3642 3302 3696 haereses
3335 3643 3413 3695 ita

1832 3732 2097 3799 persecuti
2130 3740 2254 3786 sunt
2279 3742 2461 3802 patres
2491 3736 2684 3798 nostri,
2718 3744 2776 3788 ut
2801 3735 3078 3804 primitus,
3114 3736 3218 3790 ﬁde
3250 3751 3416 3805 expoc

1832 3818 1955 3885 sita,
2000 3822 2348 3889 explorarent
2386 3821 2438 3875 in
2487 3823 2598 3878 suis
2642 3824 2888 3879 conciliis
2937 3838 3005 3877 ne
3038 3825 3158 3893 quis
3188 3826 3417 3879 sentiret

1832 3910 2032 3980 aliquid
2082 3911 2418 3966 contrarium
2477 3912 2609 3981 ipsis
2677 3913 2935 3982 apostolis
2966 3953 2981 3978 ,
3032 3915 3124 3984 qui
3170 3924 3417 3984 repertus

1833 4001 2036 4069 absque
2065 4000 2170 4054 ulla
2214 4000 2472 4057 dilatione
2498 4012 2590 4056 aut
2621 4003 2687 4057 ad
2719 4018 2913 4072 corpus
2947 4004 3115 4059 totius
3159 4005 3413 4061 Ecclesiae

1830 4096 1913 4147 est
1938 4091 2214 4157 reductus,
2249 4098 2342 4146 aut
2368 4108 2537 4163 usque
2560 4095 2627 4148 ad
2654 4095 2855 4150 erroris
2881 4096 3409 4153 abrenuntiationem

1832 4182 2110 4253 perculsus
2153 4183 2497 4239 anathemate
2521 4224 2536 4249 ,
2587 4184 2853 4240 catholica
2884 4188 3126 4257 privatus
3155 4197 3237 4244 est
3270 4203 3417 4243 com-

1836 4273 2111 4338 munione,
2154 4289 2252 4329 nec
2298 4275 2472 4344 magis
2514 4284 2818 4345 serpentem
2850 4286 3070 4349 tangere
3112 4280 3420 4335 vitaverunt

1835 4363 2140 4429 orthodoxi,
2163 4380 2324 4435 quam
2352 4365 2625 4422 adhaerere
2645 4367 2948 4437 huiusmodi
2979 4370 3127 4439 lepra
3155 4373 3420 4427 contami-

1836 4455 1996 4509 natis.
2029 4454 2180 4510 Unde
2211 4456 2263 4510 in
2300 4457 2595 4512 canenibus
2623 4458 2989 4527 prohibemur,
3028 4460 3072 4515 si
3103 4476 3201 4517 nos
3230 4464 3420 4517 catho-

1837 4544 1969 4600 licos
1996 4559 2117 4600 esse
2148 4546 2370 4613 scimus,
2417 4562 2484 4602 ne
2513 4562 2633 4601 cum
2664 4548 2744 4602 eis
2787 4548 2976 4603 saltem
3004 4565 3222 4606 oremus
3248 4571 3259 4606 :
3290 4568 3420 4606 nam

1838 4637 1936 4692 sub
1968 4635 2241 4691 Marciano
2271 4638 2513 4707 principe
2536 4639 2675 4707 apud
2710 4639 3124 4696 Chalcedoniam
3168 4658 3237 4696 xv
3271 4651 3327 4697 et
3355 4656 3421 4696 eo

1839 4724 2069 4796 amplius
2099 4728 2305 4781 dierum
2336 4728 2477 4781 actio
2506 4728 2571 4782 de
2604 4728 2703 4783 hac
2734 4744 2791 4782 re
2841 4731 3096 4785 ventilata
3127 4741 3228 4797 cst,
3281 4732 3419 4786 resi-

1840 4819 2089 4874 dentibus
2110 4819 2375 4889 episcopis
2395 4820 2662 4886 ducentis,
2691 4830 2765 4887 ct,
2793 4831 2850 4874 ut
2878 4823 3196 4887 quibusdam
3222 4823 3419 4892 placet.

1840 4909 1987 4965 mille
2039 4911 2305 4975 ducentis,
2357 4911 2550 4980 quibus
2598 4912 2846 4965 omnibus
2896 4915 3016 4979 pius
3060 4926 3307 4983 prmceps
3353 4927 3423 4965 ex

224 5015 331 5067 quos
352 5002 589 5059 catholica
618 5007 716 5062 lide
743 5006 1077 5062 orthodoxos
1118 5005 1275 5060 didici
1302 5049 1317 5073 ,
1350 5005 1525 5060 locum
1556 5005 1739 5060 delcnc
1764 5035 1815 5095 υ
1843 5016 2062 5056 suorum
2091 5016 2271 5055 rerum
2315 5002 2466 5069 cepia
2514 5011 2759 5071 sumptus
2801 5002 3151 5095 abundanter.
3190 5000 3417 5070 praebuit

225 5090 355 5145 dendi
376 5093 634 5163 accipiam,
677 5099 839 5153 credo
882 5111 969 5149 me
1000 5094 1273 5150 innoxium
1306 5096 1545 5151 futurum
1574 5111 1603 5149 a
1633 5096 1739 5150 cri-
1764 5088 1802 5095 ⁷
1842 5090 2017 5164 quoad
2049 5105 2236 5146 omnes
2264 5091 2545 5144 haereticos
2569 5106 2599 5143 a
2631 5108 2688 5146 se
2720 5090 3060 5157 repellerent,
3103 5088 3154 5142 id
3199 5096 3282 5142 est
3326 5101 3422 5190 eos
