  <div class='ocr_page' id='page_1' title='image "/cluster/home/n/w/nwhite01/storage/ocr_20150623/139/hvd.32044015471782/237.png"; bbox 0 0 3944 5414; ppageno 0'>
   <div class='ocr_carea' id='block_1_1' title="bbox 498 342 606 399">
    <p class='ocr_par' dir='ltr' id='par_1_1' title="bbox 498 342 606 399">
     <span class='ocr_line' id='line_1_1' title="bbox 498 342 606 399; baseline 0 0"><span class='ocrx_word' id='word_1_1' title='bbox 498 342 606 399; x_wconf 71' lang='grc' dir='ltr'><strong>ιϐὂ</strong></span> 
     </span>
    </p>
   </div>
   <div class='ocr_carea' id='block_1_2' title="bbox 1491 309 2734 396">
    <p class='ocr_par' dir='ltr' id='par_1_2' title="bbox 1491 309 2734 396">
     <span class='ocr_line' id='line_1_2' title="bbox 1491 309 2734 396; baseline -0.002 0"><span class='ocrx_word' id='word_1_2' title='bbox 1491 341 1547 396; x_wconf 92' lang='lat' dir='ltr'><strong>s.</strong></span> <span class='ocrx_word' id='word_1_3' title='bbox 1589 337 1877 396; x_wconf 77' lang='lat' dir='ltr'><strong>ABBONIS</strong></span> <span class='ocrx_word' id='word_1_4' title='bbox 1914 309 2203 395; x_wconf 67' lang='lat' dir='ltr'><strong>ABBATIS</strong></span> <span class='ocrx_word' id='word_1_5' title='bbox 2245 337 2734 395; x_wconf 69' lang='lat' dir='ltr'><strong>FLORIACENSIS</strong></span> 
     </span>
    </p>
   </div>
   <div class='ocr_carea' id='block_1_3' title="bbox 3621 340 3714 393">
    <p class='ocr_par' dir='ltr' id='par_1_3' title="bbox 3621 340 3714 393">
     <span class='ocr_line' id='line_1_3' title="bbox 3621 340 3714 393; baseline 0 0"><span class='ocrx_word' id='word_1_6' title='bbox 3621 340 3714 393; x_wconf 67' lang='lat'><strong>465</strong></span> 
     </span>
    </p>
   </div>
   <div class='ocr_carea' id='block_1_4' title="bbox 501 436 3716 525">
    <p class='ocr_par' dir='ltr' id='par_1_4' title="bbox 501 436 3716 525">
     <span class='ocr_line' id='line_1_4' title="bbox 501 436 3716 525; baseline -0.001 -13"><span class='ocrx_word' id='word_1_7' title='bbox 501 467 556 512; x_wconf 87' lang='lat' dir='ltr'><strong>et</strong></span> <span class='ocrx_word' id='word_1_8' title='bbox 583 459 649 512; x_wconf 86' lang='lat' dir='ltr'><strong>de</strong></span> <span class='ocrx_word' id='word_1_9' title='bbox 676 470 840 525; x_wconf 86' lang='lat' dir='ltr'><strong>regno</strong></span> <span class='ocrx_word' id='word_1_10' title='bbox 860 463 1038 510; x_wconf 89' lang='lat' dir='ltr'><strong>vestro</strong></span> <span class='ocrx_word' id='word_1_11' title='bbox 1059 467 1268 509; x_wconf 89' lang='lat' dir='ltr'><strong>omnem</strong></span> <span class='ocrx_word' id='word_1_12' title='bbox 1292 452 1596 507; x_wconf 76' lang='lat' dir='ltr'><strong>hrercticam</strong></span> <span class='ocrx_word' id='word_1_13' title='bbox 1623 452 1942 521; x_wconf 79' lang='lat' dir='ltr'><strong>pravitatem</strong></span> <span class='ocrx_word' id='word_1_14' title='bbox 1967 452 2064 506; x_wconf 91' lang='lat' dir='ltr'><strong>de-</strong></span> <span class='ocrx_word' id='word_1_15' title='bbox 2092 454 2138 513; x_wconf 79' lang='grc' dir='ltr'><strong>Α</strong></span> <span class='ocrx_word' id='word_1_16' title='bbox 2166 450 2213 507; x_wconf 84' lang='lat' dir='ltr'><strong>si</strong></span> <span class='ocrx_word' id='word_1_17' title='bbox 2241 436 2655 522; x_wconf 81' lang='lat' dir='ltr'><strong>permanserint,</strong></span> <span class='ocrx_word' id='word_1_18' title='bbox 2687 442 2837 506; x_wconf 87' lang='lat' dir='ltr'><strong>tanto</strong></span> <span class='ocrx_word' id='word_1_19' title='bbox 2879 449 3137 520; x_wconf 81' lang='lat' dir='ltr'><strong>majorem</strong></span> <span class='ocrx_word' id='word_1_20' title='bbox 3165 462 3379 508; x_wconf 63' lang='lat' dir='ltr'><strong>aeterna:</strong></span> <span class='ocrx_word' id='word_1_21' title='bbox 3423 467 3716 511; x_wconf 86' lang='lat' dir='ltr'><strong>remunera-</strong></span> 
     </span>
    </p>
   </div>
   <div class='ocr_carea' id='block_1_5' title="bbox 500 538 2069 616">
    <p class='ocr_par' dir='ltr' id='par_1_5' title="bbox 500 538 2069 616">
     <span class='ocr_line' id='line_1_5' title="bbox 500 538 2069 616; baseline -0.004 -15"><span class='ocrx_word' id='word_1_22' title='bbox 500 546 708 616; x_wconf 91' lang='lat' dir='ltr'><strong>pellite,</strong></span> <span class='ocrx_word' id='word_1_23' title='bbox 734 554 792 601; x_wconf 89' lang='lat' dir='ltr'><strong>ut</strong></span> <span class='ocrx_word' id='word_1_24' title='bbox 823 547 960 599; x_wconf 84' lang='lat' dir='ltr'><strong>Deus</strong></span> <span class='ocrx_word' id='word_1_25' title='bbox 981 557 1077 599; x_wconf 92' lang='lat' dir='ltr'><strong>vos</strong></span> <span class='ocrx_word' id='word_1_26' title='bbox 1099 542 1367 598; x_wconf 85' lang='lat' dir='ltr'><strong>custodiat</strong></span> <span class='ocrx_word' id='word_1_27' title='bbox 1394 541 1447 596; x_wconf 93' lang='lat' dir='ltr'><strong>in</strong></span> <span class='ocrx_word' id='word_1_28' title='bbox 1476 549 1675 596; x_wconf 71' lang='lat' dir='ltr'><strong>aeterna</strong></span> <span class='ocrx_word' id='word_1_29' title='bbox 1699 556 1850 611; x_wconf 89' lang='lat' dir='ltr'><strong>pace.</strong></span> <span class='ocrx_word' id='word_1_30' title='bbox 1883 538 2069 596; x_wconf 86' lang='lat' dir='ltr'><strong>Scien-</strong></span> 
     </span>
    </p>
   </div>
   <div class='ocr_carea' id='block_1_6' title="bbox 504 629 2069 706">
    <p class='ocr_par' dir='ltr' id='par_1_6' title="bbox 504 629 2069 706">
     <span class='ocr_line' id='line_1_6' title="bbox 504 629 2069 706; baseline -0.006 -14"><span class='ocrx_word' id='word_1_31' title='bbox 504 637 633 692; x_wconf 89' lang='lat' dir='ltr'><strong>dum</strong></span> <span class='ocrx_word' id='word_1_32' title='bbox 661 636 856 706; x_wconf 86' lang='lat' dir='ltr'><strong>quippe</strong></span> <span class='ocrx_word' id='word_1_33' title='bbox 882 643 967 689; x_wconf 88' lang='lat' dir='ltr'><strong>est</strong></span> <span class='ocrx_word' id='word_1_34' title='bbox 998 633 1139 703; x_wconf 90' lang='lat' dir='ltr'><strong>quod</strong></span> <span class='ocrx_word' id='word_1_35' title='bbox 1165 631 1420 687; x_wconf 83' lang='lat' dir='ltr'><strong>sacerdos</strong></span> <span class='ocrx_word' id='word_1_36' title='bbox 1446 630 1683 699; x_wconf 75' lang='lat' dir='ltr'><strong>quotidie</strong></span> <span class='ocrx_word' id='word_1_37' title='bbox 1707 630 1848 684; x_wconf 90' lang='lat' dir='ltr'><strong>inter</strong></span> <span class='ocrx_word' id='word_1_38' title='bbox 1872 629 2069 684; x_wconf 78' lang='lat' dir='ltr'><strong>missa-</strong></span> 
     </span>
    </p>
   </div>
   <div class='ocr_carea' id='block_1_7' title="bbox 505 718 2065 791">
    <p class='ocr_par' dir='ltr' id='par_1_7' title="bbox 505 718 2065 791">
     <span class='ocr_line' id='line_1_7' title="bbox 505 718 2065 791; baseline -0.005 -10"><span class='ocrx_word' id='word_1_39' title='bbox 505 740 625 781; x_wconf 92' lang='lat' dir='ltr'><strong>rum</strong></span> <span class='ocrx_word' id='word_1_40' title='bbox 672 724 930 780; x_wconf 82' lang='lat' dir='ltr'><strong>solemnia</strong></span> <span class='ocrx_word' id='word_1_41' title='bbox 980 736 1086 777; x_wconf 88' lang='lat' dir='ltr'><strong>non</strong></span> <span class='ocrx_word' id='word_1_42' title='bbox 1130 736 1228 791; x_wconf 88' lang='lat' dir='ltr'><strong>pro</strong></span> <span class='ocrx_word' id='word_1_43' title='bbox 1256 718 1524 776; x_wconf 69' lang='lat' dir='ltr'><strong>hazrcticis</strong></span> <span class='ocrx_word' id='word_1_44' title='bbox 1556 718 1641 775; x_wconf 86' lang='lat' dir='ltr'><strong>vel</strong></span> <span class='ocrx_word' id='word_1_45' title='bbox 1687 718 2065 784; x_wconf 84' lang='lat' dir='ltr'><strong>schismaticis,</strong></span> 
     </span>
    </p>
   </div>
   <div class='ocr_carea' id='block_1_8' title="bbox 506 812 2065 887">
    <p class='ocr_par' dir='ltr' id='par_1_8' title="bbox 506 812 2065 887">
     <span class='ocr_line' id='line_1_8' title="bbox 506 812 2065 887; baseline -0.006 -13"><span class='ocrx_word' id='word_1_46' title='bbox 506 818 598 874; x_wconf 89' lang='lat' dir='ltr'><strong>sed</strong></span> <span class='ocrx_word' id='word_1_47' title='bbox 627 832 724 887; x_wconf 91' lang='lat' dir='ltr'><strong>pro</strong></span> <span class='ocrx_word' id='word_1_48' title='bbox 749 816 1063 872; x_wconf 83' lang='lat' dir='ltr'><strong>orthodoxis</strong></span> <span class='ocrx_word' id='word_1_49' title='bbox 1097 822 1301 870; x_wconf 87' lang='lat' dir='ltr'><strong>tantum</strong></span> <span class='ocrx_word' id='word_1_50' title='bbox 1332 822 1496 883; x_wconf 89' lang='lat' dir='ltr'><strong>atque</strong></span> <span class='ocrx_word' id='word_1_51' title='bbox 1533 812 1810 869; x_wconf 72' lang='lat' dir='ltr'><strong>catholicae</strong></span> <span class='ocrx_word' id='word_1_52' title='bbox 1848 820 1904 868; x_wconf 91' lang='lat' dir='ltr'><strong>et</strong></span> <span class='ocrx_word' id='word_1_53' title='bbox 1944 825 2065 882; x_wconf 89' lang='lat' dir='ltr'><strong>apo-</strong></span> 
     </span>
    </p>
   </div>
   <div class='ocr_carea' id='block_1_9' title="bbox 507 902 2069 976">
    <p class='ocr_par' dir='ltr' id='par_1_9' title="bbox 507 902 2069 976">
     <span class='ocr_line' id='line_1_9' title="bbox 507 902 2069 976; baseline -0.006 -10"><span class='ocrx_word' id='word_1_54' title='bbox 507 910 713 967; x_wconf 68' lang='lat' dir='ltr'><strong>stolicae</strong></span> <span class='ocrx_word' id='word_1_55' title='bbox 742 908 861 964; x_wconf 86' lang='lat' dir='ltr'><strong>ﬁdei</strong></span> <span class='ocrx_word' id='word_1_56' title='bbox 889 906 1187 964; x_wconf 80' lang='lat' dir='ltr'><strong>cultoribus</strong></span> <span class='ocrx_word' id='word_1_57' title='bbox 1216 906 1326 962; x_wconf 88' lang='lat' dir='ltr'><strong>Deo</strong></span> <span class='ocrx_word' id='word_1_58' title='bbox 1351 905 1657 976; x_wconf 83' lang='lat' dir='ltr'><strong>supplicans</strong></span> <span class='ocrx_word' id='word_1_59' title='bbox 1690 902 1994 969; x_wconf 90' lang='lat' dir='ltr'><strong>intercedit,</strong></span> <span class='ocrx_word' id='word_1_60' title='bbox 2038 917 2069 957; x_wconf 93' lang='lat' dir='ltr'><strong>a</strong></span> 
     </span>
    </p>
   </div>
   <div class='ocr_carea' id='block_1_10' title="bbox 505 993 2070 1071">
    <p class='ocr_par' dir='ltr' id='par_1_10' title="bbox 505 993 2070 1071">
     <span class='ocr_line' id='line_1_10' title="bbox 505 993 2070 1071; baseline -0.005 -17"><span class='ocrx_word' id='word_1_61' title='bbox 505 1013 611 1071; x_wconf 89' lang='lat' dir='ltr'><strong>qua</strong></span> <span class='ocrx_word' id='word_1_62' title='bbox 657 998 910 1053; x_wconf 88' lang='lat' dir='ltr'><strong>nimirum</strong></span> <span class='ocrx_word' id='word_1_63' title='bbox 959 997 1347 1068; x_wconf 75' lang='lat' dir='ltr'><strong>supplicatione</strong></span> <span class='ocrx_word' id='word_1_64' title='bbox 1401 995 1608 1051; x_wconf 88' lang='lat' dir='ltr'><strong>alienus</strong></span> <span class='ocrx_word' id='word_1_65' title='bbox 1650 994 1834 1051; x_wconf 79' lang='lat' dir='ltr'><strong>existit</strong></span> <span class='ocrx_word' id='word_1_66' title='bbox 1874 993 1967 1064; x_wconf 91' lang='lat' dir='ltr'><strong>qui</strong></span> <span class='ocrx_word' id='word_1_67' title='bbox 2018 994 2070 1047; x_wconf 92' lang='lat' dir='ltr'><strong>in</strong></span> 
     </span>
    </p>
   </div>
   <div class='ocr_carea' id='block_1_11' title="bbox 504 1083 2073 1158">
    <p class='ocr_par' dir='ltr' id='par_1_11' title="bbox 504 1083 2073 1158">
     <span class='ocr_line' id='line_1_11' title="bbox 504 1083 2073 1158; baseline -0.003 -17"><span class='ocrx_word' id='word_1_68' title='bbox 504 1089 671 1144; x_wconf 90' lang='lat' dir='ltr'><strong>verbo</strong></span> <span class='ocrx_word' id='word_1_69' title='bbox 689 1087 770 1143; x_wconf 90' lang='lat' dir='ltr'><strong>vel</strong></span> <span class='ocrx_word' id='word_1_70' title='bbox 800 1101 963 1158; x_wconf 90' lang='lat' dir='ltr'><strong>opere</strong></span> <span class='ocrx_word' id='word_1_71' title='bbox 987 1101 1045 1142; x_wconf 90' lang='lat' dir='ltr'><strong>se</strong></span> <span class='ocrx_word' id='word_1_72' title='bbox 1071 1086 1137 1142; x_wconf 90' lang='lat' dir='ltr'><strong>ab</strong></span> <span class='ocrx_word' id='word_1_73' title='bbox 1160 1100 1345 1142; x_wconf 89' lang='lat' dir='ltr'><strong>eorum</strong></span> <span class='ocrx_word' id='word_1_74' title='bbox 1382 1084 1737 1139; x_wconf 89' lang='lat' dir='ltr'><strong>unanimitate</strong></span> <span class='ocrx_word' id='word_1_75' title='bbox 1761 1083 2073 1153; x_wconf 79' lang='lat' dir='ltr'><strong>superbien-</strong></span> 
     </span>
    </p>
   </div>
   <div class='ocr_carea' id='block_1_12' title="bbox 506 1172 2073 1251">
    <p class='ocr_par' dir='ltr' id='par_1_12' title="bbox 506 1172 2073 1251">
     <span class='ocr_line' id='line_1_12' title="bbox 506 1172 2073 1251; baseline -0.004 -16"><span class='ocrx_word' id='word_1_76' title='bbox 506 1178 575 1235; x_wconf 91' lang='lat' dir='ltr'><strong>do</strong></span> <span class='ocrx_word' id='word_1_77' title='bbox 608 1178 836 1251; x_wconf 75' lang='lat' dir='ltr'><strong>dividit;</strong></span> <span class='ocrx_word' id='word_1_78' title='bbox 864 1176 957 1246; x_wconf 90' lang='lat' dir='ltr'><strong>qui</strong></span> <span class='ocrx_word' id='word_1_79' title='bbox 985 1191 1116 1232; x_wconf 88' lang='lat' dir='ltr'><strong>vero</strong></span> <span class='ocrx_word' id='word_1_80' title='bbox 1141 1191 1202 1232; x_wconf 90' lang='lat' dir='ltr'><strong>se</strong></span> <span class='ocrx_word' id='word_1_81' title='bbox 1245 1177 1483 1248; x_wconf 81' lang='lat' dir='ltr'><strong>peccatis</strong></span> <span class='ocrx_word' id='word_1_82' title='bbox 1519 1172 1812 1232; x_wconf 74' lang='lat' dir='ltr'><strong>obnoxium</strong></span> <span class='ocrx_word' id='word_1_83' title='bbox 1840 1173 1926 1229; x_wconf 87' lang='lat' dir='ltr'><strong>vel</strong></span> <span class='ocrx_word' id='word_1_84' title='bbox 1969 1172 2073 1229; x_wconf 87' lang='lat' dir='ltr'><strong>ﬁde</strong></span> 
     </span>
    </p>
   </div>
   <div class='ocr_carea' id='block_1_13' title="bbox 506 1263 2073 1335">
    <p class='ocr_par' dir='ltr' id='par_1_13' title="bbox 506 1263 2073 1335">
     <span class='ocr_line' id='line_1_13' title="bbox 506 1263 2073 1335; baseline -0.006 -10"><span class='ocrx_word' id='word_1_85' title='bbox 506 1268 725 1325; x_wconf 89' lang='lat' dir='ltr'><strong>dubium</strong></span> <span class='ocrx_word' id='word_1_86' title='bbox 748 1266 1023 1322; x_wconf 86' lang='lat' dir='ltr'><strong>humiliter</strong></span> <span class='ocrx_word' id='word_1_87' title='bbox 1048 1266 1352 1331; x_wconf 89' lang='lat' dir='ltr'><strong>conﬁtetur,</strong></span> <span class='ocrx_word' id='word_1_88' title='bbox 1373 1264 1669 1335; x_wconf 88' lang='lat' dir='ltr'><strong>portandus</strong></span> <span class='ocrx_word' id='word_1_89' title='bbox 1710 1271 1765 1319; x_wconf 90' lang='lat' dir='ltr'><strong>et</strong></span> <span class='ocrx_word' id='word_1_90' title='bbox 1800 1263 2073 1334; x_wconf 89' lang='lat' dir='ltr'><strong>corrigen-</strong></span> 
     </span>
    </p>
   </div>
   <div class='ocr_carea' id='block_1_14' title="bbox 503 1354 2073 1425">
    <p class='ocr_par' dir='ltr' id='par_1_14' title="bbox 503 1354 2073 1425">
     <span class='ocr_line' id='line_1_14' title="bbox 503 1354 2073 1425; baseline -0.002 -12"><span class='ocrx_word' id='word_1_91' title='bbox 503 1358 605 1414; x_wconf 90' lang='lat' dir='ltr'><strong>dus</strong></span> <span class='ocrx_word' id='word_1_92' title='bbox 633 1365 717 1413; x_wconf 89' lang='lat' dir='ltr'><strong>est</strong></span> <span class='ocrx_word' id='word_1_93' title='bbox 744 1372 848 1413; x_wconf 91' lang='lat' dir='ltr'><strong>non</strong></span> <span class='ocrx_word' id='word_1_94' title='bbox 876 1365 934 1410; x_wconf 94' lang='lat' dir='ltr'><strong>ut</strong></span> <span class='ocrx_word' id='word_1_95' title='bbox 975 1363 1284 1420; x_wconf 80' lang='lat' dir='ltr'><strong>exlraneus,</strong></span> <span class='ocrx_word' id='word_1_96' title='bbox 1331 1356 1425 1411; x_wconf 89' lang='lat' dir='ltr'><strong>sed</strong></span> <span class='ocrx_word' id='word_1_97' title='bbox 1466 1364 1527 1409; x_wconf 92' lang='lat' dir='ltr'><strong>ut</strong></span> <span class='ocrx_word' id='word_1_98' title='bbox 1574 1354 1763 1421; x_wconf 83' lang='lat' dir='ltr'><strong>frater,</strong></span> <span class='ocrx_word' id='word_1_99' title='bbox 1803 1355 1926 1425; x_wconf 86' lang='lat' dir='ltr'><strong>quia</strong></span> <span class='ocrx_word' id='word_1_100' title='bbox 1975 1369 2073 1410; x_wconf 80' lang='lat' dir='ltr'><strong>nec</strong></span> 
     </span>
    </p>
   </div>
   <div class='ocr_carea' id='block_1_15' title="bbox 504 1443 2071 1515">
    <p class='ocr_par' dir='ltr' id='par_1_15' title="bbox 504 1443 2071 1515">
     <span class='ocr_line' id='line_1_15' title="bbox 504 1443 2071 1515; baseline -0.003 -15"><span class='ocrx_word' id='word_1_101' title='bbox 504 1446 631 1501; x_wconf 87' lang='lat' dir='ltr'><strong>dum</strong></span> <span class='ocrx_word' id='word_1_102' title='bbox 659 1453 867 1515; x_wconf 91' lang='lat' dir='ltr'><strong>partem</strong></span> <span class='ocrx_word' id='word_1_103' title='bbox 893 1458 1044 1499; x_wconf 90' lang='lat' dir='ltr'><strong>suam</strong></span> <span class='ocrx_word' id='word_1_104' title='bbox 1065 1443 1243 1514; x_wconf 88' lang='lat' dir='ltr'><strong>posuit</strong></span> <span class='ocrx_word' id='word_1_105' title='bbox 1269 1458 1388 1499; x_wconf 92' lang='lat' dir='ltr'><strong>cum</strong></span> <span class='ocrx_word' id='word_1_106' title='bbox 1419 1444 1734 1515; x_wconf 78' lang='lat' dir='ltr'><strong>hypocritis,</strong></span> <span class='ocrx_word' id='word_1_107' title='bbox 1775 1444 2071 1513; x_wconf 72' lang='lat' dir='ltr'><strong>prresertitn</strong></span> 
     </span>
    </p>
   </div>
   <div class='ocr_carea' id='block_1_16' title="bbox 505 1533 2078 1606">
    <p class='ocr_par' dir='ltr' id='par_1_16' title="bbox 505 1533 2078 1606">
     <span class='ocr_line' id='line_1_16' title="bbox 505 1533 2078 1606; baseline -0.004 -13"><span class='ocrx_word' id='word_1_108' title='bbox 505 1551 626 1593; x_wconf 90' lang='lat' dir='ltr'><strong>cum</strong></span> <span class='ocrx_word' id='word_1_109' title='bbox 657 1545 711 1590; x_wconf 90' lang='lat' dir='ltr'><strong>et</strong></span> <span class='ocrx_word' id='word_1_110' title='bbox 730 1534 923 1591; x_wconf 88' lang='lat' dir='ltr'><strong>Petrus</strong></span> <span class='ocrx_word' id='word_1_111' title='bbox 948 1534 1198 1605; x_wconf 85' lang='lat' dir='ltr'><strong>princeps</strong></span> <span class='ocrx_word' id='word_1_112' title='bbox 1227 1533 1480 1591; x_wconf 65' lang='lat' dir='ltr'><strong>Ecclesiae</strong></span> <span class='ocrx_word' id='word_1_113' title='bbox 1508 1534 1674 1590; x_wconf 89' lang='lat' dir='ltr'><strong>Deum</strong></span> <span class='ocrx_word' id='word_1_114' title='bbox 1697 1534 1990 1606; x_wconf 88' lang='lat' dir='ltr'><strong>negaverit.</strong></span> <span class='ocrx_word' id='word_1_115' title='bbox 2021 1541 2078 1588; x_wconf 89' lang='lat' dir='ltr'><strong>ct</strong></span> 
     </span>
    </p>
   </div>
   <div class='ocr_carea' id='block_1_17' title="bbox 506 1625 2076 1698">
    <p class='ocr_par' dir='ltr' id='par_1_17' title="bbox 506 1625 2076 1698">
     <span class='ocr_line' id='line_1_17' title="bbox 506 1625 2076 1698; baseline -0.001 -17"><span class='ocrx_word' id='word_1_116' title='bbox 506 1626 742 1683; x_wconf 83' lang='lat' dir='ltr'><strong>Thomas</strong></span> <span class='ocrx_word' id='word_1_117' title='bbox 788 1627 841 1682; x_wconf 91' lang='lat' dir='ltr'><strong>in</strong></span> <span class='ocrx_word' id='word_1_118' title='bbox 890 1625 994 1682; x_wconf 88' lang='lat' dir='ltr'><strong>ﬁde</strong></span> <span class='ocrx_word' id='word_1_119' title='bbox 1040 1626 1403 1694; x_wconf 84' lang='lat' dir='ltr'><strong>dubitaverit;</strong></span> <span class='ocrx_word' id='word_1_120' title='bbox 1451 1627 1712 1698; x_wconf 79' lang='lat' dir='ltr'><strong>siquidem</strong></span> <span class='ocrx_word' id='word_1_121' title='bbox 1744 1641 1811 1681; x_wconf 80' lang='lat' dir='ltr'><strong>ex</strong></span> <span class='ocrx_word' id='word_1_122' title='bbox 1845 1633 2076 1695; x_wconf 88' lang='lat' dir='ltr'><strong>utroque</strong></span> 
     </span>
    </p>
   </div>
   <div class='ocr_carea' id='block_1_18' title="bbox 493 1715 2074 1786">
    <p class='ocr_par' dir='ltr' id='par_1_18' title="bbox 493 1715 2074 1786">
     <span class='ocr_line' id='line_1_18' title="bbox 493 1715 2074 1786; baseline -0.002 -14"><span class='ocrx_word' id='word_1_123' title='bbox 493 1731 635 1772; x_wconf 79' lang='lat' dir='ltr'><strong>sexu</strong></span> <span class='ocrx_word' id='word_1_124' title='bbox 682 1715 916 1771; x_wconf 86' lang='lat' dir='ltr'><strong>ﬁdelium</strong></span> <span class='ocrx_word' id='word_1_125' title='bbox 960 1723 1072 1773; x_wconf 88' lang='lat' dir='ltr'><strong>tres</strong></span> <span class='ocrx_word' id='word_1_126' title='bbox 1121 1715 1358 1784; x_wconf 86' lang='lat' dir='ltr'><strong>ordines,</strong></span> <span class='ocrx_word' id='word_1_127' title='bbox 1398 1730 1461 1771; x_wconf 86' lang='lat' dir='ltr'><strong>ac</strong></span> <span class='ocrx_word' id='word_1_128' title='bbox 1507 1716 1554 1771; x_wconf 89' lang='lat' dir='ltr'><strong>si</strong></span> <span class='ocrx_word' id='word_1_129' title='bbox 1601 1724 1712 1772; x_wconf 90' lang='lat' dir='ltr'><strong>tres</strong></span> <span class='ocrx_word' id='word_1_130' title='bbox 1748 1715 1968 1786; x_wconf 74' lang='lat' dir='ltr'><strong>gradus,</strong></span> <span class='ocrx_word' id='word_1_131' title='bbox 2020 1716 2074 1769; x_wconf 90' lang='lat' dir='ltr'><strong>in</strong></span> 
     </span>
    </p>
   </div>
   <div class='ocr_carea' id='block_1_19' title="bbox 2170 542 3717 614">
    <p class='ocr_par' dir='ltr' id='par_1_19' title="bbox 2170 542 3717 614">
     <span class='ocr_line' id='line_1_19' title="bbox 2170 542 3717 614; baseline 0.005 -18"><span class='ocrx_word' id='word_1_132' title='bbox 2170 542 2332 599; x_wconf 89' lang='lat' dir='ltr'><strong>tionis</strong></span> <span class='ocrx_word' id='word_1_133' title='bbox 2351 542 2700 598; x_wconf 88' lang='lat' dir='ltr'><strong>merebuntur</strong></span> <span class='ocrx_word' id='word_1_134' title='bbox 2717 557 2995 609; x_wconf 90' lang='lat' dir='ltr'><strong>coronam,</strong></span> <span class='ocrx_word' id='word_1_135' title='bbox 3014 552 3213 614; x_wconf 88' lang='lat' dir='ltr'><strong>quanto</strong></span> <span class='ocrx_word' id='word_1_136' title='bbox 3233 544 3298 601; x_wconf 91' lang='lat' dir='ltr'><strong>de</strong></span> <span class='ocrx_word' id='word_1_137' title='bbox 3316 552 3534 614; x_wconf 82' lang='lat' dir='ltr'><strong>experta</strong></span> <span class='ocrx_word' id='word_1_138' title='bbox 3554 548 3717 603; x_wconf 86' lang='lat' dir='ltr'><strong>carnis</strong></span> 
     </span>
    </p>
   </div>
   <div class='ocr_carea' id='block_1_20' title="bbox 2167 632 3719 707">
    <p class='ocr_par' dir='ltr' id='par_1_20' title="bbox 2167 632 3719 707">
     <span class='ocr_line' id='line_1_20' title="bbox 2167 632 3719 707; baseline 0.004 -19"><span class='ocrx_word' id='word_1_139' title='bbox 2167 633 2440 705; x_wconf 81' lang='lat' dir='ltr'><strong>voluptate</strong></span> <span class='ocrx_word' id='word_1_140' title='bbox 2482 633 2783 704; x_wconf 80' lang='lat' dir='ltr'><strong>graviorem</strong></span> <span class='ocrx_word' id='word_1_141' title='bbox 2820 632 3089 690; x_wconf 86' lang='lat' dir='ltr'><strong>sustinent</strong></span> <span class='ocrx_word' id='word_1_142' title='bbox 3127 647 3364 705; x_wconf 74' lang='lat' dir='ltr'><strong>poenam.</strong></span> <span class='ocrx_word' id='word_1_143' title='bbox 3401 633 3497 691; x_wconf 82' lang='lat' dir='ltr'><strong>His</strong></span> <span class='ocrx_word' id='word_1_144' title='bbox 3524 649 3719 707; x_wconf 78' lang='lat' dir='ltr'><strong>quoque</strong></span> 
     </span>
    </p>
   </div>
   <div class='ocr_carea' id='block_1_21' title="bbox 2166 722 3720 798">
    <p class='ocr_par' dir='ltr' id='par_1_21' title="bbox 2166 722 3720 798">
     <span class='ocr_line' id='line_1_21' title="bbox 2166 722 3720 798; baseline 0.002 -16"><span class='ocrx_word' id='word_1_145' title='bbox 2166 740 2266 797; x_wconf 91' lang='lat' dir='ltr'><strong>per</strong></span> <span class='ocrx_word' id='word_1_146' title='bbox 2300 726 2676 783; x_wconf 88' lang='lat' dir='ltr'><strong>discretionem</strong></span> <span class='ocrx_word' id='word_1_147' title='bbox 2717 726 2984 783; x_wconf 88' lang='lat' dir='ltr'><strong>secundas</strong></span> <span class='ocrx_word' id='word_1_148' title='bbox 3025 727 3240 798; x_wconf 85' lang='lat' dir='ltr'><strong>nuptias</strong></span> <span class='ocrx_word' id='word_1_149' title='bbox 3281 722 3523 794; x_wconf 86' lang='lat' dir='ltr'><strong>indulsit,</strong></span> <span class='ocrx_word' id='word_1_150' title='bbox 3552 729 3720 785; x_wconf 85' lang='lat' dir='ltr'><strong>dicens</strong></span> 
     </span>
    </p>
   </div>
   <div class='ocr_carea' id='block_1_22' title="bbox 2169 815 3717 888">
    <p class='ocr_par' dir='ltr' id='par_1_22' title="bbox 2169 815 3717 888">
     <span class='ocr_line' id='line_1_22' title="bbox 2169 815 3717 888; baseline 0.001 -17"><span class='ocrx_word' id='word_1_151' title='bbox 2169 817 2311 887; x_wconf 90' lang='lat' dir='ltr'><strong>quod</strong></span> <span class='ocrx_word' id='word_1_152' title='bbox 2353 815 2539 872; x_wconf 79' lang='lat' dir='ltr'><strong>melius</strong></span> <span class='ocrx_word' id='word_1_153' title='bbox 2594 825 2738 873; x_wconf 85' lang='lat' dir='ltr'><strong>esset</strong></span> <span class='ocrx_word' id='word_1_154' title='bbox 2780 816 2970 872; x_wconf 78' lang='lat' dir='ltr'><strong>nubere</strong></span> <span class='ocrx_word' id='word_1_155' title='bbox 2995 832 3154 888; x_wconf 82' lang='lat' dir='ltr'><strong>quam</strong></span> <span class='ocrx_word' id='word_1_156' title='bbox 3191 816 3276 872; x_wconf 83' lang='lat' dir='ltr'><strong>uri</strong></span> <span class='ocrx_word' id='word_1_157' title='bbox 3304 816 3357 888; x_wconf 87' lang='grc' dir='ltr'><strong>(Ι</strong></span> <span class='ocrx_word' id='word_1_158' title='bbox 3376 816 3500 872; x_wconf 82' lang='lat' dir='ltr'><strong>Cor.</strong></span> <span class='ocrx_word' id='word_1_159' title='bbox 3531 832 3628 882; x_wconf 82' lang='lat' dir='ltr'><strong>vn,</strong></span> <span class='ocrx_word' id='word_1_160' title='bbox 3651 818 3717 878; x_wconf 87' lang='lat' dir='ltr'><strong>9l.</strong></span> 
     </span>
    </p>
   </div>
   <div class='ocr_carea' id='block_1_23' title="bbox 2169 905 3720 978">
    <p class='ocr_par' dir='ltr' id='par_1_23' title="bbox 2169 905 3720 978">
     <span class='ocr_line' id='line_1_23' title="bbox 2169 905 3720 978; baseline -0.001 -15"><span class='ocrx_word' id='word_1_161' title='bbox 2169 907 2248 965; x_wconf 91' lang='lat' dir='ltr'><strong>De</strong></span> <span class='ocrx_word' id='word_1_162' title='bbox 2262 907 2436 965; x_wconf 85' lang='lat' dir='ltr'><strong>tertiis</strong></span> <span class='ocrx_word' id='word_1_163' title='bbox 2455 921 2583 964; x_wconf 87' lang='lat' dir='ltr'><strong>vero</strong></span> <span class='ocrx_word' id='word_1_164' title='bbox 2600 905 2686 964; x_wconf 89' lang='lat' dir='ltr'><strong>vel</strong></span> <span class='ocrx_word' id='word_1_165' title='bbox 2704 906 2913 978; x_wconf 85' lang='lat' dir='ltr'><strong>quartis</strong></span> <span class='ocrx_word' id='word_1_166' title='bbox 2934 921 3033 963; x_wconf 88' lang='lat' dir='ltr'><strong>nec</strong></span> <span class='ocrx_word' id='word_1_167' title='bbox 3056 921 3163 962; x_wconf 90' lang='lat' dir='ltr'><strong>non</strong></span> <span class='ocrx_word' id='word_1_168' title='bbox 3177 914 3231 961; x_wconf 93' lang='lat' dir='ltr'><strong>et</strong></span> <span class='ocrx_word' id='word_1_169' title='bbox 3248 905 3492 977; x_wconf 87' lang='lat' dir='ltr'><strong>pluribus</strong></span> <span class='ocrx_word' id='word_1_170' title='bbox 3514 906 3720 977; x_wconf 89' lang='lat' dir='ltr'><strong>nuptiis,</strong></span> 
     </span>
    </p>
   </div>
   <div class='ocr_carea' id='block_1_24' title="bbox 2169 994 3724 1069">
    <p class='ocr_par' dir='ltr' id='par_1_24' title="bbox 2169 994 3724 1069">
     <span class='ocr_line' id='line_1_24' title="bbox 2169 994 3724 1069; baseline -0.005 -14"><span class='ocrx_word' id='word_1_171' title='bbox 2169 1015 2277 1055; x_wconf 88' lang='lat' dir='ltr'><strong>non</strong></span> <span class='ocrx_word' id='word_1_172' title='bbox 2306 1013 2395 1055; x_wconf 90' lang='lat' dir='ltr'><strong>me</strong></span> <span class='ocrx_word' id='word_1_173' title='bbox 2438 996 2630 1069; x_wconf 82' lang='lat' dir='ltr'><strong>legisse</strong></span> <span class='ocrx_word' id='word_1_174' title='bbox 2657 996 2875 1054; x_wconf 89' lang='lat' dir='ltr'><strong>memini</strong></span> <span class='ocrx_word' id='word_1_175' title='bbox 2916 1005 3094 1052; x_wconf 90' lang='lat' dir='ltr'><strong>utrum</strong></span> <span class='ocrx_word' id='word_1_176' title='bbox 3124 1010 3156 1051; x_wconf 86' lang='lat' dir='ltr'><strong>a</strong></span> <span class='ocrx_word' id='word_1_177' title='bbox 3183 994 3464 1052; x_wconf 82' lang='lat' dir='ltr'><strong>catholicis</strong></span> <span class='ocrx_word' id='word_1_178' title='bbox 3506 994 3724 1051; x_wconf 85' lang='lat' dir='ltr'><strong>debeant</strong></span> 
     </span>
    </p>
   </div>
   <div class='ocr_carea' id='block_1_25' title="bbox 2171 1080 3720 1155">
    <p class='ocr_par' dir='ltr' id='par_1_25' title="bbox 2171 1080 3720 1155">
     <span class='ocr_line' id='line_1_25' title="bbox 2171 1080 3720 1155; baseline -0.007 -10"><span class='ocrx_word' id='word_1_179' title='bbox 2171 1088 2465 1155; x_wconf 88' lang='lat' dir='ltr'><strong>celebrari;</strong></span> <span class='ocrx_word' id='word_1_180' title='bbox 2497 1087 2592 1144; x_wconf 90' lang='lat' dir='ltr'><strong>sed</strong></span> <span class='ocrx_word' id='word_1_181' title='bbox 2636 1087 2740 1143; x_wconf 88' lang='lat' dir='ltr'><strong>hoc</strong></span> <span class='ocrx_word' id='word_1_182' title='bbox 2771 1085 2976 1155; x_wconf 86' lang='lat' dir='ltr'><strong>absque</strong></span> <span class='ocrx_word' id='word_1_183' title='bbox 3016 1084 3127 1140; x_wconf 92' lang='lat' dir='ltr'><strong>ullo</strong></span> <span class='ocrx_word' id='word_1_184' title='bbox 3163 1083 3414 1154; x_wconf 88' lang='lat' dir='ltr'><strong>scrupulo</strong></span> <span class='ocrx_word' id='word_1_185' title='bbox 3454 1080 3720 1138; x_wconf 68' lang='lat' dir='ltr'><strong>occurrit:</strong></span> 
     </span>
    </p>
   </div>
   <div class='ocr_carea' id='block_1_26' title="bbox 2171 1170 3722 1253">
    <p class='ocr_par' dir='ltr' id='par_1_26' title="bbox 2171 1170 3722 1253">
     <span class='ocr_line' id='line_1_26' title="bbox 2171 1170 3722 1253; baseline -0.007 -17"><span class='ocrx_word' id='word_1_186' title='bbox 2171 1181 2313 1253; x_wconf 86' lang='lat' dir='ltr'><strong>quod</strong></span> <span class='ocrx_word' id='word_1_187' title='bbox 2361 1179 2409 1236; x_wconf 92' lang='lat' dir='ltr'><strong>si</strong></span> <span class='ocrx_word' id='word_1_188' title='bbox 2463 1180 2564 1235; x_wconf 87' lang='lat' dir='ltr'><strong>hoc</strong></span> <span class='ocrx_word' id='word_1_189' title='bbox 2620 1175 2832 1233; x_wconf 84' lang='lat' dir='ltr'><strong>facinus</strong></span> <span class='ocrx_word' id='word_1_190' title='bbox 2875 1190 3040 1249; x_wconf 82' lang='lat' dir='ltr'><strong>grave</strong></span> <span class='ocrx_word' id='word_1_191' title='bbox 3077 1183 3160 1232; x_wconf 88' lang='lat' dir='ltr'><strong>est</strong></span> <span class='ocrx_word' id='word_1_192' title='bbox 3205 1173 3261 1231; x_wconf 87' lang='lat' dir='ltr'><strong>in</strong></span> <span class='ocrx_word' id='word_1_193' title='bbox 3296 1172 3531 1240; x_wconf 85' lang='lat' dir='ltr'><strong>feminis,</strong></span> <span class='ocrx_word' id='word_1_194' title='bbox 3576 1170 3722 1226; x_wconf 76' lang='lat' dir='ltr'><strong>multo</strong></span> 
     </span>
    </p>
   </div>
   <div class='ocr_carea' id='block_1_27' title="bbox 2173 1264 3137 1342">
    <p class='ocr_par' dir='ltr' id='par_1_27' title="bbox 2173 1264 3137 1342">
     <span class='ocr_line' id='line_1_27' title="bbox 2173 1264 3137 1342; baseline -0.006 -15"><span class='ocrx_word' id='word_1_195' title='bbox 2173 1270 2390 1342; x_wconf 77' lang='lat' dir='ltr'><strong>gravius</strong></span> <span class='ocrx_word' id='word_1_196' title='bbox 2419 1277 2504 1325; x_wconf 87' lang='lat' dir='ltr'><strong>est</strong></span> <span class='ocrx_word' id='word_1_197' title='bbox 2531 1267 2576 1325; x_wconf 88' lang='lat' dir='ltr'><strong>si</strong></span> <span class='ocrx_word' id='word_1_198' title='bbox 2603 1268 2881 1341; x_wconf 83' lang='lat' dir='ltr'><strong>coatingat</strong></span> <span class='ocrx_word' id='word_1_199' title='bbox 2905 1268 2960 1321; x_wconf 92' lang='lat' dir='ltr'><strong>in</strong></span> <span class='ocrx_word' id='word_1_200' title='bbox 2983 1264 3137 1322; x_wconf 65' lang='lat' dir='ltr'><strong>viris.</strong></span> 
     </span>
    </p>
   </div>
   <div class='ocr_carea' id='block_1_28' title="bbox 2245 1346 3725 1432">
    <p class='ocr_par' dir='ltr' id='par_1_28' title="bbox 2245 1346 3725 1432">
     <span class='ocr_line' id='line_1_28' title="bbox 2245 1346 3725 1432; baseline -0.008 -16"><span class='ocrx_word' id='word_1_201' title='bbox 2245 1359 2526 1432; x_wconf 76' lang='lat' dir='ltr'><strong>Virginum</strong></span> <span class='ocrx_word' id='word_1_202' title='bbox 2562 1367 2763 1431; x_wconf 90' lang='lat' dir='ltr'><strong>quanta</strong></span> <span class='ocrx_word' id='word_1_203' title='bbox 2797 1357 2871 1414; x_wconf 91' lang='lat' dir='ltr'><strong>sit</strong></span> <span class='ocrx_word' id='word_1_204' title='bbox 2910 1353 3103 1428; x_wconf 72' lang='lat' dir='ltr'><strong>gloria,</strong></span> <span class='ocrx_word' id='word_1_205' title='bbox 3130 1352 3304 1412; x_wconf 89' lang='lat' dir='ltr'><strong>nullus</strong></span> <span class='ocrx_word' id='word_1_206' title='bbox 3348 1352 3581 1424; x_wconf 83' lang='lat' dir='ltr'><strong>ignorat.</strong></span> <span class='ocrx_word' id='word_1_207' title='bbox 3611 1346 3725 1419; x_wconf 83' lang='lat' dir='ltr'><strong>Quis</strong></span> 
     </span>
    </p>
   </div>
   <div class='ocr_carea' id='block_1_29' title="bbox 2173 1445 3724 1523">
    <p class='ocr_par' dir='ltr' id='par_1_29' title="bbox 2173 1445 3724 1523">
     <span class='ocr_line' id='line_1_29' title="bbox 2173 1445 3724 1523; baseline -0.008 -14"><span class='ocrx_word' id='word_1_208' title='bbox 2173 1453 2278 1510; x_wconf 89' lang='lat' dir='ltr'><strong>scit</strong></span> <span class='ocrx_word' id='word_1_209' title='bbox 2313 1452 2420 1509; x_wconf 89' lang='lat' dir='ltr'><strong>hoc</strong></span> <span class='ocrx_word' id='word_1_210' title='bbox 2463 1459 2715 1523; x_wconf 88' lang='lat' dir='ltr'><strong>appetere</strong></span> <span class='ocrx_word' id='word_1_211' title='bbox 2758 1450 3031 1506; x_wconf 73' lang='lat' dir='ltr'><strong>homirnam</strong></span> <span class='ocrx_word' id='word_1_212' title='bbox 3057 1463 3122 1505; x_wconf 78' lang='lat' dir='ltr'><strong>ex</strong></span> <span class='ocrx_word' id='word_1_213' title='bbox 3158 1446 3344 1520; x_wconf 61' lang='lat' dir='ltr'><strong>gratia:</strong></span> <span class='ocrx_word' id='word_1_214' title='bbox 3368 1445 3724 1517; x_wconf 67' lang='lat' dir='ltr'><strong>praerogativa,</strong></span> 
     </span>
    </p>
   </div>
   <div class='ocr_carea' id='block_1_30' title="bbox 2176 1526 3727 1614">
    <p class='ocr_par' dir='ltr' id='par_1_30' title="bbox 2176 1526 3727 1614">
     <span class='ocr_line' id='line_1_30' title="bbox 2176 1526 3727 1614; baseline -0.007 -16"><span class='ocrx_word' id='word_1_215' title='bbox 2176 1541 2322 1614; x_wconf 86' lang='lat' dir='ltr'><strong>quod</strong></span> <span class='ocrx_word' id='word_1_216' title='bbox 2343 1541 2515 1598; x_wconf 84' lang='lat' dir='ltr'><strong>habet</strong></span> <span class='ocrx_word' id='word_1_217' title='bbox 2537 1538 2760 1610; x_wconf 75' lang='lat' dir='ltr'><strong>angelus</strong></span> <span class='ocrx_word' id='word_1_218' title='bbox 2786 1554 2852 1595; x_wconf 78' lang='lat' dir='ltr'><strong>ex</strong></span> <span class='ocrx_word' id='word_1_219' title='bbox 2874 1526 3101 1602; x_wconf 79' lang='lat' dir='ltr'><strong>natura?</strong></span> <span class='ocrx_word' id='word_1_220' title='bbox 3126 1552 3246 1610; x_wconf 60' lang='lat' dir='ltr'><strong>quae</strong></span> <span class='ocrx_word' id='word_1_221' title='bbox 3265 1537 3438 1593; x_wconf 85' lang='lat' dir='ltr'><strong>virtus</strong></span> <span class='ocrx_word' id='word_1_222' title='bbox 3465 1534 3727 1607; x_wconf 83' lang='lat' dir='ltr'><strong>virginita-</strong></span> 
     </span>
    </p>
   </div>
   <div class='ocr_carea' id='block_1_31' title="bbox 2179 1621 3727 1696">
    <p class='ocr_par' dir='ltr' id='par_1_31' title="bbox 2179 1621 3727 1696">
     <span class='ocr_line' id='line_1_31' title="bbox 2179 1621 3727 1696; baseline -0.006 -8"><span class='ocrx_word' id='word_1_223' title='bbox 2179 1631 2249 1688; x_wconf 88' lang='lat' dir='ltr'><strong>tis</strong></span> <span class='ocrx_word' id='word_1_224' title='bbox 2283 1645 2408 1686; x_wconf 91' lang='lat' dir='ltr'><strong>cum</strong></span> <span class='ocrx_word' id='word_1_225' title='bbox 2459 1628 2514 1686; x_wconf 90' lang='lat' dir='ltr'><strong>in</strong></span> <span class='ocrx_word' id='word_1_226' title='bbox 2558 1627 2866 1685; x_wconf 84' lang='lat' dir='ltr'><strong>humilitate</strong></span> <span class='ocrx_word' id='word_1_227' title='bbox 2906 1626 3187 1693; x_wconf 83' lang='lat' dir='ltr'><strong>solidatur,</strong></span> <span class='ocrx_word' id='word_1_228' title='bbox 3229 1624 3518 1696; x_wconf 80' lang='lat' dir='ltr'><strong>singularis</strong></span> <span class='ocrx_word' id='word_1_229' title='bbox 3568 1621 3727 1679; x_wconf 82' lang='lat' dir='ltr'><strong>meriti</strong></span> 
     </span>
    </p>
   </div>
   <div class='ocr_carea' id='block_1_32' title="bbox 2179 1710 3728 1791">
    <p class='ocr_par' dir='ltr' id='par_1_32' title="bbox 2179 1710 3728 1791">
     <span class='ocr_line' id='line_1_32' title="bbox 2179 1710 3728 1791; baseline -0.005 -16"><span class='ocrx_word' id='word_1_230' title='bbox 2179 1719 2681 1791; x_wconf 85' lang='lat' dir='ltr'><strong>rccompensatione</strong></span> <span class='ocrx_word' id='word_1_231' title='bbox 2724 1714 3034 1786; x_wconf 89' lang='lat' dir='ltr'><strong>donabitur,</strong></span> <span class='ocrx_word' id='word_1_232' title='bbox 3062 1716 3190 1787; x_wconf 89' lang='lat' dir='ltr'><strong>quia</strong></span> <span class='ocrx_word' id='word_1_233' title='bbox 3235 1710 3378 1772; x_wconf 85' lang='lat' dir='ltr'><strong>Deus</strong></span> <span class='ocrx_word' id='word_1_234' title='bbox 3419 1714 3728 1786; x_wconf 80' lang='lat' dir='ltr'><strong>repromittit</strong></span> 
     </span>
    </p>
   </div>
   <div class='ocr_carea' id='block_1_33' title="bbox 505 1802 3728 1881">
    <p class='ocr_par' dir='ltr' id='par_1_33' title="bbox 505 1802 3728 1881">
     <span class='ocr_line' id='line_1_33' title="bbox 505 1802 3728 1881; baseline -0.002 -18"><span class='ocrx_word' id='word_1_235' title='bbox 505 1815 690 1863; x_wconf 89' lang='lat' dir='ltr'><strong>sancta</strong></span> <span class='ocrx_word' id='word_1_236' title='bbox 715 1813 772 1861; x_wconf 89' lang='lat' dir='ltr'><strong>et</strong></span> <span class='ocrx_word' id='word_1_237' title='bbox 796 1805 1087 1861; x_wconf 89' lang='lat' dir='ltr'><strong>universali</strong></span> <span class='ocrx_word' id='word_1_238' title='bbox 1119 1805 1356 1862; x_wconf 86' lang='lat' dir='ltr'><strong>Ecclesia</strong></span> <span class='ocrx_word' id='word_1_239' title='bbox 1382 1820 1504 1862; x_wconf 84' lang='lat' dir='ltr'><strong>esse</strong></span> <span class='ocrx_word' id='word_1_240' title='bbox 1536 1808 1810 1873; x_wconf 85' lang='lat' dir='ltr'><strong>novimus;</strong></span> <span class='ocrx_word' id='word_1_241' title='bbox 1846 1819 2078 1876; x_wconf 87' lang='lat' dir='ltr'><strong>quorum</strong></span> <span class='ocrx_word' id='word_1_242' title='bbox 2107 1802 2154 1863; x_wconf 84' lang='grc' dir='ltr'>Β</span> <span class='ocrx_word' id='word_1_243' title='bbox 2181 1809 2480 1881; x_wconf 77' lang='lat' dir='ltr'><strong>virginibus</strong></span> <span class='ocrx_word' id='word_1_244' title='bbox 2527 1807 2669 1880; x_wconf 84' lang='lat' dir='ltr'><strong>quod</strong></span> <span class='ocrx_word' id='word_1_245' title='bbox 2714 1815 2998 1877; x_wconf 76' lang='lat' dir='ltr'><strong>sequantur</strong></span> <span class='ocrx_word' id='word_1_246' title='bbox 3039 1806 3243 1878; x_wconf 80' lang='lat' dir='ltr'><strong>Agnum</strong></span> <span class='ocrx_word' id='word_1_247' title='bbox 3290 1817 3596 1877; x_wconf 78' lang='lat' dir='ltr'><strong>quocunque</strong></span> <span class='ocrx_word' id='word_1_248' title='bbox 3629 1803 3728 1857; x_wconf 78' lang='lat' dir='ltr'><strong>ierit</strong></span> 
     </span>
    </p>
   </div>
   <div class='ocr_carea' id='block_1_34' title="bbox 503 1891 3731 1971">
    <p class='ocr_par' dir='ltr' id='par_1_34' title="bbox 503 1891 3731 1971">
     <span class='ocr_line' id='line_1_34' title="bbox 503 1891 3731 1971; baseline -0.001 -20"><span class='ocrx_word' id='word_1_249' title='bbox 503 1895 632 1953; x_wconf 86' lang='lat' dir='ltr'><strong>licet</strong></span> <span class='ocrx_word' id='word_1_250' title='bbox 657 1895 837 1953; x_wconf 85' lang='lat' dir='ltr'><strong>nullus</strong></span> <span class='ocrx_word' id='word_1_251' title='bbox 878 1897 995 1953; x_wconf 91' lang='lat' dir='ltr'><strong>sine</strong></span> <span class='ocrx_word' id='word_1_252' title='bbox 1021 1906 1241 1968; x_wconf 90' lang='lat' dir='ltr'><strong>peccato</strong></span> <span class='ocrx_word' id='word_1_253' title='bbox 1284 1898 1377 1965; x_wconf 89' lang='lat' dir='ltr'><strong>sit,</strong></span> <span class='ocrx_word' id='word_1_254' title='bbox 1423 1906 1604 1954; x_wconf 89' lang='lat' dir='ltr'><strong>tamen</strong></span> <span class='ocrx_word' id='word_1_255' title='bbox 1635 1898 1842 1969; x_wconf 90' lang='lat' dir='ltr'><strong>primus</strong></span> <span class='ocrx_word' id='word_1_256' title='bbox 1869 1907 1953 1954; x_wconf 90' lang='lat' dir='ltr'><strong>est</strong></span> <span class='ocrx_word' id='word_1_257' title='bbox 1986 1898 2080 1953; x_wconf 77' lang='lat' dir='ltr'><strong>bo-</strong></span> <span class='ocrx_word' id='word_1_258' title='bbox 2185 1900 2369 1971; x_wconf 82' lang='lat' dir='ltr'><strong>(Apoc.</strong></span> <span class='ocrx_word' id='word_1_259' title='bbox 2403 1912 2517 1965; x_wconf 79' lang='lat' dir='ltr'><strong>xlv,</strong></span> <span class='ocrx_word' id='word_1_260' title='bbox 2548 1895 2636 1967; x_wconf 70' lang='lat'><strong>4);</strong></span> <span class='ocrx_word' id='word_1_261' title='bbox 2688 1896 2793 1952; x_wconf 89' lang='lat' dir='ltr'><strong>hac</strong></span> <span class='ocrx_word' id='word_1_262' title='bbox 2834 1894 3033 1969; x_wconf 84' lang='lat' dir='ltr'><strong>virtute</strong></span> <span class='ocrx_word' id='word_1_263' title='bbox 3073 1892 3563 1951; x_wconf 86' lang='lat' dir='ltr'><strong>sanctimonialium</strong></span> <span class='ocrx_word' id='word_1_264' title='bbox 3592 1891 3731 1948; x_wconf 81' lang='lat' dir='ltr'><strong>deco-</strong></span> 
     </span>
    </p>
   </div>
   <div class='ocr_carea' id='block_1_35' title="bbox 507 1985 3730 2062">
    <p class='ocr_par' dir='ltr' id='par_1_35' title="bbox 507 1985 3730 2062">
     <span class='ocr_line' id='line_1_35' title="bbox 507 1985 3730 2062; baseline -0.004 -10"><span class='ocrx_word' id='word_1_265' title='bbox 507 2000 631 2052; x_wconf 72' lang='grc' dir='ltr'>ῐὶυε»</span> <span class='ocrx_word' id='word_1_266' title='bbox 658 1985 926 2042; x_wconf 72' lang='lat' dir='ltr'><strong>secundus</strong></span> <span class='ocrx_word' id='word_1_267' title='bbox 953 1986 1164 2053; x_wconf 88' lang='lat' dir='ltr'><strong>melior,</strong></span> <span class='ocrx_word' id='word_1_268' title='bbox 1214 1986 1405 2042; x_wconf 87' lang='lat' dir='ltr'><strong>tertius</strong></span> <span class='ocrx_word' id='word_1_269' title='bbox 1448 1995 1530 2043; x_wconf 91' lang='lat' dir='ltr'><strong>est</strong></span> <span class='ocrx_word' id='word_1_270' title='bbox 1578 1986 1928 2058; x_wconf 86' lang='lat' dir='ltr'><strong>optimus.Et</strong></span> <span class='ocrx_word' id='word_1_271' title='bbox 1970 1987 2082 2057; x_wconf 85' lang='lat' dir='ltr'><strong>pri-</strong></span> <span class='ocrx_word' id='word_1_272' title='bbox 2182 2002 2334 2049; x_wconf 91' lang='lat' dir='ltr'><strong>ratur</strong></span> <span class='ocrx_word' id='word_1_273' title='bbox 2360 1990 2670 2049; x_wconf 87' lang='lat' dir='ltr'><strong>venerabile</strong></span> <span class='ocrx_word' id='word_1_274' title='bbox 2703 1989 3007 2062; x_wconf 89' lang='lat' dir='ltr'><strong>collegium,</strong></span> <span class='ocrx_word' id='word_1_275' title='bbox 3032 1988 3174 2045; x_wconf 87' lang='lat' dir='ltr'><strong>hanc</strong></span> <span class='ocrx_word' id='word_1_276' title='bbox 3218 2004 3277 2044; x_wconf 90' lang='lat' dir='ltr'><strong>se</strong></span> <span class='ocrx_word' id='word_1_277' title='bbox 3320 1988 3556 2059; x_wconf 88' lang='lat' dir='ltr'><strong>gaudent</strong></span> <span class='ocrx_word' id='word_1_278' title='bbox 3595 1985 3730 2041; x_wconf 91' lang='lat' dir='ltr'><strong>multi</strong></span> 
     </span>
    </p>
   </div>
   <div class='ocr_carea' id='block_1_36' title="bbox 502 2077 3732 2155">
    <p class='ocr_par' dir='ltr' id='par_1_36' title="bbox 502 2077 3732 2155">
     <span class='ocr_line' id='line_1_36' title="bbox 502 2077 3732 2155; baseline -0.002 -16"><span class='ocrx_word' id='word_1_279' title='bbox 502 2092 626 2133; x_wconf 82' lang='lat' dir='ltr'><strong>mus</strong></span> <span class='ocrx_word' id='word_1_280' title='bbox 679 2077 894 2148; x_wconf 82' lang='lat' dir='ltr'><strong>quidem</strong></span> <span class='ocrx_word' id='word_1_281' title='bbox 945 2078 1079 2135; x_wconf 84' lang='lat' dir='ltr'><strong>ordo</strong></span> <span class='ocrx_word' id='word_1_282' title='bbox 1126 2089 1210 2136; x_wconf 88' lang='lat' dir='ltr'><strong>est</strong></span> <span class='ocrx_word' id='word_1_283' title='bbox 1257 2081 1310 2135; x_wconf 91' lang='lat' dir='ltr'><strong>in</strong></span> <span class='ocrx_word' id='word_1_284' title='bbox 1341 2090 1570 2152; x_wconf 84' lang='lat' dir='ltr'><strong>utroque</strong></span> <span class='ocrx_word' id='word_1_285' title='bbox 1612 2096 1741 2136; x_wconf 79' lang='lat' dir='ltr'><strong>sexu</strong></span> <span class='ocrx_word' id='word_1_286' title='bbox 1771 2080 2081 2150; x_wconf 84' lang='lat' dir='ltr'><strong>conjugato-</strong></span> <span class='ocrx_word' id='word_1_287' title='bbox 2181 2099 2277 2155; x_wconf 89' lang='lat' dir='ltr'><strong>per</strong></span> <span class='ocrx_word' id='word_1_288' title='bbox 2298 2097 2488 2140; x_wconf 90' lang='lat' dir='ltr'><strong>omnes</strong></span> <span class='ocrx_word' id='word_1_289' title='bbox 2505 2081 2693 2138; x_wconf 74' lang='lat' dir='ltr'><strong>viriles</strong></span> <span class='ocrx_word' id='word_1_290' title='bbox 2708 2081 2926 2139; x_wconf 87' lang='lat' dir='ltr'><strong>ordines</strong></span> <span class='ocrx_word' id='word_1_291' title='bbox 2949 2080 3309 2151; x_wconf 85' lang='lat' dir='ltr'><strong>promeruisse</strong></span> <span class='ocrx_word' id='word_1_292' title='bbox 3334 2079 3389 2135; x_wconf 93' lang='lat' dir='ltr'><strong>in</strong></span> <span class='ocrx_word' id='word_1_293' title='bbox 3416 2077 3732 2150; x_wconf 69' lang='lat' dir='ltr'><strong>gremiosute</strong></span> 
     </span>
    </p>
   </div>
   <div class='ocr_carea' id='block_1_37' title="bbox 503 2170 2693 2241">
    <p class='ocr_par' dir='ltr' id='par_1_37' title="bbox 503 2170 2693 2241">
     <span class='ocr_line' id='line_1_37' title="bbox 503 2170 2693 2241; baseline 0.002 -16"><span class='ocrx_word' id='word_1_294' title='bbox 503 2183 625 2225; x_wconf 90' lang='lat' dir='ltr'><strong>rum</strong></span> <span class='ocrx_word' id='word_1_295' title='bbox 651 2186 668 2238; x_wconf 89' lang='lat'><strong>;</strong></span> <span class='ocrx_word' id='word_1_296' title='bbox 695 2170 963 2226; x_wconf 90' lang='lat' dir='ltr'><strong>secundus</strong></span> <span class='ocrx_word' id='word_1_297' title='bbox 986 2172 1396 2241; x_wconf 88' lang='lat' dir='ltr'><strong>continentium,</strong></span> <span class='ocrx_word' id='word_1_298' title='bbox 1423 2172 1508 2229; x_wconf 90' lang='lat' dir='ltr'><strong>vel</strong></span> <span class='ocrx_word' id='word_1_299' title='bbox 1534 2172 1861 2237; x_wconf 87' lang='lat' dir='ltr'><strong>viduarum;</strong></span> <span class='ocrx_word' id='word_1_300' title='bbox 1892 2170 2082 2226; x_wconf 89' lang='lat' dir='ltr'><strong>tertius</strong></span> <span class='ocrx_word' id='word_1_301' title='bbox 2183 2174 2378 2230; x_wconf 87' lang='lat' dir='ltr'><strong>matris</strong></span> <span class='ocrx_word' id='word_1_302' title='bbox 2413 2173 2693 2230; x_wconf 77' lang='lat' dir='ltr'><strong>Ecclesiae.</strong></span> 
     </span>
    </p>
   </div>
   <div class='ocr_carea' id='block_1_38' title="bbox 501 2252 3731 2336">
    <p class='ocr_par' dir='ltr' id='par_1_38' title="bbox 501 2252 3731 2336">
     <span class='ocr_line' id='line_1_38' title="bbox 501 2252 3731 2336; baseline -0.002 -17"><span class='ocrx_word' id='word_1_303' title='bbox 501 2263 772 2335; x_wconf 83' lang='lat' dir='ltr'><strong>virginum</strong></span> <span class='ocrx_word' id='word_1_304' title='bbox 798 2263 882 2320; x_wconf 88' lang='lat' dir='ltr'><strong>vel</strong></span> <span class='ocrx_word' id='word_1_305' title='bbox 914 2261 1427 2320; x_wconf 89' lang='lat' dir='ltr'><strong>sanctimonialium.</strong></span> <span class='ocrx_word' id='word_1_306' title='bbox 1475 2262 1725 2319; x_wconf 84' lang='lat' dir='ltr'><strong>Virorum</strong></span> <span class='ocrx_word' id='word_1_307' title='bbox 1759 2269 1967 2316; x_wconf 88' lang='lat' dir='ltr'><strong>tantum</strong></span> <span class='ocrx_word' id='word_1_308' title='bbox 2001 2260 2078 2316; x_wconf 82' lang='lat' dir='ltr'><strong>si-</strong></span> <span class='ocrx_word' id='word_1_309' title='bbox 2252 2263 2359 2320; x_wconf 88' lang='lat' dir='ltr'><strong>Sed</strong></span> <span class='ocrx_word' id='word_1_310' title='bbox 2389 2263 2475 2320; x_wconf 87' lang='lat' dir='ltr'><strong>his</strong></span> <span class='ocrx_word' id='word_1_311' title='bbox 2499 2262 2840 2336; x_wconf 86' lang='lat' dir='ltr'><strong>posthabitis,</strong></span> <span class='ocrx_word' id='word_1_312' title='bbox 2878 2261 3055 2333; x_wconf 87' lang='lat' dir='ltr'><strong>primo</strong></span> <span class='ocrx_word' id='word_1_313' title='bbox 3092 2261 3161 2318; x_wconf 91' lang='lat' dir='ltr'><strong>de</strong></span> <span class='ocrx_word' id='word_1_314' title='bbox 3188 2252 3427 2318; x_wconf 81' lang='lat' dir='ltr'><strong>virorum</strong></span> <span class='ocrx_word' id='word_1_315' title='bbox 3454 2260 3663 2327; x_wconf 86' lang='lat' dir='ltr'><strong>ordine,</strong></span> <span class='ocrx_word' id='word_1_316' title='bbox 3687 2259 3731 2315; x_wconf 89' lang='lat' dir='ltr'><strong>id</strong></span> 
     </span>
    </p>
   </div>
   <div class='ocr_carea' id='block_1_39' title="bbox 500 2350 2071 2430">
    <p class='ocr_par' dir='ltr' id='par_1_39' title="bbox 500 2350 2071 2424">
     <span class='ocr_line' id='line_1_39' title="bbox 500 2350 2071 2424; baseline -0.002 -14"><span class='ocrx_word' id='word_1_317' title='bbox 500 2353 708 2410; x_wconf 87' lang='lat' dir='ltr'><strong>militer</strong></span> <span class='ocrx_word' id='word_1_318' title='bbox 728 2358 844 2409; x_wconf 88' lang='lat' dir='ltr'><strong>tres</strong></span> <span class='ocrx_word' id='word_1_319' title='bbox 869 2359 993 2409; x_wconf 84' lang='lat' dir='ltr'><strong>sunt</strong></span> <span class='ocrx_word' id='word_1_320' title='bbox 1015 2351 1213 2424; x_wconf 87' lang='lat' dir='ltr'><strong>gradus</strong></span> <span class='ocrx_word' id='word_1_321' title='bbox 1236 2351 1321 2409; x_wconf 89' lang='lat' dir='ltr'><strong>vel</strong></span> <span class='ocrx_word' id='word_1_322' title='bbox 1346 2351 1584 2418; x_wconf 85' lang='lat' dir='ltr'><strong>ordines,</strong></span> <span class='ocrx_word' id='word_1_323' title='bbox 1614 2364 1844 2423; x_wconf 89' lang='lat' dir='ltr'><strong>quorum</strong></span> <span class='ocrx_word' id='word_1_324' title='bbox 1875 2350 2071 2421; x_wconf 77' lang='lat' dir='ltr'><strong>primus</strong></span> 
     </span>
    </p>
   </div>
   <div class='ocr_carea' id='block_1_40' title="bbox 2177 2350 3731 2430">
    <p class='ocr_par' dir='ltr' id='par_1_40' title="bbox 2180 2350 3731 2430">
     <span class='ocr_line' id='line_1_40' title="bbox 2180 2350 3731 2430; baseline -0.005 -19"><span class='ocrx_word' id='word_1_325' title='bbox 2180 2362 2266 2411; x_wconf 88' lang='lat' dir='ltr'><strong>est</strong></span> <span class='ocrx_word' id='word_1_326' title='bbox 2290 2355 2357 2410; x_wconf 92' lang='lat' dir='ltr'><strong>de</strong></span> <span class='ocrx_word' id='word_1_327' title='bbox 2379 2351 2553 2422; x_wconf 90' lang='lat' dir='ltr'><strong>laicis,</strong></span> <span class='ocrx_word' id='word_1_328' title='bbox 2581 2351 2865 2409; x_wconf 87' lang='lat' dir='ltr'><strong>dicendum</strong></span> <span class='ocrx_word' id='word_1_329' title='bbox 2890 2360 2991 2419; x_wconf 88' lang='lat' dir='ltr'><strong>est,</strong></span> <span class='ocrx_word' id='word_1_330' title='bbox 3022 2351 3165 2423; x_wconf 85' lang='lat' dir='ltr'><strong>quod</strong></span> <span class='ocrx_word' id='word_1_331' title='bbox 3190 2350 3277 2415; x_wconf 86' lang='lat' dir='ltr'><strong>alii</strong></span> <span class='ocrx_word' id='word_1_332' title='bbox 3326 2358 3452 2408; x_wconf 82' lang='lat' dir='ltr'><strong>sunt</strong></span> <span class='ocrx_word' id='word_1_333' title='bbox 3481 2350 3731 2430; x_wconf 60' lang='lat' dir='ltr'><strong>agricola,</strong></span> 
     </span>
    </p>
   </div>
   <div class='ocr_carea' id='block_1_41' title="bbox 504 2440 3732 2516">
    <p class='ocr_par' dir='ltr' id='par_1_41' title="bbox 504 2440 3732 2516">
     <span class='ocr_line' id='line_1_41' title="bbox 504 2440 3732 2516; baseline 0 -17"><span class='ocrx_word' id='word_1_334' title='bbox 504 2450 590 2499; x_wconf 92' lang='lat' dir='ltr'><strong>est</strong></span> <span class='ocrx_word' id='word_1_335' title='bbox 639 2441 923 2509; x_wconf 89' lang='lat' dir='ltr'><strong>laicorum,</strong></span> <span class='ocrx_word' id='word_1_336' title='bbox 971 2443 1240 2499; x_wconf 87' lang='lat' dir='ltr'><strong>secundus</strong></span> <span class='ocrx_word' id='word_1_337' title='bbox 1284 2440 1624 2509; x_wconf 88' lang='lat' dir='ltr'><strong>clericorum,</strong></span> <span class='ocrx_word' id='word_1_338' title='bbox 1673 2441 1864 2496; x_wconf 87' lang='lat' dir='ltr'><strong>tertius</strong></span> <span class='ocrx_word' id='word_1_339' title='bbox 1893 2454 2083 2495; x_wconf 78' lang='lat' dir='ltr'><strong>mona—</strong></span> <span class='ocrx_word' id='word_1_340' title='bbox 2182 2445 2273 2501; x_wconf 86' lang='lat' dir='ltr'><strong>alii</strong></span> <span class='ocrx_word' id='word_1_341' title='bbox 2303 2445 2561 2516; x_wconf 64' lang='lat' dir='ltr'><strong>agonistai</strong></span> <span class='ocrx_word' id='word_1_342' title='bbox 2590 2462 2605 2498; x_wconf 85' lang='lat'><strong>:</strong></span> <span class='ocrx_word' id='word_1_343' title='bbox 2634 2452 2689 2500; x_wconf 90' lang='lat' dir='ltr'><strong>et</strong></span> <span class='ocrx_word' id='word_1_344' title='bbox 2724 2444 2972 2516; x_wconf 76' lang='lat' dir='ltr'><strong>agricola:</strong></span> <span class='ocrx_word' id='word_1_345' title='bbox 2996 2445 3212 2515; x_wconf 90' lang='lat' dir='ltr'><strong>quidem</strong></span> <span class='ocrx_word' id='word_1_346' title='bbox 3240 2443 3495 2500; x_wconf 87' lang='lat' dir='ltr'><strong>insudant</strong></span> <span class='ocrx_word' id='word_1_347' title='bbox 3520 2444 3732 2515; x_wconf 84' lang='lat' dir='ltr'><strong>agricul-</strong></span> 
     </span>
    </p>
   </div>
   <div class='ocr_carea' id='block_1_42' title="bbox 504 2524 3731 2604">
    <p class='ocr_par' dir='ltr' id='par_1_42' title="bbox 504 2524 3731 2604">
     <span class='ocr_line' id='line_1_42' title="bbox 504 2524 3731 2604; baseline -0.001 -15"><span class='ocrx_word' id='word_1_348' title='bbox 504 2532 753 2589; x_wconf 89' lang='lat' dir='ltr'><strong>chorum.</strong></span> <span class='ocrx_word' id='word_1_349' title='bbox 789 2531 897 2589; x_wconf 88' lang='lat' dir='ltr'><strong>Sed</strong></span> <span class='ocrx_word' id='word_1_350' title='bbox 941 2532 1196 2604; x_wconf 88' lang='lat' dir='ltr'><strong>quoniam</strong></span> <span class='ocrx_word' id='word_1_351' title='bbox 1236 2533 1425 2588; x_wconf 90' lang='lat' dir='ltr'><strong>horum</strong></span> <span class='ocrx_word' id='word_1_352' title='bbox 1464 2531 1722 2603; x_wconf 89' lang='lat' dir='ltr'><strong>graduum</strong></span> <span class='ocrx_word' id='word_1_353' title='bbox 1751 2524 2082 2586; x_wconf 71' lang='lat' dir='ltr'><strong>differentias</strong></span> <span class='ocrx_word' id='word_1_354' title='bbox 2183 2542 2319 2589; x_wconf 68' lang='lat' dir='ltr'><strong>tura:</strong></span> <span class='ocrx_word' id='word_1_355' title='bbox 2351 2543 2407 2589; x_wconf 92' lang='lat' dir='ltr'><strong>et</strong></span> <span class='ocrx_word' id='word_1_356' title='bbox 2432 2532 2657 2589; x_wconf 85' lang='lat' dir='ltr'><strong>diversis</strong></span> <span class='ocrx_word' id='word_1_357' title='bbox 2683 2533 2888 2588; x_wconf 87' lang='lat' dir='ltr'><strong>artibus</strong></span> <span class='ocrx_word' id='word_1_358' title='bbox 2927 2532 2982 2588; x_wconf 93' lang='lat' dir='ltr'><strong>in</strong></span> <span class='ocrx_word' id='word_1_359' title='bbox 3009 2548 3170 2603; x_wconf 90' lang='lat' dir='ltr'><strong>opere</strong></span> <span class='ocrx_word' id='word_1_360' title='bbox 3212 2533 3433 2599; x_wconf 87' lang='lat' dir='ltr'><strong>rustico,</strong></span> <span class='ocrx_word' id='word_1_361' title='bbox 3464 2533 3604 2589; x_wconf 89' lang='lat' dir='ltr'><strong>unde</strong></span> <span class='ocrx_word' id='word_1_362' title='bbox 3623 2548 3731 2589; x_wconf 61' lang='lat' dir='ltr'><strong>sus«</strong></span> 
     </span>
    </p>
   </div>
   <div class='ocr_carea' id='block_1_43' title="bbox 501 2619 3729 2696">
    <p class='ocr_par' dir='ltr' id='par_1_43' title="bbox 501 2619 3729 2696">
     <span class='ocr_line' id='line_1_43' title="bbox 501 2619 3729 2696; baseline -0.001 -15"><span class='ocrx_word' id='word_1_363' title='bbox 501 2624 784 2696; x_wconf 84' lang='lat' dir='ltr'><strong>proposui,</strong></span> <span class='ocrx_word' id='word_1_364' title='bbox 814 2631 869 2680; x_wconf 93' lang='lat' dir='ltr'><strong>et</strong></span> <span class='ocrx_word' id='word_1_365' title='bbox 889 2623 1052 2679; x_wconf 89' lang='lat' dir='ltr'><strong>alium</strong></span> <span class='ocrx_word' id='word_1_366' title='bbox 1080 2623 1184 2680; x_wconf 86' lang='lat' dir='ltr'><strong>alio</strong></span> <span class='ocrx_word' id='word_1_367' title='bbox 1213 2623 1487 2679; x_wconf 89' lang='lat' dir='ltr'><strong>meliorem</strong></span> <span class='ocrx_word' id='word_1_368' title='bbox 1527 2637 1620 2679; x_wconf 91' lang='lat' dir='ltr'><strong>seu</strong></span> <span class='ocrx_word' id='word_1_369' title='bbox 1648 2622 1974 2678; x_wconf 85' lang='lat' dir='ltr'><strong>sanctiorem</strong></span> <span class='ocrx_word' id='word_1_370' title='bbox 2002 2619 2082 2675; x_wconf 88' lang='lat' dir='ltr'><strong>di-</strong></span> <span class='ocrx_word' id='word_1_371' title='bbox 2184 2631 2433 2679; x_wconf 84' lang='lat' dir='ltr'><strong>tentatur,</strong></span> <span class='ocrx_word' id='word_1_372' title='bbox 2450 2622 2613 2678; x_wconf 89' lang='lat' dir='ltr'><strong>totius</strong></span> <span class='ocrx_word' id='word_1_373' title='bbox 2662 2621 2918 2678; x_wconf 84' lang='lat' dir='ltr'><strong>Ecclesiae</strong></span> <span class='ocrx_word' id='word_1_374' title='bbox 2955 2621 3267 2688; x_wconf 91' lang='lat' dir='ltr'><strong>multitudo;</strong></span> <span class='ocrx_word' id='word_1_375' title='bbox 3300 2623 3560 2693; x_wconf 67' lang='lat' dir='ltr'><strong>agonista:</strong></span> <span class='ocrx_word' id='word_1_376' title='bbox 3597 2637 3729 2687; x_wconf 86' lang='lat' dir='ltr'><strong>vero,</strong></span> 
     </span>
    </p>
   </div>
   <div class='ocr_carea' id='block_1_44' title="bbox 503 2710 3732 2784">
    <p class='ocr_par' dir='ltr' id='par_1_44' title="bbox 503 2710 3732 2784">
     <span class='ocr_line' id='line_1_44' title="bbox 503 2710 3732 2784; baseline -0.001 -13"><span class='ocrx_word' id='word_1_377' title='bbox 503 2729 631 2771; x_wconf 88' lang='lat' dir='ltr'><strong>cere</strong></span> <span class='ocrx_word' id='word_1_378' title='bbox 655 2723 832 2771; x_wconf 88' lang='lat' dir='ltr'><strong>ratum</strong></span> <span class='ocrx_word' id='word_1_379' title='bbox 878 2714 1027 2780; x_wconf 83' lang='lat' dir='ltr'><strong>duxi,</strong></span> <span class='ocrx_word' id='word_1_380' title='bbox 1071 2714 1303 2784; x_wconf 91' lang='lat' dir='ltr'><strong>qualiter</strong></span> <span class='ocrx_word' id='word_1_381' title='bbox 1341 2713 1534 2784; x_wconf 83' lang='lat' dir='ltr'><strong>singuli</strong></span> <span class='ocrx_word' id='word_1_382' title='bbox 1569 2713 1624 2768; x_wconf 92' lang='lat' dir='ltr'><strong>in</strong></span> <span class='ocrx_word' id='word_1_383' title='bbox 1673 2724 1772 2769; x_wconf 90' lang='lat' dir='ltr'><strong>suo</strong></span> <span class='ocrx_word' id='word_1_384' title='bbox 1810 2710 2083 2784; x_wconf 90' lang='lat' dir='ltr'><strong>proposito</strong></span> <span class='ocrx_word' id='word_1_385' title='bbox 2184 2714 2421 2770; x_wconf 89' lang='lat' dir='ltr'><strong>contenti</strong></span> <span class='ocrx_word' id='word_1_386' title='bbox 2460 2714 2740 2783; x_wconf 89' lang='lat' dir='ltr'><strong>stipendiis</strong></span> <span class='ocrx_word' id='word_1_387' title='bbox 2762 2713 2987 2781; x_wconf 65' lang='lat' dir='ltr'><strong>militiae,</strong></span> <span class='ocrx_word' id='word_1_388' title='bbox 3012 2729 3121 2769; x_wconf 89' lang='lat' dir='ltr'><strong>non</strong></span> <span class='ocrx_word' id='word_1_389' title='bbox 3142 2729 3199 2769; x_wconf 89' lang='lat' dir='ltr'><strong>se</strong></span> <span class='ocrx_word' id='word_1_390' title='bbox 3224 2712 3487 2769; x_wconf 91' lang='lat' dir='ltr'><strong>collidunt</strong></span> <span class='ocrx_word' id='word_1_391' title='bbox 3514 2711 3565 2769; x_wconf 91' lang='lat' dir='ltr'><strong>in</strong></span> <span class='ocrx_word' id='word_1_392' title='bbox 3594 2726 3732 2769; x_wconf 82' lang='lat' dir='ltr'><strong>utero</strong></span> 
     </span>
    </p>
   </div>
   <div class='ocr_carea' id='block_1_45' title="bbox 505 2801 3731 2878">
    <p class='ocr_par' dir='ltr' id='par_1_45' title="bbox 505 2801 3731 2878">
     <span class='ocr_line' id='line_1_45' title="bbox 505 2801 3731 2878; baseline -0.001 -18"><span class='ocrx_word' id='word_1_393' title='bbox 505 2802 1835 2878; x_wconf 64' lang='lat' dir='ltr'><strong>exspectantpraemiumaeternaeretributionis,vel</strong></span> <span class='ocrx_word' id='word_1_394' title='bbox 1854 2801 2085 2872; x_wconf 88' lang='lat' dir='ltr'><strong>qualiter</strong></span> <span class='ocrx_word' id='word_1_395' title='bbox 2183 2802 2382 2857; x_wconf 89' lang='lat' dir='ltr'><strong>matris</strong></span> <span class='ocrx_word' id='word_1_396' title='bbox 2408 2817 2539 2870; x_wconf 68' lang='lat' dir='ltr'><strong>suae,</strong></span> <span class='ocrx_word' id='word_1_397' title='bbox 2564 2816 2751 2857; x_wconf 81' lang='lat' dir='ltr'><strong>verum</strong></span> <span class='ocrx_word' id='word_1_398' title='bbox 2780 2802 2928 2858; x_wconf 80' lang='lat' dir='ltr'><strong>omni</strong></span> <span class='ocrx_word' id='word_1_399' title='bbox 2954 2803 3189 2875; x_wconf 86' lang='lat' dir='ltr'><strong>sagacite</strong></span> <span class='ocrx_word' id='word_1_400' title='bbox 3218 2812 3530 2876; x_wconf 73' lang='lat' dir='ltr'><strong>expugnant</strong></span> <span class='ocrx_word' id='word_1_401' title='bbox 3563 2805 3731 2859; x_wconf 84' lang='lat' dir='ltr'><strong>adver-</strong></span> 
     </span>
    </p>
   </div>
   <div class='ocr_carea' id='block_1_46' title="bbox 504 2891 3020 2965">
    <p class='ocr_par' dir='ltr' id='par_1_46' title="bbox 504 2891 3020 2965">
     <span class='ocr_line' id='line_1_46' title="bbox 504 2891 3020 2965; baseline -0.003 -11"><span class='ocrx_word' id='word_1_402' title='bbox 504 2907 815 2954; x_wconf 89' lang='lat' dir='ltr'><strong>sanctorum</strong></span> <span class='ocrx_word' id='word_1_403' title='bbox 844 2896 1061 2951; x_wconf 85' lang='lat' dir='ltr'><strong>Patrum</strong></span> <span class='ocrx_word' id='word_1_404' title='bbox 1088 2895 1410 2952; x_wconf 89' lang='lat' dir='ltr'><strong>auctoritate</strong></span> <span class='ocrx_word' id='word_1_405' title='bbox 1438 2896 1504 2951; x_wconf 90' lang='lat' dir='ltr'><strong>de</strong></span> <span class='ocrx_word' id='word_1_406' title='bbox 1523 2910 1620 2951; x_wconf 90' lang='lat' dir='ltr'><strong>suo</strong></span> <span class='ocrx_word' id='word_1_407' title='bbox 1649 2894 1815 2965; x_wconf 89' lang='lat' dir='ltr'><strong>gradu</strong></span> <span class='ocrx_word' id='word_1_408' title='bbox 1844 2893 1899 2949; x_wconf 94' lang='lat' dir='ltr'><strong>in</strong></span> <span class='ocrx_word' id='word_1_409' title='bbox 1951 2892 2084 2948; x_wconf 90' lang='lat' dir='ltr'><strong>alte—</strong></span> <span class='ocrx_word' id='word_1_410' title='bbox 2185 2891 2359 2948; x_wconf 89' lang='lat' dir='ltr'><strong>sarios</strong></span> <span class='ocrx_word' id='word_1_411' title='bbox 2387 2900 2586 2947; x_wconf 63' lang='lat' dir='ltr'><strong>sancte</strong></span> <span class='ocrx_word' id='word_1_412' title='bbox 2618 2891 2711 2946; x_wconf 90' lang='lat' dir='ltr'><strong>Dei</strong></span> <span class='ocrx_word' id='word_1_413' title='bbox 2746 2891 3020 2947; x_wconf 58' lang='lat' dir='ltr'><strong>Ecclesiae.</strong></span> 
     </span>
    </p>
   </div>
   <div class='ocr_carea' id='block_1_47' title="bbox 503 2980 3734 3058">
    <p class='ocr_par' dir='ltr' id='par_1_47' title="bbox 503 2980 3734 3058">
     <span class='ocr_line' id='line_1_47' title="bbox 503 2980 3734 3058; baseline -0.002 -16"><span class='ocrx_word' id='word_1_414' title='bbox 503 3003 623 3043; x_wconf 88' lang='lat' dir='ltr'><strong>rum</strong></span> <span class='ocrx_word' id='word_1_415' title='bbox 638 2986 943 3058; x_wconf 88' lang='lat' dir='ltr'><strong>promoveri</strong></span> <span class='ocrx_word' id='word_1_416' title='bbox 956 2987 1184 3057; x_wconf 90' lang='lat' dir='ltr'><strong>possint,</strong></span> <span class='ocrx_word' id='word_1_417' title='bbox 1201 2984 1839 3057; x_wconf 85' lang='lat' dir='ltr'><strong>breviterexpedlendum</strong></span> <span class='ocrx_word' id='word_1_418' title='bbox 1855 2983 2080 3040; x_wconf 88' lang='lat' dir='ltr'><strong>credidi.</strong></span> <span class='ocrx_word' id='word_1_419' title='bbox 2255 2982 2512 3053; x_wconf 89' lang='lat' dir='ltr'><strong>Sequitur</strong></span> <span class='ocrx_word' id='word_1_420' title='bbox 2550 2981 2868 3038; x_wconf 87' lang='lat' dir='ltr'><strong>clericorum</strong></span> <span class='ocrx_word' id='word_1_421' title='bbox 2896 2982 3050 3048; x_wconf 91' lang='lat' dir='ltr'><strong>ordo,</strong></span> <span class='ocrx_word' id='word_1_422' title='bbox 3092 2982 3183 3053; x_wconf 92' lang='lat' dir='ltr'><strong>qui</strong></span> <span class='ocrx_word' id='word_1_423' title='bbox 3209 2981 3264 3036; x_wconf 93' lang='lat' dir='ltr'><strong>in</strong></span> <span class='ocrx_word' id='word_1_424' title='bbox 3294 2980 3470 3039; x_wconf 90' lang='lat' dir='ltr'><strong>tribus</strong></span> <span class='ocrx_word' id='word_1_425' title='bbox 3498 2981 3734 3054; x_wconf 84' lang='lat' dir='ltr'><strong>gradibus</strong></span> 
     </span>
    </p>
   </div>
   <div class='ocr_carea' id='block_1_48' title="bbox 574 3070 3729 3148">
    <p class='ocr_par' dir='ltr' id='par_1_48' title="bbox 574 3070 3729 3148">
     <span class='ocr_line' id='line_1_48' title="bbox 574 3070 3729 3148; baseline -0.002 -17"><span class='ocrx_word' id='word_1_426' title='bbox 574 3077 644 3131; x_wconf 84' lang='lat' dir='ltr'><strong>Et</strong></span> <span class='ocrx_word' id='word_1_427' title='bbox 688 3075 918 3148; x_wconf 90' lang='lat' dir='ltr'><strong>coniugii</strong></span> <span class='ocrx_word' id='word_1_428' title='bbox 971 3076 1186 3146; x_wconf 87' lang='lat' dir='ltr'><strong>quidem</strong></span> <span class='ocrx_word' id='word_1_429' title='bbox 1228 3076 1367 3132; x_wconf 88' lang='lat' dir='ltr'><strong>ratio</strong></span> <span class='ocrx_word' id='word_1_430' title='bbox 1421 3076 1532 3132; x_wconf 90' lang='lat' dir='ltr'><strong>sola</strong></span> <span class='ocrx_word' id='word_1_431' title='bbox 1579 3075 1908 3146; x_wconf 86' lang='lat' dir='ltr'><strong>indulgentia</strong></span> <span class='ocrx_word' id='word_1_432' title='bbox 1951 3089 2080 3145; x_wconf 86' lang='lat' dir='ltr'><strong>per-</strong></span> <span class='ocrx_word' id='word_1_433' title='bbox 2115 3139 2150 3148; x_wconf 83' lang='lat'>_</span> <span class='ocrx_word' id='word_1_434' title='bbox 2185 3072 2496 3143; x_wconf 82' lang='lat' dir='ltr'><strong>specialiter</strong></span> <span class='ocrx_word' id='word_1_435' title='bbox 2516 3071 2882 3141; x_wconf 88' lang='lat' dir='ltr'><strong>distinguitur,</strong></span> <span class='ocrx_word' id='word_1_436' title='bbox 2917 3073 3022 3128; x_wconf 89' lang='lat' dir='ltr'><strong>hoc</strong></span> <span class='ocrx_word' id='word_1_437' title='bbox 3064 3079 3169 3139; x_wconf 91' lang='lat' dir='ltr'><strong>est,</strong></span> <span class='ocrx_word' id='word_1_438' title='bbox 3196 3070 3564 3137; x_wconf 89' lang='lat' dir='ltr'><strong>diaconorum,</strong></span> <span class='ocrx_word' id='word_1_439' title='bbox 3598 3085 3729 3141; x_wconf 85' lang='lat' dir='ltr'><strong>pres-</strong></span> 
     </span>
    </p>
   </div>
   <div class='ocr_carea' id='block_1_49' title="bbox 503 3139 3729 3237">
    <p class='ocr_par' dir='ltr' id='par_1_49' title="bbox 503 3139 3729 3237">
     <span class='ocr_line' id='line_1_49' title="bbox 503 3139 3729 3237; baseline -0.002 -15"><span class='ocrx_word' id='word_1_440' title='bbox 503 3167 738 3222; x_wconf 89' lang='lat' dir='ltr'><strong>mittitur</strong></span> <span class='ocrx_word' id='word_1_441' title='bbox 760 3139 802 3232; x_wconf 36' lang='lat' dir='ltr'><strong>,v</strong></span> <span class='ocrx_word' id='word_1_442' title='bbox 838 3139 908 3221; x_wconf 71' lang='lat' dir='ltr'><strong>ne</strong></span> <span class='ocrx_word' id='word_1_443' title='bbox 964 3139 1257 3236; x_wconf 73' lang='lat' dir='ltr'><strong>fragilitate</strong></span> <span class='ocrx_word' id='word_1_444' title='bbox 1309 3169 1489 3222; x_wconf 84' lang='lat' dir='ltr'><strong>carnis</strong></span> <span class='ocrx_word' id='word_1_445' title='bbox 1558 3168 1610 3220; x_wconf 92' lang='lat' dir='ltr'><strong>in</strong></span> <span class='ocrx_word' id='word_1_446' title='bbox 1658 3139 1896 3222; x_wconf 51' lang='lat' dir='ltr'><strong>deterius</strong></span> <span class='ocrx_word' id='word_1_447' title='bbox 1947 3139 2079 3221; x_wconf 56' lang='lat' dir='ltr'><strong>tutas</strong></span> <span class='ocrx_word' id='word_1_448' title='bbox 2106 3139 2151 3202; x_wconf 56' lang='grc' dir='ltr'><strong>(ἶ</strong></span> <span class='ocrx_word' id='word_1_449' title='bbox 2182 3139 2493 3237; x_wconf 50' lang='lat' dir='ltr'><strong>biterorum</strong></span> <span class='ocrx_word' id='word_1_450' title='bbox 2542 3174 2596 3221; x_wconf 91' lang='lat' dir='ltr'><strong>et</strong></span> <span class='ocrx_word' id='word_1_451' title='bbox 2641 3139 3015 3237; x_wconf 81' lang='lat' dir='ltr'><strong>episcoporum</strong></span> <span class='ocrx_word' id='word_1_452' title='bbox 3049 3182 3063 3219; x_wconf 90' lang='lat'><strong>:</strong></span> <span class='ocrx_word' id='word_1_453' title='bbox 3105 3180 3232 3220; x_wconf 87' lang='lat' dir='ltr'><strong>nam</strong></span> <span class='ocrx_word' id='word_1_454' title='bbox 3274 3166 3466 3222; x_wconf 84' lang='lat' dir='ltr'><strong>omnes</strong></span> <span class='ocrx_word' id='word_1_455' title='bbox 3493 3139 3729 3236; x_wconf 12' lang='lat' dir='ltr'><strong>quiﬁsunt</strong></span> 
     </span>
    </p>
   </div>
   <div class='ocr_carea' id='block_1_50' title="bbox 506 3253 3731 3327">
    <p class='ocr_par' dir='ltr' id='par_1_50' title="bbox 506 3253 3731 3327">
     <span class='ocr_line' id='line_1_50' title="bbox 506 3253 3731 3327; baseline -0.002 -17"><span class='ocrx_word' id='word_1_456' title='bbox 506 3254 795 3327; x_wconf 84' lang='lat' dir='ltr'><strong>proclivior</strong></span> <span class='ocrx_word' id='word_1_457' title='bbox 814 3254 1115 3311; x_wconf 86' lang='lat' dir='ltr'><strong>delabatur.</strong></span> <span class='ocrx_word' id='word_1_458' title='bbox 1148 3254 1286 3310; x_wconf 86' lang='lat' dir='ltr'><strong>Nulli</strong></span> <span class='ocrx_word' id='word_1_459' title='bbox 1309 3256 1452 3311; x_wconf 91' lang='lat' dir='ltr'><strong>enim</strong></span> <span class='ocrx_word' id='word_1_460' title='bbox 1473 3254 1779 3327; x_wconf 89' lang='lat' dir='ltr'><strong>coniugium</strong></span> <span class='ocrx_word' id='word_1_461' title='bbox 1806 3255 2081 3310; x_wconf 86' lang='lat' dir='ltr'><strong>interdici-</strong></span> <span class='ocrx_word' id='word_1_462' title='bbox 2184 3254 2451 3310; x_wconf 88' lang='lat' dir='ltr'><strong>inferioris</strong></span> <span class='ocrx_word' id='word_1_463' title='bbox 2472 3255 2670 3325; x_wconf 88' lang='lat' dir='ltr'><strong>gradus</strong></span> <span class='ocrx_word' id='word_1_464' title='bbox 2695 3268 2791 3324; x_wconf 89' lang='lat' dir='ltr'><strong>per</strong></span> <span class='ocrx_word' id='word_1_465' title='bbox 2806 3253 3117 3310; x_wconf 89' lang='lat' dir='ltr'><strong>abusionem</strong></span> <span class='ocrx_word' id='word_1_466' title='bbox 3130 3253 3312 3310; x_wconf 90' lang='lat' dir='ltr'><strong>clerici</strong></span> <span class='ocrx_word' id='word_1_467' title='bbox 3329 3264 3601 3319; x_wconf 86' lang='lat' dir='ltr'><strong>vocantur,</strong></span> <span class='ocrx_word' id='word_1_468' title='bbox 3619 3253 3731 3308; x_wconf 83' lang='lat' dir='ltr'><strong>dum</strong></span> 
     </span>
    </p>
   </div>
   <div class='ocr_carea' id='block_1_51' title="bbox 509 3343 3730 3419">
    <p class='ocr_par' dir='ltr' id='par_1_51' title="bbox 509 3343 3730 3419">
     <span class='ocr_line' id='line_1_51' title="bbox 509 3343 3730 3419; baseline -0.001 -20"><span class='ocrx_word' id='word_1_469' title='bbox 509 3354 615 3409; x_wconf 90' lang='lat' dir='ltr'><strong>tur,</strong></span> <span class='ocrx_word' id='word_1_470' title='bbox 660 3344 766 3400; x_wconf 88' lang='lat' dir='ltr'><strong>nisi</strong></span> <span class='ocrx_word' id='word_1_471' title='bbox 791 3343 841 3400; x_wconf 92' lang='lat' dir='ltr'><strong>ei</strong></span> <span class='ocrx_word' id='word_1_472' title='bbox 867 3344 957 3415; x_wconf 93' lang='lat' dir='ltr'><strong>qui</strong></span> <span class='ocrx_word' id='word_1_473' title='bbox 990 3346 1060 3400; x_wconf 91' lang='lat' dir='ltr'><strong>ob</strong></span> <span class='ocrx_word' id='word_1_474' title='bbox 1085 3346 1437 3415; x_wconf 88' lang='lat' dir='ltr'><strong>promerenda</strong></span> <span class='ocrx_word' id='word_1_475' title='bbox 1466 3360 1712 3415; x_wconf 65' lang='lat' dir='ltr'><strong>supernae</strong></span> <span class='ocrx_word' id='word_1_476' title='bbox 1734 3347 1920 3416; x_wconf 85' lang='lat' dir='ltr'><strong>patriae</strong></span> <span class='ocrx_word' id='word_1_477' title='bbox 1946 3362 2077 3419; x_wconf 86' lang='lat' dir='ltr'><strong>gau-</strong></span> <span class='ocrx_word' id='word_1_478' title='bbox 2180 3344 2260 3399; x_wconf 90' lang='lat' dir='ltr'><strong>eis</strong></span> <span class='ocrx_word' id='word_1_479' title='bbox 2294 3344 2433 3399; x_wconf 91' lang='lat' dir='ltr'><strong>sicut</strong></span> <span class='ocrx_word' id='word_1_480' title='bbox 2463 3352 2517 3400; x_wconf 88' lang='lat' dir='ltr'><strong>et</strong></span> <span class='ocrx_word' id='word_1_481' title='bbox 2542 3344 2693 3400; x_wconf 86' lang='lat' dir='ltr'><strong>laicis</strong></span> <span class='ocrx_word' id='word_1_482' title='bbox 2722 3359 2787 3400; x_wconf 82' lang='lat' dir='ltr'><strong>ex</strong></span> <span class='ocrx_word' id='word_1_483' title='bbox 2834 3343 3167 3416; x_wconf 89' lang='lat' dir='ltr'><strong>indulgentia</strong></span> <span class='ocrx_word' id='word_1_484' title='bbox 3196 3345 3531 3415; x_wconf 91' lang='lat' dir='ltr'><strong>permittitur</strong></span> <span class='ocrx_word' id='word_1_485' title='bbox 3554 3343 3730 3401; x_wconf 88' lang='lat' dir='ltr'><strong>sociari</strong></span> 
     </span>
    </p>
   </div>
   <div class='ocr_carea' id='block_1_52' title="bbox 507 3431 3731 3507">
    <p class='ocr_par' dir='ltr' id='par_1_52' title="bbox 507 3431 3731 3507">
     <span class='ocr_line' id='line_1_52' title="bbox 507 3431 3731 3507; baseline -0.002 -17"><span class='ocrx_word' id='word_1_486' title='bbox 507 3436 594 3490; x_wconf 88' lang='lat' dir='ltr'><strong>dia</strong></span> <span class='ocrx_word' id='word_1_487' title='bbox 635 3442 826 3504; x_wconf 89' lang='lat' dir='ltr'><strong>sponte</strong></span> <span class='ocrx_word' id='word_1_488' title='bbox 874 3448 969 3490; x_wconf 90' lang='lat' dir='ltr'><strong>sua</strong></span> <span class='ocrx_word' id='word_1_489' title='bbox 1026 3434 1219 3507; x_wconf 86' lang='lat' dir='ltr'><strong>delegit</strong></span> <span class='ocrx_word' id='word_1_490' title='bbox 1254 3435 1434 3507; x_wconf 90' lang='lat' dir='ltr'><strong>iugem</strong></span> <span class='ocrx_word' id='word_1_491' title='bbox 1464 3437 1848 3491; x_wconf 87' lang='lat' dir='ltr'><strong>continentiam</strong></span> <span class='ocrx_word' id='word_1_492' title='bbox 1873 3477 1888 3503; x_wconf 92' lang='lat'><strong>,</strong></span> <span class='ocrx_word' id='word_1_493' title='bbox 1917 3451 2079 3507; x_wconf 89' lang='lat' dir='ltr'><strong>quam</strong></span> <span class='ocrx_word' id='word_1_494' title='bbox 2182 3431 2514 3504; x_wconf 88' lang='lat' dir='ltr'><strong>coniugibus.</strong></span> <span class='ocrx_word' id='word_1_495' title='bbox 2540 3433 2764 3490; x_wconf 88' lang='lat' dir='ltr'><strong>Constat</strong></span> <span class='ocrx_word' id='word_1_496' title='bbox 2797 3449 2928 3490; x_wconf 90' lang='lat' dir='ltr'><strong>sane</strong></span> <span class='ocrx_word' id='word_1_497' title='bbox 2960 3434 3029 3488; x_wconf 88' lang='lat' dir='ltr'><strong>ab</strong></span> <span class='ocrx_word' id='word_1_498' title='bbox 3054 3435 3311 3506; x_wconf 88' lang='lat' dir='ltr'><strong>apostolis</strong></span> <span class='ocrx_word' id='word_1_499' title='bbox 3337 3443 3391 3490; x_wconf 90' lang='lat' dir='ltr'><strong>et</strong></span> <span class='ocrx_word' id='word_1_500' title='bbox 3416 3450 3597 3491; x_wconf 91' lang='lat' dir='ltr'><strong>eorum</strong></span> <span class='ocrx_word' id='word_1_501' title='bbox 3625 3449 3731 3488; x_wconf 88' lang='lat' dir='ltr'><strong>suc-</strong></span> 
     </span>
    </p>
   </div>
   <div class='ocr_carea' id='block_1_53' title="bbox 505 3522 3727 3593">
    <p class='ocr_par' dir='ltr' id='par_1_53' title="bbox 505 3522 3727 3593">
     <span class='ocr_line' id='line_1_53' title="bbox 505 3522 3727 3593; baseline -0.002 -11"><span class='ocrx_word' id='word_1_502' title='bbox 505 3536 564 3583; x_wconf 89' lang='lat' dir='ltr'><strong>et</strong></span> <span class='ocrx_word' id='word_1_503' title='bbox 609 3525 657 3581; x_wconf 89' lang='lat' dir='ltr'><strong>si</strong></span> <span class='ocrx_word' id='word_1_504' title='bbox 719 3525 896 3581; x_wconf 91' lang='lat' dir='ltr'><strong>minus</strong></span> <span class='ocrx_word' id='word_1_505' title='bbox 955 3524 1229 3591; x_wconf 86' lang='lat' dir='ltr'><strong>exhibuit,</strong></span> <span class='ocrx_word' id='word_1_506' title='bbox 1277 3526 1558 3581; x_wconf 81' lang='lat' dir='ltr'><strong>devotione</strong></span> <span class='ocrx_word' id='word_1_507' title='bbox 1598 3526 1860 3581; x_wconf 85' lang='lat' dir='ltr'><strong>secretius</strong></span> <span class='ocrx_word' id='word_1_508' title='bbox 1906 3526 2077 3588; x_wconf 90' lang='lat' dir='ltr'><strong>irrita,</strong></span> <span class='ocrx_word' id='word_1_509' title='bbox 2181 3523 2485 3582; x_wconf 85' lang='lat' dir='ltr'><strong>ccssoribus</strong></span> <span class='ocrx_word' id='word_1_510' title='bbox 2503 3538 2624 3580; x_wconf 89' lang='lat' dir='ltr'><strong>esse</strong></span> <span class='ocrx_word' id='word_1_511' title='bbox 2643 3524 2972 3593; x_wconf 90' lang='lat' dir='ltr'><strong>prohibitum</strong></span> <span class='ocrx_word' id='word_1_512' title='bbox 2997 3522 3247 3588; x_wconf 85' lang='lat' dir='ltr'><strong>clericos,</strong></span> <span class='ocrx_word' id='word_1_513' title='bbox 3285 3524 3339 3580; x_wconf 93' lang='lat' dir='ltr'><strong>id</strong></span> <span class='ocrx_word' id='word_1_514' title='bbox 3368 3533 3452 3580; x_wconf 84' lang='lat' dir='ltr'><strong>est</strong></span> <span class='ocrx_word' id='word_1_515' title='bbox 3473 3527 3727 3583; x_wconf 80' lang='lat' dir='ltr'><strong>diaconos,</strong></span> 
     </span>
    </p>
   </div>
   <div class='ocr_carea' id='block_1_54' title="bbox 505 3604 3731 3690">
    <p class='ocr_par' dir='ltr' id='par_1_54' title="bbox 505 3604 3731 3690">
     <span class='ocr_line' id='line_1_54' title="bbox 505 3604 3731 3690; baseline -0.003 -16"><span class='ocrx_word' id='word_1_516' title='bbox 505 3604 782 3675; x_wconf 88' lang='lat' dir='ltr'><strong>secretiori</strong></span> <span class='ocrx_word' id='word_1_517' title='bbox 824 3616 1033 3673; x_wconf 79' lang='lat' dir='ltr'><strong>facinus</strong></span> <span class='ocrx_word' id='word_1_518' title='bbox 1069 3616 1351 3673; x_wconf 88' lang='lat' dir='ltr'><strong>delendum</strong></span> <span class='ocrx_word' id='word_1_519' title='bbox 1373 3618 1791 3688; x_wconf 83' lang='lat' dir='ltr'><strong>estpoenitentia</strong></span> <span class='ocrx_word' id='word_1_520' title='bbox 1825 3635 1839 3672; x_wconf 91' lang='lat'><strong>:</strong></span> <span class='ocrx_word' id='word_1_521' title='bbox 1880 3619 1955 3672; x_wconf 90' lang='lat' dir='ltr'><strong>ita</strong></span> <span class='ocrx_word' id='word_1_522' title='bbox 2003 3625 2083 3672; x_wconf 90' lang='lat' dir='ltr'><strong>ta-</strong></span> <span class='ocrx_word' id='word_1_523' title='bbox 2182 3614 2523 3684; x_wconf 81' lang='lat' dir='ltr'><strong>presbyteros</strong></span> <span class='ocrx_word' id='word_1_524' title='bbox 2570 3621 2623 3669; x_wconf 91' lang='lat' dir='ltr'><strong>et</strong></span> <span class='ocrx_word' id='word_1_525' title='bbox 2667 3614 2948 3684; x_wconf 89' lang='lat' dir='ltr'><strong>episcopos</strong></span> <span class='ocrx_word' id='word_1_526' title='bbox 2980 3628 3099 3670; x_wconf 89' lang='lat' dir='ltr'><strong>esse</strong></span> <span class='ocrx_word' id='word_1_527' title='bbox 3141 3617 3376 3670; x_wconf 75' lang='lat' dir='ltr'><strong>usorios.</strong></span> <span class='ocrx_word' id='word_1_528' title='bbox 3412 3615 3598 3690; x_wconf 68' lang='grc' dir='ltr'><strong>κλῆρος</strong></span> <span class='ocrx_word' id='word_1_529' title='bbox 3632 3623 3731 3668; x_wconf 86' lang='lat' dir='ltr'><strong>etc-</strong></span> 
     </span>
    </p>
   </div>
   <div class='ocr_carea' id='block_1_55' title="bbox 507 3703 3727 3779">
    <p class='ocr_par' dir='ltr' id='par_1_55' title="bbox 507 3703 3727 3779">
     <span class='ocr_line' id='line_1_55' title="bbox 507 3703 3727 3779; baseline -0.003 -13"><span class='ocrx_word' id='word_1_530' title='bbox 507 3723 630 3766; x_wconf 89' lang='lat' dir='ltr'><strong>men</strong></span> <span class='ocrx_word' id='word_1_531' title='bbox 674 3717 736 3763; x_wconf 88' lang='lat' dir='ltr'><strong>ut</strong></span> <span class='ocrx_word' id='word_1_532' title='bbox 790 3708 844 3763; x_wconf 93' lang='lat' dir='ltr'><strong>in</strong></span> <span class='ocrx_word' id='word_1_533' title='bbox 896 3722 962 3764; x_wconf 90' lang='lat' dir='ltr'><strong>eo</strong></span> <span class='ocrx_word' id='word_1_534' title='bbox 1006 3707 1173 3779; x_wconf 89' lang='lat' dir='ltr'><strong>gradu</strong></span> <span class='ocrx_word' id='word_1_535' title='bbox 1219 3716 1550 3778; x_wconf 88' lang='lat' dir='ltr'><strong>permaneat,</strong></span> <span class='ocrx_word' id='word_1_536' title='bbox 1612 3708 1666 3762; x_wconf 91' lang='lat' dir='ltr'><strong>in</strong></span> <span class='ocrx_word' id='word_1_537' title='bbox 1725 3722 1831 3778; x_wconf 90' lang='lat' dir='ltr'><strong>quo</strong></span> <span class='ocrx_word' id='word_1_538' title='bbox 1881 3709 2079 3764; x_wconf 88' lang='lat' dir='ltr'><strong>malum</strong></span> <span class='ocrx_word' id='word_1_539' title='bbox 2183 3705 2290 3758; x_wconf 90' lang='lat' dir='ltr'><strong>nim</strong></span> <span class='ocrx_word' id='word_1_540' title='bbox 2342 3704 2550 3771; x_wconf 85' lang='lat' dir='ltr'><strong>Graece,</strong></span> <span class='ocrx_word' id='word_1_541' title='bbox 2584 3704 2773 3760; x_wconf 90' lang='lat' dir='ltr'><strong>Latine</strong></span> <span class='ocrx_word' id='word_1_542' title='bbox 2806 3706 3006 3761; x_wconf 88' lang='lat' dir='ltr'><strong>dicitur</strong></span> <span class='ocrx_word' id='word_1_543' title='bbox 3066 3723 3200 3773; x_wconf 84' lang='lat' dir='ltr'><strong>sors,</strong></span> <span class='ocrx_word' id='word_1_544' title='bbox 3257 3706 3399 3762; x_wconf 90' lang='lat' dir='ltr'><strong>unde</strong></span> <span class='ocrx_word' id='word_1_545' title='bbox 3450 3705 3623 3762; x_wconf 78' lang='lat' dir='ltr'><strong>clerici</strong></span> <span class='ocrx_word' id='word_1_546' title='bbox 3670 3703 3727 3756; x_wconf 79' lang='lat' dir='ltr'><strong>ad</strong></span> 
     </span>
    </p>
   </div>
   <div class='ocr_carea' id='block_1_56' title="bbox 507 3793 3729 3871">
    <p class='ocr_par' dir='ltr' id='par_1_56' title="bbox 507 3793 3729 3871">
     <span class='ocr_line' id='line_1_56' title="bbox 507 3793 3729 3871; baseline -0.003 -14"><span class='ocrx_word' id='word_1_547' title='bbox 507 3815 567 3857; x_wconf 87' lang='lat' dir='ltr'><strong>se</strong></span> <span class='ocrx_word' id='word_1_548' title='bbox 591 3807 934 3871; x_wconf 85' lang='lat' dir='ltr'><strong>perpetrasse</strong></span> <span class='ocrx_word' id='word_1_549' title='bbox 957 3796 1201 3868; x_wconf 88' lang='lat' dir='ltr'><strong>deplorat</strong></span> <span class='ocrx_word' id='word_1_550' title='bbox 1226 3813 1241 3863; x_wconf 92' lang='lat'><strong>;</strong></span> <span class='ocrx_word' id='word_1_551' title='bbox 1266 3797 1348 3852; x_wconf 89' lang='lat' dir='ltr'><strong>sin</strong></span> <span class='ocrx_word' id='word_1_552' title='bbox 1374 3811 1503 3853; x_wconf 90' lang='lat' dir='ltr'><strong>vero</strong></span> <span class='ocrx_word' id='word_1_553' title='bbox 1532 3801 1870 3853; x_wconf 88' lang='lat' dir='ltr'><strong>sacerdotum</strong></span> <span class='ocrx_word' id='word_1_554' title='bbox 1894 3798 2082 3853; x_wconf 84' lang='lat' dir='ltr'><strong>Testa-</strong></span> <span class='ocrx_word' id='word_1_555' title='bbox 2182 3796 2590 3852; x_wconf 80' lang='lat' dir='ltr'><strong>sacriﬁcandum</strong></span> <span class='ocrx_word' id='word_1_556' title='bbox 2620 3803 2703 3852; x_wconf 88' lang='lat' dir='ltr'><strong>vel</strong></span> <span class='ocrx_word' id='word_1_557' title='bbox 2749 3800 2817 3852; x_wconf 89' lang='lat' dir='ltr'><strong>ad</strong></span> <span class='ocrx_word' id='word_1_558' title='bbox 2864 3797 3276 3852; x_wconf 88' lang='lat' dir='ltr'><strong>ministrandum</strong></span> <span class='ocrx_word' id='word_1_559' title='bbox 3324 3798 3379 3853; x_wconf 92' lang='lat' dir='ltr'><strong>in</strong></span> <span class='ocrx_word' id='word_1_560' title='bbox 3425 3809 3617 3854; x_wconf 90' lang='lat' dir='ltr'><strong>sortem</strong></span> <span class='ocrx_word' id='word_1_561' title='bbox 3648 3793 3729 3849; x_wconf 88' lang='lat' dir='ltr'><strong>Dei</strong></span> 
     </span>
    </p>
   </div>
   <div class='ocr_carea' id='block_1_57' title="bbox 505 3886 3728 3962">
    <p class='ocr_par' dir='ltr' id='par_1_57' title="bbox 505 3886 3728 3962">
     <span class='ocr_line' id='line_1_57' title="bbox 505 3886 3728 3962; baseline -0.002 -15"><span class='ocrx_word' id='word_1_562' title='bbox 505 3891 675 3947; x_wconf 90' lang='lat' dir='ltr'><strong>menti</strong></span> <span class='ocrx_word' id='word_1_563' title='bbox 698 3889 913 3946; x_wconf 81' lang='lat' dir='ltr'><strong>Veteris</strong></span> <span class='ocrx_word' id='word_1_564' title='bbox 942 3890 1082 3944; x_wconf 86' lang='lat' dir='ltr'><strong>hanc</strong></span> <span class='ocrx_word' id='word_1_565' title='bbox 1109 3886 1209 3943; x_wconf 89' lang='lat' dir='ltr'><strong>sibi</strong></span> <span class='ocrx_word' id='word_1_566' title='bbox 1245 3886 1534 3943; x_wconf 77' lang='lat' dir='ltr'><strong>defendere</strong></span> <span class='ocrx_word' id='word_1_567' title='bbox 1578 3887 1825 3953; x_wconf 85' lang='lat' dir='ltr'><strong>voluerit,</strong></span> <span class='ocrx_word' id='word_1_568' title='bbox 1864 3888 2082 3960; x_wconf 87' lang='lat' dir='ltr'><strong>proprio</strong></span> <span class='ocrx_word' id='word_1_569' title='bbox 2182 3891 2372 3948; x_wconf 90' lang='lat' dir='ltr'><strong>adsciti</strong></span> <span class='ocrx_word' id='word_1_570' title='bbox 2394 3892 2641 3947; x_wconf 89' lang='lat' dir='ltr'><strong>studeant</strong></span> <span class='ocrx_word' id='word_1_571' title='bbox 2669 3906 2775 3946; x_wconf 88' lang='lat' dir='ltr'><strong>non</strong></span> <span class='ocrx_word' id='word_1_572' title='bbox 2801 3891 3094 3947; x_wconf 87' lang='lat' dir='ltr'><strong>carnaliter</strong></span> <span class='ocrx_word' id='word_1_573' title='bbox 3112 3892 3205 3947; x_wconf 90' lang='lat' dir='ltr'><strong>sed</strong></span> <span class='ocrx_word' id='word_1_574' title='bbox 3233 3891 3586 3962; x_wconf 84' lang='lat' dir='ltr'><strong>spiritualiter</strong></span> <span class='ocrx_word' id='word_1_575' title='bbox 3607 3889 3728 3944; x_wconf 83' lang='lat' dir='ltr'><strong>ﬁlios</strong></span> 
     </span>
    </p>
   </div>
   <div class='ocr_carea' id='block_1_58' title="bbox 508 3977 3728 4055">
    <p class='ocr_par' dir='ltr' id='par_1_58' title="bbox 508 3977 3728 4055">
     <span class='ocr_line' id='line_1_58' title="bbox 508 3977 3728 4055; baseline -0.003 -16"><span class='ocrx_word' id='word_1_576' title='bbox 508 3983 674 4055; x_wconf 88' lang='lat' dir='ltr'><strong>gradu</strong></span> <span class='ocrx_word' id='word_1_577' title='bbox 711 3980 989 4047; x_wconf 90' lang='lat' dir='ltr'><strong>decidens,</strong></span> <span class='ocrx_word' id='word_1_578' title='bbox 1019 3977 1234 4035; x_wconf 83' lang='lat' dir='ltr'><strong>ﬂetibus</strong></span> <span class='ocrx_word' id='word_1_579' title='bbox 1266 3978 1478 4048; x_wconf 88' lang='lat' dir='ltr'><strong>culpam</strong></span> <span class='ocrx_word' id='word_1_580' title='bbox 1526 3978 1698 4033; x_wconf 89' lang='lat' dir='ltr'><strong>diluit.</strong></span> <span class='ocrx_word' id='word_1_581' title='bbox 1744 3978 1883 4034; x_wconf 85' lang='lat' dir='ltr'><strong>Ecce</strong></span> <span class='ocrx_word' id='word_1_582' title='bbox 1913 3979 2077 4033; x_wconf 89' lang='lat' dir='ltr'><strong>ratio:</strong></span> <span class='ocrx_word' id='word_1_583' title='bbox 2178 3981 2414 4052; x_wconf 78' lang='lat' dir='ltr'><strong>gignere,</strong></span> <span class='ocrx_word' id='word_1_584' title='bbox 2441 3991 2499 4036; x_wconf 90' lang='lat' dir='ltr'><strong>ut</strong></span> <span class='ocrx_word' id='word_1_585' title='bbox 2544 3996 2756 4050; x_wconf 88' lang='lat' dir='ltr'><strong>semper</strong></span> <span class='ocrx_word' id='word_1_586' title='bbox 2799 3981 2907 4037; x_wconf 89' lang='lat' dir='ltr'><strong>sint</strong></span> <span class='ocrx_word' id='word_1_587' title='bbox 2957 3996 3222 4036; x_wconf 84' lang='lat' dir='ltr'><strong>memores</strong></span> <span class='ocrx_word' id='word_1_588' title='bbox 3251 3981 3415 4037; x_wconf 90' lang='lat' dir='ltr'><strong>sortis</strong></span> <span class='ocrx_word' id='word_1_589' title='bbox 3442 3989 3728 4038; x_wconf 87' lang='lat' dir='ltr'><strong>sanctorqu</strong></span> 
     </span>
    </p>
   </div>
   <div class='ocr_carea' id='block_1_59' title="bbox 507 4069 3727 4142">
    <p class='ocr_par' dir='ltr' id='par_1_59' title="bbox 507 4069 3727 4142">
     <span class='ocr_line' id='line_1_59' title="bbox 507 4069 3727 4142; baseline -0.005 -8"><span class='ocrx_word' id='word_1_590' title='bbox 507 4077 551 4134; x_wconf 90' lang='lat' dir='ltr'><strong>si</strong></span> <span class='ocrx_word' id='word_1_591' title='bbox 581 4076 721 4132; x_wconf 89' lang='lat' dir='ltr'><strong>inter</strong></span> <span class='ocrx_word' id='word_1_592' title='bbox 753 4088 848 4131; x_wconf 90' lang='lat' dir='ltr'><strong>eos</strong></span> <span class='ocrx_word' id='word_1_593' title='bbox 871 4072 941 4130; x_wconf 89' lang='lat' dir='ltr'><strong>sit</strong></span> <span class='ocrx_word' id='word_1_594' title='bbox 967 4072 1161 4142; x_wconf 89' lang='lat' dir='ltr'><strong>quibus</strong></span> <span class='ocrx_word' id='word_1_595' title='bbox 1209 4070 1358 4137; x_wconf 88' lang='lat' dir='ltr'><strong>licet,</strong></span> <span class='ocrx_word' id='word_1_596' title='bbox 1386 4069 1528 4126; x_wconf 90' lang='lat' dir='ltr'><strong>nulla</strong></span> <span class='ocrx_word' id='word_1_597' title='bbox 1570 4083 1731 4138; x_wconf 88' lang='lat' dir='ltr'><strong>poena</strong></span> <span class='ocrx_word' id='word_1_598' title='bbox 1768 4071 2079 4135; x_wconf 89' lang='lat' dir='ltr'><strong>mulctatur,</strong></span> <span class='ocrx_word' id='word_1_599' title='bbox 2181 4070 2232 4124; x_wconf 92' lang='lat' dir='ltr'><strong>in</strong></span> <span class='ocrx_word' id='word_1_600' title='bbox 2265 4070 2495 4137; x_wconf 90' lang='lat' dir='ltr'><strong>lumine;</strong></span> <span class='ocrx_word' id='word_1_601' title='bbox 2520 4085 2643 4124; x_wconf 91' lang='lat' dir='ltr'><strong>nam</strong></span> <span class='ocrx_word' id='word_1_602' title='bbox 2673 4070 2772 4139; x_wconf 89' lang='lat' dir='ltr'><strong>ipsi</strong></span> <span class='ocrx_word' id='word_1_603' title='bbox 2793 4070 3104 4140; x_wconf 90' lang='lat' dir='ltr'><strong>quotidiana</strong></span> <span class='ocrx_word' id='word_1_604' title='bbox 3126 4069 3492 4126; x_wconf 89' lang='lat' dir='ltr'><strong>sollicitudine</strong></span> <span class='ocrx_word' id='word_1_605' title='bbox 3511 4069 3727 4125; x_wconf 87' lang='lat' dir='ltr'><strong>omnium</strong></span> 
     </span>
    </p>
   </div>
   <div class='ocr_carea' id='block_1_60' title="bbox 508 4158 3727 4240">
    <p class='ocr_par' dir='ltr' id='par_1_60' title="bbox 508 4158 3727 4240">
     <span class='ocr_line' id='line_1_60' title="bbox 508 4158 3727 4240; baseline -0.005 -15"><span class='ocrx_word' id='word_1_606' title='bbox 508 4171 603 4225; x_wconf 90' lang='lat' dir='ltr'><strong>sed</strong></span> <span class='ocrx_word' id='word_1_607' title='bbox 628 4170 791 4224; x_wconf 90' lang='lat' dir='ltr'><strong>etiam</strong></span> <span class='ocrx_word' id='word_1_608' title='bbox 816 4168 975 4240; x_wconf 86' lang='lat' dir='ltr'><strong>digna</strong></span> <span class='ocrx_word' id='word_1_609' title='bbox 995 4166 1216 4237; x_wconf 66' lang='lat' dir='ltr'><strong>prtemio</strong></span> <span class='ocrx_word' id='word_1_610' title='bbox 1243 4165 1493 4229; x_wconf 89' lang='lat' dir='ltr'><strong>habetur,</strong></span> <span class='ocrx_word' id='word_1_611' title='bbox 1516 4179 1581 4218; x_wconf 92' lang='lat' dir='ltr'><strong>eo</strong></span> <span class='ocrx_word' id='word_1_612' title='bbox 1601 4165 1741 4234; x_wconf 83' lang='lat' dir='ltr'><strong>quod</strong></span> <span class='ocrx_word' id='word_1_613' title='bbox 1762 4164 2076 4227; x_wconf 89' lang='lat' dir='ltr'><strong>obediendo,</strong></span> <span class='ocrx_word' id='word_1_614' title='bbox 2178 4161 2538 4217; x_wconf 86' lang='lat' dir='ltr'><strong>Ecclesiarum</strong></span> <span class='ocrx_word' id='word_1_615' title='bbox 2560 4170 2807 4231; x_wconf 88' lang='lat' dir='ltr'><strong>suscepta</strong></span> <span class='ocrx_word' id='word_1_616' title='bbox 2843 4161 2931 4233; x_wconf 86' lang='lat' dir='ltr'><strong>(II</strong></span> <span class='ocrx_word' id='word_1_617' title='bbox 2968 4161 3091 4216; x_wconf 87' lang='lat' dir='ltr'><strong>Cor.</strong></span> <span class='ocrx_word' id='word_1_618' title='bbox 3125 4177 3186 4229; x_wconf 83' lang='grc' dir='ltr'><strong>ιι,</strong></span> <span class='ocrx_word' id='word_1_619' title='bbox 3224 4162 3317 4233; x_wconf 73' lang='lat'><strong>28)</strong></span> <span class='ocrx_word' id='word_1_620' title='bbox 3350 4162 3402 4216; x_wconf 93' lang='lat' dir='ltr'><strong>in</strong></span> <span class='ocrx_word' id='word_1_621' title='bbox 3432 4161 3602 4217; x_wconf 83' lang='lat' dir='ltr'><strong>activa</strong></span> <span class='ocrx_word' id='word_1_622' title='bbox 3631 4158 3727 4211; x_wconf 85' lang='lat' dir='ltr'><strong>vita</strong></span> 
     </span>
    </p>
   </div>
   <div class='ocr_carea' id='block_1_61' title="bbox 509 4247 3729 4324">
    <p class='ocr_par' dir='ltr' id='par_1_61' title="bbox 509 4247 3729 4324">
     <span class='ocr_line' id='line_1_61' title="bbox 509 4247 3729 4324; baseline -0.005 -9"><span class='ocrx_word' id='word_1_623' title='bbox 509 4260 758 4315; x_wconf 89' lang='lat' dir='ltr'><strong>castitate</strong></span> <span class='ocrx_word' id='word_1_624' title='bbox 802 4266 1052 4313; x_wconf 88' lang='lat' dir='ltr'><strong>contenta</strong></span> <span class='ocrx_word' id='word_1_625' title='bbox 1082 4257 1153 4312; x_wconf 92' lang='lat' dir='ltr'><strong>sit</strong></span> <span class='ocrx_word' id='word_1_626' title='bbox 1192 4269 1353 4324; x_wconf 86' lang='lat' dir='ltr'><strong>quam</strong></span> <span class='ocrx_word' id='word_1_627' title='bbox 1382 4254 1668 4324; x_wconf 86' lang='lat' dir='ltr'><strong>Apostolus</strong></span> <span class='ocrx_word' id='word_1_628' title='bbox 1706 4255 1926 4320; x_wconf 89' lang='lat' dir='ltr'><strong>docuit;</strong></span> <span class='ocrx_word' id='word_1_629' title='bbox 1955 4269 2081 4324; x_wconf 89' lang='lat' dir='ltr'><strong>pro—</strong></span> <span class='ocrx_word' id='word_1_630' title='bbox 2177 4252 2429 4306; x_wconf 86' lang='lat' dir='ltr'><strong>laborant</strong></span> <span class='ocrx_word' id='word_1_631' title='bbox 2477 4266 2599 4306; x_wconf 93' lang='lat' dir='ltr'><strong>cum</strong></span> <span class='ocrx_word' id='word_1_632' title='bbox 2656 4251 2861 4306; x_wconf 83' lang='lat' dir='ltr'><strong>Martha</strong></span> <span class='ocrx_word' id='word_1_633' title='bbox 2895 4267 3014 4322; x_wconf 65' lang='lat' dir='ltr'><strong>quae</strong></span> <span class='ocrx_word' id='word_1_634' title='bbox 3042 4252 3290 4307; x_wconf 88' lang='lat' dir='ltr'><strong>turbatur</strong></span> <span class='ocrx_word' id='word_1_635' title='bbox 3337 4266 3471 4323; x_wconf 88' lang='lat' dir='ltr'><strong>erga</strong></span> <span class='ocrx_word' id='word_1_636' title='bbox 3517 4247 3729 4322; x_wconf 80' lang='lat' dir='ltr'><strong>plurima</strong></span> 
     </span>
    </p>
   </div>
   <div class='ocr_carea' id='block_1_62' title="bbox 508 4339 3724 4419">
    <p class='ocr_par' dir='ltr' id='par_1_62' title="bbox 508 4339 3724 4419">
     <span class='ocr_line' id='line_1_62' title="bbox 508 4339 3724 4419; baseline -0.005 -15"><span class='ocrx_word' id='word_1_637' title='bbox 508 4357 694 4419; x_wconf 87' lang='lat' dir='ltr'><strong>pterea</strong></span> <span class='ocrx_word' id='word_1_638' title='bbox 729 4354 908 4401; x_wconf 89' lang='lat' dir='ltr'><strong>autem</strong></span> <span class='ocrx_word' id='word_1_639' title='bbox 935 4343 1200 4412; x_wconf 89' lang='lat' dir='ltr'><strong>adiectum</strong></span> <span class='ocrx_word' id='word_1_640' title='bbox 1222 4353 1304 4398; x_wconf 86' lang='lat' dir='ltr'><strong>est</strong></span> <span class='ocrx_word' id='word_1_641' title='bbox 1331 4344 1378 4397; x_wconf 79' lang='lat' dir='ltr'><strong>si</strong></span> <span class='ocrx_word' id='word_1_642' title='bbox 1406 4345 1541 4397; x_wconf 85' lang='lat' dir='ltr'><strong>inter</strong></span> <span class='ocrx_word' id='word_1_643' title='bbox 1567 4360 1652 4397; x_wconf 83' lang='lat' dir='ltr'><strong>eos</strong></span> <span class='ocrx_word' id='word_1_644' title='bbox 1675 4344 1740 4397; x_wconf 82' lang='lat' dir='ltr'><strong>sit</strong></span> <span class='ocrx_word' id='word_1_645' title='bbox 1758 4343 1943 4413; x_wconf 77' lang='lat' dir='ltr'><strong>quibus</strong></span> <span class='ocrx_word' id='word_1_646' title='bbox 1964 4342 2076 4396; x_wconf 80' lang='lat' dir='ltr'><strong>tici-</strong></span> <span class='ocrx_word' id='word_1_647' title='bbox 2178 4339 2326 4409; x_wconf 87' lang='lat' dir='ltr'><strong>(Luc.</strong></span> <span class='ocrx_word' id='word_1_648' title='bbox 2356 4356 2412 4406; x_wconf 72' lang='grc' dir='ltr'><strong>ι,</strong></span> <span class='ocrx_word' id='word_1_649' title='bbox 2435 4339 2548 4407; x_wconf 75' lang='grc'><strong>41).</strong></span> <span class='ocrx_word' id='word_1_650' title='bbox 2569 4340 2738 4395; x_wconf 91' lang='lat' dir='ltr'><strong>Porro</strong></span> <span class='ocrx_word' id='word_1_651' title='bbox 2756 4341 2880 4395; x_wconf 86' lang='lat' dir='ltr'><strong>illud</strong></span> <span class='ocrx_word' id='word_1_652' title='bbox 2906 4358 3068 4395; x_wconf 91' lang='lat' dir='ltr'><strong>unum</strong></span> <span class='ocrx_word' id='word_1_653' title='bbox 3097 4342 3239 4411; x_wconf 90' lang='lat' dir='ltr'><strong>quod</strong></span> <span class='ocrx_word' id='word_1_654' title='bbox 3266 4350 3349 4397; x_wconf 91' lang='lat' dir='ltr'><strong>est</strong></span> <span class='ocrx_word' id='word_1_655' title='bbox 3373 4339 3724 4397; x_wconf 89' lang='lat' dir='ltr'><strong>necessarium</strong></span> 
     </span>
    </p>
   </div>
   <div class='ocr_carea' id='block_1_63' title="bbox 511 4426 3726 4503">
    <p class='ocr_par' dir='ltr' id='par_1_63' title="bbox 511 4426 3726 4503">
     <span class='ocr_line' id='line_1_63' title="bbox 511 4426 3726 4503; baseline -0.004 -13"><span class='ocrx_word' id='word_1_656' title='bbox 511 4446 621 4490; x_wconf 80' lang='lat' dir='ltr'><strong>tum</strong></span> <span class='ocrx_word' id='word_1_657' title='bbox 642 4442 738 4501; x_wconf 76' lang='lat' dir='ltr'><strong>est,</strong></span> <span class='ocrx_word' id='word_1_658' title='bbox 770 4432 894 4503; x_wconf 86' lang='lat' dir='ltr'><strong>quia</strong></span> <span class='ocrx_word' id='word_1_659' title='bbox 925 4441 1050 4487; x_wconf 91' lang='lat' dir='ltr'><strong>sunt</strong></span> <span class='ocrx_word' id='word_1_660' title='bbox 1079 4433 1130 4486; x_wconf 93' lang='lat' dir='ltr'><strong>in</strong></span> <span class='ocrx_word' id='word_1_661' title='bbox 1162 4440 1391 4500; x_wconf 89' lang='lat' dir='ltr'><strong>utroque</strong></span> <span class='ocrx_word' id='word_1_662' title='bbox 1424 4445 1551 4485; x_wconf 81' lang='lat' dir='ltr'><strong>sexu</strong></span> <span class='ocrx_word' id='word_1_663' title='bbox 1581 4430 1671 4501; x_wconf 90' lang='lat' dir='ltr'><strong>qui</strong></span> <span class='ocrx_word' id='word_1_664' title='bbox 1701 4444 1759 4485; x_wconf 91' lang='lat' dir='ltr'><strong>se</strong></span> <span class='ocrx_word' id='word_1_665' title='bbox 1783 4439 1907 4485; x_wconf 85' lang='lat' dir='ltr'><strong>voto</strong></span> <span class='ocrx_word' id='word_1_666' title='bbox 1943 4430 2073 4485; x_wconf 83' lang='lat' dir='ltr'><strong>obli-</strong></span> <span class='ocrx_word' id='word_1_667' title='bbox 2107 4467 2153 4503; x_wconf 65' lang='grc' dir='ltr'><strong>η</strong></span> <span class='ocrx_word' id='word_1_668' title='bbox 2181 4429 2233 4482; x_wconf 84' lang='grc' dir='ltr'><strong>ἰη</strong></span> <span class='ocrx_word' id='word_1_669' title='bbox 2283 4430 2697 4498; x_wconf 89' lang='lat' dir='ltr'><strong>contemplativa</strong></span> <span class='ocrx_word' id='word_1_670' title='bbox 2741 4430 2846 4485; x_wconf 85' lang='lat' dir='ltr'><strong>vita</strong></span> <span class='ocrx_word' id='word_1_671' title='bbox 2895 4432 3072 4501; x_wconf 88' lang='lat' dir='ltr'><strong>adepti</strong></span> <span class='ocrx_word' id='word_1_672' title='bbox 3114 4431 3385 4498; x_wconf 87' lang='lat' dir='ltr'><strong>monachi,</strong></span> <span class='ocrx_word' id='word_1_673' title='bbox 3420 4446 3544 4487; x_wconf 90' lang='lat' dir='ltr'><strong>cum</strong></span> <span class='ocrx_word' id='word_1_674' title='bbox 3579 4426 3726 4483; x_wconf 71' lang='lat' dir='ltr'><strong>Maria</strong></span> 
     </span>
    </p>
   </div>
   <div class='ocr_carea' id='block_1_64' title="bbox 512 4516 3727 4596">
    <p class='ocr_par' dir='ltr' id='par_1_64' title="bbox 512 4516 3727 4596">
     <span class='ocr_line' id='line_1_64' title="bbox 512 4516 3727 4596; baseline -0.003 -19"><span class='ocrx_word' id='word_1_675' title='bbox 512 4535 641 4596; x_wconf 87' lang='lat' dir='ltr'><strong>gant</strong></span> <span class='ocrx_word' id='word_1_676' title='bbox 665 4531 740 4584; x_wconf 90' lang='lat' dir='ltr'><strong>ut,</strong></span> <span class='ocrx_word' id='word_1_677' title='bbox 772 4523 817 4578; x_wconf 88' lang='lat' dir='ltr'><strong>si</strong></span> <span class='ocrx_word' id='word_1_678' title='bbox 846 4521 1082 4592; x_wconf 88' lang='lat' dir='ltr'><strong>virgines</strong></span> <span class='ocrx_word' id='word_1_679' title='bbox 1108 4527 1255 4585; x_wconf 91' lang='lat' dir='ltr'><strong>sunt,</strong></span> <span class='ocrx_word' id='word_1_680' title='bbox 1278 4521 1330 4575; x_wconf 91' lang='lat' dir='ltr'><strong>in</strong></span> <span class='ocrx_word' id='word_1_681' title='bbox 1360 4520 1666 4591; x_wconf 88' lang='lat' dir='ltr'><strong>virginitate</strong></span> <span class='ocrx_word' id='word_1_682' title='bbox 1688 4528 2033 4588; x_wconf 88' lang='lat' dir='ltr'><strong>permaneant</strong></span> <span class='ocrx_word' id='word_1_683' title='bbox 2059 4536 2073 4586; x_wconf 89' lang='lat'><strong>;</strong></span> <span class='ocrx_word' id='word_1_684' title='bbox 2106 4516 2145 4526; x_wconf 80' lang='grc'>”</span> <span class='ocrx_word' id='word_1_685' title='bbox 2183 4526 2331 4575; x_wconf 90' lang='lat' dir='ltr'><strong>tanto</strong></span> <span class='ocrx_word' id='word_1_686' title='bbox 2376 4520 2549 4590; x_wconf 89' lang='lat' dir='ltr'><strong>magis</strong></span> <span class='ocrx_word' id='word_1_687' title='bbox 2576 4519 2912 4576; x_wconf 88' lang='lat' dir='ltr'><strong>delectantur</strong></span> <span class='ocrx_word' id='word_1_688' title='bbox 2932 4520 3095 4592; x_wconf 83' lang='lat' dir='ltr'><strong>pedes</strong></span> <span class='ocrx_word' id='word_1_689' title='bbox 3121 4520 3249 4577; x_wconf 70' lang='lat' dir='ltr'><strong>Iesu</strong></span> <span class='ocrx_word' id='word_1_690' title='bbox 3290 4520 3544 4590; x_wconf 79' lang='lat' dir='ltr'><strong>lacrymis</strong></span> <span class='ocrx_word' id='word_1_691' title='bbox 3573 4516 3727 4586; x_wconf 89' lang='lat' dir='ltr'><strong>rigare</strong></span> 
     </span>
    </p>
   </div>
   <div class='ocr_carea' id='block_1_65' title="bbox 511 4608 3726 4686">
    <p class='ocr_par' dir='ltr' id='par_1_65' title="bbox 511 4608 3726 4686">
     <span class='ocr_line' id='line_1_65' title="bbox 511 4608 3726 4686; baseline -0.002 -17"><span class='ocrx_word' id='word_1_692' title='bbox 511 4623 588 4679; x_wconf 90' lang='lat' dir='ltr'><strong>et,</strong></span> <span class='ocrx_word' id='word_1_693' title='bbox 614 4613 659 4668; x_wconf 87' lang='lat' dir='ltr'><strong>si</strong></span> <span class='ocrx_word' id='word_1_694' title='bbox 688 4612 924 4680; x_wconf 88' lang='lat' dir='ltr'><strong>virgines</strong></span> <span class='ocrx_word' id='word_1_695' title='bbox 950 4625 1053 4666; x_wconf 89' lang='lat' dir='ltr'><strong>non</strong></span> <span class='ocrx_word' id='word_1_696' title='bbox 1079 4619 1224 4677; x_wconf 90' lang='lat' dir='ltr'><strong>sunt,</strong></span> <span class='ocrx_word' id='word_1_697' title='bbox 1255 4620 1433 4681; x_wconf 81' lang='lat' dir='ltr'><strong>spreta</strong></span> <span class='ocrx_word' id='word_1_698' title='bbox 1464 4610 1643 4666; x_wconf 85' lang='lat' dir='ltr'><strong>carnis</strong></span> <span class='ocrx_word' id='word_1_699' title='bbox 1666 4608 1851 4681; x_wconf 89' lang='lat' dir='ltr'><strong>copula</strong></span> <span class='ocrx_word' id='word_1_700' title='bbox 1880 4609 1933 4665; x_wconf 92' lang='lat' dir='ltr'><strong>in</strong></span> <span class='ocrx_word' id='word_1_701' title='bbox 1971 4624 2076 4665; x_wconf 69' lang='lat' dir='ltr'><strong>cte-</strong></span> <span class='ocrx_word' id='word_1_702' title='bbox 2179 4621 2234 4667; x_wconf 87' lang='lat' dir='ltr'><strong>et</strong></span> <span class='ocrx_word' id='word_1_703' title='bbox 2263 4613 2467 4684; x_wconf 87' lang='lat' dir='ltr'><strong>capillis</strong></span> <span class='ocrx_word' id='word_1_704' title='bbox 2493 4622 2704 4686; x_wconf 87' lang='lat' dir='ltr'><strong>tergere</strong></span> <span class='ocrx_word' id='word_1_705' title='bbox 2725 4614 2877 4685; x_wconf 83' lang='lat' dir='ltr'><strong>(Luc.</strong></span> <span class='ocrx_word' id='word_1_706' title='bbox 2917 4629 3015 4679; x_wconf 83' lang='lat' dir='ltr'><strong>vn,</strong></span> <span class='ocrx_word' id='word_1_707' title='bbox 3054 4614 3166 4686; x_wconf 83' lang='lat'><strong>58),</strong></span> <span class='ocrx_word' id='word_1_708' title='bbox 3200 4627 3406 4685; x_wconf 87' lang='lat' dir='ltr'><strong>quanto</strong></span> <span class='ocrx_word' id='word_1_709' title='bbox 3434 4612 3726 4669; x_wconf 87' lang='lat' dir='ltr'><strong>remotiores</strong></span> 
     </span>
    </p>
   </div>
   <div class='ocr_carea' id='block_1_66' title="bbox 512 4699 3721 4775">
    <p class='ocr_par' dir='ltr' id='par_1_66' title="bbox 512 4699 3721 4775">
     <span class='ocr_line' id='line_1_66' title="bbox 512 4699 3721 4775; baseline -0.003 -16"><span class='ocrx_word' id='word_1_710' title='bbox 512 4704 680 4759; x_wconf 91' lang='lat' dir='ltr'><strong>libatu</strong></span> <span class='ocrx_word' id='word_1_711' title='bbox 729 4700 1112 4772; x_wconf 88' lang='lat' dir='ltr'><strong>perpetualiter</strong></span> <span class='ocrx_word' id='word_1_712' title='bbox 1158 4700 1369 4765; x_wconf 84' lang='lat' dir='ltr'><strong>vivant;</strong></span> <span class='ocrx_word' id='word_1_713' title='bbox 1400 4710 1481 4757; x_wconf 90' lang='lat' dir='ltr'><strong>cst</strong></span> <span class='ocrx_word' id='word_1_714' title='bbox 1528 4701 1691 4755; x_wconf 89' lang='lat' dir='ltr'><strong>etiam</strong></span> <span class='ocrx_word' id='word_1_715' title='bbox 1721 4699 1968 4771; x_wconf 87' lang='lat' dir='ltr'><strong>cognatio</strong></span> <span class='ocrx_word' id='word_1_716' title='bbox 1993 4701 2078 4756; x_wconf 84' lang='lat' dir='ltr'><strong>vel</strong></span> <span class='ocrx_word' id='word_1_717' title='bbox 2180 4710 2307 4756; x_wconf 85' lang='lat' dir='ltr'><strong>sunt</strong></span> <span class='ocrx_word' id='word_1_718' title='bbox 2335 4701 2403 4756; x_wconf 90' lang='lat' dir='ltr'><strong>ab</strong></span> <span class='ocrx_word' id='word_1_719' title='bbox 2428 4704 2667 4757; x_wconf 90' lang='lat' dir='ltr'><strong>omnium</strong></span> <span class='ocrx_word' id='word_1_720' title='bbox 2716 4704 3053 4773; x_wconf 90' lang='lat' dir='ltr'><strong>negotiorum</strong></span> <span class='ocrx_word' id='word_1_721' title='bbox 3103 4705 3286 4760; x_wconf 70' lang='lat' dir='ltr'><strong>smculi</strong></span> <span class='ocrx_word' id='word_1_722' title='bbox 3334 4701 3721 4775; x_wconf 87' lang='lat' dir='ltr'><strong>inquietudine:</strong></span> 
     </span>
    </p>
   </div>
   <div class='ocr_carea' id='block_1_67' title="bbox 511 4789 3729 4863">
    <p class='ocr_par' dir='ltr' id='par_1_67' title="bbox 511 4789 3729 4863">
     <span class='ocr_line' id='line_1_67' title="bbox 511 4789 3729 4863; baseline -0.001 -17"><span class='ocrx_word' id='word_1_723' title='bbox 511 4792 883 4863; x_wconf 88' lang='lat' dir='ltr'><strong>propinquitas</strong></span> <span class='ocrx_word' id='word_1_724' title='bbox 908 4790 1143 4860; x_wconf 88' lang='lat' dir='ltr'><strong>generis,</strong></span> <span class='ocrx_word' id='word_1_725' title='bbox 1186 4804 1218 4844; x_wconf 87' lang='lat' dir='ltr'><strong>a</strong></span> <span class='ocrx_word' id='word_1_726' title='bbox 1260 4789 1417 4860; x_wconf 87' lang='lat' dir='ltr'><strong>cuius</strong></span> <span class='ocrx_word' id='word_1_727' title='bbox 1463 4789 1665 4846; x_wconf 86' lang='lat' dir='ltr'><strong>carnali</strong></span> <span class='ocrx_word' id='word_1_728' title='bbox 1707 4790 2079 4846; x_wconf 87' lang='lat' dir='ltr'><strong>commistione</strong></span> <span class='ocrx_word' id='word_1_729' title='bbox 2179 4792 2440 4862; x_wconf 86' lang='lat' dir='ltr'><strong>siquidem</strong></span> <span class='ocrx_word' id='word_1_730' title='bbox 2469 4794 2786 4849; x_wconf 85' lang='lat' dir='ltr'><strong>clericorum</strong></span> <span class='ocrx_word' id='word_1_731' title='bbox 2812 4794 2945 4850; x_wconf 91' lang='lat' dir='ltr'><strong>ordo</strong></span> <span class='ocrx_word' id='word_1_732' title='bbox 2975 4794 3114 4850; x_wconf 92' lang='lat' dir='ltr'><strong>inter</strong></span> <span class='ocrx_word' id='word_1_733' title='bbox 3158 4794 3325 4851; x_wconf 89' lang='lat' dir='ltr'><strong>laicos</strong></span> <span class='ocrx_word' id='word_1_734' title='bbox 3353 4803 3410 4850; x_wconf 93' lang='lat' dir='ltr'><strong>et</strong></span> <span class='ocrx_word' id='word_1_735' title='bbox 3455 4789 3729 4848; x_wconf 82' lang='lat' dir='ltr'><strong>monachos</strong></span> 
     </span>
    </p>
   </div>
   <div class='ocr_carea' id='block_1_68' title="bbox 510 4880 3724 4955">
    <p class='ocr_par' dir='ltr' id='par_1_68' title="bbox 510 4880 3724 4955">
     <span class='ocr_line' id='line_1_68' title="bbox 510 4880 3724 4955; baseline -0.001 -15"><span class='ocrx_word' id='word_1_736' title='bbox 510 4883 863 4955; x_wconf 88' lang='lat' dir='ltr'><strong>prohibentur</strong></span> <span class='ocrx_word' id='word_1_737' title='bbox 888 4896 1076 4938; x_wconf 85' lang='lat' dir='ltr'><strong>omnes</strong></span> <span class='ocrx_word' id='word_1_738' title='bbox 1092 4880 1185 4952; x_wconf 91' lang='lat' dir='ltr'><strong>qui</strong></span> <span class='ocrx_word' id='word_1_739' title='bbox 1212 4892 1335 4938; x_wconf 91' lang='lat' dir='ltr'><strong>sunt</strong></span> <span class='ocrx_word' id='word_1_740' title='bbox 1359 4882 1459 4938; x_wconf 91' lang='lat' dir='ltr'><strong>sub</strong></span> <span class='ocrx_word' id='word_1_741' title='bbox 1478 4883 1740 4938; x_wconf 89' lang='lat' dir='ltr'><strong>catholica</strong></span> <span class='ocrx_word' id='word_1_742' title='bbox 1763 4880 1886 4938; x_wconf 85' lang='lat' dir='ltr'><strong>fide.</strong></span> <span class='ocrx_word' id='word_1_743' title='bbox 1910 4882 2080 4938; x_wconf 87' lang='lat' dir='ltr'><strong>Porro</strong></span> <span class='ocrx_word' id='word_1_744' title='bbox 2178 4885 2407 4949; x_wconf 84' lang='lat' dir='ltr'><strong>medius,</strong></span> <span class='ocrx_word' id='word_1_745' title='bbox 2462 4895 2721 4954; x_wconf 89' lang='lat' dir='ltr'><strong>quantum</strong></span> <span class='ocrx_word' id='word_1_746' title='bbox 2776 4893 2864 4941; x_wconf 89' lang='lat' dir='ltr'><strong>est</strong></span> <span class='ocrx_word' id='word_1_747' title='bbox 2902 4884 3149 4955; x_wconf 87' lang='lat' dir='ltr'><strong>superior</strong></span> <span class='ocrx_word' id='word_1_748' title='bbox 3193 4883 3449 4940; x_wconf 89' lang='lat' dir='ltr'><strong>inferiore</strong></span> <span class='ocrx_word' id='word_1_749' title='bbox 3472 4925 3487 4951; x_wconf 90' lang='lat'><strong>,</strong></span> <span class='ocrx_word' id='word_1_750' title='bbox 3539 4890 3724 4938; x_wconf 86' lang='lat' dir='ltr'><strong>tantum</strong></span> 
     </span>
    </p>
   </div>
   <div class='ocr_carea' id='block_1_69' title="bbox 512 4969 3722 5045">
    <p class='ocr_par' dir='ltr' id='par_1_69' title="bbox 512 4969 3722 5045">
     <span class='ocr_line' id='line_1_69' title="bbox 512 4969 3722 5045; baseline -0.002 -16"><span class='ocrx_word' id='word_1_751' title='bbox 512 4975 659 5029; x_wconf 90' lang='lat' dir='ltr'><strong>inter</strong></span> <span class='ocrx_word' id='word_1_752' title='bbox 685 4987 778 5028; x_wconf 91' lang='lat' dir='ltr'><strong>eos</strong></span> <span class='ocrx_word' id='word_1_753' title='bbox 803 4971 893 5043; x_wconf 91' lang='lat' dir='ltr'><strong>qui</strong></span> <span class='ocrx_word' id='word_1_754' title='bbox 932 4986 991 5028; x_wconf 90' lang='lat' dir='ltr'><strong>se</strong></span> <span class='ocrx_word' id='word_1_755' title='bbox 1016 4979 1143 5027; x_wconf 91' lang='lat' dir='ltr'><strong>voto</strong></span> <span class='ocrx_word' id='word_1_756' title='bbox 1168 4970 1426 5044; x_wconf 85' lang='lat' dir='ltr'><strong>obligant,</strong></span> <span class='ocrx_word' id='word_1_757' title='bbox 1463 4972 1543 5027; x_wconf 91' lang='lat' dir='ltr'><strong>vel</strong></span> <span class='ocrx_word' id='word_1_758' title='bbox 1575 4973 1716 5027; x_wconf 92' lang='lat' dir='ltr'><strong>inter</strong></span> <span class='ocrx_word' id='word_1_759' title='bbox 1740 4987 1834 5029; x_wconf 91' lang='lat' dir='ltr'><strong>eos</strong></span> <span class='ocrx_word' id='word_1_760' title='bbox 1862 4973 1952 5044; x_wconf 90' lang='lat' dir='ltr'><strong>qui</strong></span> <span class='ocrx_word' id='word_1_761' title='bbox 1980 4986 2079 5029; x_wconf 91' lang='lat' dir='ltr'><strong>nec</strong></span> <span class='ocrx_word' id='word_1_762' title='bbox 2179 4971 2405 5029; x_wconf 81' lang='lat' dir='ltr'><strong>inferior</strong></span> <span class='ocrx_word' id='word_1_763' title='bbox 2431 4975 2729 5044; x_wconf 86' lang='lat' dir='ltr'><strong>superiore,</strong></span> <span class='ocrx_word' id='word_1_764' title='bbox 2759 4973 3192 5045; x_wconf 86' lang='lat' dir='ltr'><strong>quandoquidem</strong></span> <span class='ocrx_word' id='word_1_765' title='bbox 3219 4989 3327 5044; x_wconf 92' lang='lat' dir='ltr'><strong>quo</strong></span> <span class='ocrx_word' id='word_1_766' title='bbox 3357 4975 3616 5043; x_wconf 85' lang='lat' dir='ltr'><strong>discrepat</strong></span> <span class='ocrx_word' id='word_1_767' title='bbox 3661 4969 3722 5023; x_wconf 85' lang='lat' dir='ltr'><strong>ab</strong></span> 
     </span>
    </p>
   </div>
   <div class='ocr_carea' id='block_1_70' title="bbox 514 5057 3725 5110">
    <p class='ocr_par' dir='ltr' id='par_1_70' title="bbox 514 5057 3725 5110">
     <span class='ocr_line' id='line_1_70' title="bbox 514 5057 3725 5110; baseline -0 0"><span class='ocrx_word' id='word_1_768' title='bbox 514 5066 639 5110; x_wconf 77' lang='lat' dir='ltr'><strong>rlnm</strong></span> <span class='ocrx_word' id='word_1_769' title='bbox 688 5063 1021 5110; x_wconf 67' lang='lat' dir='ltr'><strong>transierunt</strong></span> <span class='ocrx_word' id='word_1_770' title='bbox 1047 5059 1328 5110; x_wconf 77' lang='lat' dir='ltr'><strong>sentimnm</strong></span> <span class='ocrx_word' id='word_1_771' title='bbox 1360 5063 1573 5110; x_wconf 68' lang='lat' dir='ltr'><strong>ueneris</strong></span> <span class='ocrx_word' id='word_1_772' title='bbox 1593 5062 1809 5110; x_wconf 64' lang='lat' dir='ltr'><strong>lineam-</strong></span> <span class='ocrx_word' id='word_1_773' title='bbox 1843 5063 2079 5110; x_wconf 76' lang='lat' dir='ltr'><strong>dotesta-</strong></span> <span class='ocrx_word' id='word_1_774' title='bbox 2180 5071 2405 5110; x_wconf 78' lang='lat' dir='ltr'><strong>ntronnn</strong></span> <span class='ocrx_word' id='word_1_775' title='bbox 2419 5063 2666 5110; x_wconf 80' lang='lat' dir='ltr'><strong>ordinum</strong></span> <span class='ocrx_word' id='word_1_776' title='bbox 2690 5061 2927 5110; x_wconf 75' lang='lat' dir='ltr'><strong>innaitnr</strong></span> <span class='ocrx_word' id='word_1_777' title='bbox 2952 5063 3017 5110; x_wconf 82' lang='lat' dir='ltr'><strong>ad</strong></span> <span class='ocrx_word' id='word_1_778' title='bbox 3043 5060 3381 5110; x_wconf 79' lang='lat' dir='ltr'><strong>alterutrum.</strong></span> <span class='ocrx_word' id='word_1_779' title='bbox 3412 5061 3487 5110; x_wconf 80' lang='lat' dir='ltr'><strong>Illi</strong></span> <span class='ocrx_word' id='word_1_780' title='bbox 3512 5057 3725 5110; x_wconf 80' lang='lat' dir='ltr'><strong>natitmte</strong></span> 
     </span>
    </p>
   </div>
  </div>
