3944 5414
179 294 318 399 ’163

1575 307 1840 364 APOLOG
1851 308 2106 365 ETlCUS.

3381 306 3488 362 466

202 414 323 469 vita
357 415 853 487 irreprelicns'ibilis
880 416 1153 488 speculum
1187 425 1272 473 est
1311 418 1475 473 totius
1525 419 1803 486 Ecclesiae,
1834 425 1883 484 Λ
1911 420 2079 476 altare
2110 435 2226 475 esse
2257 417 2516 489 episcopi,
2548 425 2601 470 et
2645 414 2873 472 ecclesia
2924 417 3151 472 alterius
3199 420 3490 490 cujuslibet

202 507 360 562 sicut
388 507 779 561 monachorum
811 508 1027 562 habitus
1070 520 1123 562 et
1147 507 1412 579 professio
1443 509 1595 564 firma
1621 525 1803 566 exem-

203 597 365 668 plum
394 601 480 654 est
507 599 670 653 totius
700 614 926 654 summae
955 600 1312 670 pmnitentiae;
1345 610 1398 656 et
1429 601 1675 671 quamvis
1693 601 1806 656 cle-

205 689 310 742 riei
342 689 774 758 reprehensione
799 690 968 760 digni,
1004 705 1070 744 ne
1099 699 1537 747 tractentsancta
1565 692 1802 762 profani,

203 781 590 851 degradentur
634 781 803 834 certis
843 795 910 835 ex
957 782 1159 848 causis,
1187 783 1437 838 monachi
1479 791 1655 838 tamen
1701 783 1806 838 nisi

202 887 381 927 causa
418 872 692 942 superbia:
720 889 993 942 nunquam
1027 875 1311 943 privantur
1331 891 1399 930 ex
1439 884 1549 930 toto
1576 874 1806 929 fratrum

202 976 440 1016 suorum
478 963 885 1029 communione,
915 979 1039 1020 cum
1069 973 1124 1020 et
1169 965 1493 1022 criminosos
1525 965 1694 1022 laicos
1723 964 1808 1020 vel

202 1051 447 1106 clericos
493 1053 818 1123 suscipiant,
865 1063 922 1109 et
965 1067 1024 1110 se
1071 1057 1122 1110 in
1169 1056 1396 1112 crimine
1444 1057 1807 1126 deprehensos

202 1143 451 1213 regulari
483 1145 771 1216 disciplina
805 1147 1119 1218 corripiant.
1151 1150 1391 1219 Denique
1417 1165 1484 1205 ex
1527 1150 1807 1206 monachis

203 1235 501 1306 presbyter
527 1237 837 1303 ordinatus,
866 1239 949 1294 vel
973 1255 1039 1294 ex
1079 1239 1279 1296 clerco
1305 1242 1601 1296 monachus
1632 1241 1809 1296 factus

203 1327 353 1380 sciat
407 1342 468 1382 se
496 1344 605 1384 non
637 1329 963 1385 clericorum
1010 1347 1159 1386 more
1194 1332 1576 1389 ecclesiasticis
1621 1332 1810 1389 ofﬁciis

205 1415 536 1481 deservire,
598 1421 697 1475 sed
759 1420 1078 1492 Gregoriani
1139 1423 1407 1492 privilegii
1472 1423 1810 1480 institutione

206 1507 414 1564 missas
466 1510 710 1564 celebret
757 1511 810 1565 in
865 1514 1305 1583 congregatione.
1337 1513 1535 1568 Verum
1585 1513 1714 1584 quia.
1745 1513 1810 1567 de

206 1599 450 1670 singulis
482 1603 771 1659 ordinibus
819 1619 939 1674 qua:
967 1605 1291 1660 videbantur
1325 1605 1465 1661 dicta
1508 1612 1657 1671 sunt,
1686 1619 1812 1675 qua-

209 1691 342 1746 liter
365 1691 593 1748 alterius
636 1694 691 1748 in
718 1693 946 1749 alterum
974 1695 1242 1764 promotio
1266 1694 1362 1749 fiat
1394 1696 1677 1750 tacendum
1705 1711 1809 1749 non

1914 511 2142 576 domini,
2172 526 2294 566 cum
2325 525 2391 565 ex
2422 508 2582 565 domo
2631 517 2948 563 consecrata
3003 519 3057 564 et
3110 509 3264 562 altari
3323 527 3490 567 unum

1912 602 2166 671 quiddam
2192 601 2284 656 fiat
2312 602 2455 672 quod
2487 600 2685 655 dicitur
2715 599 2966 665 ecclesia,
2998 600 3136 655 sicut
3166 615 3304 656 unus
3327 601 3494 658 homo

1914 709 2127 754 constat
2181 714 2244 754 ex
2299 712 2525 770 corpore
2573 708 2627 751 et
2677 697 2880 752 anima.
2941 695 3149 763 Videte,
3200 699 3495 769 requissimi

1913 795 2205 864 principes,
2235 809 2342 864 quo
2390 809 2486 848 nos
2535 793 2682 848 ducit
2709 793 2995 864 cupiditas,
3031 793 3157 848 dum
3192 794 3500 866 refrigescit

1913 887 2151 941 cliaritas
2179 885 2395 956 (Matth.
2445 900 2591 948 νυν,
2630 885 2747 954 12);
2797 899 2862 940 ex
2912 886 3070 942 donis
3106 886 3500 956 omnipotentis

1914 978 2032 1043 Dei,
2061 993 2180 1047 quae
2227 977 2398 1047 gratis
2449 977 2808 1046 accipiuntur,
2850 987 3182 1034 mercatores
3211 979 3498 1046 efﬁcimur,

1913 1082 1968 1128 et
1995 1073 2226 1130 vendere
2251 1089 2515 1127 conamur
2545 1073 2685 1140 quod
2721 1072 2966 1140 profecto
2995 1089 3101 1129 non
3131 1075 3497 1144 possidemus.

1914 1162 2056 1216 Nihil
2086 1163 2232 1216 enim
2265 1179 2402 1232 pene
2431 1163 2497 1216 ad
2525 1163 2849 1228 Ecclesium,
2884 1179 3003 1232 qua:
3044 1171 3129 1219 est
3178 1163 3348 1219 solius
3377 1164 3496 1230 Dei,

1915 1254 2186 1324 pertinere
2230 1254 2444 1307 videtur
2473 1252 2615 1325 quod
2664 1256 2730 1308 ad
2775 1254 3008 1323 pretium
3055 1268 3162 1310 non
3213 1253 3498 1326 largiatur,

1915 1344 2121 1400 scilicet
2171 1345 2535 1416 episcopatus,
2593 1346 3022 1417 presbyteratus,
3073 1345 3405 1411 diaconatus,
3447 1355 3504 1401 et

1918 1437 2110 1507 reliqui
2160 1439 2397 1494 minores
2447 1437 2670 1509 gradus,
2719 1437 3196 1494 arcliidiaconatus
3259 1455 3500 1510 quoque,

1917 1529 2164 1598 decania,
2203 1530 2580 1600 praepositum,
2625 1530 2865 1584 thesauri
2914 1530 3184 1597 custodia,
3235 1531 3501 1602 baptiste-
3553 1535 3556 1538 ’

1921 1621 2081 1686 rium,
2137 1621 2435 1692 sepultura,
2493 1632 2549 1675 et
2596 1621 2640 1675 si
2683 1636 2791 1691 qua
2838 1628 2963 1676 sunt
3025 1620 3243 1676 similia.
3295 1620 3362 1676 Et
3401 1622 3504 1676 hu-

1912 1710 2152 1780 jusmodi
2227 1711 2595 1783 negotiatores
2638 1711 2862 1767 subdola
2921 1711 3275 1782 responsione
3329 1710 3510 1768 solent

207 1789 319 1838 est.
352 1782 757 1840 Promoventur
802 1800 1036 1857 namque
1065 1802 1132 1842 ex
1179 1785 1334 1841 laicis
1358 1786 1442 1840 vel
1483 1785 1698 1842 clericis
1746 1789 1812 1841 ad
1849 1793 1887 1850 ll
1917 1809 2164 1855 astruere
2190 1782 2377 1857 nonse
2404 1814 2589 1857 emere
2609 1801 3046 1857 benedictionem
3074 1815 3179 1870 qua
3201 1801 3503 1872 percipitur

209 1875 634 1940 tnonachatum,
670 1887 1062 1946 promoventur
1105 1895 1170 1932 ex
1216 1877 1372 1932 laicis
1403 1876 1484 1932 vel
1531 1879 1814 1934 monachis

209 1965 279 2019 ad
303 1964 655 2033 clericatum,
680 1969 822 2038 quod
838 1967 1052 2038 quando
1074 1967 1161 2023 vel
1187 1967 1458 2036 quomodo
1481 1966 1601 2023 fieri
1623 1966 1818 2023 debeat

214 2067 538 2113 sanctorum
577 2058 804 2114 Patrum
849 2062 1148 2116 auctoritas
1207 2060 1413 2130 liquido
1477 2060 1815 2124 manifestat,

212 2164 384 2216 quam
408 2148 500 2218 qui
555 2149 732 2204 secuti
764 2164 868 2204 non
899 2160 1024 2205 sunt
1056 2158 1212 2205 extra
1255 2149 1554 2205 Ecclesium
1587 2149 1816 2205 catholi-

207 2257 338 2296 cam
395 2256 427 2294 a
483 2240 588 2296 fide
619 2242 1029 2297 aberraverunt.
1077 2243 1442 2310 Quamobrem
1485 2243 1536 2298 in
1589 2259 1815 2312 canone,

214 2332 345 2386 dum
377 2342 542 2386 orant
589 2348 688 2403 pro
734 2333 1050 2388 orthodoxis
1085 2344 1248 2404 atque
1287 2333 1568 2390 catholica:
1599 2343 1651 2390 et
1691 2350 1819 2404 apo-

215 2422 431 2477 stolica:
477 2421 601 2477 tidci
635 2423 957 2491 cultoribus,
991 2425 1290 2480 cavendum
1341 2426 1446 2480 illis
1475 2440 1819 2495 summopere

214 2524 320 2578 est,
347 2515 493 2583 quod
521 2529 657 2584 papa
681 2514 971 2586 Gregorius
996 2516 1049 2571 in
1071 2533 1172 2572 suo
1192 2517 1434 2588 symbolo
1463 2517 1628 2571 refert
1653 2534 1666 2570 :
1700 2516 1820 2572 Una

216 2615 314 2668 est,
358 2606 636 2674 inquiens,
683 2607 836 2676 ﬁdes,
888 2624 1052 2662 unum
1097 2609 1376 2678 baptisma,
1422 2627 1528 2663 una
1581 2610 1820 2664 Ecclesia

218 2698 513 2763 catholica,
552 2700 608 2752 in
653 2716 756 2769 qua
797 2699 910 2754 sola
951 2702 1148 2770 possint
1195 2701 1430 2756 relaxari
1485 2714 1718 2771 peccata.
1762 2701 1820 2757 Si

221 2790 372 2842 cnim
404 2800 561 2843 extra
578 2804 695 2844 eam
723 2792 970 2846 remissio
995 2803 1337 2862 peccatorum
1364 2810 1466 2849 non
1484 2804 1586 2859 est,
1603 2795 1820 2850 lucreti-

217 2896 313 2935 cus
337 2881 422 2935 vel
447 2882 824 2940 schismaticus
845 2893 900 2938 ut
922 2886 1050 2955 quid
1070 2885 1278 2956 jejunat
1297 2886 1318 2939 ?
1339 2896 1394 2940 ut
1425 2887 1553 2956 quid
1581 2886 1820 2940 decimas

221 2973 349 3026 dat?
379 2974 594 3042 utquid
650 2974 814 3028 Deum
853 2976 1078 3046 supplex
1132 2976 1506 3032 adorat?Nam
1533 2978 1672 3032 sicut
1720 2976 1821 3030 fuit

222 3061 586 3115 mnftilu'linis
625 3063 943 3118 credentium
971 3081 1132 3119 unum
1160 3082 1249 3119 cor
1271 3077 1317 3120 et
1344 3067 1521 3120 anima
1546 3083 1650 3118 una
1677 3065 1816 3136 (Act.

223 3172 295 3218 ιν»
321 3155 443 3222 52),
475 3155 573 3220 Ῐιει,
603 3175 696 3226 per
734 3167 901 3212 totum
927 3159 1114 3214 orbem
1147 3168 1440 3223 terrarum,
1478 3173 1666 3214 eorum
1701 3173 1818 3212 om-
1847 3144 1888 3204 C

224 3245 374 3298 nium
407 3245 529 3314 qui,
559 3246 852 3300 secundum
881 3247 1190 3304 doctrinam
1237 3249 1622 3318 apostolorum,
1653 3260 1818 3302 unum

226 3335 280 3387 in
313 3334 427 3390 Deo
455 3335 694 3405 sapiant,
723 3353 826 3391 una
857 3348 939 3392 est
987 3338 1252 3402 Ecclesia,
1290 3353 1411 3409 qua:
1441 3340 1508 3394 de
1545 3339 1736 3394 Graeco
1765 3339 1820 3392 in

223 3424 483 3481 Latinum
540 3430 838 3483 convocatio
893 3432 1300 3500 interpretatur,
1360 3431 1486 3502 quia
1541 3431 1608 3484 ad
1659 3446 1820 3486 unam

227 3513 390 3570 fidem
417 3524 476 3570 et
515 3517 584 3570 ad
614 3534 775 3571 unum
820 3519 1087 3593 baptisma
1131 3535 1322 3576 omnes
1366 3536 1640 3576 vocamur.
1674 3521 1820 3590 Qua-

229 3617 450 3678 propter
477 3624 816 3680 unaquatque
841 3615 1032 3668 domus
1061 3612 1152 3668 ubi
1180 3623 1365 3670 erecto
1411 3613 1567 3669 altari
1595 3614 1824 3686 populus

230 3696 296 3750 ad
323 3697 495 3752 Deum
516 3699 927 3768 supplicandum
952 3703 1227 3769 convenit,
1251 3705 1379 3758 dum
1402 3703 1597 3758 habeat
1626 3719 1823 3760 nomen

231 3792 498 3860 ecclesia,
528 3797 870 3852 veneratione
900 3807 956 3854 et
981 3813 1195 3856 summo
1226 3801 1433 3856 honore
1459 3801 1622 3872 digna
1655 3813 1740 3858 est
1769 3803 1822 3857 in

232 3885 380 3940 omni
410 3894 590 3954 gente,
625 3888 877 3956 quoniam
931 3887 985 3943 in
1039 3904 1104 3945 ea
1147 3891 1488 3947 renascimur
1510 3906 1575 3948 ex
1605 3908 1747 3963 aqua
1772 3903 1827 3949 et

237 3974 439 4046 Spiritu
470 3988 657 4034 sancto
685 3978 865 4050 (Joan.
888 3997 973 4047 in,
995 3981 1077 4053 5),
1101 3981 1154 4037 in
1181 3997 1244 4037 ea
1269 3983 1449 4038 divina
1479 3984 1828 4040 celebrantur

237 4069 521 4138 mysteria,
545 4074 597 4123 In
620 4084 686 4124 ea
709 4071 766 4126 fit
802 4071 1073 4128 confessio
1096 4082 1153 4128 et
1179 4075 1427 4130 remissio
1452 4086 1822 4146 peccatorum.

237 4158 440 4214 Caveat
466 4160 633 4232 igitur
660 4163 969 4237 quicunque
1015 4163 1131 4220 vult
1167 4165 1348 4222 salvus
1394 4181 1516 4222 esse
1565 4182 1688 4222 eam
1723 4166 1826 4222 ali-

239 4247 415 4318 cujus,
441 4249 545 4305 nisi
592 4250 762 4306 solius
789 4252 905 4318 Dei,
948 4255 1348 4325 possessionem
1389 4256 1654 4320 credere;
1687 4256 1826 4311 unde

240 4337 401 4396 Petro
427 4342 797 4411 apostolorum
821 4345 1053 4417 principi
1084 4347 1320 4403 dicitur:
1362 4345 1438 4400 Tu
1461 4363 1514 4401 es
1551 4345 1757 4411 Petrus,
1780 4358 1827 4402 et

241 4445 396 4500 super
417 4431 557 4484 hanc
579 4442 776 4502 petram
799 4435 1070 4504 aediﬁcabo
1097 4434 1385 4490 Ecclesium
1408 4453 1574 4490 meam
1606 4434 1822 4503 (Matth.

242 4535 347 4586 xvi,
379 4521 493 4593 18).
524 4522 698 4581 Meam
728 4525 919 4596 inquit,
947 4542 1056 4582 non
1089 4536 1262 4591 tuam;
1292 4535 1347 4582 et
1375 4527 1628 4582 Christus
1650 4526 1776 4581 alibi
1804 4546 1817 4582 :

245 4611 441 4669 Domus
466 4631 600 4680 mea,
627 4616 812 4670 domus
838 4617 1092 4672 orationis
1131 4617 1400 4673 vocabitur
1438 4616 1656 4688 (Matth.
1705 4634 1820 4683 χχι,

247 4705 658 4776 l3).Psalmista
682 4722 893 4778 quoque
918 4727 930 4762 ε
967 4708 1193 4762 Domum
1215 4717 1380 4772 tuam,
1409 4707 1654 4773 Domine,
1679 4709 1824 4762 decet

245 4801 538 4855 sanctitudo
566 4800 734 4872 (Psal.
766 4818 896 4870 xcn,
928 4802 1006 4872 5).
1059 4801 1118 4856 Si
1147 4815 1275 4872 ergo
1304 4800 1548 4857 Ecclesia
1581 4817 1688 4856 non
1742 4812 1826 4858 est

247 4891 410 4958 Petri,
446 4894 598 4964 cujus
636 4894 774 4949 erit?
817 4903 910 4949 aut
969 4908 1312 4950 successores
1354 4893 1500 4951 Petri
1551 4895 1827 4949 audebunt

249 4995 567 5055 potestatem
613 4987 714 5042 sibi
749 4987 1046 5052 vindicare,
1076 5001 1240 5056 quam
1272 5002 1378 5043 non
1408 4985 1601 5043 habuit
1633 4985 1829 5042 Petrus

252 5083 501 5151 princeps
533 5081 821 5137 Ecclesiae?
848 5081 1034 5148 Certe,
1061 5063 1370 5137 charissimi
1398 5081 1698 5152 principes,
1728 5094 1831 5134 nec

251 5172 510 5227 catholico
558 5172 806 5238 vivimus,
834 5188 939 5228 nec
973 5171 1242 5228 catholice
1283 5172 1581 5246 loquimur,
1613 5171 1829 5241 quando

253 5277 347 5332 ego
399 5263 537 5316 illam
585 5264 869 5320 ecclesiam
905 5265 1027 5319 dico
1083 5277 1201 5317 esse
1235 5280 1434 5327 meam,
1473 5261 1562 5316 ille
1601 5263 1828 5318 alteram

257 5353 378 5380 AI:A:.
410 5369 522 5380 Anan
543 5371 689 5380 nan-5M
732 5371 791 5380 Αι-
816 5355 981 5380 -.-1.-62
1005 5353 1238 5380 νεα-Μιιηω
1256 5354 1498 5380 ξ----ςιιηοη
1525 5353 1822 5382 ΛΑΜ·ιΑ“ΛΙῖ

1854 4495 1903 4550 D

1917 1890 2093 1962 gratia
2145 1891 2379 1962 Spiritus
2418 1892 2625 1959 sancti,
2675 1892 2773 1948 sed
2823 1909 2910 1947 res
2960 1892 3369 1957 Ecclesiarum,
3416 1891 3504 1947 vel

1917 1982 2289 2053 possessiones
2311 1983 2572 2056 episcopi,
2592 1999 2716 2039 cum
2736 1993 2946 2040 certum
2975 1985 3044 2039 sit
3071 1984 3216 2053 quod
3247 1984 3299 2038 in
3317 1983 3505 2039 catho-

1919 2073 2023 2128 lica
2065 2074 2309 2130 Ecclesia
2340 2074 2571 2129 alterum
2607 2074 2780 2130 altero
2825 2089 3013 2130 carere
3049 2090 3156 2130 non
3196 2073 3385 2142 possit.
3420 2073 3502 2127 An

1920 2171 2120 2240 aliquis
2147 2186 2277 2225 usus
2303 2180 2387 2225 est
2420 2169 2542 2240 igne
2569 2169 2687 2225 sine
2721 2183 2808 2234 ea,
2839 2183 2948 2238 qua
2979 2167 3241 2233 nutritur,
3275 2165 3503 2222 fomenti

1921 2262 2192 2316 material
2246 2268 2341 2316 aut
2387 2262 2567 2332 ignem
2617 2260 2913 2330 aliquando
2961 2259 3129 2313 tenuit
3159 2299 3172 2321 ,
3223 2266 3276 2312 et
3323 2256 3506 2313 calore

1919 2352 2141 2407 caruit?
2181 2350 2313 2419 Quis
2342 2350 2449 2406 mel
2479 2351 2597 2406 sine
2635 2349 2964 2406 dulcedine?
2990 2336 3119 2417 quis
3166 2346 3504 2401 absinthium

1920 2438 2036 2493 sine
2084 2437 2453 2493 amaritudine
2497 2435 2900 2505 deprehendit?
2947 2435 3202 2489 Attamen
3255 2430 3517 2487 eamdem-

1919 2542 2116 2597 aquam
2149 2526 2366 2581 diverso
2399 2535 2591 2580 tenore
2623 2523 2836 2580 dulcem
2864 2532 2919 2579 et
2959 2538 3202 2577 amaram
3244 2531 3329 2577 est
3356 2522 3519 2576 invev—

1923 2619 2028 2672 niri
2091 2617 2386 2686 possibile;
2452 2617 2628 2687 quod,
2696 2616 2822 2686 quia
2885 2631 2952 2671 ex
3017 2614 3355 2685 contingenti
3411 2612 3505 2677 fit,

1921 2709 2214 2779 aliquando
2245 2717 2489 2763 nostram
2518 2707 2831 2778 opinionem
2862 2707 3014 2772 fallit,
3051 2715 3133 2772 ut,
3175 2721 3295 2774 qua:
3323 2703 3502 2760 credi-

1925 2813 2011 2856 tur
2060 2799 2254 2864 dulcis,
2293 2813 2477 2853 amara
2516 2798 2740 2854 existat.
2790 2797 2884 2852 Sic
2923 2811 3138 2867 quoque
3171 2794 3294 2850 talis
3335 2808 3502 2864 nego.

1923 2891 2080 2946 tiatio
2129 2889 2268 2944 bona
2319 2887 2642 2951 mstimatur,
2700 2903 2822 2941 eum
2882 2901 2980 2955 pro
3026 2893 3177 2940 certo
3225 2885 3365 2939 mala
3401 2884 3505 2950 sit,

1921 2982 2048 3052 quia
2084 2981 2259 3051 turpis
2289 2979 2422 3034 lucri
2465 2979 2639 3050 gratia
2670 2977 2973 3047 contingit:
3022 2976 3088 3031 de
3128 2991 3236 3046 qua
3275 2990 3333 3030 re
3370 2975 3508 3030 adeo

1923 3074 2259 3132 consuetudo
2299 3072 2543 3137 inolevit,
2576 3080 2634 3126 ut
2668 3072 2771 3126 hoc
2791 3070 2902 3140 jam
2936 3067 3192 3124 credatur
3238 3067 3356 3121 sine
3384 3081 3526 3137 pec-~

1924 3177 2047 3224 cato
2070 3167 2206 3222 fieri.
2242 3166 2440 3222 Verum
2464 3164 2701 3234 Spiritus
2724 3170 2946 3218 sanctus
2971 3174 3069 3230 per
3096 3174 3158 3213 os
3185 3157 3326 3212 beati
3355 3170 3524 3226 papae-

1923 3259 2174 3331 Gregorii
2207 3258 2339 3314 dicit
2373 3274 2386 3313 :
2420 3257 2557 3322 Quia
2582 3253 2867 3310 benedictio
2895 3252 2974 3305 illi
3001 3252 3053 3305 in
3084 3249 3503 3304 maledictionem

1922 3353 2140 3407 vertitur
2160 3351 2249 3421 qui
2275 3350 2344 3405 ad
2367 3349 2464 3402 hoc
2491 3356 2544 3401 ut
2567 3347 2661 3416 ﬁat
2687 3345 2963 3399 Ittrreticus
2986 3349 3385 3413 promovetur,a
3404 3354 3512 3410 qua

1921 3445 2288 3502 maledictione
2325 3441 2504 3498 nullus
2534 3449 2814 3496 extraneas
2844 3437 3084 3499 habetur,
3117 3433 3208 3506 qui
3255 3431 3391 3486 lucri
3417 3446 3510 3486 cu-

1922 3541 2137 3610 piditate
2160 3555 2215 3592 se
2235 3535 2583 3590 ministerium
2606 3529 3015 3586 ecclesiasticum
3029 3525 3278 3582 invasisse
3296 3524 3510 3579 la'tatur

1925 3631 2008 3701 (L.
2039 3647 2134 3694 vn,
2155 3629 2324 3699 Epist.
2349 3626 2428 3698 5).
2453 3624 2606 3681 Unde
2626 3637 2758 3679 vero
2785 3617 3118 3692 processerit
3139 3631 3271 3670 usus
3299 3621 3357 3670 ut
3385 3611 3509 3668 laici

1926 3720 2165 3775 vendant
2188 3719 2550 3788 epise0patus,
2574 3712 2710 3769 satis
2731 3711 2989 3774 demiror,
3018 3724 3142 3763 cum
3164 3708 3355 3762 beatus
3382 3704 3526 3758 Am-.

1926 3808 2139 3865 brosius
2185 3807 2238 3860 in
2282 3818 2536 3861 sermone
2579 3800 2859 3872 pastorali,
2893 3800 3090 3866 flendo,
3125 3797 3305 3869 potius
3346 3809 3510 3866 quam

1927 3898 2172 3963 ridendo,
2201 3904 2324 3966 post
2347 3895 2518 3949 multa
2541 3893 2859 3964 subiungat:
2881 3909 2900 3943 ι
2921 3888 3138 3956 Videas,
3155 3887 3424 3958 inquiens,
3454 3887 3527 3941 in.

1926 3987 2168 4044 Ecclesia
2199 3986 2402 4056 passim
2429 4000 2564 4053 quos
2593 3999 2697 4040 non
2730 3982 2945 4046 merita,
2972 3981 3065 4037 sed
3093 3979 3339 4050 pecuniae
3359 4016 3378 4045 ,
3439 3975 3510 4029 ad
3598 4022 3602 4026 .

1925 4081 2272 4150 episcopatus
2297 4077 2545 4133 ordinem
2576 4081 2944 4144 provexerunt
2975 4089 2986 4125 :
3017 4084 3280 4141 nugacem
3332 4081 3515 4137 popu-

1928 4169 2036 4223 lum
2062 4176 2118 4223 et
2150 4167 2453 4230 indoctum,
2487 4165 2579 4232 qui
2609 4161 2770 4217 talem
2799 4161 2902 4216 sibi
2934 4160 3286 4215 adsciverunt
3329 4171 3515 4213 sacer-
3584 4205 3588 4207 ,

1929 4260 2128 4316 dotem.
2158 4257 2305 4325 Quos
2358 4255 2405 4310 si
2448 4253 2758 4325 percontari
2791 4251 3022 4308 fideliter
3075 4249 3209 4305 velis
3239 4248 3362 4319 quis
3418 4262 3516 4304 eos

1928 4348 2236 4420 praefecerit
2263 4346 2598 4414 sacerdotes,
2621 4342 3024 4415 respondebunt
3045 4358 3190 4407 mox,
3216 4349 3273 4397 et
3290 4340 3473 4396 dicent
3498 4357 3511 4393 :

1927 4441 2012 4496 Ab
2061 4438 2470 4508 archiepiscopo
2529 4451 2649 4493 sum
2694 4449 2869 4506 nuper
2916 4433 3224 4497 ordinatus,
3263 4439 3533 4525 eentumn

1929 4544 2035 4600 que
2090 4528 2142 4584 ei
2192 4528 2392 4584 solidos
2423 4525 2580 4592 dedi,
2609 4532 2670 4580 ut
2696 4522 3060 4594 episeopalem
3106 4521 3336 4592 gratiam
3380 4535 3514 4576 con-

1929 4622 2081 4691 sequi
2111 4619 2462 4684 meruissem;
2493 4631 2630 4688 quos
2679 4616 2726 4671 si
2765 4613 2988 4670 minime
3035 4612 3329 4676 dedissem,
3355 4608 3518 4664 hodie

1929 4711 2214 4782 episcopus
2249 4724 2354 4763 non
2384 4721 2599 4762 essem:
2631 4704 2770 4761 unde
2801 4704 2997 4759 melius
3029 4702 3157 4758 mihi
3194 4709 3280 4757 est
3325 4713 3518 4754 aurum

1934 4801 1999 4854 de
2048 4798 2244 4854 saceHo
2319 4797 2618 4862 invehere,
2685 4810 2846 4866 quam
2897 4803 3105 4848 tantum
3151 4788 3516 4846 sacerdotium

1936 4890 2182 4962 perdere.
2215 4890 2422 4943 Aurum
2472 4888 2616 4952 dedi,
2656 4895 2714 4942 et
2763 4885 3142 4955 episc0patum
3174 4876 3518 4966 comparavi;

1932 4997 2073 5052 quos
2124 4991 2306 5037 tamen
2351 4981 2572 5046 solidos,
2613 4979 2658 5035 si
2691 4980 2839 5042 vivo,
2868 4983 3216 5044 recepturum
3244 4985 3329 5024 me
3379 4966 3523 5022 illico

1934 5089 2040 5129 non
2068 5072 2278 5128 diflido..
2296 5072 2501 5128 Ordino
2545 5072 2920 5142 presbyteros,
2949 5077 3217 5120 consecro
3247 5061 3526 5119 diaconos,

1932 5173 1988 5220 et
2044 5165 2253 5233 accipio
2279 5179 2504 5228 aurum;
2541 5176 2664 5216 nam
2699 5169 2754 5218 et
2784 5159 2849 5212 de
2899 5155 3019 5210 aliis
3066 5154 3356 5209 ordinibus
3388 5145 3532 5200 nihi-

1935 5255 2170 5311 lominus
2198 5253 2442 5325 pecuniae
2480 5263 2752 5322 quantum
2782 5244 3070 5318 proﬂigare
3119 5241 3360 5298 confido.
3397 5235 3538 5289 Ecce

1934 5357 1985 5382 nl
2020 5360 2208 5382 animum
2259 5345 2402 5380 ηηιιοΙ
2439 5342 2558 5380 δοίη
2620 5343 2674 5380 in
2703 5353 2823 5380 mnn
2849 5333 3047 5380 ςςιοριιο
3083 5326 3542 5380 Γρορηίιθηὶὃοο-
