3944 5414
454 249 558 305 4'67

1462 253 1520 308 s.
1560 253 1849 312 annosus
1886 212 2174 317 annuis
2212 256 2703 329 FLORIACENSJS

3586 258 3690 318 108

453 359 594 429 (Act.
632 374 748 425 vni,
774 358 888 429 20),
937 360 1065 430 quia
1115 360 1314 421 donum
1344 364 1519 421 sancti
1561 364 1797 437 Spiritus
1832 371 2022 442 gratiae
2046 375 2096 436 Α
2123 376 2577 444 praedecessorum
2628 383 2933 433 vestrorum
2992 388 3180 448 regum
3250 373 3361 432 illis
3410 388 3689 434 assensum

452 449 628 521 pretio
655 451 1070 524 comparasti,et
1082 453 1467 511 commercium
1490 456 1799 522 miserabile
1822 459 1876 515 in
1904 461 2019 517 ani-

453 554 669 595 marum
708 540 932 595 exitium
969 541 1225 610 peregisti
1278 541 1416 612 (Lib.
1453 544 1531 613 De
1562 546 1818 619 dignitate
1846 566 2021 605 sacer-

451 631 641 698 dotali,
673 645 792 700 cap.
815 630 891 704 5).
915 651 934 685 )
959 631 1084 688 Haec
1103 642 1327 691 sanctus
1354 636 1440 691 vir
1463 652 1571 708 quo
1600 640 1780 695 animo
1801 640 2016 706 dixerit,

451 739 520 780 ex
549 724 976 794 praecedentibus
1001 734 1056 783 et
1084 730 1542 802 consequentibus
1576 731 1733 788 facile
1754 734 1915 789 datur
1938 735 2021 790 in—

452 815 638 887 telligi.
795 878 798 882 Α

523 907 677 973 Quod
703 922 830 964 vero
858 907 933 964 illi
963 909 1055 981 qui
1084 909 1337 973 dicuntur
1384 912 1678 971 Simoniaci
1713 914 1881 973 laicos
1909 932 2021 974 sua:

451 986 863 1077 immiscuerunt
913 999 1322 1075 maledictioni,
1385 1005 1630 1073 exemplo
1686 1005 1887 1061 factum
1939 1017 2021 1063 est

449 1088 829 1169 sacerdotum,
879 1090 971 1169 qui
1021 1092 1091 1153 ad
1148 1092 1505 1148 ministerium
1562 1094 1852 1154 Dominicae
1894 1112 2019 1167 pas-

448 1178 617 1234 sionis
656 1167 1018 1257 adiunxerunt
1050 1181 1150 1238 sibi
1177 1181 1406 1238 Pilatum
1444 1192 1499 1239 et
1527 1184 1794 1240 Herodem
1823 1187 2023 1256 princi-

450 1281 547 1336 pes
574 1284 683 1325 suze
704 1260 899 1338 gentis.
933 1268 1042 1327 Nec
1064 1270 1191 1326 illud
1219 1286 1317 1327 nos
1339 1271 1468 1327 latet
1486 1275 1627 1343 quod
1647 1288 1747 1344 pro
1774 1272 2022 1345 hujusce-

448 1359 594 1414 modi
630 1360 916 1431 episc0pis,
973 1361 1065 1432 qui
1117 1377 1224 1417 non
1266 1377 1366 1433 pro
1418 1362 1543 1418 vitae
1598 1364 1790 1419 merito
1819 1362 1899 1419 vel
1928 1380 2020 1420 sa-

446 1443 668 1523 pientiae
693 1452 963 1519 doctrina,
1008 1454 1103 1509 sed
1130 1455 1299 1525 magis
1331 1454 1602 1525 eliguntur
1634 1470 1734 1527 pro
1758 1457 2016 1526 pecunia-

449 1538 573 1594 rum
629 1555 839 1595 summa
901 1541 1180 1610 maxima,
1260 1530 1651 1599 discordiarum
1717 1559 1901 1616 semen
1966 1553 2022 1599 ct

449 1633 833 1715 detrimentum
883 1649 1052 1706 regno
1105 1642 1409 1701 accrescat,
1452 1644 1588 1692 teste
1635 1622 1919 1715 Gregorio,
1965 1636 2021 1704 in

2122 464 2360 535 praebete
2388 466 2636 523 conciliis
2683 466 2878 537 quibus
2921 481 3021 538 per
3062 466 3562 524 reconciliationem
3608 484 3691 527 res

2121 554 2336 625 publica
2378 555 2696 615 melioratur
2714 563 2770 613 et
2795 558 2993 613 crescit
3014 573 3033 625 ;
3078 556 3228 627 quia,
3273 556 3321 612 si
3370 569 3693 628 quocunque

2123 643 2483 711 conciliabqu
2540 644 2764 702 alterius
2819 646 3018 717 prsidia
3079 644 3166 700 vel
3226 644 3694 716 possessiunculas

2121 734 2262 792 alter
2283 734 2514 805 privatis
2535 736 2765 807 negotiis
2792 737 2923 792 velit
2960 735 3063 793 sibi
3092 736 3428 804 adscribere,
3458 750 3526 793 ac
3551 736 3695 804 ideo,

2119 825 2308 882 fratris
2361 827 2559 885 damno
2590 867 2607 894 ,
2665 828 2950 899 pecuniam
2999 842 3100 899 per
3152 842 3309 885 arcas
3370 837 3431 885 et
3488 827 3694 885 loculos

2120 919 2481 989 aggregando,
2535 919 2685 975 sitim
2737 935 2849 977 sua:
2889 920 3133 982 avaritia
3175 921 3548 993 exstinguere,
3588 936 3692 977 non

2119 1009 2410 1065 observata
2441 1008 2725 1065 tricennali
2753 1010 2870 1082 lege
2896 1026 3016 1081 quae
3040 1011 3311 1066 emanavit
3341 1026 3409 1067 ex
3439 1010 3694 1068 eonstitu~

2119 1098 2267 1154 tione
2293 1097 2597 1169 principum
2639 1114 2736 1155 seu
2786 1100 3109 1155 auctoritate
3153 1114 3422 1156 canonum
3452 1139 3469 1165 ,
3511 1098 3696 1156 sciatis

2119 1187 2311 1258 procul
2343 1187 2508 1243 dubio
2536 1188 2677 1258 quod
2704 1187 2772 1244 ad
2802 1203 2898 1245 vos
2940 1189 3046 1247 hoc
3092 1189 3294 1244 malum
3322 1188 3575 1259 respicit,
3602 1190 3692 1259 qui
3716 1219 3723 1225 ο

2120 1277 2327 1335 idcirco
2370 1277 2521 1347 regni
2575 1278 2782 1349 apicem
2815 1278 3029 1345 tenetis,
3081 1287 3143 1334 ut
3185 1277 3392 1350 justum
3430 1278 3696 1349 judicium

2121 1368 2374 1426 omnibus
2414 1369 2648 1426 faciatis.
2695 1369 2802 1436 Pro
2847 1369 2999 1426 vobis
3046 1370 3304 1428 nimirum
3331 1370 3572 1427 dominis
3598 1386 3693 1426 no-

2121 1459 2252 1515 stris
2311 1459 2683 1530 unusquisque
2743 1458 3108 1529 subjectorum
3156 1460 3224 1514 ad
3279 1461 3452 1528 Deum
3500 1460 3698 1517 clamat

2120 1560 2177 1606 et
2199 1549 2334 1605 dicit
2361 1564 2376 1604 :
2401 1549 2564 1615 Deus,
2585 1550 2853 1619 judicium
2880 1560 3027 1607 luam
3054 1550 3163 1621 regi
3200 1551 3289 1615 da,
3339 1560 3387 1614 et
3425 1552 3695 1622 justitiam

2120 1641 2404 1710 tuamfilio
2437 1641 2605 1711 regis:
2644 1640 2887 1710 judicare
2910 1642 3160 1710 populum
3190 1649 3336 1697 tuum
3367 1642 3427 1697 in
3458 1641 3693 1712 justitia,

446 1720 688 1793 Epistola
728 1710 803 1777 ad
855 1721 1284 1797 Theodebertum
1321 1733 1375 1780 et
1418 1724 1811 1802 Theodericum
1861 1710 2016 1799 reges
2049 1739 2089 1797 Β
2116 1743 2164 1787 ει
2188 1748 2441 1802 paupere;
2467 1710 2578 1786 tuo;
2623 1731 2678 1787 in
2716 1731 2921 1803 judicio
2963 1728 3135 1802 (Paul.
3167 1747 3319 1799 Lxxi,
3346 1731 3400 1800 l,
3437 1710 3522 1803 ἱ).
3548 1710 3694 1800 Quo?

446 1812 647 1881 scripta
669 1828 684 1886 ς
714 1831 732 1864 ι
751 1811 969 1881 Fertur,
997 1814 1193 1887 inquit,
1217 1813 1578 1871 Simoniacam
1609 1815 1878 1883 haeresim,
1901 1831 2021 1887 qua:

444 1906 622 1977 prima
662 1915 848 1963 contra
886 1906 1182 1963 Ecclesiam
1209 1908 1473 1979 diabolica
1510 1909 1844 1980 plantatione
1888 1894 2020 1964 sub-

444 1997 633 2068 repsit,
662 2006 718 2053 et
754 2000 808 2054 in
838 1998 955 2069 ipso
986 2008 1107 2054 ortu
1152 2014 1250 2055 suo
1301 1999 1407 2055 telo
1450 1990 1759 2072 apostolicae
1800 1999 2022 2065 ultionis

449 2103 708 2159 percussa
732 2080 903 2161 atque
931 2089 1182 2145 damnata
1220 2099 1325 2157 est,
1354 2091 1409 2146 in
1437 2082 1585 2162 regni
1610 2091 1777 2165 vestri
1825 2091 2022 2146 finibus

446 2179 752 2246 dominari;
801 2194 925 2235 cum
970 2179 1027 2236 in
1068 2179 1441 2237 sacerdotibus
1484 2180 1617 2236 fides
1662 2180 1732 2236 sit
1773 2180 2020 2253 eligenda

449 2292 573 2351 eum
600 2276 731 2332 vita.
765 2275 867 2331 »Εῐ
886 2286 1006 2347 post
1031 2292 1201 2348 pauca
1228 2295 1241 2330 :
1265 2294 1283 2329 ‹
1313 2276 1450 2333 Hinc
1466 2291 1572 2331 non
1596 2275 1768 2331 solum
1792 2275 1847 2330 in
1872 2275 2020 2331 ordi-

452 2367 661 2421 natoris
689 2375 745 2423 et
765 2367 1000 2422 ordinati
1030 2367 1267 2421 animam
1310 2365 1506 2422 lethale
1531 2366 1723 2421 vulnus
1760 2365 2020 2436 infigitur,

450 2467 639 2521 verum
692 2455 856 2511 etiam
910 2455 1245 2511 excellentia:
1296 2463 1492 2528 vestrae
1538 2469 1763 2526 regnum
1815 2454 2024 2525 episco-

446 2560 643 2621 porum
678 2547 872 2618 culpa,
917 2563 1147 2619 quorum
1200 2536 1683 2625 intercessionibus
1725 2546 1904 2617 juvari
1932 2547 2024 2617 de-

448 2626 664 2705 buerat,
687 2647 1076 2711 praegravatur.
1096 2658 1115 2693 ι
1144 2639 1223 2695 Ac
1263 2639 1453 2699 deinde
1478 2659 1491 2717 ς
1513 2660 1531 2692 ι
1560 2640 1731 2712 Major
1753 2654 1883 2712 ergo
1911 2653 2024 2694 me-

446 2729 648 2784 tuenda
700 2730 784 2785 eSt
842 2728 976 2786 locis
1045 2729 1152 2786 illis
1197 2729 1313 2803 fore
1367 2731 1651 2788 calamitas
1681 2772 1695 2797 ,
1744 2732 1835 2789 ubi
1887 2731 2023 2787 tales

446 2817 837 2874 intercessores
878 2818 946 2896 ad
983 2817 1160 2889 locum
1200 2820 1477 2894 regiminis
1526 2821 1886 2889 adducuntur,
1930 2823 2021 2897 qui

447 2905 545 2961 Dei
591 2907 646 2987 in
691 2921 752 2964 se
802 2908 973 2980 magis
1011 2909 1346 2975 iracundiam
1393 2921 1711 2980 provocent,
1735 2927 1896 2983 quam
1925 2926 2024 2982 per

447 2997 769 3075 semetipsos
792 2998 1004 3073 populis
1024 2999 1241 3073 placare
1258 3000 1579 3064 debuerant.
1611 3001 1722 3073 Nec
1748 3004 1850 3060 hoc
1888 3018 2017 3074 quo-

2120 1838 2239 1877 rum
2293 1835 2548 1877 versuum
2603 1835 2795 1877 sensus
2848 1822 3094 1891 quamvis
3155 1820 3346 1879 referri
3407 1822 3584 1891 possit
3629 1824 3696 1879 ad

2121 1911 2291 1967 Deum
2323 1911 2541 1967 Patrem
2585 1909 3156 1979 omniumFiliumque
3192 1908 3309 1979 ejus
3337 1910 3694 1982 unigenitum,

2120 2010 2303 2076 tamen
2328 2000 2465 2069 nihil
2494 2000 2650 2057 obest
2694 1998 2923 2071 intelligi
2957 1998 3024 2061 de
3052 2006 3430 2072 terrenorege
3456 2001 3693 2072 precari,
3733 2071 3738 2074 _

2119 2101 2181 2160 ut
2215 2092 2421 2163 judicet
2450 2089 2859 2167 populumsnon
2905 2103 3004 2145 suo
3051 2089 3146 2145 sed
3182 2089 3289 2146 Dei
3328 2089 3565 2160 judicio,
3610 2092 3694 2152 cui

2120 2183 2387 2251 rationem
2413 2181 2719 2249 redditurus
2744 2188 2830 2236 est
2861 2179 3026 2236 etiam
3051 2179 3119 2235 de
3146 2180 3323 2241 otioso
3344 2181 3536 2237 verbo.

2192 2270 2303 2326 Nec
2353 2284 2440 2324 me
2464 2278 2644 2326 vestro
2697 2266 3032 2351 aliorumque
3080 2268 3403 2341 sapientium
3450 2269 3693 2326 examini

2122 2362 2399 2418 subduco:
2438 2359 2530 2431 qui
2560 2367 2750 2415 contra
2778 2372 3014 2415 canones
3059 2358 3295 2427 sensisse
3322 2358 3593 2429 suspicor,
3640 2358 3694 2412 in

2121 2457 2402 2527 episcopos
2451 2453 2840 2509 monachorum
2894 2466 3112 2522 manum
3160 2440 3395 2519 movisse
3446 2462 3691 2522 accusor,

2121 2557 2361 2603 vestram
2386 2542 2816 2601 benevolentiam
2846 2541 3065 2613 proprio
3111 2541 3363 2611 episcopo
3403 2539 3695 2595 abstulisse

2122 2636 2507 2709 blasphemor,
2562 2631 2880 2704 quibusdam
2941 2629 3423 2686 excommunicatis
3470 2627 3697 2700 partici-

2122 2744 2283 2800 passe
2305 2727 2587 2783 criminor.
2616 2723 2722 2780 Sed
2769 2731 2906 2780 esto.
2954 2722 3052 2779 Cui
3102 2722 3386 2779 sententiae
3423 2734 3692 2795 canonum
3738 2731 3786 2787 Α·

2122 2813 2449 2883 contradixi,
2478 2814 2572 2886 qui
2599 2812 2746 2881 nullo
2784 2813 3017 2870 concilio
3063 2811 3153 2867 vix
3199 2820 3448 2882 apertum
3494 2810 3691 2871 librum

2122 2911 2307 2965 videre
2336 2907 2526 2981 potui?
2572 2914 2666 2962 aut
2710 2905 2854 2979 quod
2905 2903 3190 2975 concilium
3248 2902 3378 2958 illud
3432 2900 3559 2969 fuit,
3606 2901 3693 2956 ubi

2124 2995 2398 3070 conciliati
2439 3001 2702 3051 venerunt
2723 3002 2778 3049 et
2799 2991 3153 3069 disconciliati
3180 2998 3543 3055 recesserunt,
3573 3005 3695 3046 cum

445 3104 554 3161 que
603 3091 804 3147 malum
852 3093 1153 3151 sollicitudo
1203 3106 1390 3152 nostra
1437 3095 1638 3167 patitur
1685 3094 2019 3170 negligenter
2046 3079 2090 3145 C
2126 3091 2195 3146 ibi
2226 3088 2508 3146 discordes
2542 3084 2882 3142 reconciliari
2926 3082 3250 3149 debuerint,
3293 3092 3388 3140 aut
3432 3082 3695 3149 canonica

447 3172 723 3250 emittere,
788 3184 931 3257 quod
983 3185 1239 3259 quidam,
1291 3186 1547 3245 instinctu
1611 3186 1793 3258 gloriae
1841 3187 2019 3243 inanis

448 3272 614 3329 illecti
644 3288 713 3329 ex
765 3273 906 3331 laico
929 3285 1153 3347 repente
1193 3276 1380 3333 habitu
1425 3278 1710 3339 sacerdotii
1755 3279 2018 3334 honorem

450 3367 754 3438 arripiunt,
800 3376 876 3435 et,
924 3369 1067 3443 quod
1117 3369 1299 3426 dicere
1345 3370 1511 3441 pudet
1545 3379 1599 3426 et
1633 3385 1795 3441 grave
1840 3378 2020 3427 tacere

449 3466 571 3523 est,
617 3445 840 3529 regendi
915 3444 1188 3534 rectores,
1239 3466 1296 3514 et
1340 3460 1433 3529 qui
1471 3459 1697 3516 docendi
1755 3469 1883 3515 sunt
1927 3459 2023 3515 do-

448 3556 651 3619 ctores,
676 3560 776 3602 nec
816 3549 1137 3625 erubescant
1176 3548 1366 3613 videri,
1424 3563 1525 3605 nec
1561 3557 1803 3606 metuant
1836 3548 1896 3621 (l.
1942 3566 2017 3618 ιι,

450 3634 625 3706 Epist.
678 3635 852 3706 110).»
902 3636 1018 3692 Huc
1065 3653 1236 3708 usque
1309 3638 1367 3694 S.
1415 3638 1725 3710 Gregorius.
1768 3639 2021 3711 Cumque

449 3726 756 3805 bujusmodi
784 3729 990 3800 praelati
1021 3729 1259 3785 avaritia:
1277 3729 1470 3786 intenti
1500 3731 1753 3788 ecclesias
1781 3731 2022 3789 funditus

452 3815 593 3881 dirui
615 3815 822 3885 sinant,
847 3832 1030 3874 mores
1076 3806 1458 3886 subiectorum”
1482 3833 1579 3874 suo
1626 3820 1871 3890 exemplo
1899 3836 2026 3890 per-

453 3904 623 3970 dant,
668 3918 804 3975 quos
847 3905 1124 3984 corrigere
1166 3904 1483 3971 debuerant,
1533 3913 1703 3960 restat
1736 3915 1795 3961 ut
1832 3907 2019 3979 defen-

453 4009 605 4052 sores
631 3997 983 4054 ecclesiarum
1009 4012 1074 4052 ac
1098 3996 1409 4067 fundatores
1446 4012 1630 4053 earum
1674 3998 2023 4071 hmredesque

456 4084 804 4157 fundatorum
872 4100 933 4142 se
987 4086 1310 4158 subtrahant
1385 4096 1570 4143 eorum
1633 4074 2018 4161 communioni,

450 4188 523 4233 ne
574 4175 864 4248 participes
906 4176 1014 4232 sint
1069 4177 1479 4234 maledictionis.
1532 4172 1914 4250 Verumtamen
1973 4182 2021 4237 si

455 4263 730 4319 catholica
794 4265 866 4319 sit
929 4265 1272 4335 pontificialis
1335 4265 1664 4337 sublimitas.
1699 4276 1755 4322 et
1826 4268 2022 4341 regalis

455 4350 733 4418 majestas,
761 4366 913 4422 aequa
944 4352 1099 4410 lance
1141 4363 1333 4425 pensat
1360 4354 1642 4425 utriusque
1704 4358 2019 4426 auctoritas,

2123 3178 2460 3240 districtione
2488 3175 2771 3253 mulctari?
2800 3174 2929 3249 quid
2972 3174 3027 3231 in
3045 3187 3143 3233 me
3175 3172 3527 3244 singulariter
3551 3186 3695 3243 com-

2122 3277 2389 3341 miserunt
2422 3270 2683 3344 episcopi,
2710 3277 2774 3335 ut
2800 3260 2881 3341 eis
2919 3266 3110 3324 saltem
3146 3265 3476 3337 cogitatione
3505 3263 3694 3319 obesse

2121 3364 2427 3429 voluerim;
2457 3361 2759 3433 prmsertim
2805 3372 2925 3415 cum
2964 3369 3072 3425 non
3118 3355 3421 3420 inimicum,
3466 3352 3567 3408 sed
3597 3352 3696 3406 fide

2123 3465 2186 3512 et.
2203 3467 2366 3526 opere
2397 3449 2786 3516 amicissimum
2830 3450 3079 3521 graviora
3125 3444 3368 3518 pericula
3413 3442 3697 3514 pertulisse

2123 3544 2456 3617 contigerit?
2493 3542 2631 3597 Ecce
2660 3555 2843 3598 coram
2871 3542 2981 3599 Deo
3008 3541 3062 3614 in
3082 3526 3299 3605 Christo
3328 3548 3437 3591 non
3463 3533 3699 3590 mentior

2126 3635 2268 3708 (Gal.
2298 3651 2338 3702 ι,
2385 3633 2502 3704 20),
2532 3632 2679 3703 quia,
2728 3631 2911 3686 audita
2955 3627 3355 3710 insequentium
3387 3623 3695 3689 conclama-

2128 3729 2294 3791 tione.
2335 3726 2476 3781 ultra
2518 3738 2679 3793 quam
2733 3722 2838 3777 dici
2884 3722 3059 3797 possit
3107 3718 3332 3797 indolui.
3380 3715 3698 3775 recordatus

2124 3816 2367 3889 pristina:
2397 3800 2650 3869 amicitiae
2678 3820 2731 3868 et
2761 3796 3148 3877 beneficiorum
3194 3808 3327 3863 tanti
3376 3805 3516 3870 viri,
3547 3803 3698 3873 cujus

2127 3909 2218 3964 nix
2249 3906 2442 3976 capitis
2480 3908 2832 3960 reverendum
2878 3899 3136 3962 ostendit,
3186 3906 3408 3966 excepta
3452 3894 3699 3966 primatis

2126 3999 2481 4073 prmmgativa
2509 4006 2565 4053 et
2591 3995 2908 4054 sacerdotali
2948 3995 3139 4053 infula.
3184 3989 3300 4063 Qua
3347 3995 3703 4067 suggestioth

2127 4108 2224 4148 vos
2250 4091 2469 4163 decepi,
2518 4098 2579 4146 ut
2615 4099 2849 4151 vestram
2900 4086 3329 4144 benevolentiam
3358 4086 3582 4158 optimis
3606 4101 3696 4140 au-

2128 4181 2368 4245 ferretis,
2414 4180 2553 4236 male
2599 4180 2807 4235 meritis
2850 4177 3207 4234 eonferretis?
3248 4175 3386 4231 Num
3426 4190 3530 4247 ego
3559 4176 3698 4236 Deus

2129 4288 2246 4329 sum
2276 4273 2366 4342 qui
2410 4254 2840 4335 mutat'mentes,
2890 4279 3066 4326 mutat
3098 4284 3264 4341 regna
3310 4277 3366 4324 et
3410 4269 3697 4339 tempora?

2128 4360 2268 4416 Vere
2294 4360 2464 4414 fateor
2488 4373 2573 4415 me
2599 4357 2858 4428 magicam
2901 4358 3168 4429 ignorare,
3214 4372 3316 4413 nec
3354 4355 3560 4427 aliquid
3586 4370 3699 4411 ma-

455 4448 518 4495 ut
544 4432 752 4526 prosint
779 4419 1037 4497 Ecclesiae
1065 4419 1226 4512 quam
1264 4443 1512 4499 Christus
1534 4419 1764 4513 redemit
1787 4463 1885 4504 suo
1906 4419 2025 4505 san:
2052 4419 2101 4479 D
2128 4452 2303 4506 larum
2350 4450 2546 4505 artium
2597 4419 2871 4504 didicisse.
2921 4419 3076 4505 Dude
3126 4419 3216 4503 ille
3258 4448 3352 4518 qui
3396 4419 3465 4503 de
3511 4447 3697 4502 hacre

456 4532 659 4602 gnine';
711 4547 835 4587 nam
879 4532 1023 4589 illius
1066 4534 1366 4591 sublimitas
1405 4535 1522 4606 lege
1571 4537 1782 4594 Domini
1813 4539 2028 4611 spirita-

453 4619 584 4675 litcr
611 4620 827 4691 populis
855 4623 1207 4691 pronuntiat,
1263 4640 1424 4693 quam
1475 4626 1633 4684 istius
1672 4629 1951 4698 majestas,
1980 4627 2025 4684 si

456 4725 686 4767 necesse
712 4711 811 4778 sit,
840 4725 1112 4767 armorum
1144 4710 1456 4773 defensione
1496 4718 1866 4774 commendat:
1896 4710 2028 4788 qua-ﬂ

453 4812 680 4872 propter
725 4803 1020 4858 cavendum
1078 4811 1163 4860 est
1218 4820 1284 4860 ne
1333 4807 1402 4862 ab
1459 4790 2023 4874 invicem'resiliant,

458 4906 689 4960 quorum
723 4892 1026 4949 adinvicem
1056 4894 1355 4951 ministeria
1390 4898 1736 4954 concordant.
1761 4897 1867 4954 Sed
1892 4913 2024 4953 con—

463 4984 644 5039 cordia
669 4998 856 5040 eorum
885 4984 939 5038 in
977 4983 1207 5040 diversis
1243 4985 1433 5043 officiis
1460 4998 1612 5044 tanto
1647 4988 1747 5044 sibi
1772 4989 2024 5055 consulit,

461 5083 665 5144 quanto
692 5070 1024 5131 unanimiter
1044 5076 1374 5136 consulendo
1404 5080 1469 5135 de
1492 5080 1759 5136 communi
1795 5080 2026 5135 utilitate

464 5159 648 5220 sentit.
697 5164 777 5222 Ob
833 5166 937 5223 hoc
991 5169 1331 5239 antiquorum
1402 5171 1755 5226 conciliorum
1815 5169 2027 5240 paginis

410 5254 816 5331 ‘pracfiguntur
880 5258 1094 5314 nomina
1161 5260 1549 5330 imperatorum
1601 5261 1684 5315 vel
1742 5260 2022 5315 consulum

464 5360 694 5414 quorum
750 5346 935 5404 favore
985 5364 1302 5414 magnorum
1360 5352 1544 5408 habita
1598 5360 1726 5405 sunt
1778 5350 2025 5405 consulta

2128 4552 2315 4619 contra
2345 4556 2430 4605 me
2471 4541 2735 4612 queritur,
2783 4540 3053 4595 neminem
3100 4547 3296 4609 puriter
3322 4553 3419 4594 vos
3449 4537 3696 4593 incusare

2127 4635 2360 4706 videtur,
2392 4635 2505 4704 qui,
2538 4631 2723 4695 relicto
2745 4632 2963 4687 tramite
2987 4631 3277 4702 aequitatis,
3307 4628 3695 4687 beneficiorum

2127 4723 2243 4793 ejus
2287 4724 2708 4780 vicissitudinem
2736 4722 3051 4791 rependere
3096 4720 3568 4796 neglexistis.Aut
3593 4718 3696 4777 for-

2128 4824 2274 4872 tasse
2311 4815 2502 4886 regia:
2568 4813 2867 4884 majestatis
2933 4811 3316 4868 auctoritatem
3354 4810 3689 4866 contemno!

2132 4890 2678 4975 Quantulumcunque
2730 4917 2829 4959 vos
2890 4902 3276 4976 exacerbavit,
3325 4901 3696 4975 exacerbando

2132 4990 2402 5061 irritavit,
2454 4992 2717 5048 irritando
2779 4990 3037 5067 offendit,
3097 4989 3419 5048 offendendo
3481 4992 3695 5062 placare

2133 5077 2357 5151 distulit,
2394 5096 2450 5143 et
2493 5102 2590 5158 pro
2621 5085 2812 5142 talibus
2858 5084 3137 5141 beneficiis
3183 5085 3415 5147 miratur
3452 5085 3556 5140 sibi
3601 5084 3694 5139 im-

2132 5179 2292 5251 pendi
2326 5176 2637 5235 munusrula
2661 5174 2819 5245 justas
2860 5173 3414 5243 recompensationis;
3454 5189 3559 5229 nec
3599 5172 3693 5228 sibi

2135 5262 2361 5339 imputat
2394 5265 2535 5338 quod
2560 5263 2878 5336 promeruit,
2916 5262 3010 5319 sed
3054 5263 3259 5318 crimen
3291 5261 3591 5318 transferre
3615 5262 3703 5335 ai-q

2137 5353 2267 5414 titur
2293 5359 2346 5414 in
2373 5356 2667 5414 perniciem
2707 5353 2973 5410 insontis:
3017 5352 3061 5407 si
3091 5353 3234 5408 enim
3283 5351 3420 5407 nihil
3464 5368 3561 5407 vos
3608 5366 3699 5406 no-
