3944 5414
149 327 234 387 469
1438 337 1707 394 APOLOG
1720 339 1767 391 ις

1878 334 1980 392 US.
2273 354 2279 360 ·
3279 330 3383 389 I70

153 463 201 504 se
238 443 424 500 lmsisse
466 442 756 516 ignoravit.
807 445 917 503 Cur
970 447 1134 520 igitur
1185 464 1270 505 me
1316 449 1703 506 declamatorie
1732 461 1776 514 Α
1807 450 1860 506 iu
1885 447 2179 504 fabrateria
2212 445 2481 504 mendacii
2522 446 2845 518 cupiditates
2877 460 3004 503 suas
3034 460 3248 517 pravas,
3279 446 3402 518 ipsi-

155 536 382 596 accusat?
405 551 500 591 cur
531 537 663 591 mihi
692 537 792 593 soli
831 538 1062 610 imputat
1100 539 1244 611 quod
1295 539 1445 596 illum
1471 540 1702 610 gravat?
1802 538 3386 609 nitunturconderelegesnovas:sedApostolusnobiscon-

156 634 224 688 Au
273 630 401 686 scire
437 637 654 700 potero,
703 631 916 701 quoties
962 631 1169 705 legatos
1205 633 1355 699 misi,
1387 632 1604 702 quoties
1636 632 1703 687 de
1803 632 1988 688 sulens
2034 631 2116 686 eis
2139 630 2378 687 occurrit
2416 650 2430 684 :
2474 629 2533 686 Si
2561 631 2677 702 quis
2716 631 2876 696 vobis,
2928 631 3200 700 inquiens,
3241 629 3387 685 aliud

157 735 264 793 pace
302 719 499 793 rogavi,
544 720 761 789 quoties
799 737 886 778 me
922 723 1216 794 supplicem
1267 723 1475 778 obtuli?
1525 722 1705 777 Testis
1805 723 2192 778 annuntiauerit
2251 731 2441 791 prwter
2493 723 2549 776 id
2596 723 2738 792 quod
2775 723 3068 792 accepistis,
3108 725 3410 778 anathema-

159 813 268 869 mibi
296 821 372 866 est
404 813 543 868 Deus
580 812 930 884 quod,_s:ilvo
969 813 1095 884 jure
1143 815 1316 871 nostri
1361 813 1721 880 monasterii,
1807 818 1873 872 sit
1912 813 2080 888 (ϐαίη
2123 831 2164 879 ι,
2223 814 2304 885 9).
2364 814 2516 882 Quod
2567 817 2852 871 anathema
2901 825 3160 886 quantum
3200 833 3391 874 caven-

161 905 212 958 ail
235 904 394 960 omnia
424 919 543 974 qua:
590 905 915 976 regulariter
961 905 1287 975 injunxisset
1331 908 1712 978 obtemperare
1810 906 1937 961 dum
1974 904 2066 969 sit,
2096 902 2233 959 liber
2256 902 2505 958 Judicum
2533 905 2789 970 ostendit,
2823 906 2910 960 ubi
2951 905 3147 978 legitur
3197 925 3209 961 :
3245 908 3392 962 Ana-

163 1006 350 1069 paratus
375 995 473 1063 fni,
499 1005 576 1064 et,
604 998 648 1053 si
681 997 887 1068 aliquid
933 998 1061 1054 mali
1093 999 1413 1064 commerui,
1460 1005 1714 1053 manente
1811 998 1981 1052 thema
2013 997 2074 1051 in
2105 996 2277 1050 medio
2306 996 2382 1048 tui
2410 1003 2506 1061 est,
2536 994 2727 1061 Israel,
2767 1013 2868 1050 non
2902 998 3098 1068 poteris
3144 1007 3284 1052 stare
3309 1015 3396 1054 co-

164 1105 314 1144 rerum
343 1089 493 1160 cepia
521 1090 871 1156 inconcussa,
915 1091 1294 1163 episcoporum
1338 1091 1486 1162 justa
1512 1089 1717 1158 jacule-
1814 1108 1929 1146 ram
1958 1089 2181 1143 inimicis
2229 1089 2333 1143 tuis
2364 1087 2548 1159 (Iosue
2571 1105 2668 1153 vit,
2705 1088 2815 1159 l5).
2862 1087 2996 1142 Nam
3031 1089 3174 1159 quod
3206 1089 3398 1145 leviter

164 1195 233 1237 tur
258 1182 305 1236 in
338 1198 420 1237 me
446 1183 724 1239 sententia
754 1185 923 1257 :quja
970 1185 1084 1257 ipse
1131 1185 1300 1250 solus,
1333 1193 1394 1238 ut
1431 1184 1713 1248 debuerat,
1816 1179 2393 1237 excommunicandum
2409 1181 2683 1244 nonsit,et
2707 1181 2849 1250 quod
2875 1181 3174 1235 membrum
3198 1179 3398 1235 Christi

165 1289 400 1343 nunquam
439 1272 592 1344 justo
633 1275 900 1344 amplius.
959 1276 1060 1334 nisi
1105 1275 1444 1332 clandestina
1493 1287 1719 1329 exsecu-
1821 1288 1850 1326 a
1880 1285 2108 1341 corpore
2154 1285 2276 1326 cum
2323 1271 2473 1341 gravi
2517 1271 2700 1326 do!ore
2733 1272 3080 1327 resecandum
3109 1271 3194 1335 sit,
3227 1271 3402 1325 mani-

167 1368 306 1429 tione,
330 1366 380 1420 in
411 1382 497 1422 me
527 1366 810 1426 desaeviet.
856 1367 991 1423 Novi
1023 1369 1164 1424 enim
1193 1384 1357 1438 quam
1387 1376 1638 1423 austeras
1665 1365 1720 1420 in
1822 1361 2018 1418 festum
2063 1363 2119 1418 in
2165 1361 2396 1416 concilio
2425 1361 2679 1417 Africano
2733 1371 2894 1432 caput
2920 1370 3031 1418 est:
3079 1381 3098 1414 σ
3131 1361 3399 1429 Quandiu,

167 1457 356 1513 Letaldo
394 1455 708 1514 hlieiacensi
760 1457 1026 1513 monacho
1075 1457 1260 1524 fuerit,
1316 1471 1476 1528 quem
1524 1455 1724 1511 oblitus
1825 1454 2020 1524 inquit,
2072 1454 2540 1509 excommunicato
2579 1470 2685 1508 non
2740 1454 3223 1510 communicaverit
3271 1469 3404 1509 suus

169 1547 446 1606 reverentia:
477 1549 837 1604 sacerdotalis
876 1548 1138 1618 injuriose
1176 1557 1231 1602 et
1275 1549 1390 1603 sine
1435 1546 1563 1602 ullis
1589 1546 1724 1617 legi-
1825 1548 2132 1616 episcopus,
2181 1544 2353 1600 eidem
2388 1548 2642 1617 episcopo
2685 1547 2753 1600 ab
2789 1545 2909 1600 aliis
2944 1561 3053 1600 non
3103 1544 3412 1600 communi-

169 1636 252 1692 bus
278 1637 518 1692 tractavit
546 1653 563 1703 ;
618 1653 711 1708 qui
745 1638 790 1693 si
825 1638 1110 1709 epistolam
1141 1637 1388 1709 Gregorii
1418 1637 1486 1692 ad
1513 1636 1726 1706 Lupum
1829 1647 1980 1691 cetur
2014 1636 2305 1707 episc0pis,
2332 1648 2393 1693 ut
2417 1639 2588 1708 magis
2615 1646 2810 1694 caveat
2853 1636 3140 1706 episcopus
3170 1649 3236 1689 ne
3267 1635 3413 1690 dicat

173 1731 389 1785 abbatem
416 1730 663 1800 legis‘set,
691 1731 939 1801 profecto
968 1747 1246 1801 nunquam
1275 1739 1482 1786 tantum
1513 1729 1727 1785 facinus
1831 1727 1886 1782 in
1914 1743 2241 1798 quemquam
2264 1729 2406 1800 quod
2427 1729 2546 1784 aliis
2572 1727 2915 1784 documentis
2943 1728 3271 1782 convincere
3301 1741 3412 1782 non

175 1829 545 1890 pcrpetrasset:
583 1841 603 1874 s
632 1821 902 1889 Quoniam
946 1821 1150 1888 multae,
1183 1822 1378 1891 inquit,
1411 1820 1727 1876 occasiones
1759 1813 1802 1873 B
1831 1826 2029 1888 potest.
2053 1837 2070 1868 ι
2103 1817 2382 1889 Siquidem
2408 1818 2671 1890 quidquid
2699 1819 2753 1874 in
2779 1817 3022 1874 Ecclesia
3053 1817 3132 1884 fit,
3153 1817 3258 1872 nisi
3293 1831 3418 1872 auc—

178 1909 601 1980 indcccptatione
649 1909 1026 1980 religiosarum
1073 1925 1429 1982 personarum
1476 1925 1506 1963 a
1550 1909 1729 1980 pravis
1834 1912 2048 1967 toritate
2094 1911 2313 1966 Patrum
2360 1911 2640 1980 fulciatur,
2703 1912 2996 1976 simulatio,
3065 1929 3172 1967 non
3219 1912 3419 1969 veritas

177 2002 286 2068 illic,
319 2012 376 2058 ut
396 2003 616 2069 dicitur,
649 2003 964 2058 hominibus
1012 2004 1393 2074 exquiruntur,
1445 2001 1729 2074 presbytc-
1827 2005 2132 2077 judicatur;
2183 2015 2238 2062 et
2290 2007 2492 2062 scimus
2521 2006 2566 2062 si
2611 2021 2715 2076 qua
2754 2005 3099 2061 simulatores
3150 2014 3204 2060 et
3238 2003 3420 2060 callidi

177 2108 274 2147 rum
312 2094 578 2164 prazdictae
622 2093 883 2149 Ecclesia:
933 2094 1245 2152 nullomodo
1286 2093 1609 2164 privandum
1640 2092 1734 2146 dc-
1834 2111 2132 2170 provocant
2159 2101 2297 2155 iram
2327 2099 2444 2166 Dei,
2491 2115 2561 2163 an,
2593 2100 2877 2170 presbyter
2906 2098 2990 2155 vel
3011 2099 3297 2170 cpiscopus
3324 2098 3422 2153 lia-

178 2185 555 2254 ponendumqtte
585 2199 896 2249 censemus,
937 2183 1049 2239 nisi
1089 2199 1251 2240 causa
1281 2183 1594 2254 specialiter
1620 2181 1732 2237 cri-

1877 2192 2070 2258 cbitur,
2093 2192 2183 2262 qui
2207 2199 2393 2248 contra
2419 2191 2798 2247 auctoritatem
2820 2205 3088 2246 canonum
3110 2187 3424 2244 ordinatur?

181 2273 316 2328 minis
343 2277 588 2344 exigente
612 2291 628 2341 ;
654 2276 798 2332 unde
840 2290 1064 2332 necesse
1089 2284 1173 2330 est
1203 2285 1260 2331 ut
1284 2315 1298 2340 ,
1332 2276 1377 2330 si
1407 2289 1513 2346 qua
1543 2282 1733 2329 contra
1837 2283 1943 2337 Aut
1972 2283 2087 2338 sine
2112 2283 2428 2339 autbentiea
2453 2283 2838 2351 degradatione
2867 2282 3152 2352 presbyter
3179 2280 3260 2335 vel
3311 2278 3427 2348 epi-

183 2378 285 2418 cum
313 2365 615 2434 huiusmodi
669 2366 891 2436 querela
939 2365 1262 2432 surrexerit,
1294 2381 1400 2420 non
1451 2364 1597 2420 solus
1624 2363 1736 2435 epi-

1877 2389 2034 2444 copus
2056 2374 2292 2430 cessabit
2326 2375 2394 2430 ab
2414 2374 2573 2430 ollicii
2606 2375 2689 2430 sui
2733 2375 2992 2430 munere?
3020 2373 3270 2442 Nunquid
3302 2385 3424 2427 crc-

181 2472 346 2527 SCOpllS
377 2459 614 2513 civitatis
641 2474 862 2516 causam
892 2459 1188 2524 examinet,
1222 2455 1606 2530 s'edadhibitis
1633 2456 1735 2512 Sibi
1841 2466 2030 2520 demus
2073 2466 2600 2526 cxcommunicutum
2633 2483 2795 2538 quem
2842 2481 2951 2522 non
2983 2464 3256 2520 remordet
3300 2477 3429 2518 con-

183 2548 484 2620 coepiscopis
533 2549 649 2604 suis
699 2547 884 2604 subtili
938 2549 1358 2620 investigatione
1412 2547 1734 2619 perquirat.
1841 2557 2069 2612 scientia
2116 2558 2365 2614 criminis
2395 2573 2493 2628 pro
2531 2573 2638 2628 quo
2668 2557 2862 2614 debeat
2889 2555 3268 2613 communione
3315 2553 3431 2623 prio

185 2649 437 2706 (ῐιιθιθηιιε,
468 2641 682 2696 ωηειὶε
730 2641 1076 2697 concorditer
1115 2640 1517 2710 iudicantibus,
1569 2653 1735 2694 callo-
1841 2648 1996 2701 vari?
2023 2646 2174 2703 Tunc
2202 2628 2508 2716 cnimjdsta
2539 2655 2623 2703 est
2650 2645 3143 2702 excommunicatio
3172 2643 3427 2714 pastoris,

187 2729 299 2784 nica:
323 2730 676 2786 districtionis
703 2746 932 2787 censura
955 2741 1048 2787 aut
1077 2746 1227 2786 reum
1259 2731 1420 2787 ferire
1447 2738 1541 2786 aut
1580 2729 1742 2785 inno-
1842 2737 2078 2808 quando
2105 2739 2367 2796 canonica
2420 2739 2637 2794 vocatio
2666 2740 2716 2792 in
2745 2753 2896 2792 reum
2925 2735 3226 2807 prmeessit,
3259 2743 3315 2788 et
3345 2732 3434 2787 ille

187 2829 370 2874 centeni
419 2822 589 2891 possit
635 2821 935 2878 absolvere.
974 2842 993 2876 ι
1045 2823 1290 2893 Denique
1322 2821 1476 2893 quod“
1521 2836 1742 2876 excom-
1848 2837 2056 2884 reatum
2089 2845 2244 2885 suum
2270 2831 2369 2886 sub
2398 2829 2607 2898 judicio
2646 2829 2901 2884 Ecclesia:
2934 2827 3210 2896 corrigere
3238 2825 3432 2888 noluit,

186 2911 438 2966 manicatis
468 2927 555 2968 me
591 2913 877 2968 miscuisse
905 2914 1120 2981 asserit,
1143 2914 1260 2984 ejus
1283 2914 1528 2983 exemplo
1559 2914 1744 2984 utique
1847 2933 2021 2989 eoque
2052 2922 2212 2976 modo
2243 2921 2482 2976 elatione
2508 2920 2771 2975 tumidum
2803 2935 2833 2973 a
2861 2918 3009 2972 sanis
3037 2917 3230 2972 ovibus
3251 2928 3431 2984 segre-

185 3000 291 3068 l‘eei,
319 3009 402 3074 qui
432 3004 585 3060 ﬁlios
611 3005 779 3061 Belial
815 3015 1082 3062 nocturno
1130 3007 1416 3062 latrocinio
1463 3007 1519 3062 in
1566 3021 1744 3061 meam
1848 3023 1960 3086 gat,
1985 3012 2350 3088 qucnrdiviuo
2379 3009 2584 3080 judicio
2613 3008 3006 3081 segregandum
3041 3022 3148 3062 non
3177 3006 3391 3077 ignorat
3417 3021 3432 3070 ;

188 3105 348 3146 necem
372 3103 685 3160 grassantes
727 3097 959 3166 recepit,
991 3104 1276 3166 postquam
1308 3112 1402 3152 eos
1429 3097 1745 3152 auathcma-
1781 3168 1819 3176 _
1851 3115 1907 3162 et
1939 3105 2063 3176 quia
2097 3103 2147 3157 in
2178 3118 2334 3158 suum
2384 3111 2656 3173 pastorem
2688 3097 3192 3156 excommunicatus
3237 3108 3434 3166 pecca-

85 3229 101 3248 ,
192 3183 427 3239 tizaverat
457 3201 590 3240 suus
619 3186 1064 3256 archiepiscopus
1110 3187 1402 3259 singularis
1443 3188 1623 3243 meriti
1655 3188 1744 3243 Si-
1775 3168 1823 3228 (ἶ
1853 3168 2028 3263 mh,
2066 3213 2189 3253 eum
2229 3168 2686 3252 alter-absolvere
2732 3209 2832 3250 nec
2860 3192 3048 3249 debuit
3089 3204 3189 3247 nec
3237 3189 3437 3262 potuit.

191 3274 400 3341 guinus;
462 3284 518 3331 et
582 3275 700 3332 Odo
760 3276 1179 3332 Carnotensiuin
1247 3279 1530 3349 episcopus
1562 3318 1576 3344 ,
1648 3293 1750 3333 nec

1877 3292 2023 3346 ‘orro
2050 3291 2357 3362 quicunque
2388 3288 2542 3344 fratri
2573 3302 2691 3343 meo
2723 3287 2775 3342 in
2807 3301 2893 3341 me
2930 3284 3180 3356 peccanti
3208 3297 3434 3339 excom-

192 3380 281 3420 non
334 3376 386 3422 et
434 3367 524 3422 alii
591 3383 808 3440 magnae-
844 3368 970 3423 vita:
1022 3377 1078 3424 et
1131 3367 1366 3441 religiosi
1439 3369 1565 3424 viri.
1635 3368 1751 3426 Hoc

1877 3383 2276 3438 nunicationem
2299 3380 2596 3448 intorserit,
2626 3394 2733 3435 non
2759 3377 2846 3434 ille
2873 3378 2922 3434 ei
2947 3383 3229 3448 peccatum
3251 3374 3436 3429 dimit-

194 3471 304 3512 saue
366 3459 537 3528 palam
601 3459 886 3524 omnibus,
955 3460 1097 3516 sicut
1149 3475 1359 3531 magnae
1412 3461 1752 3516 auctoritatis

1881 3477 1942 3543 it,
1980 3475 2076 3532 sed
2103 3490 2204 3548 ego
2228 3474 2282 3529 in
2311 3489 2471 3544 quem
2503 3473 2770 3544 peccavit,
2807 3487 2837 3525 a
2861 3485 2970 3540 quo
2999 3465 3438 3524 excommunica-

194 3555 289 3612 est,
331 3548 556 3603 asseruit
592 3549 739 3619 quod
779 3565 938 3605 nemo
982 3550 1154 3619 possit
1207 3565 1331 3606 eum
1387 3551 1756 3606 excommuni—

1880 3569 2021 3624 ionis
2056 3567 2198 3624 malo
2242 3580 2466 3637 regnum
2505 3571 2747 3619 vestrum
2802 3569 3054 3632 purgate,
3107 3556 3442 3614 serenissinii

195 3649 318 3700 care,
360 3639 448 3707 qui
515 3640 887 3695 emendationi
949 3648 1005 3694 et
1067 3640 1426 3698 satisfactioni
1472 3640 1748 3710 intendit,

1877 3658 2150 3728 irineipes,
2178 3656 2307 3726 quia
2337 3655 2424 3710 vix
2455 3665 2538 3709 cst
2567 3655 2619 3709 in
2663 3668 2730 3708 eo
2775 3652 2970 3721 aliquis
3021 3650 3297 3705 hominum
3347 3647 3444 3717 qui

199 3729 610 3793 prmsertinieum
649 3745 821 3796 usque
867 3729 934 3783 ad
987 3730 1412 3787 satisfactionem
1460 3748 1753 3802 congruam

1877 3751 2046 3806 saltem
2078 3748 2281 3804 idcirco
2303 3747 2805 3804 excommunicatus
2830 3760 2936 3800 non
2967 3758 3056 3809 su,
3087 3747 3341 3812 quoniam
3384 3742 3442 3795 in

199 3830 326 3908 ⁵⁵υέ⁸³³
375 3819 488 3888 ipse
533 3829 588 3874 εί
638 3819 730 3872 am
806 3819 1046 3890 θρίδεονί
1122 3823 1461 3895 Ρνωίθηάωη
1534 3822 1758 3878 ¹¹¹³¹¹⁰ί¹ί’
1857 3839 2108 3898 convivio
2136 3837 2220 3893 vel
2246 3839 2396 3908 pacis
2445 3836 2630 3894 osculo
2678 3834 3150 3892 excommunicato
3194 3833 3441 3887 adlucsit.

199 3906 365 3962 ctionis
418 3909 769 3965 sententiam.
851 3910 1025 3966 Porro
1095 3913 1186 3982 qui
1236 3911 1323 3967 vel
1389 3923 1520 3983 quot
1591 3913 1760 3969 inter-

1877 3931 2126 3986 Prattcrea
2157 3906 2405 3983 dominos
2437 3941 2588 3983 meos
2632 3941 2755 3982 cum
2786 3923 3132 3980 familiariter
3161 3922 3445 3992 alloquens

203 4008 303 4049 c550
328 3996 554 4053 debeam
589 4013 811 4054 reorum
848 4000 1186 4072 οωῑςθιῑοιιί,
1240 4003 1333 4073 (ιυῑ
1372 4003 1456 4058 νει
1492 4012 1624 4073 (Ιιιοῑ
1662 4018 1754 4060 οο·
1861 4020 2000 4074 bona
2033 4017 2256 4080 suadeo,
2309 4015 2600 4070 multorum
2648 4016 2882 4080 animos,
2934 4013 3068 4079 scio,
3118 4020 3310 4068 contra
3360 4027 3446 4064 ine

203 4100 304 4140 rum
321 4089 662 4156 absolutioni,
691 4106 959 4161 nusquam
1003 4105 1091 4145 me
1136 4091 1330 4162 legisse
1377 4093 1624 4158 memini,
1655 4092 1759 4147 nisi
1862 4110 2098 4174 conci“),
2123 4107 2279 4177 juxta
2307 4106 2434 4162 ,ιιηα
2462 4106 2698 4164 Comici;

206 4177 250 4230 in
289 4179 665 4251 degradatione
738 4182 1059 4240 sacerdotis.
1131 4183 1362 4238 Tantum
1415 4182 1762 4254 evangelicus

205 4281 360 4324 sermo
405 4271 584 4340 prodit
634 4272 778 4342 quod
804 4273 850 4327 si
877 4274 1166 4347 peccaverit
1201 4275 1257 4328 in
1308 4285 1356 4330 te
1414 4273 1582 4344 frater
1618 4283 1758 4338 tuus,

205 4360 380 4429 corripe
411 4378 529 4416 eum
559 4363 696 4418 inter
724 4373 772 4417 te
813 4375 858 4418 et
887 4362 1058 4433 ipsum
1083 4363 1250 4418 soluat
1287 4380 1306 4418 :
1337 4365 1382 4418 si
1409 4374 1458 4419 te
1509 4363 1762 4431 audierit,
1870 4362 1942 4418 De
1967 4377 2193 4433 quorum
2217 4361 2564 4416 animositate
2577 4375 2682 4415 non
2701 4360 2926 4414 multum
2942 4357 3352 4425 moveor,dulce
3365 4357 3456 4410 dc-.

208 4444 415 4505 lucratus
445 4453 549 4506 eris
579 4452 799 4523 [retreat
831 4464 1022 4519 tuitui;
1069 4456 1114 4509 si
1164 4465 1213 4509 te
1243 4471 1345 4510 non
1386 4456 1636 4520 audierit,
1679 4456 1764 4510 die
1801 4520 1830 4523 _
1869 4470 1962 4508 cus
1985 4451 2485 4518 meumJlodbcrte,
2509 4465 2667 4521 quem
2683 4451 2848 4505 atavis
2878 4450 3081 4519 regibus
3110 4450 3304 4505 editum
3321 4448 3456 4519 (28')

209 4537 462 4609 Ecciesiw;
505 4520 649 4615 quod
694 4547 739 4601 si
769 4545 1061 4601 Ecclesium
1111 4565 1214 4604 non
1253 4549 1502 4613 audierit,
1559 4550 1623 4602 sit
1675 4549 1769 4604 tibi
1799 4520 1846 4580 θ
1877 4543 2057 4600 divina
2105 4543 2279 4614 pietas
2330 4520 2582 4611 perduxit
2610 4540 2677 4596 ad
2723 4541 2876 4614 regni
2918 4539 3218 4612 fastigium,
3253 4541 3297 4594 si
3343 4549 3462 4610 post

1987 4218 2298 4282 Obsequium
2320 4218 2521 4282 amicos,
2544 4219 2725 4282 veritas
2746 4216 2907 4268 odium
2929 4218 3072 4282 parit.

2176 4280 2470 4342 ('l'snasrius
2493 4279 2541 4328 iu
2561 4277 2768 4342 Andria,
2793 4282 2901 4331 Act.
2930 4277 2980 4342 Ἰ,
3004 4291 3146 4330 seen.
3167 4291 3215 4327 ν.
3240 4278 3312 4342 1.)

210 4631 322 4686 sicut
351 4636 581 4692 ethnicus
629 4650 679 4693 et
721 4639 1036 4709 publicanus
1083 4639 1298 4709 (Matth.
1331 4656 1486 4705 xviii,
1532 4640 1618 4705 15,
1657 4641 1770 4712 17).

214 4719 329 4778 Ecce
341 4725 529 4782 divinm
546 4727 911 4784 miserationis
928 4729 1108 4800 regula
1121 4771 1135 4795 ,
1156 4745 1260 4800 qua
1273 4730 1493 4797 jubemu
1505 4747 1528 4783 r
1554 4747 1767 4786 reorum

216 4811 331 4869 alios
366 4820 642 4876 audientes
681 4821 767 4892 pia
813 4822 1154 4878 correctione
1213 4823 1476 4878 secretius
1518 4837 1766 4894 arguere,

214 4902 331 4960 alios
371 4923 473 4962 non
537 4910 817 4966 audientes
859 4909 1073 4980 publica
1124 4910 1431 4967 invectione
1481 4911 1768 4984 objurgarc

219 5008 365 5064 usque
383 5000 446 5052 ad
476 5013 635 5055 aures
682 5001 959 5058 Ecclesia).
993 5000 1100 5058 Sed
1147 5003 1388 5071 nunquid
1431 5001 1645 5072 publica
1695 5004 1778 5059 in-

219 5088 372 5143 vectio
407 5101 666 5148 secretam
703 5092 1096 5165 indulgentiam
1146 5094 1384 5158 sustulit,
1436 5102 1529 5148 aut
1557 5105 1770 5151 secreta

1877 4639 2046 4694 Deum
2079 4647 2135 4693 et
2179 4647 2399 4692 sanctos
2441 4634 2559 4704 ejus
2604 4643 2785 4690 vestro
2832 4631 3142 4705 specialiter
3191 4641 3465 4686 sustentor

1879 4729 2079 4784 auxilio
2122 4737 2176 4781 et
2207 4725 2453 4790 consilio,
2483 4725 2638 4796 cujus
2685 4725 3012 4780 mentionem
3048 4724 3104 4777 in
3136 4721 3467 4792 quotidianis

1876 4819 2214 4877 orationibus
2237 4819 2374 4874 meis
2408 4832 2682 4887 nunquam
2721 4826 3002 4886 praetereo,
3021 4815 3236 4870 tandem
3259 4813 3470 4881 capitu-

1878 4914 2026 4968 latim
2086 4912 2370 4968 subtexam
2420 4909 2548 4966 huic
2599 4909 2834 4964 indiculo
2888 4923 3008 4977 qure
3055 4906 3295 4961 maxime
3347 4910 3474 4956 sunt.

1877 5001 2200 5073 corrigenda
2232 5003 2286 5056 in
2327 5011 2511 5057 vestro
2546 4999 2793 5068 imperio,
2837 5012 2936 5054 nec
2976 5006 3161 5052 tamen
3192 4996 3310 5049 haec
3352 5005 3475 5046 ver-

1878 5095 1962 5150 bis
1992 5093 2144 5151 meis.
2176 5093 2271 5148 sed
2297 5091 2622 5146 autbenticis
2672 5099 2985 5144 sanctorum
3018 5085 3202 5150 dictis,
3236 5091 3294 5136 ut
3323 5092 3474 5151 post-
