3944 5414
483 421 486 425 ,
528 347 634 404 ‘75
1519 345 1578 402 s.
1620 344 1921 401 ABBONIS
1950 343 2238 402 ABBATIS
2283 342 2773 402 FLORIACENSIS
3666 349 3763 405 ιτς

523 460 616 515 XI.
689 459 761 514 De
799 458 1001 515 clericis
1064 459 1237 516 electis
1293 459 1357 512 ab
1404 459 1809 528 tetliﬁcatoribus
1859 457 2100 513 ccclesia-
2129 461 2174 520 Α
2203 471 2310 525 quo
2336 456 2464 512 dicit
2492 456 2651 512 Petro
2678 475 2690 510 :
2725 457 2800 512 Tu
2827 473 2882 512 es
2909 456 3116 524 Petrus,
3149 467 3193 514 et
3217 475 3370 529 super
3393 460 3541 521 hanc,
3569 471 3764 530 petram

597 569 734 607 mm.
2185 547 2466 614 _tcdiﬁcabo
2509 547 2798 602 Ecclesiam
2854 565 3024 604 meam
3067 547 3281 620 (Matth.
3314 565 3423 616 xvt,
3476 551 3589 621 18).
3634 551 3770 619 Quia

523 641 637 699 XII.
699 642 775 699 De
822 642 1151 699 ordinatione
1218 642 1294 699 vel
1344 642 1716 713 degrailatione
1771 640 2096 713 presbytero-
2170 631 2502 718 j’igituripsa
2531 645 2614 692 est
2642 637 2962 704 oratorium,
2987 638 3053 693 de
3074 653 3181 708 quo
3203 637 3394 694 beatus
3416 638 3583 695 Pater
3601 641 3765 698 Bene-

598 749 739 788 rum.
2199 724 2373 780 dictus
2407 725 2537 780 dicit
2561 724 2652 796 (S.
2686 726 2975 784 BENEDIC'I‘.
3013 724 3144 799 Reg.
3184 742 3311 799 cap.
3335 726 3427 800 52)
3460 745 3476 784 :
3507 747 3528 781 ι
3581 728 3766 787 Orato-

526 823 663 878 Xlll.
689 822 766 878 De
784 840 844 880 eo
870 823 1016 896 quod
1029 823 1221 895 absque
1246 824 1467 894 pecunia“
1491 823 1715 894 episcOpi
1755 823 1972 878 debeant
2013 839 2100 878 or.

593 915 792 970 dinari.

527 1004 666 1059 XIV.
700 1005 777 1060 De
804 1005 1051 1062 electione
1074 1007 1297 1062 abbatis.

527 1095 648 1154 XV.
677 1097 752 1152 De
782 1100 1109 1154 ordinatione
1134 1100 1355 1167 abbatis,
1375 1108 1424 1155 et
1459 1100 1524 1156 de
1551 1116 1760 1156 accessu
1781 1098 2010 1170 episcopi.
2033 1098 2101 1152 ad

596 1190 989 1243 monasterium.

527 1274 665 1330 XVI.
707 1275 783 1330 De
805 1278 1007 1342 abbate,
1031 1279 1174 1348 quod
1195 1281 1437 1334 sacerdos
1464 1297 1573 1335 esse
1598 1278 1799 1333 debeat.

529 1363 687 1420 XVII.
717 1364 792 1419 De
819 1376 1064 1421 accusata
1092 1367 1276 1423 abbate
1301 1370 1426 1439 quid
1448 1370 1705 1439 agendum
1731 1371 1822 1423 sit.

531 1451 712 1514 XVIII.
745 1453 827 1508 De
847 1457 1112 1511 monachis
1131 1458 1700 1528 et-sanctimonialibus,
1723 1470 1779 1515 ut
1802 1461 2106 1534 regulariter
2121 1461 2134 1538 ’⁵

605 1543 796 1596 vivant.

533 1628 675 1683 XIX.
715 1631 793 1687 De
829 1633 1013 1689 abbate
1050 1635 1120 1689 ad
1153 1651 1320 1706 regem
1346 1637 1651 1705 pertinente.
2075 1615 2100 1658 Ἰ

533 1717 652 1773 XX.
683 1719 763 1774 De
791 1731 989 1777 rectore
1017 1722 1365 1779 Floriacensi.

534 1809 677 1866 XXI.
707 1812 780 1866 De
804 1815 1092 1870 sacerdotio
1112 1817 1375 1874 monachi.

533 1900 699 1956 XXII.
734 1902 810 1958 De
833 1907 1102 1960 monachis
1125 1923 1227 1963 non
1249 1912 1571 1967 servantibus
1597 1924 1939 1984 propositum.

535 1989 721 2048 XXIII.
744 1993 1040 2065 Dis-clericis
1063 1998 1151 2069 qui
1177 2001 1418 2054 monachi
1435 2001 1553 2069 ﬁeri
1580 2002 1774 2071 volunt,
1796 2015 1844 2058 et
1877 2005 1940 2058 de
1963 2007 2115 2059 inso-

605 2082 765 2139 lentia
790 2086 1143 2157 episcOporum
1169 2090 1224 2144 in
1250 2093 1550 2147 monachos.

535 2173 726 2230 XXIV.
755 2176 831 2231 De
881 2178 1082 2234 clericis
1124 2183 1234 2259 qui.
1258 2193 1466 2253 propter
1513 2186 1792 2239 vanitatem
1818 2187 2109 2256 efﬁciantur

605 2269 868 2324 monachi.

537 2354 705 2410 XXV.
756 2357 835 2413 De
868 2361 1274 2430 possessionibus
1321 2362 1578 2430 ecclesitc,
1615 2365 1669 2420 in
1716 2367 1901 2422 auibus
1937 2368 2110 2427 clerici

610 2450 895 2519 trdiﬁcaut.

540 2535 730 2595 XXVI.
786 2539 863 2595 De
912 2544 1298 2600 sanctimoniali
1349 2545 1426 2602 uel
1482 2549 1734 2603 monacho
1775 2551 1840 2604 in
1884 2551 1980 2620 jus
2023 2569 2111 2608 uo-

613 2640 753 2687 cato.

545 2721 754 2778 XXVII.
777 2723 856 2780 De
876 2727 957 2780 his
976 2744 1093 2797 qute
1115 2729 1410 2797 oﬁ'eruntur
1427 2730 1674 2787 ecclesia.

541 2810 774 2868 XXVIII.
822 2815 900 2870 De
945 2817 1196 2888 episcopis
1239 2818 1564 2875 inuasoribus
1627 2823 1976 2893 praetermissa
2028 2841 2113 2895 sy.

613 2904 768 2959 nodo.

543 2994 733 3050 XXIX.
757 2997 832 3054 De
858 2999 1134 3054 tricennali
1157 3003 1562 3073 prtescriptione.

543 3085 712 3140 XXX.
745 3086 821 3142 De
844 3088 962 3144 dote
989 3088 1344 3146 ecclesiarum.

2201 817 2339 872 rium
2367 817 2471 876 hoc
2502 817 2573 874 sit
2602 819 2756 888 quod
2775 819 2995 884 dicitur,
3029 834 3130 875 nec
3170 819 3245 875 ibi
3279 821 3577 892 quidquam
3625 823 3766 890 aliud

2199 915 2393 978 agatur
2443 916 2538 962 aut
2586 909 2874 974 condatur,
2912 928 2932 962 ι
2981 910 3368 980 providendum
3418 921 3632 978 estne,
3685 914 3766 967 cui

2200 996 2450 1057 Christus
2505 997 2914 1053 fundamentum
2967 1009 3073 1066 est,
3138 1000 3191 1055 in
3245 1015 3376 1056 usus
3435 1002 3768 1057 saecularium

2204 1083 2567 1140 transferatur
2593 1096 2814 1158 propter
2862 1089 3082 1159 rapinas
3119 1105 3340 1144 suarum
3391 1106 3598 1156 rerum,
3649 1092 3772 1164 quia

2202 1174 2557 1246 perhibentur
2577 1178 2870 1236 Christiani
2895 1180 3042 1234 intus
3079 1181 3162 1236 vel
3192 1180 3656 1236 lorisviol'eutiam
3695 1183 3768 1236 in-

2201 1280 2391 1338 gerere
2421 1269 2576 1325 atriis
2612 1270 2801 1325 domus
2834 1272 2950 1326 Dei.
2990 1271 3142 1328 Unde
3195 1273 3532 1329 Theodosius
3578 1285 3634 1328 et
3675 1273 3774 1327 Va-

2135 1393 2140 1416 τ
2203 1358 2529 1418 leutiuianus
2556 1363 2805 1435 Augusti,
2837 1363 3144 1420 Iibronouo
3193 1365 3393 1435 legum,
3423 1366 3659 1436 capitulo
3688 1366 3772 1432 35,

2202 1452 2470 1508 Antiocho
2491 1455 2781 1524 praeposito
2807 1454 2960 1526 (Cod.
2993 1455 3214 1522 Theod.,
3258 1456 3351 1510 lib.
3386 1473 3464 1522 ix,
3513 1461 3596 1512 tit.
3624 1456 3727 1528 £5)
3757 1475 3771 1510 :

2103 1545 2120 1604 5'
2210 1562 2238 1595 ιη
2268 1543 2521 1610 Patcaut,
2549 1544 2823 1614 inquiunt,
2848 1546 3043 1600 summi
3070 1546 3164 1601 Dei
3197 1547 3396 1616 templa
3436 1547 3773 1612 timentibus,

2205 1649 2305 1689 uec
2322 1633 2439 1690 sola
2472 1633 2662 1689 altaria
2696 1643 2750 1690 et
2787 1635 3088 1690 oratorium
3124 1636 3308 1705 templi
3345 1634 3774 1703 circumjectum,

2207 1740 2324 1794 qua:
2352 1722 2471 1798 [al.,
2495 1725 2611 1796 qui]
2639 1725 2901 1780 ecclesias
2928 1725 3324 1796 quadripartito
3344 1726 3671 1780 intrinsecus
3687 1741 3779 1795 pa-

2137 1809 2181 1868 Β
2214 1820 2406 1873 rietum
2435 1828 2590 1890 septu
2618 1817 2913 1882 concludit,
2940 1818 3007 1872 ad
3041 1819 3318 1874 tuitionem
3356 1817 3777 1888 confugientium

2203 1909 2476 1964 sancimus
2524 1923 2647 1964 esse
2681 1891 2980 1978 proposita,
3035 1908 3130 1964 sed
3183 1923 3354 1978 usque
3401 1909 3469 1961 ad
3509 1917 3779 1963 extremas

2205 1995 2346 2052 I‘ores
2373 1997 2640 2064 ecclesiaz,
2672 2011 2806 2067 quas
2826 2007 3038 2052 oratum
3065 1996 3300 2068 geStieus
3331 1996 3561 2066 populus
3581 1996 3780 2065 primas

2205 2088 2528 2157 ingreditur,
2566 2088 3004 2160 confugientibus
3032 2101 3182 2142 aram
3223 2087 3412 2143 salutis
3447 2103 3570 2143 esse
3593 2087 3780 2157 praeci-

2207 2178 2411 2247 pimus;
2441 2189 2498 2232 et
2527 2179 2732 2233 aditum
2788 2177 2991 2248 pariter
3049 2176 3254 2246 templi,
3298 2192 3458 2246 quem
3511 2177 3778 2245 parietum

2208 2269 2595 2340 descripsimus
2642 2269 2846 2323 cinctu.
2886 2269 2951 2324 Et
2978 2275 3100 2340 post
3137 2268 3260 2327 loca
3301 2269 3538 2338 publica,
3589 2267 3784 2337 ianuas

2209 2361 2411 2431 primas
2439 2360 2686 2417 ecclesias
2707 2361 2968 2432 quidquid
2994 2359 3159 2415 fuerit
3188 2359 3533 2430 interiacens,
3565 2360 3679 2413 sive
3729 2359 3780 2412 in

2209 2450 2434 2515 cellulis,
2470 2451 2585 2505 sive
2621 2451 2673 2505 in
2698 2450 2968 2515 dentibus,
3017 2449 3247 2505 hortulis
3287 2458 3340 2504 et
3366 2449 3595 2514 balneis,
3641 2448 3782 2503 areis

2209 2548 2372 2610 atque
2422 2541 2738 2611 porticibus,
2775 2541 3036 2612 coniuges
3097 2541 3372 2597 interioris
3433 2540 3616 2610 templi
3667 2540 3784 2594 vice

2213 2644 2446 2690 tueatur.
2485 2635 2595 2692 Nec
2627 2637 2679 2692 in
2711 2637 3048 2692 extrahendo
3095 2651 3189 2692 eos
3229 2645 3451 2691 conetur
3499 2637 3782 2707 quisquam

2212 2726 2506 2795 sacrilegas
2533 2743 2724 2781 manus
2745 2727 3062 2794 immittere,
3096 2743 3268 2796 neque
3295 2726 3415 2799 [al.,
3449 2745 3516 2782 ne
3535 2729 3629 2797 qui
3659 2727 3792 2798 hoc}

2213 2831 2380 2871 ausus
2403 2818 2492 2882 sit,
2548 2833 2673 2874 cum
2701 2819 2992 2873 discrimen
3035 2834 3188 2874 suum
3236 2819 3433 2882 videat,
3473 2818 3541 2872 ad
3584 2833 3783 2887 expen-

2213 2905 2444 2960 dendam
2473 2922 2628 2977 opem
2668 2907 2771 2978 ipsi
2808 2922 3022 2978 quoque
3057 2907 3388 2978 confugiant.
3422 2905 3572 2962 Hauc
3603 2917 3784 2960 autem

2216 2996 2375 3065 spatii
2406 2996 2742 3053 latitudinem
2771 2999 2891 3053 ideo
2941 2999 3300 3070 indulgemus,
3332 3014 3400 3054 ne
3442 2999 3494 3053 in
3536 3000 3655 3068 ipso
3687 2999 3788 3052 D-ci

2220 3085 2415 3157 templo
2475 3094 2531 3142 et
2601 3090 2958 3144 sacrosanctis
3027 3088 3285 3144 altaribus
3361 3088 3784 3159 confugientiqu

548 3178 742 3233 XXXI.
773 3180 849 3236 De
875 3183 1132 3252 episcopo,
1161 3185 1287 3253 quid
1314 3184 1502 3240 habere
1532 3185 1712 3240 debeat
1741 3187 1812 3239 de
1831 3185 2068 3241 ecclesia.
2143 3159 2186 3218 C
2219 3193 2542 3249 quemquam
2572 3195 2730 3234 mane
2761 3180 2855 3235 velt
2871 3195 3096 3255 vespere
3141 3181 3337 3236 cubare
3361 3180 3445 3236 vel
3469 3189 3788 3249 pernoctare

546 3268 760 3324 XXXII.
787 3270 864 3326 De
885 3281 1033 3328 rebus
1056 3274 1287 3329 ecclesia:
1322 3285 1369 3329 et
1395 3277 1460 3330 de
1486 3277 1740 3346 proximis
1778 3277 2120 3346 laudatorum

613 3377 746 3414 ams.

613 3378 640 3409 ε
667 3378 746 3414 us.

547 3378 782 3505 XXJXIII.
819 3450 891 3506 De
914 3455 1204 3523 provisione
1225 3456 1466 3528 suﬂ‘ragii
1487 3455 1863 3527 episcoporum.

552 3539 788 3596 XXXIV.
815 3541 890 3598 De
913 3544 1196 3615 indigentia
1218 3563 1398 3602 eorum
1425 3549 1514 3618 qui
1555 3563 1633 3601 res
1675 3565 1799 3602 suas
1822 3549 2118 3604 obtulerunt

618 3629 868 3686 ecclesite.
983 3682 985 3684 .
2057 3641 2062 3646 '

549 3719 765 3774 XXXV.
800 3722 874 3776 De
897 3725 1121 3778 avaritia
1143 3728 1491 3781 sacerdotum.

549 3808 790 3865 XXXVI.
831 3811 908 3866 De
933 3813 1124 3883 injuste
1145 3817 1624 3871 excommunicatts.

548 3899 809 3957 XXXVII.
839 3901 911 3957 De
939 3905 1166 3961 ecclesiis
1187 3916 1234 3963 et
1266 3925 1445 3963 carum
1471 3909 1821 3980 presbyteriis.

551 3989 836 4048 XXXVIII.
861 3995 939 4048 De
965 4011 1024 4049 eo
1045 3998 1185 4066 quod
1205 3998 1473 4067 episcopus
1507 3998 1712 4053 tertiam
1737 4008 1936 4069 partem
1963 4001 2118 4056 eccle-

621 4085 714 4138 sia:
739 4095 904 4153 potest
930 4085 1058 4140 dare
1087 4089 1173 4141 cui
1197 4088 1438 4142 voluerit.

553 4171 791 4228 XXXIX.
820 4174 894 4229 De
923 4178 1192 4232 sanctitate
1221 4181 1337 4233 vita:
1366 4179 1693 4235 clericorum.

557 4261 663 4316 XL.
692 4264 768 4318 De
792 4265 916 4333 ﬁliis
939 4270 1287 4334 sacerdotum,
1327 4270 1407 4324 vel
1428 4271 1809 4328 ministrorum.

555 4348 688 4404 XLI.
726 4353 800 4406 De
823 4354 970 4407 rebus
995 4355 1223 4410 ecclesitu
1253 4358 1632 4425 dispensandis.

553 4439 708 4494 XLII.
741 4440 805 4495 Ut
828 4443 1000 4498 nullus
1024 4446 1289 4516 episcopus
1322 4449 1423 4503 sibi
1441 4449 1596 4520 eligat
1616 4467 1982 4508 successorem.

557 4527 734 4582 Xl‘nl-
759 4531 836 4584 De
869 4499 1241 4589 Ευεήαξοεδεετίρ
1270 4499 1283 4502 ⁷
1444 4499 1594 4520 ’“’⁴⁷”’
1617 4499 1982 4508 ⁷⁷⁷⁷⁷⁷-νν·ν----
2152 4499 2204 4560 D

559 4620 740 4674 XLIV.
771 4621 846 4675 De
869 4626 1255 4679 accusatoribus
1281 4628 1629 4683 sacerdotum.

558 4709 716 4765 XLV.
765 4712 838 4767 De
859 4715 1108 4786 episcopis
1132 4717 1186 4772 in
1205 4717 1467 4788 judicium
1491 4720 1770 4775 testimoni:
1808 4737 1968 4776 causa
2011 4737 2127 4775 eeo-

627 4805 778 4860 catis.

558 4895 724 4954 XLVI.
764 4896 842 4952 De
859 4898 940 4953 his
966 4899 1056 4969 qui
1083 4909 1262 4954 contra
1287 4903 1580 4971 episcopum
1608 4903 1795 4957 habent
1815 4919 2050 4958 causam.

557 4985 762 5041 XLVII.
804 4986 880 5040 De
905 4989 1164 5042 accusatis
1188 4990 1458 5060 episcopis.

559 5075 785 5131 XLVIII.
820 5077 899 5132 De
935 5079 1240 5132 testimoniis
1270 5078 1600 5132 cleiicorum.

2217 3267 2395 3335 liceat,
2425 3269 2556 3340 ipsis
2599 3270 2703 3325 hoc
2753 3269 2968 3328 clericis
3015 3272 3289 3342 religionis
3342 3287 3505 3327 causa
3551 3272 3785 3330 vetanti-
3857 3341 3860 3346 _

2215 3360 2335 3416 bus.
2378 3381 2397 3414 ι

2287 3453 2743 3516 Ianuariarum.
2779 3454 3031 3513 Ecclesia}
3053 3464 3180 3511 sunt
3212 3456 3329 3512 loca
3361 3457 3470 3512 Deo
3506 3456 3709 3520 dicata,
3737 3465 3787 3510 et

2219 3543 2340 3599 ideo
2362 3559 2503 3610 reos,
2535 3546 2626 3615 qui
2662 3545 2868 3602 ibidem
2885 3546 3144 3616 compulsi
3195 3547 3387 3601 timore
3425 3545 3780 3616 confugerint.

2220 3635 2292 3688 ita
2323 3643 2574 3690 tueantur
2595 3645 2653 3690 ut
2684 3637 2862 3692 nullus
2906 3637 3039 3692 locis
3068 3637 3271 3693 sanctis
3319 3639 3388 3694 ad
3428 3636 3782 3708 direptionem

2221 3737 2402 3778 rerum
2424 3725 2531 3779 vim
2561 3734 2654 3780 aut
2688 3741 2878 3783 manus
2916 3725 3109 3782 all‘erre
3139 3737 3464 3798 praesumat;
3495 3726 3593 3782 sed
3631 3726 3782 3797 quid-

2221 3816 2348 3889 quid
2379 3818 2538 3887 spatii
2561 3817 2644 3871 vel
2675 3819 2728 3872 iu
2768 3819 3086 3888 porticibus,
3112 3818 3197 3874 vel
3226 3819 3279 3872 in
3309 3818 3450 3873 areis
3494 3819 3563 3873 ad
3621 3819 3790 3872 eccle-

2223 3907 2358 3961 siam
2410 3908 2780 3978 adjaceutibus
2826 3910 3086 3979 pertinet,
3115 3910 3264 3965 velut
3291 3910 3554 3964 interiora
3607 3908 3789 3980 templi

2222 3999 2562 4068 prmcipim‘us
2587 3998 2870 4064 custodiri,
2897 4010 2955 4054 ut
3003 4015 3126 4054 reos
3151 3999 3359 4054 timoris
3375 3999 3791 4054 necessitasuon

2222 4087 2557 4157 constringat
2579 4087 2722 4141 circa
2746 4088 2939 4143 altaria
2963 4103 3203 4153 manere,
3231 4097 3283 4142 et
3313 4087 3428 4142 loca
3465 4087 3792 4142 venerabilia

2224 4176 2552 4246 polluantur.
2581 4175 2724 4233 Sane
2751 4177 2795 4232 si
2833 4178 2926 4247 qui
2957 4178 3023 4232 ad
3049 4187 3234 4232 sancta
3275 4177 3390 4232 loca
3429 4177 3793 4247 confugerint,

2226 4281 2403 4330 arma,
2430 4268 2473 4321 si
2500 4281 2604 4336 qua
2627 4281 2807 4321 secum
2840 4266 3190 4336 portaverint,
3226 4280 3347 4342 mox
3377 4267 3674 4334 deponant,
3702 4281 3797 4318 nec

2225 4375 2284 4415 se
2299 4359 2566 4414 mstiuteut
2583 4359 2749 4428 magis
2765 4373 3035 4412 armorum
3049 4356 3298 4425 pnesidio
3309 4373 3469 4425 quam
3487 4366 3794 4410 sanctorum

2230 4450 2468 4506 locorum
2495 4451 2840 4505 veneratione
2867 4449 3098 4505 delendi.
3129 4449 3278 4516 Quod
3292 4450 3334 4503 si
3358 4449 3631 4518 deponere
3651 4461 3798 4500 arma

2229 4541 2516 4606 noluerint,
2550 4550 2606 4594 et
2635 4541 2898 4596 sacerdoti
2927 4541 3011 4596 vel
3033 4540 3246 4596 clericis
3294 4555 3400 4595 non
3444 4539 3796 4602 crediderint,

2227 4632 2403 4691 sciant
2423 4647 2483 4687 se
2515 4641 2845 4687 armatorum
2885 4632 3090 4687 viribus
3137 4630 3550 4700 pertrahendos.
3582 4628 3641 4684 Si
3673 4643 3798 4682 vero

2228 4724 2424 4794 aliquis
2448 4724 2738 4778 extrahere
2771 4722 2837 4778 de
2869 4722 3003 4778 locis
3050 4722 3256 4776 sanctis
3302 4719 3602 4789 quemlibet
3651 4733 3797 4772 reum

2230 4832 2550 4887 quacunque
2573 4816 2780 4870 ratione
2807 4813 3117 4879 teutaverit,
3149 4812 3364 4882 capitali
3386 4811 3653 4881 supplicio
3685 4823 3802 4863 esse

2227 4910 2607 4966 damnandum.

2231 5001 2297 5058 II.
2346 5032 2418 5042 --
2469 5001 2542 5056 De
2571 4999 2928 5072 defensoribus
2981 4996 3314 5052 ecclesiarum
3343 4994 3421 5050 vel
3457 4992 3800 5047 monasterio-

2955 5085 3014 5120 ru
3021 5085 3069 5121 m
3077 5106 3093 5120 ο
