3944 5414
95 290 191 351 m
1352 306 1730 368 COLLECTIO
1768 306 2119 367 CANONUM.
3259 308 3365 366 trs

95 415 422 491 debuerant,
462 428 566 476 eos
587 423 832 474 vastant.
868 418 1023 474 Patet
1061 433 1242 479 rerum
1274 420 1427 490 copia
1467 422 1679 476 cunctis
1710 422 1759 481 Δ
1786 422 1950 476 certis
1976 422 2123 477 horis
2170 422 2506 478 orationibus
2540 423 2811 488 insistere,
2851 432 2976 477 ante
3026 423 3189 477 horas
3234 439 3366 477 con-

94 504 350 562 hostibus
382 510 604 579 praedae,
635 526 741 565 nec
764 520 955 582 parant
986 511 1176 566 saltem
1217 512 1303 567 vel
1357 514 1538 568 verbis
1586 513 1685 568 ob-

90 601 261 659 viant,
299 608 361 654 ut
413 602 698 669 resistant,
726 604 819 674 qui
850 620 908 659 se
934 613 1126 675 putant
1171 621 1275 661 non
1308 605 1420 675 jam
1451 606 1688 661 advoca-

95 701 191 755 tos,
244 693 347 747 sed
398 693 672 761 dominos,
726 696 851 751 dum
903 706 1025 767 post
1077 699 1394 755 abscessum
1447 700 1687 754 hostium

95 799 429 843 consumunt
470 790 738 860 quidquid
797 792 960 847 fuerit
1009 792 1310 855 residuum,
1350 791 1507 862 juxta
1558 790 1688 846 illud

92 880 479 949 propheticum
506 900 518 935 :
549 882 841 938 Residuum
884 901 1056 939 eruca:
1095 885 1319 939 comedit
1371 883 1598 949 locusta,
1637 892 1685 937 et

93 973 364 1027 residuum
376 973 602 1029 locusta:
619 977 839 1030 comedit
863 976 1112 1042 bruchus,
1134 985 1241 1031 etc.
1256 974 1414 1047 (Joel.
1440 991 1480 1040 ι,
1495 974 1570 1047 4).
1587 975 1688 1030 De-

89 1064 256 1133 nique
291 1065 510 1120 idcirco
549 1066 803 1122 videmus
840 1067 1102 1122 ecclesias
1140 1067 1469 1130 destructas,
1502 1080 1688 1119 mortar

92 1156 251 1209 steria
266 1160 525 1225 quzedam
554 1158 763 1223 diruta,
790 1156 1035 1227 quaedam
1062 1159 1129 1213 ad
1156 1173 1421 1215 summam
1448 1156 1687 1226 inopiam

92 1246 331 1311 redacta,
349 1264 479 1319 quae
492 1250 764 1309 bonorum
778 1250 1015 1310 virorum
1026 1251 1297 1320 eleemosy
1309 1265 1373 1303 na
1398 1248 1688 1318 aliquando

90 1334 393 1398 floruerunt
423 1339 480 1392 in
512 1355 712 1409 magna
744 1340 933 1410 gloria,
963 1341 1088 1410 quia
1113 1340 1266 1394 multi
1296 1354 1356 1395 se
1396 1340 1536 1393 ultro
1560 1338 1689 1394 oll‘e-

94 1436 269 1480 rentes
295 1428 405 1481 sub
437 1428 823 1485 advocationis
862 1430 1106 1494 obtentu,
1137 1432 1203 1485 de
1232 1430 1687 1501 possessionibus,

90 1515 153 1570 de
180 1517 521 1586 redditibus,
556 1522 626 1576 de
670 1522 1034 1579 oblationibus
1059 1524 1347 1577 maximam
1384 1524 1686 1594 portionem

94 1605 472 1676 intercipiunt,
521 1626 691 1680 quam
721 1612 1077 1667 ecclesiastici
1116 1627 1313 1682 capere
1368 1613 1686 1667 debuerant.

92 1696 240 1752 Unde
265 1708 328 1751 ut
358 1700 491 1754 talis
517 1701 872 1770 praesumptio
913 1711 1176 1764 cessaret,
1227 1704 1300 1757 ita
1353 1714 1569 1757 cautum
1607 1714 1690 1759 est

1792 527 1953 583 gruas
2004 528 2109 567 non
2156 523 2372 585 gustare
2403 516 2603 569 cibum.
2659 514 2750 569 Vw
2793 516 2929 568 enim
2987 524 3158 577 terrae,
3213 514 3367 584 cujus

1792 617 1884 655 rea:
1942 612 2017 655 est
2079 619 2231 670 pater,
2286 614 2330 657 et
2384 604 2840 674 cujus‘principes
2886 619 3040 657 mane
3093 604 3369 656 comedunt

1792 696 1990 769 (Eccle.
2041 713 2098 763 ι,
2145 700 2254 769 lli).
2304 697 2431 753 Htec
2477 698 2627 770 regni
2667 698 3080 769 prosperitatem
3125 696 3178 750 in
3230 708 3407 765 ιιιδςιι-Δ

1792 794 1930 849 senti
1968 793 2192 861 faciunt,
2251 803 2305 851 et
2340 811 2520 866 regem
2544 796 2612 850 ad
2650 794 2889 851 ctelestia
2931 808 3097 865 regna
3145 790 3367 847 meliora

1790 886 2114 957 perducunt.
2150 906 2169 940 ι

2200 973 2288 1031 1V.
2315 1007 2386 1016 —
2421 975 2496 1030 De
2523 975 2777 1045 ﬁdelitate
2808 977 2965 1046 regis.

1859 1068 1995 1125 Cum
2036 1069 2181 1141 regis
2219 1068 2584 1122 ministerium
2636 1067 2705 1121 sit
2754 1067 2919 1121 totius
2973 1066 3122 1136 regni
3156 1067 3370 1137 penitus

1790 1160 2005 1229 negotia
2050 1158 2345 1221 discutere,
2390 1174 2457 1211 ne
2483 1155 2611 1227 quid
2643 1157 2696 1210 in
2736 1156 2816 1213 eis
2861 1156 3026 1210 lateat
3072 1156 3368 1227 injustitizn,

1790 1249 2063 1319 quomodo
2090 1248 2156 1303 ad
2188 1258 2335 1301 tanta
2372 1248 2570 1317 poterit
2608 1246 2922 1311 subsistere,
2976 1246 3078 1300 nisi
3137 1262 3374 1300 atmuen-

1794 1342 1935 1395 tibns
1968 1336 2235 1408 episcopis
2258 1347 2312 1393 et
2351 1338 2679 1407 primoribus
2717 1337 2907 1408 regni?
2954 1336 3020 1390 Et
3053 1351 3175 1391 cum
3226 1337 3371 1406 Apo-

1790 1432 1961 1487 stolus
1985 1431 2130 1485 dicat
2156 1448 2169 1484 :
2200 1429 2368 1483 Deum
2392 1430 2586 1493 timete,
2616 1444 2781 1497 regem
2803 1425 3212 1495 Itonoriﬁcateﬂ
3226 1425 3372 1481 Petr.

1794 1546 1853 1595 ιι,
1888 1530 1999 1598 l7),
2032 1543 2137 1598 qua
2162 1528 2371 1582 ratione
2400 1526 2485 1580 sui
2514 1526 2797 1580 ministerii
2826 1524 2974 1580 vices
3016 1524 3290 1580 exercebit
3316 1525 3372 1579 in

1792 1621 2190 1676 contumacium
2223 1618 2471 1688 perﬁdia,
2498 1616 2542 1673 si
2572 1619 2621 1673 ei
2658 1617 2927 1687 primores
2972 1616 3123 1688 regni
3168 1614 3373 1672 auxilio

1793 1723 1848 1769 et
1882 1712 2108 1767 consilio
2154 1726 2260 1764 non
2312 1710 2607 1765 exhibeant
2650 1709 2893 1764 debitum
2932 1706 3195 1763 honorem
3249 1722 3371 1762 cum

92 1786 143 1840 in
173 1789 410 1844 concilio
436 1789 729 1856 Africano,
756 1807 872 1861 cap.
899 1792 988 1845 64.
1026 1812 1045 1844 α
1079 1794 1286 1847 Placuit
1313 1795 1477 1848 etiam
1512 1804 1567 1849 ut
1595 1810 1687 1864 pc-

1792 1802 1935 1867 omni
1962 1801 2428 1870 reverentiaﬂpse
2444 1802 2590 1853 enim
2623 1799 2770 1854 solus
2803 1814 2910 1853 non
2947 1796 3145 1853 sullicit
3175 1796 3241 1851 ad
3262 1812 3375 1853 om-

90 1886 201 1933 tant
229 1894 293 1934 ex
318 1882 559 1945 nomine
599 1884 1001 1953 provinciarum
1031 1886 1274 1940 omnium
1298 1886 1456 1956 legati
1502 1900 1687 1956 perre-

90 1970 251 2033 cturi,
302 1969 640 2028 Vincentius
691 1984 747 2029 et
797 1975 1167 2043 Fortunatius,
1197 1993 1226 2031 a
1281 1977 1688 2046 gloriosissimis

87 2062 552 2132 imperatoribus,
576 2074 637 2119 ut
658 2067 783 2121 dent
808 2067 1462 2145 facultatem‘defensores
1488 2068 1689 2125 consti-

87 2156 270 2211 tuendi
320 2158 713 2225 scbolasticos,
756 2161 927 2230 quiin
957 2169 1078 2215 actu
1110 2171 1237 2216 sunt
1263 2162 1347 2215 vel
1379 2162 1433 2214 in
1462 2177 1689 2217 munere

86 2248 433 2304 defensionis
447 2264 761 2314 causarum,
780 2260 833 2305 ut
849 2266 1001 2306 more
1023 2254 1364 2307 sacerdotum
1390 2253 1687 2321 provincia:

86 2339 136 2393 id
168 2341 299 2413 ipsi,
352 2342 456 2409 qui
494 2342 859 2399 defensionem
915 2343 1270 2399 ecclesiarum
1320 2343 1683 2412 susceperint,

86 2433 333 2489 habeant
354 2434 676 2497 facultatem
700 2450 797 2505 pro
820 2436 1049 2506 negOtiis
1070 2435 1449 2498 ecclesiarum,
1470 2436 1687 2504 quoties

86 2526 408 2581 necessitas
436 2525 777 2600 ﬂagitaverit,
812 2527 896 2582 vel
917 2528 983 2583 ad
1014 2527 1388 2585 obsistendum
1417 2526 1686 2597 obrepen-

88 2617 256 2683 tibus,
302 2618 407 2673 vel
460 2621 530 2673 ad
559 2620 859 2679 necessaria
896 2618 1235 2692 suggerenda
1281 2619 1491 2691 ingredi
1538 2618 1687 2689 judi-

85 2728 207 2769 cum
234 2714 575 2779 secretaria.
610 2731 632 2768 ο

516 2805 601 2861 lll.
642 2835 713 2846 ——
736 2805 812 2862 De
832 2806 1123 2860 ministerio
1149 2806 1302 2875 regis.

155 2895 345 2963 Quale
377 2895 735 2953 ministerium
768 2899 909 2967 regis
935 2898 1030 2963 sit,
1057 2907 1110 2951 et
1139 2897 1251 2967 ipse
1272 2896 1354 2951 sui
1390 2895 1549 2962 ollicii
1588 2912 1687 2953 no-

86 2990 238 3045 mine
262 2988 479 3061 prodit,
502 2997 556 3042 et
579 2989 744 3044 totius
769 2989 916 3061 regni
943 2998 1195 3058 suscepta
1211 3004 1338 3045 cura
1357 2990 1684 3057 innotescit;

89 3097 189 3147 nec
238 3083 430 3154 magis
470 3081 573 3136 ulla
615 3083 886 3149 sententia
935 3084 1177 3139 animum
1235 3085 1380 3156 regis
1432 3086 1503 3141 ad
1545 3086 1685 3143 bene

1790 1893 1880 1951 nia
1916 1892 2068 1959 regni
2094 1890 2266 1945 utilia.
2299 1890 2505 1945 Idcirco
2536 1889 2737 1959 partito
2762 1889 2817 1942 in
2843 1886 2966 1942 aliis
3010 1902 3196 1952 onere,
3236 1899 3375 1956 quos

1790 1984 1980 2054 dignos
2031 1983 2203 2038 credit
2234 1982 2458 2047 honore,
2507 1980 2857 2036 honorandus
2883 1988 2967 2035 est
3008 1987 3064 2035 et
3104 1978 3219 2048 ipse
3259 1978 3372 2032 sin-

1788 2088 1911 2129 cera
1934 2073 2234 2136 devotione,
2256 2086 2322 2127 ne
2346 2072 2467 2143 quis
2500 2072 2561 2140 ei,
2586 2070 2928 2127 contradicat
2961 2069 3370 2140 quomodocun-

1788 2178 1913 2234 que,
1950 2164 2076 2234 quia
2112 2164 2203 2234 qui
2232 2165 2477 2232 potestati
2508 2163 2724 2228 resistit,
2766 2162 2865 2216 Dei
2891 2162 3215 2215 ordinationi
3248 2162 3373 2215 resi-

1787 2254 1874 2307 stit
1927 2253 2102 2316 (Rom.
2162 2268 2284 2319 xm,
2335 2252 2446 2325 12).
2488 2252 2768 2323 Siquidem
2804 2261 2863 2307 ut
2896 2251 3090 2307 melius
3141 2262 3225 2309 est
3262 2267 3372 2307 non

1789 2357 1985 2397 vovere
2012 2358 2171 2412 quam
2200 2352 2324 2412 post
2355 2353 2537 2396 votum
2566 2358 2673 2396 non
2704 2341 2952 2408 reddere,
2977 2342 3055 2397 ita
3082 2341 3274 2397 melius
3292 2352 3376 2397 est

1788 2431 2036 2487 elcetioni
2066 2432 2328 2502 principis
2351 2445 2458 2485 non
2489 2431 2829 2487 subscribere
2857 2446 3021 2501 quam
3063 2440 3186 2500 post
3248 2431 3374 2485 sub-

1789 2523 2139 2594 scriptionem
2180 2522 2411 2578 electum
2460 2530 2807 2579 contemnere
2868 2521 2950 2576 vel
3001 2520 3371 2592 proscribere,

1789 2615 2222 2685 quandoquidem
2249 2615 2300 2667 in
2326 2613 2496 2667 altero
2532 2613 2801 2668 libertatis
2823 2628 2979 2667 amor
3011 2612 3283 2676 laudatur,
3316 2612 3371 2665 in

1790 2707 1961 2761 altero
1981 2705 2193 2761 servilis
2221 2705 2563 2763 contumacia
2594 2704 2763 2775 probo
2782 2705 2961 2759 datur.
2982 2701 3119 2757 Tres
3140 2715 3375 2772 namque

1788 2800 2081 2858 electiones
2107 2798 2387 2870 generales
2415 2798 2689 2861 novimus,
2721 2810 2950 2866 quarum
2977 2809 3081 2849 una
3122 2802 3204 2849 est
3230 2792 3375 2864 regis

1787 2892 1873 2948 vel
1896 2889 2265 2962 imperatoris,
2306 2887 2477 2943 altera
2522 2885 2811 2957 pontiﬁcis,
2844 2884 3001 2939 tertia
3038 2883 3273 2939 abbatis.
3306 2883 3373 2938 Et

1788 2984 2019 3055 primam
2065 2982 2283 3052 quidem
2330 2979 2463 3040 facit
2509 2978 2801 3035 concordia
2849 2976 3016 3033 totius
3050 2975 3235 3047 regni;
3291 2989 3376 3030 sec

1789 3075 2019 3131 cundam
2065 3089 2194 3129 vero
2234 3069 2568 3129 unanimitas
2611 3070 2810 3126 civium
2852 3076 2906 3125 et
2938 3067 3099 3135 cieri;
3153 3066 3374 3122 tertiam

90 3153 373 3241 agendum
402 3172 633 3247 subrigit
662 3188 825 3242 quam
851 3173 1187 3230 diversorum
1236 3153 1545 3244 principum
1573 3176 1688 3231 cle-
1713 3153 1759 3217 (ἶ
1790 3169 1974 3225 sanius
1996 3168 2282 3225 consilium
2304 3164 2625 3224 emnobialis
2644 3160 3107 3235 congregationis.
3136 3160 3207 3217 Et
3232 3175 3369 3214 una-

94 3267 313 3329 ruentia
344 3266 628 3337 proposita
667 3267 768 3321 sub
794 3267 1079 3337 exemplis,
1106 3267 1229 3337 quia
1258 3276 1313 3322 et
1338 3266 1686 3325 Constantini

92 3358 455 3427 imperatoris
506 3360 862 3413 mansuetudo
892 3358 1140 3414 laudatur
1174 3359 1318 3415 inter
1364 3362 1690 3418 dissidentes

92 3450 414 3519 episcopos,
440 3440 496 3504 et
521 3448 783 3504 Marciani
814 3465 949 3520 pura
976 3449 1109 3506 ﬁdes
1136 3451 1280 3507 inter
1306 3451 1593 3508 htcreticos
1634 3462 1689 3508 et

93 3547 463 3601 orthodoxos.
491 3545 597 3601 Sed
621 3546 688 3601 de
702 3548 942 3602 externis
955 3548 1312 3619 quidloquor,
1343 3558 1397 3603 et
1420 3548 1688 3619 loquendo

94 3638 393 3703 immorer,
422 3654 543 3701 cum
575 3640 643 3694 ad
668 3640 1126 3710 dispensationem
1153 3643 1465 3712 reipublicae
1496 3653 1552 3699 et
1582 3644 1687 3699 uti-

94 3730 311 3799 litatem
342 3730 696 3787 ecclesiarum
731 3743 874 3788 tanta
914 3735 1079 3790 fuerit
1100 3736 1275 3805 pietas
1302 3751 1366 3791 ac
1399 3737 1690 3806 prudentia

91 3819 305 3885 Caroli,
334 3830 391 3875 et
420 3821 511 3881 filii
536 3823 651 3893 ejus
678 3823 970 3882 Ludovici?
995 3825 1156 3881 Certe
1188 3826 1402 3895 utrique
1426 3842 1523 3895 pro
1550 3837 1689 3883 tem-

94 3929 232 3981 pore
256 3929 322 3969 ac
353 3916 563 3971 ratione
587 3927 846 3972 noverant
874 3932 1099 3989 parcere
1140 3919 1401 3987 subjectis
1423 3928 1479 3975 et
1500 3920 1690 3975 debel-

94 4004 215 4058 lare
255 4006 541 4075 superbos.
584 4006 737 4063 Unde
765 4023 831 4062 ex
866 4008 1042 4074 libris,
1093 4010 1185 4079 qui
1230 4026 1293 4065 ex
1333 4012 1583 4067 conciliis
1605 4011 1689 4067 sui

95 4097 371 4166 temporis
400 4095 577 4156 ,ell‘ecti
608 4108 736 4153 sunt
762 4116 883 4155 cum
917 4100 1252 4169 subjectione
1279 4104 1686 4175 episc0porum,

91 4198 307 4256 quanta
339 4187 500 4244 facile
523 4199 604 4245 est
637 4191 882 4261 reperiri,
906 4207 1225 4263 expressum
1248 4192 1389 4250 libro
1416 4211 1479 4260 ιι,
1507 4209 1629 4265 cap.
1657 4195 1683 4248 1

91 4282 336 4352 (L'uncit.
372 4279 547 4337 Paris.
579 4288 673 4355 vi).
711 4273 1036 4355 postialiqua
1069 4306 1081 4340 :
1116 4305 1134 4337 ι
1171 4285 1392 4340 iustitia
1418 4288 1560 4356 regis
1581 4294 1688 4351 est,

91 4377 385 4431 neminem
420 4375 609 4443 injuste
636 4393 732 4447 per
761 4379 1053 4447 potentiam
1085 4379 1415 4447 opprimere,
1449 4379 1566 4432 sine
1596 4393 1689 4433 ae-

90 4470 361 4537 ceptione
385 4484 733 4538 personarum
760 4472 898 4525 inter
920 4470 1092 4526 virum
1117 4479 1171 4525 et
1198 4473 1504 4539 proximum
1531 4487 1685 4525 suum

85 4560 378 4627 judicare,
407 4561 625 4615 advenis
660 4569 713 4616 et
761 4562 978 4631 pupillis
1022 4571 1077 4616 et
1128 4561 1305 4616 viduis
1337 4561 1685 4615 defensorem

90 4660 253 4714 esse,
292 4649 439 4704 furta
469 4650 729 4715 cohibere,
764 4652 1029 4706 adulteria
1076 4650 1293 4721 punire,
1331 4650 1545 4719 iniquos
1580 4665 1687 4703 non

92 4747 374 4811 exaltare,
404 4744 694 4815 impudicos
714 4753 766 4801 et
782 4746 1073 4803 histriones
1104 4761 1212 4799 non
1238 4746 1467 4808 nutrire,
1495 4745 1689 4813 impios

95 4840 167 4895 de
188 4847 345 4892 terra
377 4838 620 4907 perdere,
645 4838 939 4906 parricidas
958 4848 1011 4892 et
1036 4837 1348 4908 pcjerantes
1372 4836 1556 4892 vivere
1579 4850 1686 4891 non

94 4933 315 4997 sinere,
370 4930 624 4988 ecclesias
662 4930 956 4997 defensare,
1009 4944 1282 5001 pauperes
1329 4928 1690 4997 elcemosynis

96 5024 292 5089 alere;
332 5024 512 5094 iustos
535 5039 692 5094 super
714 5026 855 5094 regni
890 5024 1111 5095 negotia
1139 5020 1493 5086 constituere,
1526 5035 1687 5075 senes

94 5129 154 5174 et
182 5119 471 5187 sapientes
494 5126 548 5171 et
568 5116 767 5172 sobrios
793 5117 1134 5174 consiliarios
1158 5113 1380 5177 habere,
1401 5128 1684 5184 magorum

93 5222 157 5268 et
224 5210 561 5269 hariolorum
612 5211 1158 5279 pythonissarumqne
1208 5206 1686 5273 superstitionibus

95 5320 215 5338 uno
253 5303 537 5338 :nlnnainrn
585 5302 894 5338 irae-"ndicium
928 5300 1173 5338 .limnrrn,
1213 5296 1437 5338 nnlrinm
1470 5297 1684 5338 rnl‘lilnl‘

1790 3279 2015 3336 quaeque
2037 3279 2143 3319 non
2170 3276 2269 3334 pro
2304 3261 2579 3318 sazcularis
2615 3258 2867 3315 amicitiae
2893 3258 3071 3329 gratia
3115 3256 3201 3314 vel
3243 3269 3371 3327 pre-

1791 3358 1889 3423 tio,
1908 3356 2001 3412 sed
2026 3356 2091 3410 ad
2108 3370 2261 3410 suam
2288 3352 2681 3424 professionem
2709 3366 2808 3422 pro
2837 3348 3101 3421 sapientia
3133 3347 3222 3403 vel
3246 3347 3425 3405 vitae/

1790 3452 2010 3508 merito.
2064 3449 2233 3506 Porro
2281 3449 2563 3503 ordinatus
2615 3462 2713 3502 rex
2751 3446 2821 3500 ab
2856 3442 3112 3499 omnibus
3143 3441 3374 3498 subditis

1791 3545 1949 3603 ﬁdem
1983 3544 2086 3600 sibi
2138 3550 2481 3599 sacramento
2512 3538 2707 3609 exigit,
2750 3552 2819 3592 ne
2863 3537 2918 3591 in
2968 3535 3242 3605 aliquibus
3285 3548 3376 3587 re-

1791 3638 1881 3709 gni
1911 3638 1991 3693 sui
2040 3636 2236 3690 ﬁnibus
2282 3631 2554 3689 discordia
2592 3629 2839 3702 generari
2866 3629 3059 3699 possit.
3090 3625 3229 3681 llinc
3254 3624 3372 3679 ba-

1788 3732 1887 3787 bes
1934 3729 2198 3800 scriptum
2255 3727 2309 3781 in
2352 3725 2584 3782 concilio
2625 3723 2963 3778 'l‘oletanotv
2999 3738 3012 3774 :
3044 3738 3063 3771 ι
3110 3720 3241 3775 Post
3272 3716 3374 3775 in-

1791 3824 1976 3881 stituta
1999 3821 2245 3893 quredam
2278 3816 2631 3874 ecclesiastici
2654 3813 2958 3884 ordinisvel
2980 3813 3223 3887 decreta,
3253 3825 3373 3881 qu'e

1791 3918 1858 3973 ad
1889 3913 2246 3988 quorumdam
2272 3911 2546 3982 pertinent
2572 3908 2937 3977 disciplinam,
2967 3912 3243 3975 postremo
3273 3916 3373 3956 no-

1790 4011 1875 4068 bis
1930 4008 2141 4065 cunctis
2197 4003 2573 4061 sacerdotibus
2612 4001 2881 4056 sententia
2918 4008 2998 4053 est
3032 4012 3133 4067 pro
3179 3994 3374 4051 robore

1789 4114 2103 4161 nostrorum
2142 4114 2333 4171 regum
2380 4106 2435 4154 et
2489 4094 2787 4151 stabilitate
2831 4092 3008 4164 gentis
3061 4086 3373 4160 pontiﬁcale

1790 4196 2040 4252 ultimum
2101 4193 2202 4248 sibi
2243 4192 2353 4245 Deo
2390 4188 2570 4258 judice
2613 4186 2757 4239 ferre
2805 4184 3109 4238 decretum.
3170 4177 3368 4232 Multa.

1792 4287 1912 4341 rum
1936 4286 2135 4355 quippe
2156 4282 2422 4351 gentium,
2463 4286 2522 4330 ut
2555 4276 2693 4330 fatua
2719 4284 2822 4340 est,
2864 4282 3012 4326 tanta
3046 4277 3227 4324 exstat
3252 4282 3376 4338 per-

1794 4375 1918 4431 ﬁdia
1974 4375 2303 4433 animorum,
2354 4378 2412 4422 ut
2466 4368 2625 4421 ﬁdem
2663 4372 3009 4420 sacramento
3047 4362 3374 4433 promissam

1794 4465 2011 4536 regibus
2063 4462 2177 4517 suis
2214 4473 2433 4516 servare
2481 4465 2856 4519 contemnant,
2898 4464 2953 4507 et
2990 4466 3087 4507 ore
3113 4451 3375 4507 simulent

1794 4554 2080 4627 int-amenti
2097 4550 2514 4622 professionem,
2535 4548 2660 4602 dum
2681 4546 2915 4601 retinent
2933 4552 3111 4598 mente
3136 4542 3377 4613 perﬁdiae

1795 4648 2132 4717 impietatem
2220 4643 2416 4697 Jurant
2468 4640 2685 4709 regibus
2730 4640 2864 4702 suis,
2900 4648 2954 4692 et
3005 4636 3166 4690 ﬁdem
3212 4636 3376 4706 quam

1796 4738 2136 4808 pollicentur,
2170 4730 2555 4801 prawaricanl,
2580 4744 2677 4782 nec
2702 4736 2947 4782 metuunt
2977 4726 3226 4781 volumen
3245 4726 3377 4781 illud

1788 4827 1977 4897 judicii
2009 4826 2123 4888 Dei,
2158 4839 2256 4893 per
2275 4824 2417 4892 quod
2448 4820 2723 4875 inducitur
2750 4817 3061 4874 maledictio
3095 4816 3379 4886 multaque

1796 4933 2077 4991 poenarum
2092 4914 2441 4970 comminatio
2464 4929 2626 4983 super
2640 4927 2735 4967 eos
2753 4913 2845 4982 qui
2872 4913 3058 4983 jurant
3081 4909 3132 4962 in
3162 4909 3385 4964 nomine
3449 4955 3453 4959 .

1799 5015 2011 5073 Domini
2045 5013 2400 5068 mendaciter.
2433 5011 2563 5077 Quae
2594 5009 2760 5079 igitur
2785 5024 2911 5078 spes
2938 5005 3137 5061 talibus
3167 5005 3389 5073 populis

1794 5117 1980 5165 contra
2011 5108 2196 5162 hostes
2219 5103 2594 5159 laborantibus
2622 5099 2764 5153 erit?
2791 5114 2911 5167 qua:
2934 5095 3066 5149 ﬁdes
3089 5092 3232 5145 ultra
3264 5108 3405 5148 cum

1796 5201 1920 5256 aliis
1966 5198 2218 5268 gentibus
2250 5196 2303 5249 in
2335 5210 2467 5265 pace
2513 5190 2832 5247 credenda?
2879 5184 3021 5258 quod
3061 5182 3243 5238 locdus
3283 5201 3393 5240 non

1792 5291 2140 5338 vinlnmlllm?
2165 5304 2284 5338 nua:
2314 5289 2368 5338 in
2400 5286 2652 5338 hostibus
2675 5280 2865 5338 iurata
2909 5273 3125 5338 sponsio
3171 5289 3393 5338 permn-
