3944 5414
576 246 682 302 £79

1613 252 1671 307 S.
1710 251 2001 334 ABBONIS
2036 253 2329 310 ABBATIS
2371 255 2864 318 FLORIACENSIS

3739 259 3838 316 L80

577 360 920 426 interimunt,
975 359 1028 415 in
1083 362 1405 433 semetipsos
1453 378 1688 434 suosque
1718 379 1874 434 reges
1909 364 2160 434 proprias
2188 368 2235 426 Α
2266 364 2509 421 llabeant
2552 376 2730 422 autem
2793 368 3213 433 immunitatem,
3265 370 3472 426 sortitis
3530 373 3838 430 muneribus

575 452 950 508 convertendo
980 453 1142 508 vires.
1181 453 1246 507 Et
1277 468 1400 509 cum
1449 455 1712 512 Dominus
1758 456 1902 512 dicat
1932 474 1946 511 :
1982 455 2162 512 Nolite

575 553 790 615 tangere
836 545 1056 600 chrisma
1096 545 1236 601 meos
1289 546 1463 618 (Psal.
1509 563 1618 615 ειν,
1675 549 1805 620 i5);
1845 558 1900 605 et
1943 549 2110 605 David
2144 566 2160 605 :

578 635 732 702 Quis,
761 637 953 707 inquit,
976 638 1213 693 extendet
1237 655 1451 695 manum
1483 658 1635 696 suam
1676 643 1730 696 in
1760 641 2027 698 Christum
2055 643 2164 698 Do-

578 727 731 794 mini,
755 737 802 780 et
823 728 1071 782 innocens
1093 729 1190 783 erit
1208 730 1234 783 ?
1249 729 1299 800 (1
1322 729 1446 802 Reg.
1469 746 1620 798 xxvr,
1647 732 1702 804 9)
1751 731 1855 788 illis
1872 747 1970 790 nec
1991 734 2164 790 vitare

582 826 762 872 metus
787 825 873 871 est
906 817 1229 888 periurium,
1260 835 1362 876 nec
1402 822 1623 894 regibus
1662 824 1778 878 suis
1802 823 2003 880 inferre
2047 825 2164 882 exi-

578 907 739 962 tium.
768 909 1027 966 Hostibus
1065 912 1263 983 quippe
1312 913 1442 970 ﬁdes
1489 916 1633 988 pacti
1687 917 1870 984 datur,
1913 932 2014 974 nec
2042 917 2164 974 vio‘

575 998 737 1068 latur,
773 999 825 1055 id
855 1009 962 1066 est,
993 1003 1037 1056 si
1075 1004 1212 1058 bello
1256 1003 1387 1059 ﬁdes
1434 1005 1600 1074 valet,
1657 1016 1860 1077 quanto
1913 1007 2084 1078 magis
2110 1009 2164 1063 in

576 1090 691 1146 suis
717 1095 986 1150 servanda
1011 1095 1134 1150 est?
1160 1095 1518 1168 Sacrilegium
1552 1098 1754 1169 quippe
1795 1107 1900 1165 est,
1931 1101 1978 1156 si
2000 1099 2166 1157 viole-

577 1190 716 1238 tura
748 1185 1000 1256 gentibus
1041 1203 1228 1260 regum
1273 1205 1493 1245 suorum
1545 1193 1811 1261 promissa
1850 1193 2002 1258 ﬁdes,
2031 1195 2160 1265 quia

577 1290 688 1330 non
722 1276 894 1333 solum
929 1278 983 1333 in
1035 1280 1115 1335 eis
1167 1280 1226 1334 ﬁt
1270 1282 1414 1350 pacti
1471 1286 1852 1355 transgressio,
1886 1286 1980 1340 sed
2017 1297 2072 1342 et.
2113 1287 2167 1342 in

579 1365 748 1420 Deum
779 1368 1018 1438 quidem,
1068 1370 1121 1425 in
1153 1373 1307 1442 cujus
1335 1373 1553 1429 nomine
1584 1375 1872 1445 pollicetur
1894 1375 2011 1448 ipsa
2039 1391 2165 1446 pro-

561 1471 790 1511 -ﬂllSSl0.
835 1478 854 1510 ι

1113 1553 1333 1610 V.—De
1357 1557 1665 1627 privilegiis.

654 1635 913 1696 Romanae
947 1649 1004 1697 et
1053 1645 1363 1714 apostolicae
1415 1648 1558 1703 sedis
1607 1647 1903 1704 auctoritas
1949 1649 2169 1706 Christo

2263 456 2712 513 extraordinariis
2739 466 2795 513 et
2839 456 3224 513 lucrativorum
3256 458 3645 531 descriptione.
3682 484 3702 518 ι

2336 544 2420 600 Vl.
2453 577 2523 586 ——
2575 547 2648 602 De
2675 549 2947 619 prmeeptis
2988 548 3247 619 regalibus
3277 551 3350 606 vel
3391 553 3772 618 imperialibus.

2341 634 2868 693 Gloriosissimorum
2895 652 3082 708 regum
3107 640 3344 709 potentia
3381 641 3575 697 stabile
3603 641 3837 699 ﬁrmum~

2263 740 2369 794 que
2413 741 2534 781 esse
2585 725 2755 782 voluit
2803 727 3064 798 quidquid
3117 731 3280 786 verbo
3319 731 3403 786 vel
3459 747 3628 802 opere
3660 737 3840 806 praci-

2263 817 2460 886 piendo
2484 817 2783 882 constituit,
2811 819 3048 876 maxime
3069 819 3210 890 quod
3241 821 3307 876 ad
3339 824 3632 880 utilitatem
3659 825 3839 889 Eccle-

2265 905 2358 961 si-e
2391 921 2615 961 suorum
2641 921 2924 976 procerum
2955 909 3388 980 suggestionibus
3423 923 3603 968 ratum
3629 931 3747 972 esse
3761 916 3841 985 ju-

2265 998 2485 1052 dicavit.
2535 996 2876 1069 Quapropter
2923 1001 3013 1069 qui
3053 1003 3337 1072 prmceptis
3386 1005 3665 1076 regalibus
3716 1021 3839 1062 con-

2267 1088 2503 1152 tradicit,
2545 1105 2603 1144 se
2631 1104 2811 1158 regem
2840 1105 2946 1146 non
2981 1090 3202 1162 diligere
3230 1106 3329 1147 nec
3360 1092 3554 1149 timere
3592 1094 3840 1162 ostendit,

2267 1180 2569 1248 prmsertim
2596 1197 2718 1237 cum
2763 1183 3070 1254 priscorum
3114 1184 3357 1240 virorum
3405 1186 3628 1241 fult-itur
3675 1202 3845 1243 assero

2269 1271 2433 1337 tione,
2481 1285 2643 1342 quam
2695 1273 3065 1329 authenticam
3120 1290 3225 1330 non
3277 1275 3492 1347 ignorat
3522 1291 3668 1332 esse.
3715 1276 3841 1332 Nam

2268 1363 2527 1418 Dominus
2569 1364 2744 1419 dicit:
2777 1363 2837 1419 Si
2874 1366 2991 1434 quis
3025 1365 3196 1436 diligit
3243 1383 3346 1434 me,
3399 1383 3668 1421 sermones
3715 1384 3842 1420 uicos

2268 1453 2488 1508 servabit
2519 1451 2699 1525 (Joan.
2741 1471 2852 1521 xrv,
2891 1455 3007 1526 25).
3033 1456 3134 1523 Qui
3181 1473 3310 1528 ergo
3351 1473 3535 1529 regem
3569 1459 3707 1524 odit,
3738 1460 3839 1513 odit

2270 1552 2604 1615 praeceptum
2635 1544 2813 1610 illius;
2853 1561 3133 1602 sermones
3155 1547 3320 1603 etiam
3347 1549 3844 1619 irreprehensibiles

2272 1636 2678 1704 reprehendere
2703 1637 2917 1707 quaerit.
2951 1635 3056 1692 Sed
3106 1639 3245 1693 unde
3283 1639 3386 1693 hoc
3424 1640 3718 1711 contingit,
3757 1641 3847 1694 nisi

582 1729 811 1786 Domino
839 1734 1169 1804 propitiante
1199 1739 1426 1812 refulget
1470 1757 1567 1812 per
1613 1742 1971 1798 universalem
2007 1745 2168 1799 totius

2286 1740 2336 1779 ex
2400 1726 2565 1780 nimia
2607 1728 3022 1783 mansuetudine
3077 1729 3258 1799 regis?
3291 1728 3486 1786 Omnia
3510 1732 3662 1786 enim
3693 1731 3848 1786 nimia

580 1822 726 1876 orbis
774 1822 1092 1879 Ecclesium.
1124 1826 1236 1882 Nec
1280 1829 1497 1895 mirum,
1549 1845 1675 1885 cum
1725 1829 1970 1900 ejusdem
2019 1833 2168 1888 sedis

582 1909 864 1983 pontiﬁces
885 1916 1025 1971 beati
1053 1916 1220 1985 Petri,
1237 1921 1325 1990 qui
1345 1921 1696 1993 princepsjest
1712 1925 1878 1979 totius
1892 1925 2167 1988 Ecclesize,

580 2002 864 2059 videantur
875 2007 1022 2062 vices
1034 2024 1241 2078 gerere.
1252 2011 1291 2064 Λ
1305 2011 1633 2068 Christianis
1646 2029 1861 2084 quoque
1877 2014 2172 2086 imperato-

583 2094 734 2148 ribus
761 2094 902 2151 hanc
931 2098 1178 2154 eamdem
1202 2101 1549 2156 obtinuerunt
1573 2103 1969 2174 singularitatis
1997 2105 2174 2160 excel-

584 2179 811 2238 [entiam
844 2193 904 2238 ut
927 2184 1171 2242 fundatis
1200 2189 1599 2261 episcopalibus
1627 2192 1783 2247 eccle.
1806 2192 1895 2258 iis,
1935 2194 2172 2249 virorum

585 2288 680 2327 seu
705 2275 1200 2333 sanctimonialium
1229 2283 1597 2348 monasteriis,
1623 2282 1792 2352 legem
1817 2299 1979 2354 quam
2008 2285 2175 2340 semel

588 2365 690 2420 sub
741 2369 1320 2426 excommunicationis
1365 2374 1712 2428 anathemate
1770 2375 2174 2446 imposuissent,

592 2474 892 2529 nunquam,
922 2460 1026 2516 nisi
1051 2463 1348 2518 necessitas
1374 2463 1678 2537 impediret,
1709 2466 1962 2538 deinceps
1990 2469 2177 2538 perde-

590 2556 733 2604 rent.
772 2547 923 2605 Unde
967 2551 1041 2606 lta
1090 2552 1257 2608 habes
1287 2554 1548 2624 scriptum
1574 2554 1627 2610 in
1661 2556 1892 2612 concilio
1931 2555 2176 2626 Nicmno,

590 2654 710 2710 cap.
749 2639 802 2695 6.
842 2660 860 2692 ε
899 2642 1139 2714 Antiqua
1191 2647 1529 2700 consuetudo
1586 2656 1834 2703 servetur
1875 2663 1976 2719 per
2012 2647 2180 2720 [Ery-

591 2739 764 2801 ptum,
798 2731 1022 2804 Lybiam
1052 2743 1109 2790 et
1135 2734 1490 2807 Pentapolim,
1541 2739 1614 2793 ita
1666 2749 1728 2793 ut
1782 2739 2181 2797 Alexandrinus

590 2821 879 2894 cpiscopus
907 2824 1100 2880 horum
1157 2827 1400 2882 omnium
1446 2828 1643 2885 habeat
1667 2839 2015 2900 potestatem,
2052 2833 2179 2903 quia

593 2919 650 2966 et
685 2910 833 2967 urbis
856 2912 1041 2970 Romae
1080 2917 1333 2989 episcopo
1376 2919 1563 2989 parilis
1603 2936 1721 2976 mos
1770 2932 1868 2978 est.
1919 2923 2184 2980 Similiter

593 3009 776 3057 autem
824 3014 879 3060 et
928 3007 1070 3077 apud
1107 3008 1450 3075 Antiochiam
1501 3022 1832 3085 czetcrasque
1875 3017 2182 3085 provincias

598 3091 712 3148 suis
735 3093 1015 3166 privilegia
1045 3106 1336 3154 serventur
1361 3100 1628 3158 ecclesiis.
1659 3122 1677 3156 ι

665 3182 822 3251 Item,
847 3184 1158 3246 GBEGORIUS
1202 3189 1389 3247 losum
1451 3193 1701 3266 episcopo
1741 3195 1932 3268 (Gneo.
1962 3198 2057 3255 lib.
2086 3213 2184 3267 vn,

595 3287 681 3344 ep.
708 3274 799 3339 55,
828 3274 942 3331 ind.
968 3277 1046 3351 ι).

674 3382 696 3418 ¢
723 3365 902 3424 Grave
924 3369 1091 3436 nimis
1127 3379 1182 3428 et
1209 3382 1401 3430 contra
1452 3376 1788 3436 sacerdotale
1813 3387 2029 3436 constat
2065 3395 2189 3438 esse

598 3459 957 3528 propositum,
994 3460 1315 3534 cujusquam
1366 3468 1686 3524 monasterii
1732 3471 2016 3543 privilegia
2056 3473 2186 3530 olim

599 3549 809 3606 indulta
845 3552 1201 3618 confundere,
1242 3564 1300 3613 et
1351 3557 1421 3613 ad
1470 3558 1705 3627 irritum,
1740 3577 1862 3633 qua:
1908 3573 2036 3620 sunt
2088 3579 2189 3636 pro

598 3641 781 3709 quiete
802 3641 1084 3714 disposita,
1131 3646 1232 3702 niti
1272 3647 1560 3705 deducere.
1613 3649 1804 3719 Questi
1843 3653 2027 3726 itaque
2061 3667 2190 3712 sunt

602 3733 759 3788 nobis
783 3735 1037 3792 monachi
1075 3746 1186 3793 tuae
1221 3737 1527 3798 diceceseos
1568 3743 1697 3812 quia
1727 3759 1828 3801 suo
1856 3749 2190 3805 monasterio

600 3826 850 3896 quaedam
879 3838 1069 3885 contra
1093 3843 1183 3898 ea,
1224 3845 1345 3902 quas
1381 3846 1414 3888 a
1457 3835 1952 3905 praedecessoribus
1989 3840 2191 3898 vestris

602 3918 869 3987 permissa
893 3933 958 3975 ac
986 3919 1147 3994 longa
1171 3923 1564 3982 consuetudine
1592 3937 1810 3984 servata
1833 3937 1983 3998 sunt,
2029 3930 2192 3988 festi-

603 4009 747 4067 netis
799 4011 1056 4069 inducere
1093 4022 1150 4070 et
1181 4016 1466 4087 antiquam
1508 4020 1907 4079 ordinationem
1957 4024 2191 4094 quadam

605 4103 906 4173 praejudicii
929 4106 1173 4162 novitate
1195 4109 1438 4167 turbare.
1465 4111 1701 4169 Proinde
1726 4114 1794 4171 de
1819 4115 1906 4172 his
1936 4115 2195 4173 fraterni-

607 4200 776 4248 tatem
805 4203 1044 4251 vestram
1069 4196 1355 4255 hortamur
1390 4200 1663 4270 aﬂatibus,
1687 4213 1766 4268 ut,
1799 4205 1844 4261 si
1873 4207 1945 4261 ita
1989 4215 2094 4273 est,
2127 4207 2196 4264 ab

611 4282 730 4352 ejus
771 4299 830 4341 se
881 4287 1130 4344 molestia
1155 4289 1274 4346 sine
1303 4283 1484 4361 aliqua
1511 4297 1867 4352 excusatione
1894 4299 2195 4365 contineat,

612 4386 669 4430 et
690 4391 812 4446 quae
853 4379 904 4432 ei
941 4388 1067 4435 sunt
1096 4381 1302 4440 diutius
1351 4388 1625 4444 custodita
1666 4387 1866 4445 nullius
1890 4391 2199 4447 occasionis

618 4479 789 4527 tentet
812 4475 1166 4543 usurpatione
1189 4478 1528 4548 convellere';
1559 4482 1652 4538 sed
1677 4492 1871 4538 cuncta
1909 4483 2116 4540 illibate
2143 4494 2200 4541 et

615 4564 734 4619 sine
757 4565 864 4632 ulla
894 4567 1110 4623 studeat
1131 4567 1500 4641 refragatione
1528 4587 1774 4640 servare,
1801 4582 1856 4630 et
1881 4574 2000 4645 plus
2021 4575 2121 4632 sibi
2145 4577 2199 4631 in

613 4653 804 4711 eodem
837 4658 1173 4714 monasterio
1199 4674 1365 4731 quam
1386 4665 1878 4734 praedecessoribus
1897 4666 2198 4735 suislicuit,

615 4747 833 4803 noverit
889 4763 996 4803 non
1046 4749 1232 4808 licere.
1283 4771 1304 4805 ι
1341 4753 1476 4810 Item
1541 4755 1596 4810 in
1639 4757 1847 4828 legibus
1896 4773 2022 4828 cap.
2070 4759 2198 4816 510.

621 4857 643 4892 ς
665 4839 1044 4900 Possessiones
1090 4845 1159 4900 ad
1191 4845 1471 4918 religiosas
1499 4850 1690 4907 domos
1720 4853 2056 4922 pertinentes
2084 4855 2202 4910 nul-

616 4933 727 4990 lam
777 4937 1194 5008 descriptionem
1234 4953 1553 5012 agnoscant,
1597 4944 1700 5001 nisi
1734 4946 1801 5000 ad
1838 4947 2204 5003 constructio-

618 5043 744 5084 nem
775 5029 985 5086 viarum
1031 5033 1117 5088 vel
1141 5034 1387 5104 pontium
1430 5036 1838 5105 aediﬁcationes,
1881 5039 1952 5094 ita
1997 5049 2204 5107 tamen,

620 5123 666 5176 si
689 5121 980 5181 habuerint
1031 5128 1404 5199 possessiones
1438 5131 1580 5187 intra
1625 5132 1961 5188 territorium
1991 5135 2194 5189 consti-

622 5224 767 5272 tutas
796 5217 940 5275 illius
969 5219 1228 5289 civitatis,
1271 5222 1327 5278 in
1361 5238 1467 5280 uua
1498 5224 1843 5280 desideratur
1876 5224 2192 5297 descriptio.

694 5385 805 5414 I-z'n
855 5386 913 5414 1..
955 5389 1084 5414 ιη.--
1123 5390 1260 5414 ιη---
1325 5393 1470 5414 .-_..--
1529 5392 1584 5414 ιι
1622 5392 1856 5414 ι--ι.-.--..
1883 5393 1930 5414 ε,
1995 5407 2084 5414 --_
2137 5395 2206 5414 na

2273 1826 2487 1872 nocent.
2513 1817 2803 1888 Pr0pterea
2845 1820 3077 1891 denique
3100 1820 3357 1890 jubcmur
3405 1822 3606 1878 habere
3656 1824 3853 1893 simpli-

2273 1908 2491 1963 citatem
2519 1909 2884 1965 columbinam
2908 1925 2973 1966 ac
3002 1913 3371 1982 serpentinam
3395 1913 3674 1978 astutiam,
3704 1929 3772 1969 ne
3791 1914 3850 1966 ad

2276 2010 2568 2071 utramque
2589 2011 2798 2070 partem
2821 2003 2891 2058 sit
2912 2003 3287 2060 vehementior
3311 2008 3545 2071 animus,
3575 2006 3669 2076 qui
3693 2006 3852 2060 nescit

2275 2105 2494 2146 servare
2519 2093 2732 2147 modum
2757 2094 2878 2163 plus
2903 2110 3057 2164 aequo
3086 2096 3299 2150 anxius.
3333 2095 3612 2165 Siquidem
3650 2112 3757 2150 non
3795 2099 3852 2150 de

2275 2183 2541 2252 imperiali
2584 2195 2879 2255 praecepto,
2931 2188 3024 2242 sed
3077 2189 3143 2244 de
3201 2189 3456 2245 indicu’lis
3510 2189 3848 2259 epistolamm

2276 2289 2495 2329 suarum
2528 2275 2631 2330 hoc
2663 2275 2889 2330 Carolus
2927 2280 3208 2348 proposuit
3236 2281 3472 2336 edictum
3523 2281 3578 2335 in
3620 2279 3764 2335 libro
3808 2295 3852 2342 tv

2277 2362 2497 2432 capital.
2528 2379 2771 2420 suorum.
2808 2385 2825 2416 ι
2859 2366 2914 2421 Si
2940 2370 3060 2438 quis
3108 2370 3319 2426 litteras
3354 2380 3565 2426 nostras
3605 2369 3852 2440 despexe-

2279 2452 2376 2517 rit,
2424 2451 2478 2507 id
2509 2460 2592 2509 est
2632 2457 3026 2524 tractatoriam,
3069 2474 3189 2528 qua:
3236 2469 3458 2530 propter
3493 2459 3690 2514 missos
3731 2459 3853 2515 reci-

2283 2545 2511 2615 piendos
2557 2530 2827 2617 dirigitur,
2859 2557 2951 2603 aut
2976 2550 3208 2606 honores
3236 2566 3372 2621 quos
3393 2551 3579 2616 habet,
3617 2552 3850 2613 amittat;

2280 2648 2372 2694 aut
2402 2638 2453 2694 in
2486 2638 2604 2695 loco
2644 2639 2697 2694 in
2740 2654 2847 2710 quo
2882 2639 3168 2710 praedictos
3210 2642 3408 2698 missos
3457 2642 3746 2713 suscipere
3780 2641 3857 2695 dea

2282 2731 2421 2798 imit,
2477 2730 2664 2786 taadlu
2715 2730 2948 2788 resideat
2982 2741 3039 2788 et
3081 2733 3149 2789 de
3179 2733 3292 2788 suis
3351 2733 3513 2789 rebus
3567 2733 3859 2805 legationes

2285 2821 2409 2878 illuc
2458 2811 2740 2880 venientes
2787 2823 3066 2896 suscipiat,
3092 2839 3200 2895 quo
3247 2838 3416 2894 usque
3455 2825 3636 2879 animo
3684 2832 3855 2878 nostro

2285 2912 2626 2969 satislactum
2670 2911 2906 2969 habeat:
2955 2915 3048 2985 qui
3111 2929 3238 2970 vero
3289 2914 3572 2985 epistolam
3623 2921 3851 2969 nostram

2289 3018 2612 3074 quocunque
2643 3004 2825 3072 modo,
2841 3003 2998 3076 jussu
3023 3015 3212 3061 nostro
3236 3005 3304 3061 ad
3332 3005 3596 3075 palatium
3613 3005 3796 3061 veniat
3814 3015 3862 3058 et

2214 3077 2258 3138 (ἶ
2292 3099 2358 3154 ad
2409 3098 2738 3155 voluntatem
2769 3108 3011 3155 nostram
3040 3113 3331 3171 congruam
3357 3097 3603 3154 stultitiae
3647 3111 3762 3152 sua:
3779 3110 3859 3151 ca-

2288 3189 2636 3261 stigationem
2673 3190 2929 3261 accipiat.
2959 3188 3028 3245 Et
3057 3189 3102 3245 si
3145 3191 3304 3245 homo
3334 3189 3488 3255 liber,
3525 3187 3576 3243 id
3601 3195 3685 3243 est
3716 3185 3859 3242 mini~

2287 3282 2525 3341 sterialis
2552 3282 2792 3351 comitis,
2815 3283 2920 3339 hoc
2948 3281 3166 3348 fecerit,
3193 3282 3482 3347 honorem,
3516 3277 3860 3350 qualemcun-

2287 3391 2394 3449 que
2441 3375 2712 3441 habuerit,
2739 3375 2856 3431 sive
2904 3373 3251 3438 beneﬁcium,
3303 3372 3549 3437 amittat;
3591 3378 3646 3428 et
3675 3368 3723 3425 si
3755 3381 3859 3424 ser-

2285 3489 2388 3530 vus
2414 3469 2611 3538 nudus,
2633 3469 2701 3524 ad
2727 3467 2911 3539 palum
2956 3465 3195 3538 vapulet,
3225 3475 3281 3522 et
3316 3473 3480 3537 caput
3504 3463 3626 3537 ejus
3647 3461 3861 3520 tondea-

2289 3573 2397 3621 tur.
2420 3583 2440 3618 I

2361 3654 2543 3709 Vll.—-
2556 3652 2634 3708 De
2658 3651 2954 3722 differentia
2977 3657 3406 3706 testamentorum
3436 3656 3485 3703 et
3505 3648 3781 3717 prccariis.

2358 3745 2624 3814 Quoniam
2651 3749 3106 3798 testamentorum
3152 3739 3260 3795 alia
3298 3738 3434 3793 ﬁunt
3461 3738 3608 3794 dotis
3633 3740 3860 3802 nomine,

2290 3837 2397 3893 alia
2429 3833 2766 3892 lmreditatis
2796 3833 3117 3900 donatione,
3160 3831 3267 3887 alia
3309 3831 3378 3887 de
3415 3831 3584 3887 rebus
3613 3829 3862 3894 ecclesiae,

2290 3944 2428 4002 quas
2455 3925 2756 3984 abalienari
2791 3933 2878 3982 est
2921 3922 3164 3989 dillicile,
3209 3931 3266 3979 et
3295 3923 3553 3978 dicuntur
3578 3921 3861 3992 precariae:

2291 4021 2534 4093 exceptis
2570 4020 2659 4076 his
2681 4025 2850 4085 ,sunt
2873 4024 3147 4088 praecepta
3177 4013 3392 4086 regalis,
3420 4013 3473 4069 id
3501 4023 3588 4070 est
3627 4011 3862 4084 imperia-

2293 4113 2384 4180 lis,
2405 4110 2668 4184 jussionis
2717 4109 3046 4165 aucto-ritate
3093 4105 3370 4168 roborata.
3415 4104 3618 4174 quibus
3657 4119 3864 4160 consen-

2298 4205 2443 4260 tiunt
2463 4203 2836 4260 Romanorum
2866 4198 3190 4272 pontiﬁcum
3217 4195 3498 4266 privilegia
3531 4195 3634 4250 sub
3666 4206 3866 4250 excom-

2295 4296 2689 4354 municationis
2736 4296 3089 4351 anathemate
3145 4292 3385 4348 decreta.
3456 4289 3531 4344 At
3585 4301 3717 4344 vero
3756 4299 3865 4357 pre-

2231 4427 2278 4484 D
2304 4390 2488 4456 cariae,
2520 4395 2641 4459 quia
2680 4402 2750 4444 ex
2797 4387 3158 4444 conventione
3188 4385 3345 4450 ﬁunt,
3376 4390 3433 4438 et
3459 4381 3713 4454 precibus
3739 4375 3865 4484 obti-

2303 4487 2502 4535 nentur
2528 4518 2544 4545 ,
2595 4477 2717 4535 alia
2769 4477 2872 4533 sub
2923 4475 3188 4546 quotlibet
3254 4473 3504 4544 personis
3565 4467 3867 4527 censualiter

2304 4572 2612 4628 retinentur
2636 4585 2740 4626 usu
2784 4567 3084 4624 lructuario
3109 4608 3124 4632 ,
3175 4566 3294 4622 alia:
3323 4581 3422 4636 per
3447 4559 3868 4621 commutationis

2306 4661 2722 4734 emphyteosim,
2762 4661 2815 4716 id
2842 4669 2924 4716 est
2950 4667 3288 4715 contractum
3315 4677 3328 4713 :
3361 4673 3482 4728 quae
3527 4657 3588 4711 ﬁt
3615 4671 3681 4710 eo
3706 4653 3866 4711 modo.

2307 4769 2414 4824 quo
2439 4752 2670 4807 habetur
2695 4751 2750 4805 in
2778 4749 2918 4805 libro
2962 4749 3327 4806 Conciliorum
3376 4747 3539 4803 tertio
3583 4745 3718 4816 (53),
3762 4755 3867 4809 cap.

2307 4847 2421 4900 22:
2491 4863 2510 4897 α
2538 4843 2805 4900 Precariae
2849 4857 2881 4897 a
2926 4841 3144 4897 nemine
3197 4841 3265 4895 de
3299 4841 3464 4896 rebus
3509 4832 3870 4894 ecclesiasticis

2313 4936 2431 4993 ﬁeri
2460 4944 2884 5008 praesumantur,
2934 4933 3038 4989 nisi
3085 4940 3347 5004 quantum
3371 4930 3440 4987 de
3466 4929 3728 5001 qualitate
3752 4941 3868 4982 con-

2310 5030 2460 5086 venti
2513 5026 2634 5101 [ul.,
2666 5023 3034 5099 convenienti]
3083 5025 3243 5080 datur
3269 5038 3334 5080 ex
3366 5021 3592 5094 proprio
3613 5062 3628 5085 ,
3672 5018 3869 5115 duplum

2310 5121 2605 5192 accipiatur
2643 5133 2708 5174 ex
2753 5119 2917 5174 rebus
2943 5115 3188 5172 ecclesiae
3213 5156 3228 5181 ,
3280 5114 3335 5169 in
3389 5128 3490 5169 suo
3541 5120 3743 5167 tantum
3792 5114 3872 5178 qui

2311 5215 2520 5272 dederit
2575 5215 2827 5276 nomine,
2877 5212 2923 5266 si
2971 5226 3058 5266 res
3091 5208 3340 5280 preprias
3395 5215 3452 5264 et
3495 5204 3872 5264 ecclesiasticas

2321 5407 2380 5414 -_.
2409 5392 2544 5414 ιη.--
2577 5390 2942 5414 n-_-:|:-_.....
2975 5390 3134 5414 ..ι-ιε..
3165 5390 3217 5414 ε..
3249 5387 3373 5414 -2.-.
3423 5387 3532 5414 ΔΙ-..
3583 5384 3748 5414 :......:r
3779 5381 3874 5414 (Ar-
