3944 5414
108 327 196 380 ιει
1339 315 1720 380 COLLECTIO
1758 318 2104 382 canonum
3255 332 3359 400 4-32

107 455 199 495 usu
243 436 549 493 fruetuario
581 446 768 493 tenere
813 435 1058 492 voluerit.
1105 434 1164 492 Si
1207 445 1386 492 autem
1429 451 1516 493 res
1558 452 1680 507 pro-
1711 457 1754 512 Α
1783 435 1966 504 poleos
1992 438 2044 491 in
2067 436 2550 507 Tropmrmutatus
2581 445 2676 500 e's’l.
2704 444 2979 502 Potestate
3008 463 3220 520 quoque
3249 454 3358 511 Ro-

106 533 242 602 prias
271 531 342 584 ad
371 545 615 599 prmscns
645 530 930 594 dimiserit,
976 545 1042 585 ex
1091 530 1254 584 rebus
1298 527 1682 584 ecclesiasticis
1784 527 1927 580 mani
1973 530 2243 597 pontiﬁcis
2287 530 2572 604 Pcrigeues
2623 536 2676 590 in
2729 535 2904 592 Petris
2950 540 3228 598 ordinatus
3275 557 3361 604 est

108 622 405 677 fructuario
455 638 558 676 usu
613 621 669 676 in
713 637 811 678 suo
847 629 1054 676 tantum
1105 621 1226 690 quis
1281 621 1496 675 nomine
1532 636 1684 674 assu.

1792 614 2087 685 cpiscopus,
2114 634 2212 674 nec
2244 618 2309 691 [Ῑ.
2336 623 2588 696 necnon]
2615 636 2862 696 receptus
2887 627 3282 691 inthronizatus
3305 637 3359 695 in

109 723 231 779 mat,
264 714 393 783 quia
428 714 510 769 sic
544 729 639 768 eas
673 729 1048 784 quemcunque
1096 722 1310 768 tueatur
1343 722 1574 783 oportet,
1627 722 1684 768 nt
1783 705 2087 773 CoriltlltiO,
2111 709 2364 765 defuncto
2389 714 2502 782 ejus
2529 717 2802 786 episcopo.
2827 717 2937 774 Nec
2961 720 3025 776 de
3051 721 3135 777 his
3158 727 3362 782 miran-

108 802 404 857 auenamm
435 803 892 874 dispensatorem,
939 820 1047 859 non
1093 803 1435 873 propriarum
1465 804 1686 871 largito-
1785 796 1934 886 dum,
1976 814 2100 852 cum
2143 800 2267 854 odio
2313 801 2618 857 habendam
2662 806 2910 871 Christus
2959 810 3159 881 docuit,
3199 832 3362 886 quam

109 911 234 950 rem,
261 895 332 950 ει
358 912 389 950 a
418 896 563 953 "una
596 905 865 965 ροιρεωιε
895 895 1016 966 quis
1061 905 1282 964 cogam.-
1331 894 1511 950 facere
1563 911 1686 966 pre-
1784 885 2070 954 Apostolus
2103 905 2324 944 uxorem
2370 908 2467 947 nos
2508 894 2730 965 diligere
2765 901 3038 968 praecepit.
3071 885 3362 976 Gregorius

107 990 306 1042 eariam
339 990 406 1045 de
436 990 600 1044 rebus
621 989 736 1045 Deo
765 997 819 1044 et
859 988 1064 1044 sanctis
1111 987 1329 1053 dicatis,
1371 1004 1492 1044 cum
1546 989 1684 1044 ratio

1792 993 1998 1047 quoque
2022 979 2091 1032 ab
2119 981 2240 1036 aliis
2267 984 2536 1054 episcopis
2568 987 2854 1046 damnatos
2885 1008 2996 1047 suae
3022 999 3362 1056 auctoritatis

107 1088 158 1133 et
186 1094 318 1134 usus
347 1079 634 1134 obtineant
669 1079 960 1150 neminem,
1011 1077 1104 1149 qui
1153 1094 1260 1132 non
1310 1078 1442 1142 vult,
1490 1088 1683 1133 contra
1784 1067 2068 1160 PeriICSiO
2102 1072 2346 1141 [δι’ίδιίυίδ
2381 1076 2638 1145 gradibus
2683 1079 3029 1148 ΐοῖοηιιίὼυιν
3081 1087 3362 1160 episcopos

109 1169 472 1224 utilitatemet
502 1171 770 1226 rationem
821 1170 1122 1241 praestitum
1147 1170 1221 1225 de
1254 1170 1474 1241 proprio
1504 1170 1683 1226 facere
1785 1159 2005 1226 υηῖῦίιι»
2039 1177 2384 1220 successores
2423 1167 2690 1238 episcopis
2734 1170 2893 1227 ἀείδει
2923 1172 3114 1244 (διιεϐο
3143 1176 3234 1233 ιιὺο
3266 1159 3356 1244 7³η,

108 1257 444 1312 beneﬁcium.
475 1257 759 1329 Praecepta
799 1269 978 1314 autem
1006 1257 1207 1330 regalia
1232 1273 1394 1328 super
1423 1259 1682 1328 precariis
1782 1250 1939 1320 epist.
1967 1251 2084 1324 20).
2117 1253 2442 1311 Salonitanze
2486 1258 2722 1316 civitatis
2765 1262 3096 1333 episcopum,
3139 1270 3362 1326 nomine

109 1346 490 1402 ecclesiasticis
520 1349 663 1414 lieri,
709 1362 807 1402 nec
851 1349 990 1403 ratio
1037 1349 1186 1414 sinit,
1243 1363 1345 1402 nec
1389 1349 1684 1404 auctoritas

1792 1338 2096 1408 Maximum,
2125 1345 2252 1413 quia
2281 1346 2524 1416 pecuniis
2554 1350 2834 1407 ordinatus
2864 1351 3222 1414 Simoniacam
3250 1360 3362 1415 ha:-

110 1434 337 1523 quolibet
369 1437 532 1491 modo
569 1439 853 1506 permittit,
879 1437 1136 1508 quoniam
1167 1449 1435 1510 prmcepta
1475 1439 1528 1492 in
1557 1439 1682 1509 jure
1785 1433 1949 1487 resim
1999 1432 2323 1503 incurrerat,
2366 1434 2659 1506 Gregorius
2704 1447 3211 1503 exconnnunicavit.
3257 1449 3358 1517 Qui

111 1526 472 1583 ecclesiastico
521 1528 743 1584 ﬁrmare
787 1530 1063 1602 indignum
1105 1529 1316 1600 judice;
1351 1545 1572 1586 necesse
1600 1542 1682 1587 est
1783 1526 2284 1583 excommunicatus
2331 1530 2527 1586 missas
2567 1531 2890 1601 celebravit;
2943 1545 3120 1593 tamen
3161 1549 3285 1609 post
3329 1543 3361 1596 7

112 1618 350 1688 maiestas
396 1621 570 1690 regia,
602 1621 704 1675 nisi
733 1622 800 1675 ab
829 1622 1199 1678 ecclesiastico
1245 1632 1455 1678 rectore
1488 1631 1683 1694 pem“-
1784 1628 1955 1668 annos
1982 1615 2298 1684 pmnitentia
2323 1618 2542 1674 ductum
2581 1635 2691 1678 sua:
2726 1624 2820 1679 sed
2848 1626 3104 1692 I'CSlllﬂll,
3126 1639 3181 1682 CI.
3201 1630 3362 1699 pallio

113 1721 210 1765 tur.
224 1709 395 1766 isdem
426 1723 613 1766 autem
643 1723 823 1768 custos
848 1713 1092 1769 eeclesiae
1120 1714 1470 1770 solertissime
1489 1723 1682 1770 caveat

1792 1705 2024 1773 donavit,
2077 1718 2296 1779 accepto
2349 1722 2692 1768 sacramento
2738 1715 2806 1770 de
2846 1717 3149 1775 interdictis
3195 1736 3364 1792 super

112 1814 172 1854 ne
204 1801 277 1856 sui
318 1803 540 1857 ordinis
575 1811 632 1857 et
678 1803 1056 1859 ecclesiastica:
1103 1805 1499 1860 communionis
1544 1803 1680 1860 forte

1792 1810 1979 1866 corpus
2006 1799 2177 1853 sancti
2204 1800 2535 1870 Apollinaris
2565 1804 2682 1874 (lib.
2710 1821 2808 1871 vit,
2839 1806 2995 1877 epist.
3022 1808 3114 1876 82,
3146 1809 3259 1865 ind.
3284 1811 3361 1882 2).

112 1892 384 1946 immemor
451 1903 642 1947 contra
681 1894 1058 1950 auctoritatem
1100 1903 1425 1964 prmeeptmn
1477 1896 1684 1966 regium

1943 1886 2031 1943 IX.
2063 1919 2134 1927 -—
2159 1889 2234 1943 De
2255 1892 2548 1960 (li/ferentia
2579 1894 2704 1964 legis
2726 1910 2772 1950 et
2797 1899 3212 1954 consuetudinis.

111 1995 199 2049 pro
221 1994 552 2052 quacunque
578 1984 940 2038 assentatione
982 1983 1095 2040 lleri
1125 1994 1291 2055 petat.
1325 1984 1425 2051 Qui
1450 1995 1504 2041 et
1535 1986 1578 2040 si
1607 1984 1684 2039 [ωδ
1857 1977 2011 2033 Sicut
2037 1994 2129 2032 rex
2173 1996 2202 2034 a
2237 1982 2470 2051 regendo
2497 1983 2718 2051 dicitur,
2754 1985 2830 2040 ita
2853 1993 2908 2042 et
2937 1986 3023 2044 lex
3049 2005 3080 2043 a
3115 1988 3362 2060 legendo.

112 2072 262 2134 cerit,
311 2086 431 2125 non
474 2072 753 2138 audiatur;
796 2073 840 2128 si
887 2081 1070 2128 autem
1096 2084 1148 2130 et
1171 2075 1498 2142 obtinuerit,
1539 2075 1684 2146 regia

1792 2066 2127 2139 Quapropter
2147 2069 2325 2141 legum
2355 2074 2716 2144 promulgatio
2736 2091 2921 2148 regum
2947 2081 3138 2136 edictis
3176 2089 3367 2137 cxten-

114 2161 439 2216 discretione
461 2171 516 2216 et
541 2163 827 2234 episcopali
854 2162 1058 2233 judicio
1081 2163 1606 2230 idem'rescindatur,
1629 2173 1684 2219 et
1787 2160 1953 2242 ditur,
1977 2169 2032 2214 et
2058 2162 2426 2233 unusquisque
2451 2164 2591 2220 infra
2620 2167 2702 2222 sui
2735 2168 2886 2240 regni
2918 2171 3054 2226 fines
3080 2171 3364 2242 imperium

111 2252 303 2320 petitor
353 2252 590 2322 injustus
635 2268 732 2322 pro
779 2253 1040 2324 principis
1089 2251 1286 2323 injusla
1344 2251 1684 2324 suggestione
1785 2248 2150 2306 Christianum
2206 2254 2408 2323 pietate
2458 2258 2794 2328 exsequitur.
2861 2260 2959 2316 Cui
3033 2267 3366 2320 consuetudo

114 2341 262 2411 digne
290 2343 646 2412 corripiatur.
675 2363 692 2394 ι
1785 2349 1971 2410 paret;
2019 2359 2138 2411 qua:
2174 2345 2218 2398 si
2274 2345 2507 2412 publicis
2556 2349 2882 2406 utilitatibus
2926 2367 3033 2407 non
3079 2353 3369 2423 impeditur

115 2451 234 2507 nu.
281 2483 359 2493 _
403 2453 484 2506 De
539 2470 593 2507 εο
643 2453 778 2523 quod
834 2452 1111 2507 ηεεεηεια,
1161 2451 1389 2506 “dum,
1445 2451 1579 2523 lege,
1636 2461 1682 2504 ει
1788 2431 1902 2501 ipsa
1948 2447 2045 2500 pro
2085 2433 2200 2503 lege
2248 2437 2506 2490 succedit.
2555 2437 2687 2493 Nam
2737 2440 2928 2496 Cicero
2978 2444 3030 2496 in
3083 2446 3367 2500 rhetoricis

776 2539 1020 2576 canones.
1788 2523 1980 2577 harum
2013 2524 2420 2580 similitudinem
2448 2544 2514 2581 ac
2551 2528 2910 2587 ditl‘erentiam
2941 2533 3013 2586 ita
3046 2534 3363 2590 deﬁnitione

176 2614 577 2670 Ecclesiasticar.
598 2615 808 2686 reguhe,
839 2629 976 2683 quas
1007 2611 1443 2668 Grmcieanones
1468 2622 1681 2691 vocant,
1785 2619 2026 2684 pandere
2070 2631 2177 2670 non
2231 2626 2532 2686 supersedit
2581 2623 2715 2692 (Cic.
2771 2623 2864 2677 lib.
2918 2640 2978 2690 ll,
3023 2625 3087 2678 de
3130 2624 3364 2696 Ini-ent.)

118 2708 366 2761 asanetis
403 2705 661 2761 Patribus
699 2715 821 2760 sunt
854 2706 1090 2760 inventa:
1126 2705 1350 2770 idcirco,
1387 2714 1443 2758 ut
1482 2704 1684 2774 absque
1792 2725 1810 2758 ‹
1856 2705 2274 2763 Consuetudinis
2309 2708 2402 2777 jus
2435 2708 2555 2766 esse
2593 2721 2813 2781 putatur
2841 2713 2890 2766 id
2923 2715 3063 2783 quod
3090 2715 3368 2771 voluntate

121 2798 218 2851 ullo
255 2798 466 2853 erroris
503 2797 742 2850 anfractu
785 2811 880 2866 per
913 2795 1139 2866 iustitia:
1178 2795 1424 2851 semitam
1475 2797 1684 2867 gradia-
1787 2800 2028 2853 omnium
2049 2808 2165 2854 sine
2192 2799 2307 2870 lege
2342 2810 2582 2856 vetustas
2605 2803 2990 2872 comprobarit.
3036 2823 3055 2854 ι
3086 2804 3215 2859 Jura
3237 2821 3366 2862 vero

121 2903 248 2940 mur.
303 2885 415 2940 Nec
491 2885 667 2941 diﬂ'ert
706 2903 806 2956 qua
854 2902 1118 2942 canonum
1175 2887 1513 2942 institutione
1565 2887 1685 2956 quis
1788 2888 2029 2959 legitima
2062 2905 2128 2942 ex
2158 2890 2365 2959 legibus
2392 2893 2645 2958 cognosci
2674 2891 2963 2960 oportebit,
2998 2900 3054 2947 et
3083 2907 3110 2944 a
3156 2893 3365 2962 vulgari

124 2976 386 3034 imbuatur
415 2979 483 3034 ad
523 2989 911 3047 competentem
949 2979 1272 3034 Christianae
1313 2979 1434 3033 lidei
1475 2980 1684 3048 profes-
1791 2977 2142 3048 intelligentia
2179 2980 2468 3032 remotiora
2507 2989 2660 3046 sunt;
2695 2981 2762 3034 ad
2792 2981 3196 3037 similitudinem
3238 2998 3368 3038 vero

123 3069 341 3132 sionem,
368 3068 495 3122 dum
526 3076 706 3121 tamen
737 3067 993 3122 inoﬂ'enso
1020 3069 1248 3139 vestigio
1271 3070 1410 3122 viam
1442 3069 1683 3122 veritatis
1790 3069 2046 3138 aliquam,
2071 3077 2163 3122 aut
2193 3070 2256 3121 ad
2297 3084 2408 3122 rem
2433 3071 2865 3138 amplificandam
2901 3086 3041 3140 smpe
3080 3081 3203 3125 sunt
3230 3072 3368 3126 infc-

125 3158 406 3228 ingressus,
430 3172 526 3226 per
549 3157 800 3211 ducatum
823 3157 1096 3227 Evangelii
1119 3174 1222 3211 non
1254 3159 1470 3211 recedat
1497 3159 1678 3209 adivi-
1713 3151 1754 3209 C
1792 3161 1977 3213 renda.
2011 3160 2293 3227 Quocirca,
2322 3161 2365 3214 si
2407 3161 2541 3217 bene
2571 3161 2813 3228 meinini,
2836 3161 2918 3217 lex
2942 3171 2994 3216 et
3017 3178 3134 3218 mos
3160 3165 3368 3233 species

124 3251 199 3303 nis
222 3249 477 3304 oraculis.
504 3249 624 3303 Non
665 3250 804 3303 enim
833 3251 1008 3303 onmis
1038 3249 1278 3302 inventio
1304 3249 1683 3302 necessitatem
1789 3251 2080 3318 suntjuris.
2105 3250 2452 3307 Muelcxnst
2478 3255 2780 3324 principum
2804 3255 3118 3309 constitutio
3133 3258 3363 3326 scripta;

125 3343 422 3404 comitatur,
461 3349 518 3395 ut
555 3341 661 3395 alio
696 3342 850 3395 modo
892 3340 1007 3393 ﬁeri
1054 3339 1382 3408 impossibile
1430 3340 1500 3392 sit
1543 3339 1684 3408 quod
1791 3352 2067 3393 mosvero
2096 3343 2428 3395 censnctudo
2459 3350 2729 3396 vetustate
2769 3344 3015 3412 probata,
3050 3361 3147 3398 nec
3181 3353 3361 3399 tamen

126 3431 308 3502 aliquis
353 3433 556 3486 utiliter
608 3431 826 3484 invenit.
861 3430 1014 3484 Sient
1062 3431 1114 3484 in
1155 3429 1386 3484 concilio
1430 3429 1688 3482 Africano
1789 3434 2010 3502 scripta.
2058 3434 2138 3486 An
2171 3444 2405 3488 \clu’stas
2439 3436 2573 3488 adeo
2610 3437 2711 3500 sibi
2752 3437 3023 3489 consensit
3064 3437 3114 3488 in
3142 3437 3280 3491 malo
3309 3447 3368 3490 ut

126 3523 267 3594 plura
309 3533 507 3577 tractat
550 3522 708 3578 Osiiis
748 3520 1108 3578 Cordubensis
1145 3520 1211 3575 ad
1252 3519 1532 3590 placitum,
1571 3536 1688 3588 qum
1793 3539 2000 3578 morum
2057 3525 2396 3593 disciplinam
2447 3526 2626 3580 nullus
2672 3526 2828 3580 vellet
2884 3527 3210 3596 aliquando?
3263 3529 3366 3581 Sed

129 3616 347 3669 libelllel'
370 3615 594 3684 suscipit
624 3614 860 3676 Ecclesia
900 3629 997 3684 pro
1025 3613 1305 3668 verissima
1350 3612 1689 3680 institutione
1789 3618 1891 3670 hoc
1944 3632 2210 3686 nusquam
2259 3618 2496 3686 gentiam
2548 3618 2857 3682 didicimus,
2897 3608 3148 3672 Omnibus
3194 3619 3372 3672 humi.

129 3721 404 3762 canonum.
448 3707 602 3763 Unde
641 3708 1062 3764 considerandus
1103 3715 1186 3762 est
1229 3716 1493 3761 terrarum
1529 3706 1683 3770 situs,
1791 3708 1949 3762 nibus
1975 3708 2170 3762 bonum
2200 3718 2406 3761 naturae
2435 3709 2594 3762 etiam
2628 3707 2766 3763 male
2795 3709 3003 3776 agendo
3038 3709 3364 3763 amantibus.

130 3798 346 3866 qualitas
398 3807 718 3868 temporum,
773 3799 1062 3853 inﬁrmitas
1115 3797 1415 3860 hominum,
1469 3807 1526 3851 ct
1571 3797 1689 3850 alia:
1791 3800 1992 3854 Omnes
2025 3799 2187 3868 igitur
2216 3798 2461 3852 homines
2498 3799 2652 3852 bonis
2681 3797 2912 3867 legibus,
2950 3809 3042 3849 aut
3070 3799 3224 3850 bonis
3255 3814 3373 3851 rno-

131 3890 470 3941 necessitates
516 3903 718 3952 rerum,
763 3904 884 3957 qua:
914 3888 1090 3942 solent
1120 3897 1328 3941 mutare
1361 3898 1570 3954 regulas
1605 3887 1685 3940 di-
1793 3891 1940 3943 ribus
1979 3898 2201 3941 utantur
2243 3901 2464 3941 necesse
2501 3896 2604 3939 cst.
2645 3887 2811 3942 Porro
2841 3887 3101 3956 quosdam
3151 3901 3370 3954 compc-

132 3990 396 4030 versarunt
426 3979 838 4048 provinciarum.
868 3977 1140 4033 Potestate
1169 3977 1330 4031 etiam
1365 3976 1532 4030 multa
1562 3991 1685 4032 niu—
1792 3981 1982 4045 rimus,
2024 3972 2114 4048 qui
2159 3993 2260 4032 nec
2285 3978 2444 4032 bonis
2485 3978 2725 4031 moribus
2768 3993 2867 4045 per
2903 3975 3367 4040 consuetudinem,

133 4079 234 4124 tata
272 4078 393 4125 sunt
429 4087 526 4140 pro
561 4073 828 4126 communi
878 4073 1108 4126 utilitate
1153 4071 1525 4130 ecclesiarum,
1568 4069 1689 4140 quae
1792 4089 1892 4129 nec
1916 4069 2038 4145 ullis
2067 4073 2274 4144 legibus
2299 4086 2357 4126 se
2381 4071 2624 4126 subditos
2655 4071 3020 4138 arbitrentur;
3052 4083 3106 4125 et
3133 4069 3222 4140 qui
3247 4070 3367 4125 sine

134 4176 280 4216 nemo
323 4163 665 4230 reprehendit
709 4162 966 4218 ﬁdelium.
1005 4161 1071 4214 Et
1112 4161 1238 4229 quid
1280 4161 1520 4214 mirum?
1566 4177 1687 4213 cum
1775 4165 1906 4238 lege
1933 4157 2288 4232 viv'unt,'sine
2317 4164 2432 4233 lege
2459 4163 2731 4235 peribunt.

134 4268 500 4322 nonnunquam
556 4254 894 4308 inveniantur
951 4267 1187 4306 canones
1249 4251 1350 4304 sibi
1415 4250 1692 4304 contladi-
2767 4252 2770 4256 '
2992 4252 2994 4255 '

596 4349 607 4354 -
654 4347 674 4354 ..
792 4347 803 4354 .
1400 4345 1410 4354 .
1458 4345 1468 4354 .
1635 4345 1647 4354 .
1791 4299 1858 4354 Χ.
1894 4329 1967 4342 -——-
1998 4299 2076 4354 De
2117 4315 2178 4353 eo
2225 4299 2364 4354 quod
2415 4299 2706 4352 sacerdotes
2735 4297 3044 4349 mandatum
3073 4296 3143 4351 ad
3173 4306 3371 4354 gentem

135 4357 331 4412 centes,
369 4357 421 4403 et
469 4349 608 4417 quod
653 4347 705 4402 in
757 4347 926 4402 altero
971 4345 1203 4400 concilio
1251 4345 1584 4414 praecipitur,
1635 4345 1688 4398 in

1792 4313 1858 4356 λ.
1894 4329 1967 4342 ⁸-
1998 4313 2076 4354 νε
2117 4315 2178 4353 eo
2225 4313 2364 4368 quoa
2415 4313 2706 4352 εαεεναοιεε
2735 4313 3044 4378 mandatum
3073 4313 3140 4351 aa
3172 4313 3204 4366 g

2234 4379 2536 4423 extraneum
2564 4385 2667 4422 ηοη
2697 4377 2926 4420 mtuant.

137 4438 294 4492 altero
317 4440 633 4507 prohibetur
677 4455 773 4494 nec
795 4441 937 4493 enim
968 4438 1020 4493 id
1041 4437 1243 4491 frustra
1268 4436 1470 4490 factum
1496 4436 1689 4489 existi-

140 4543 297 4596 mant,
331 4549 417 4602 qui
455 4547 556 4601 pro
598 4532 908 4602 temporalis
941 4533 1066 4585 vitae
1103 4529 1388 4585 commodo
1414 4527 1688 4582 nummum

139 4622 343 4691 cupiunt
375 4623 648 4678 declinare
680 4638 708 4675 a
739 4623 936 4676 virtute
973 4623 1039 4675 ad
1069 4623 1217 4684 vitia,
1257 4637 1355 4674 nec
1391 4637 1419 4673 a
1464 4620 1690 4673 veritate

142 4714 200 4767 ad
227 4716 575 4771 mendacium.
617 4713 748 4768 Nam
794 4715 846 4768 in
884 4712 1116 4768 decretis
1143 4712 1458 4782 pontificum
1500 4710 1690 4764 eadem

141 4805 266 4860 ratio
288 4806 485 4871 existit,
509 4819 737 4875 quorum
766 4812 917 4858 tanta
940 4803 1230 4856 auctoritas
1256 4811 1362 4864 est,
1387 4809 1445 4854 ut
1475 4787 1692 4853 sentcn-

146 4894 219 4948 tia:
250 4896 594 4966 plurimorum
635 4896 789 4951 unius
817 4894 1047 4948 Romani
1088 4893 1356 4962 pontificis
1379 4900 1692 4958 exspectent

141 4981 392 5050 judicium.
436 4985 662 5052 Semper
699 4984 856 5054 igitur
884 4984 938 5038 in
965 4981 1160 5036 talibus
1187 4982 1561 5052 prmponderat
1590 4981 1694 5034 titi-

147 5070 249 5128 litas
269 5084 319 5130 et
345 5076 626 5139 honestas,
660 5090 760 5128 non
791 5073 1129 5136 illecebrosa,
1175 5089 1334 5142 quam
1368 5071 1549 5129 sancti
1593 5071 1694 5125 viri
1805 5070 2043 5079 ’”’””“”
2065 5070 2118 5078 ⁷⁷
2143 5070 2409 5094 ”““”⁰“”
2437 5070 2527 5132 ”’έ

148 5162 348 5235 fugiunt,
390 5138 796 5223 desideriorium
843 5163 1114 5232 voluptas.
1159 5138 1262 5218 sed
1301 5180 1369 5222 ne
1417 5155 1694 5217 ineassum
1777 5153 2057 5207 XL—De
2081 5153 2284 5235 clericis
2303 5149 2560 5235 electis‘alb
2578 5138 3391 5235 φάὶῇςαιοτξξξὶῑ“εῖιεῖαὺὶιὶηηπ

149 5254 253 5309 talia
284 5256 458 5312 dicere
489 5254 783 5320 videamur,
815 5250 1062 5320 exempla
1094 5253 1463 5324 proponimus.
1497 5250 1696 5306 Trans-
2132 5222 2390 5285 locorum'
2411 5220 2490 5274 vel
2515 5220 2816 5273 "med'bu‘
2839 5228 3037 5271 eorum
3347 5237 3352 5242 ’

149 5346 366 5414 migratio
407 5348 780 5414 episcoporum
825 5343 1100 5414 prohibita
1143 5355 1226 5400 est
1268 5347 1319 5402 in
1374 5346 1594 5401 Nicaena
1643 5353 1698 5399 et
1869 5339 1923 5392 In
1954 5337 2180 5408 legibus,
2205 5353 2322 5407 cap.
2363 5334 2511 5389 456:
2547 5350 2566 5382 ι
2601 5332 2661 5387 Si
2693 5335 2818 5405 quis
2848 5326 3150 5388 oratoriam
3174 5329 3397 5382 domum

1725 4496 1770 4550 [)
1865 4482 1944 4536 Ex
1971 4479 2234 4536 Toletano
2267 4480 2499 4536 concilio
2534 4479 2626 4546 Ν,
2669 4495 2790 4550 cap.
2838 4478 2947 4534 50:
2987 4496 3007 4530 ι
3040 4477 3371 4533 Conlinitinii

1796 4572 2032 4628 hosunm
2074 4572 2404 4637 sacerdotes,
2437 4583 2636 4641 praeter
2669 4584 2762 4624 eos
2791 4570 2882 4638 qui
2918 4569 3062 4637 regia
3107 4575 3375 4638 potestate

1793 4663 2072 4719 licentiam
2095 4671 2440 4733 acceperunt,
2458 4660 2730 4732 quodlibet
2750 4662 2817 4714 ad
2831 4671 3042 4730 gentem
3057 4669 3372 4714 extraneum

1795 4755 2111 4810 mandatum
2151 4755 2365 4810 occulte
2386 4754 2634 4823 accipere
2665 4751 2751 4805 vel
2777 4751 3012 4812 dirigere
3034 4765 3142 4804 non
3170 4765 3370 4819 prmsu-

1779 4853 1968 4902 .mant.
2011 4845 2112 4912 Qui
2142 4854 2322 4900 autem
2361 4841 2786 4914 deprehenditur
2822 4848 2986 4908 atque
3014 4837 3372 4904 convincitur,

1798 4936 2145 4990 denuntiatus
2165 4934 2391 5003 principi
2413 4933 2554 5002 apud
2575 4930 2886 4995 concilium,
2908 4940 3100 4995 magna
3133 4923 3384 4978 animad—

1793 5025 2118 5079 versione'et
2143 5025 2409 5094 condigna
2435 5021 2774 5077 multabitur.
2821 5039 2841 5072 ι
