3944 5414
569 347 674 403 683

1567 339 1627 394 S.
1666 338 1955 419 ABBQNIS
1992 337 2281 393 ABBATIS
2322 335 2815 393 FLORIACENSIS

3722 349 3830 393 481»

567 461 729 514 nibus
757 472 862 512 non
892 457 1329 527 comprobentur,
1381 452 1449 509 ad
1495 454 1806 524 episcopum
1857 448 2147 523 pertinebit
2174 455 2221 512 Α
2252 448 2409 520 gulae,
2438 466 2536 520 pro
2564 464 2661 506 suo
2692 450 2999 522 turpissimo
3024 448 3158 505 lucri
3188 450 3492 516 commodo,
3528 450 3574 506 is
3602 414 3693 522 qui
3726 453 3829 509 hoc

570 551 705 605 alios
743 549 972 603 clericos
1002 548 1223 602 idoneos
1258 544 1479 615 eligere.
1527 562 1545 595 ι

571 640 682 695 Xll.
696 669 766 679 ——
780 638 856 692 De
878 637 1203 691 ordinatione
1223 635 1303 689 vel
1322 633 1696 704 degradation:
1714 630 2148 703 presbyterorum.

639 731 719 785 Ex
770 727 1074 798 Hispalensi
1122 725 1355 783 concilio
1412 724 1477 792 ll,
1538 739 1657 795 cap.
1712 740 1788 778 vt.
1839 741 1858 775 ι
1898 712 2151 777 Ecclesia:

571 821 692 894 [al.,
719 818 1082 887 comperimus
1103 815 1455 886 Fragitanum
1485 812 1847 868 Cordubensis
1873 807 2147 881 Ecclesiae]

569 911 944 979 presbyterum
972 922 999 959 a
1029 904 1286 975 pontiﬁce
1310 919 1411 959 suo
1445 904 1643 975 injuste
1690 902 1819 956 olim
1856 900 2145 969 deiectum,

567 1011 623 1055 et
668 1001 1009 1055 innocentem
1046 998 1237 1052 exsilio
1266 998 1705 1051 condemnatum.
1754 992 1924 1058 Quem
1964 1004 2150 1043 rursus

566 1107 665 1162 per
713 1091 1165 1159 subscriptionem
1214 1097 1455 1142 nostram
1489 1086 1848 1145 decrevimus,
1884 1097 1943 1138 ut
1992 1081 2147 1149 juxta

569 1183 868 1251 priscorum
899 1178 1120 1233 Patrum
1169 1177 1480 1249 synodalem
1508 1176 1835 1231 sententiam
1868 1173 2043 1228 nullus
2071 1172 2150 1226 vi-

571 1288 753 1325 rorum
778 1272 895 1325 sine
915 1270 1132 1324 concilii
1153 1268 1558 1324 examinatione
1578 1266 1936 1335 dcjiciendum
1964 1280 2149 1335 quem-

567 1361 695 1416 libet
731 1362 1105 1432 presbyterum
1148 1358 1233 1413 vei
1267 1359 1552 1413 diaconum
1585 1358 1797 1411 audeat.
1831 1356 1964 1410 Nam
1994 1355 2147 1409 multi

566 1463 695 1508 sunt
715 1454 803 1523 qui
834 1452 1166 1507 indiscussos
1203 1457 1469 1519 potestate
1497 1448 1799 1519 tyrannica,
1821 1462 1925 1502 non
1958 1456 2147 1501 aucto-

568 1540 1035 1605 ritate'canonica,
1066 1539 1358 1603 damnant;
1385 1545 1441 1590 et
1470 1537 1611 1591 sicut
1642 1536 1929 1589 nonnullos
1959 1536 2148 1605 gratia:

568 1629 754 1685 favore
783 1629 1101 1693 sublimant,
1140 1629 1213 1682 ita
1243 1626 1505 1697 quosdam
1534 1626 1657 1681 odio
1686 1626 1992 1694 invidiaque
2020 1640 2146 1696 pcr-

569 1718 701 1776 moti
743 1718 1055 1783 humiliant,
1087 1727 1143 1772 et
1179 1718 1247 1771 ad
1279 1717 1450 1771 levem
1490 1716 1759 1787 opinionis
1788 1731 1975 1771 auram
2012 1731 2146 1771 con-

567 1811 825 1866 demnant
850 1824 1075 1879 quorum
1101 1808 1329 1863 crimina
1352 1822 1457 1862 non
1486 1808 1810 1877 approbant.
1843 1807 2141 1878 Episcopus
2175 1787 2222 1849 Β

569 1896 1113 1954 euimsacerdotibus
1141 1914 1205 1954 ac
1244 1899 1510 1953 ministris
1544 1898 1692 1953 solus
1720 1900 1980 1953 honorem
2017 1898 2146 1953 dare

568 1999 765 2060 potest,
791 1990 1007 2046 auferre
1033 2006 1138 2046 non
1163 2000 1360 2061 potem.
1388 1992 1443 2045 Si
1471 1993 1614 2046 enim
1646 1993 1720 2056 hi,
1749 1993 1841 2062 qui
1874 1993 1926 2047 in
1952 1992 2148 2049 saeculo

566 2098 601 2137 a
640 2081 872 2138 dominis
919 2082 1034 2137 suis
1072 2084 1329 2137 honorem
1379 2082 1650 2138 libertatis
1692 2084 1871 2153 adepti
1912 2093 2058 2151 sunt,
2094 2084 2145 2138 in

568 2173 846 2230 servitutis
875 2189 1072 2228 nexum
1096 2184 1202 2228 non
1235 2173 1602 2241 revolvuntur,
1633 2175 1735 2229 nisi
1766 2174 1977 2244 publice
2008 2175 2148 2245 apud

569 2280 822 2337 proceres
878 2266 1133 2321 tribunali
1197 2265 1316 2320 foro
1367 2264 1568 2321 fuerint
1621 2267 1896 2331 accusati,
1949 2276 2150 2336 quanto

568 2358 745 2426 magis
804 2355 861 2412 hi
905 2358 995 2428 qui
1044 2356 1243 2411 divinis
1294 2356 1553 2410 altaribus
1605 2357 1904 2411 consecrati
1946 2358 2150 2412 honore

567 2447 938 2502 ecclesiastico
971 2446 1334 2501 decorantur?
1378 2446 1477 2512 Qui
1516 2445 1760 2515 profecto
1798 2461 1899 2501 nec
1935 2448 2002 2501 ab
2039 2462 2148 2503 uno

565 2538 840 2602 damnari,
888 2552 985 2593 nec
1030 2552 1138 2592 uno
1184 2537 1462 2608 iudicante
1496 2546 1751 2606 poterunt
1801 2537 2023 2592 honoris
2064 2537 2148 2591 sui

568 2626 867 2698 privilegiis
911 2626 1060 2691 exui,
1120 2627 1217 2682 sed
1262 2628 1568 2696 prtesentati
1614 2626 1861 2697 synodali
1919 2626 2147 2697 judicio,

570 2720 715 2788 quod
738 2734 914 2787 canon
942 2719 1007 2774 de
1029 2718 1134 2773 illis
1159 2719 1499 2789 praeceperit,
1533 2718 1766 2773 deliniri.
1814 2737 1833 2771 ι

571 2810 780 2866 Xlll.-—
794 2806 860 2865 Ut
884 2810 1029 2865 nulla
1052 2811 1270 2882 pecunia
1298 2808 1411 2883 (34)
1433 2812 1562 2865 data
1577 2812 1801 2881 episcopi
1822 2811 2145 2865 ordinentur.

637 2900 718 2957 Ex
750 2902 888 2957 libro
912 2898 1111 2971 Legum
1134 2898 1270 2973 (55),
1292 2917 1411 2971 cap.
1437 2901 1542 2957 450
1574 2921 1585 2955 :
1622 2921 1640 2954 ι
1659 2904 1799 2957 Ante
1819 2902 1998 2956 omnia
2023 2902 2147 2957 illud

568 2993 845 3049 observari
868 2992 1157 3057 sancimus,
1174 3000 1234 3045 ut
1260 3006 1417 3047 nemo
1439 2993 1537 3046 sub
1552 2992 1897 3061 prasstatione
1924 2992 2041 3046 auri
2062 2991 2148 3045 vel

580 3082 804 3136 alterius
828 3082 905 3135 rei
941 3080 1227 3150 episcopus
1258 3088 1626 3134 consecretur.
1659 3079 1809 3143 Quod
1838 3079 1880 3133 si
1914 3078 2017 3133 tale
2048 3078 2146 3131 ali-

572 3174 700 3244 quid
716 3174 1010 3229 admissum
1036 3173 1194 3227 fuerit
1207 3172 1443 3242 ,seipsos
1469 3181 1524 3227 et
1545 3186 1672 3226 suas
1693 3172 1904 3225 animas
1918 3172 2149 3236 perdunt

572 3264 626 3319 hi
648 3264 740 3333 qui
766 3263 1024 3333 pecunias
1048 3263 1322 3331 accipiunt
1343 3261 1425 3315 vel
1449 3269 1730 3331 praestant,
1755 3260 2148 3314 etmcdiatores

574 3369 763 3409 eorum
794 3352 1088 3408 secundum
1130 3353 1342 3406 divinas
1374 3351 1589 3420 regulas
1621 3360 1676 3405 et
1697 3341 1882 3405 sacros
1917 3365 2151 3405 canones

572 3441 1019 3500 condemnationi
1069 3441 1449 3511 subjiciuntur.
1484 3438 1785 3511 Eapropter
1826 3442 1927 3495 hoc
1964 3450 2018 3495 et
2056 3440 2148 3510 qui

574 3538 688 3600 dat,
723 3543 779 3589 et
822 3533 913 3604 qui
944 3532 1164 3603 accipit,
1194 3540 1249 3587 et
1280 3532 1375 3603 "qui
1417 3531 1683 3587 mediator
1711 3530 1885 3586 factus
1933 3539 2036 3595 est,
2066 3546 2149 3585 sa-

575 3622 823 3680 cerdotio
864 3622 949 3677 vel
994 3620 1282 3677 clericatus
1332 3622 1536 3677 honore
1575 3628 1936 3676 removeatur.
2000 3620 2151 3688 Quod

575 3728 674 3783 pro
715 3727 779 3767 ea
818 3726 983 3767 causa
1024 3711 1205 3765 datum
1255 3720 1357 3775 est,
1398 3709 1642 3767 ecclesiae
1697 3709 2000 3765 vindicetur
2053 3707 2150 3775 illi,

573 3802 727 3871 eujus
775 3802 942 3857 voluit
989 3800 1350 3857 sacerdotium
1404 3817 1606 3857 emere.
1647 3800 1706 3855 Si
1760 3811 1939 3856 autem
1984 3799 2152 3855 laicus

575 3895 703 3961 erit,
736 3895 829 3964 qui
858 3908 957 3965 pro
981 3894 1083 3949 hac
1109 3908 1270 3949 causa
1294 3893 1495 3964 aliquid
1520 3894 1747 3964 accepit,
1776 3894 1860 3948 vel
1891 3894 2152 3948 mediator

577 3989 656 4044 rei
699 3988 872 4043 lactus
917 3995 1020 4053 est,
1060 4000 1123 4041 ea
1149 4000 1269 4056 quae
1313 3987 1437 4041 data
1481 3998 1607 4041 sunt
1644 3988 1696 4041 in
1734 3984 1953 4057 duplum
1993 3984 2061 4041 ab
2087 4000 2152 4041 eo

575 4077 881 4148 exigantur,
915 4076 981 4130 ab
1005 4074 1232 4131 ecclesia
1259 4075 1603 4131 vindicanda.
1626 4074 1742 4129 Non
1768 4075 1939 4130 solum
1970 4082 2152 4130 autem

575 4180 641 4220 ea
685 4181 805 4236 qua:
852 4165 978 4220 data
1026 4171 1173 4229 sunt,
1218 4163 1479 4220 vindicari
1537 4165 1909 4235 praecipimus;
1951 4165 2047 4220 sed
2097 4173 2154 4220 et

574 4271 791 4313 omnem
838 4256 1160 4321 cautionem,
1194 4264 1250 4309 et
1276 4269 1489 4310 omnem
1533 4255 1693 4309 aliam
1726 4254 2153 4327 qualemcunque

578 4347 846 4401 actionem
862 4360 1077 4400 cessare
1098 4345 1394 4411 sancimus,
1418 4356 1477 4400 ut
1507 4346 1595 4402 ille
1621 4346 1711 4417 qui
1738 4347 2151 4417 promissionem

2256 548 2555 596 attentasse
2581 541 2839 611 probatus
2884 541 3064 606 fuerit,
3096 541 3300 611 proprii
3344 543 3546 613 gradus
3585 545 3829 611 periculo

2252 628 2580 696 subiacebit;
2610 639 2665 684 et
2692 630 2783 700 qui
2813 630 3092 685 ordinatus
3130 638 3234 697 est,
3278 628 3408 685 nihil
3446 646 3512 686 ex
3546 632 3650 687 bac
3678 633 3825 687 ord3~

2250 720 2469 777 natione
2513 721 2597 777 vel
2624 722 2980 792 prometione,
3009 738 3128 792 quae
3157 733 3240 778 est
3264 734 3361 792 per
3405 722 3826 794 negotiationem

2249 808 2415 889 facta,
2442 814 2717 882 proficiat;
2755 814 2847 869 sed
2883 814 2952 869 sit
2983 814 3190 870 alienus
3218 830 3251 869 a
3278 814 3541 883 dignitate
3568 815 3653 869 vel
3682 813 3828 870 solli-

2249 902 2507 967 citudine,
2537 918 2696 973 quam
2734 903 2977 973 pecuniis
3012 904 3275 974 quaesivit.
3310 902 3368 959 Si
3405 906 3529 974 quis
3554 918 3689 960 vero
3716 921 3826 959 me-

2248 993 2426 1047 diator
2472 1003 2577 1047 tam
2612 995 2855 1062 turpibus
2902 1004 2957 1049 et
2995 994 3239 1049 nefandis
3266 996 3427 1061 datis,
3458 996 3543 1051 vel
3593 998 3826 1066 accep:is

2248 1083 2556 1145 exstiterit,
2609 1083 2873 1152 siquidem
2917 1085 3148 1141 clericus
3186 1085 3372 1152 fuerit,
3404 1089 3623 1157 proprio
3655 1090 3823 1157 gradu

2248 1173 2489 1240 decidat;
2547 1176 2592 1229 si
2636 1191 2764 1233 vero
2817 1176 2986 1233 laicus
3036 1188 3129 1233 aut
3160 1180 3476 1246 monachus,
3510 1181 3825 1235 analhetna~

2251 1264 2466 1319 lizetur.
2516 1285 2534 1317 ι

2601 1353 2738 1410 XIV.
2765 1387 2836 1397 -—
2860 1358 2937 1413 De
2970 1358 3221 1413 electione
3248 1359 3471 1414 abbatis.

2316 1442 2374 1499 in
2405 1445 2657 1517 Legibus,
2706 1463 2827 1518 cap.
2875 1449 3018 1504 $80:
3066 1467 3085 1501 ι
3132 1448 3321 1504 Restat
3346 1459 3405 1504 ut
3437 1449 3505 1504 de
3547 1448 3825 1504 monachis

2247 1537 2509 1592 dicamus.
2556 1536 2726 1609 igitur
2753 1540 3047 1607 sancimus,
3081 1551 3136 1596 ut
3173 1542 3341 1598 abbas
3379 1542 3493 1598 sive
3522 1543 3825 1597 archiman-

2246 1628 2387 1684 drita
2447 1630 2501 1684 in
2560 1630 2785 1701 singulis
2846 1632 3191 1689 monasteriis
3274 1641 3663 1704 prteponatur,
3720 1649 3823 1688 non

2246 1721 2541 1775 secundum
2582 1721 2809 1791 gradum
2861 1724 3407 1788 monachorum,~scd
3446 1738 3605 1794 quem
3645 1725 3821 1779 cuncti

2250 1814 2522 1880 monachi,
2557 1813 2641 1869 vel
2671 1814 2911 1870 melioris
2937 1816 3206 1885 opinionis
3234 1816 3512 1871 constituti
3542 1815 3822 1887 elegerint,

2249 1906 2543 1977 propositis
2597 1900 2801 1961 sanctis
2858 1908 3170 1979 evangeliis,
3229 1908 3473 1963 dicentes
3526 1911 3672 1976 quod
3721 1922 3822 1961 non

2248 2004 2470 2066 propter
2514 1996 2807 2051 amicitiam
2858 1991 2947 2050 vel
2987 1998 3234 2067 gratiam,
3282 1998 3374 2052 sed
3418 1997 3653 2052 scientes
3704 2010 3822 2049 eum

2252 2086 2373 2141 ﬁdei
2408 2096 2567 2142 rectae
2591 2096 2645 2142 et
2678 2087 2799 2142 vita:
2828 2096 3009 2152 castae,
3036 2096 3089 2141 et
3112 2086 3584 2142 administratione
3605 2084 3821 2155 dignum

2250 2182 2305 2230 et
2329 2184 2602 2246 potentem
2634 2178 2700 2231 ad
2742 2177 3128 2231 monachorum
3160 2177 3497 2248 disciplinam
3526 2185 3581 2231 et
3610 2189 3820 2231 omnem

2250 2267 2563 2320 monasterii
2606 2274 2807 2321 statum
2837 2266 3038 2320 utiliter
3064 2267 3360 2328 custodire.
3391 2281 3514 2321 eum
3541 2265 3817 2336 elegerint.

2250 2355 2381 2410 Etsi
2412 2356 2491 2410 sic
2518 2355 2722 2412 eiectus
2753 2356 2934 2421 merit,
2970 2357 3145 2412 modis
3175 2357 3430 2411 omnibus
3474 2356 3819 2411 centimeter

2250 2445 2319 2500 ab
2347 2446 2620 2515 episcopo,
2673 2445 2756 2501 cui
2796 2446 3184 2500 monasterium
3232 2445 3529 2515 subjectum
3558 2454 3657 2500 est.
3694 2445 3819 2512 Quae

2253 2546 2430 2591 autem
2458 2538 2524 2592 de
2561 2537 2905 2593 monasteriis
2944 2536 3328 2593 monachorum
3352 2537 3610 2602 diximus,
3636 2538 3816 2591 eadem

2253 2632 2469 2681 teneant
2490 2636 2544 2681 et
2566 2626 2619 2681 in
2647 2626 2992 2683 monasteriis
3021 2636 3075 2682 et
3103 2626 3435 2682 archisteriis
3460 2626 3764 2681 mulierum.
3794 2646 3811 2677 ι

2250 2732 2367 2789 XV.
2390 2765 2458 2775 —
2492 2733 2569 2789 De
2589 2735 2792 2790 abbatis
2816 2737 3163 2797 ordinatione,
3202 2744 3249 2789 et
3273 2741 3337 2789 d’e
3362 2751 3572 2789 accessu
3601 2735 3817 2804 episcopi

2777 2809 2844 2859 ad
2893 2806 3288 2860 monasterium.

2319 2896 2630 2953 Gneoonws
2670 2896 2977 2952 MARINIARO
3028 2897 3278 2967 episcopo
3328 2895 3600 2975 Bavennte
3644 2896 3813 2968 (Greg.

2248 2986 2340 3041 lib.
2368 3005 2462 3053 vlt,
2493 3004 2578 3060 ep.
2605 2990 2691 3054 18,
2722 2988 2908 3042 indict.
2942 2989 2995 3058 1)
3023 3002 3037 3041 :

2324 3093 2344 3127 ε
2376 3076 2545 3143 Quam
2570 3090 2639 3132 Sil
2656 3076 3016 3133 necessarium
3040 3077 3487 3131 monasteriorum
3514 3076 3683 3145 quieti
3707 3091 3817 3148 pro-

2250 3169 2457 3236 spicere
2482 3181 2536 3223 et
2557 3171 2623 3224 de
2640 3185 2826 3225 eorum
2851 3181 3108 3242 perpetua
3122 3172 3413 3227 securitate
3429 3180 3815 3237 tractare,ante

2249 3271 2427 3313 actum
2453 3260 2812 3326 vosoilicium,
2829 3265 2970 3331 quod
2987 3264 3039 3317 in
3061 3263 3323 3333 regimine
3340 3263 3653 3318 monasterii
3674 3262 3815 3317 exhi-

2248 3348 2462 3412 huistis,
2482 3348 2754 3403 informat.
2775 3351 2837 3403 Et
2855 3352 2973 3405 ideo
2988 3352 3110 3419 quia
3133 3352 3520 3406 monasterium
3545 3353 3813 3405 beatorum

2249 3434 2471 3493 Joannis
2487 3448 2543 3492 et
2560 3438 2848 3509 Stephani,
2865 3441 3075 3510 quodin
3089 3438 3358 3494 Clasitana
3375 3439 3816 3495 eivitateestcon-

2250 3530 2621 3595 stitutum,cui
2644 3528 2946 3584 communis
2970 3529 3111 3583 tilius
3123 3529 3378 3585 Claudius
3398 3530 3567 3584 abbas
3596 3543 3816 3598 praeesse

2250 3622 2604 3691 dignoscitur,
2632 3622 2801 3677 multa
2826 3637 2856 3676 a
2882 3621 3256 3677 decessoribus
3289 3622 3485 3677 vestris
3515 3620 3814 3691 prtejudicia

2254 3720 2415 3783 atque
2461 3713 2771 3784 gravamina
2827 3713 3113 3783 pertulisse
3172 3712 3550 3783 cognovimus,
3599 3720 3815 3782 .Oportet

2251 3811 2312 3857 ιιι
2355 3802 2714 3859 fraternitatis
2759 3811 2954 3858 vestrre
3007 3804 3246 3873 provisio
3288 3819 3477 3859 eorum
3526 3803 3597 3858 de
3646 3802 3812 3857 futura

2253 3893 2436 3962 quiete
2461 3892 2663 3947 salubri
2709 3892 3051 3949 ordinatione
3078 3893 3361 3964 disponat,
3394 3903 3667 3962 quatenus
3696 3909 3814 3948 con-

2253 3989 2535 4037 versantes
2578 3981 2685 4036 illic
2717 3982 2768 4035 in
2802 3982 2894 4035 Dei
2928 3983 3180 4048 servitio,
3210 3982 3377 4053 ipsius
3406 3998 3627 4053 quoque
3656 3984 3813 4055 gratia

2254 4070 2580 4143 suﬁ‘ragante
2599 4111 2614 4138 ,
2645 4082 2825 4127 mente
2856 4072 3024 4128 libera
3050 4083 3411 4143 perseverent.
3442 4073 3551 4129 Sed
3582 4090 3652 4130 ne
3679 4088 3813 4129 exea

2252 4180 2372 4234 qua:
2413 4164 2586 4235 magis
2614 4164 2949 4220 emendanda
2976 4174 3090 4231 est,
3120 4166 3508 4221 consuetudine
3537 4167 3813 4236 quisquam

2254 4257 2364 4313 illic
2390 4257 2632 4328 quolibet
2662 4265 2901 4328 tempore
2923 4258 3216 4328 quidquam
3249 4258 3506 4313 molestia:
3535 4265 3815 4330 prtesumat

2254 4348 2477 4415 inferre,
2500 4363 2723 4406 necesse
2746 4359 2830 4405 est
2849 4359 2911 4404 ut
2931 4351 3045 4406 haec
3067 4366 3186 4422 qua:
3206 4350 3436 4406 inferius
3456 4351 3812 4407 enumeranda

579 4435 811 4505 accepit,
847 4450 954 4489 non
978 4434 1151 4489 solum
1170 4437 1474 4491 cautionem
1505 4437 1749 4503 reddere,
1787 4439 1879 4493 sed
1903 4446 1959 4493 et
1981 4438 2147 4504 aliud,
2180 4477 2229 4538 υ
2256 4439 2585 4503 curavimus,
2619 4440 2693 4493 ita
2734 4438 3093 4494 fraternitatis
3136 4449 3329 4495 vestra:
3372 4442 3553 4497 studio
3595 4441 3813 4497 debeant

579 4533 783 4579 tantum
811 4532 1074 4594 quantum
1099 4525 1280 4581 cautio
1309 4526 1568 4593 continet,
1586 4527 1872 4583 conveniat
1896 4527 2151 4585 Ecclesiae

585 4616 737 4670 dare.
786 4632 805 4666 ι

650 4706 783 4763 item
836 4721 900 4761 ex
940 4707 1170 4763 concilio
1219 4707 1665 4776 Chalcedonensi,
1700 4725 1820 4781 cap.
1872 4712 1930 4767 ll
1967 4730 1981 4767 :
2041 4730 2061 4765 ι
2094 4712 2153 4769 Si

578 4796 700 4866 quis
727 4796 1011 4866 episcopus
1038 4812 1134 4867 per
1162 4800 1445 4867 pecuniam
1490 4798 1682 4855 fecerit
1733 4801 2149 4869 ordinationem,

576 4896 633 4941 et
658 4887 757 4941 sub
778 4887 949 4957 pretio
970 4888 1236 4958 redegerit
1260 4891 1485 4960 gratiam
1501 4905 1620 4959 quae
1634 4906 1742 4945 non
1764 4900 1942 4961 potest
1969 4894 2147 4960 vendi,

576 4977 1014 5047 ordinaveritque
1050 4993 1146 5048 per
1199 4980 1457 5049 pecunias
1506 4980 1840 5052 episcopum,
1891 4990 1984 5036 aut
2028 4996 2149 5054 pre-

578 5069 853 5108 alnum-um
909 5077 997 5110 aut
1046 5070 1343 5112 alinnnnnm,
1380 5071 1462 5112 νρΙ
1495 5072 1791 5114 ηιιρηιιίιιρι
1829 5088 1893 5114 at
1941 5073 2024 5116 hic
2057 5073 2146 5116 nui

2254 4530 2534 4596 custodiri,
2559 4539 2618 4585 ut
2645 4546 2713 4585 ex
2737 4531 2817 4587 eis
2844 4547 2950 4586 non
2978 4532 3149 4602 possit
3169 4532 3394 4587 ulterius
3421 4532 3715 4589 inferenda:
3740 4533 3812 4587 in-

2253 4619 2586 4689 quietudinis
2617 4620 2833 4676 occasio
2856 4621 3108 4691 reperiri.
3142 4620 3329 4676 Nullus
3360 4623 3526 4693 igitur
3555 4623 3698 4678 ultra
3730 4638 3810 4677 au—

2253 4710 2377 4763 deat
2392 4708 2457 4763 de
2480 4708 2797 4771 redditibus,‘
2816 4710 2997 4774 rebus,
3013 4709 3093 4764 vel
3116 4711 3321 4767 chartis
3337 4712 3466 4767 dicti
3485 4713 3809 4772 monasterii,

2250 4798 2336 4853 vel
2365 4799 2429 4853 de
2453 4798 2571 4853 loco
2596 4799 2780 4868 aliquo
2798 4837 2815 4862 ,
2843 4799 2935 4868 qui
2960 4801 3028 4855 ad
3056 4816 3178 4856 eum
3202 4802 3470 4873 pertinet,
3498 4818 3810 4874 quocunque

2254 4889 2445 4953 modo,
2477 4888 2722 4957 qualibet
2767 4890 3119 4946 excusatione
3162 4891 3406 4946 minuere
3428 4932 3446 4956 ,
3474 4908 3578 4948 nec
3622 4895 3812 4949 immis-

2252 4980 2432 5035 siones
2460 4979 2677 5035 dolosas
2703 4981 2913 5051 aliquas
2938 4981 3138 5049 facere,
3170 4984 3267 5039 sed
3297 4984 3341 5038 si
3369 4997 3473 5051 qua
3504 4985 3643 5041 forte
3664 5001 3809 5042 causa

2254 5070 2396 5116 inter
2420 5070 2789 5116 Ravennatem
2821 5074 3105 5116 Pl‘r‘lﬂciam
3135 5084 3187 5116 at
3217 5080 3502 5116 nrmfnlnns
3554 5085 3809 5116 mnnaela-
