3944 5414
154 262 249 319 685

1382 258 1761 317 COLLECTIO
1798 257 2146 315 CANONUPJ.

3290 265 3394 321 486

154 376 287 432 taria
312 374 574 432 dilatione
610 376 805 431 mediis
836 376 1198 432 sacrosanctis
1228 374 1532 445 Evangeliis
1563 374 1717 427 tinia-
1747 380 1794 434 Α
1824 373 2091 438 relevare,
2123 381 2390 441 quatenus
2418 372 2618 427 nullam
2650 372 2903 443 deinceps
2926 373 2978 427 in
3000 371 3080 429 eis
3102 374 3286 430 clerici
3317 378 3401 429 vel

155 476 256 520 tur.
286 466 555 521 Defuncto
596 482 728 521 vero
768 468 997 530 abbate,
1031 480 1136 520 non
1167 473 1493 528 extraneos,
1527 463 1629 517 nisi
1661 462 1728 515 de

151 557 334 611 eadem
367 557 819 627 congregatione,
848 571 1007 625 quem
1047 556 1148 610 sibi
1193 556 1410 626 propria
1458 554 1731 607 voluntate

152 646 501 716 congregatio
522 645 779 715 elegerit,
808 656 863 701 et
891 647 981 715 qui
1011 645 1215 700 electus
1242 645 1437 707 fuerit,
1463 643 1581 697 siue
1608 641 1731 695 dolo

153 734 231 787 vel
260 736 559 788 venalitate
598 734 780 803 aliqua
813 734 1111 789 ordinetur.
1144 733 1328 801 Neque
1356 730 1595 786 venienti
1639 732 1733 785 ab-

155 825 260 878 bati
306 839 650 894 quarumque
702 839 927 893 persona
956 824 1195 894 qualibet
1224 823 1511 878 occasione
1553 823 1604 875 in
1634 837 1731 876 suo

155 918 489 971 monasterio
513 928 840 986 opponatur,
874 916 977 971 nisi
1005 916 1146 970 forte
1173 916 1509 970 exstantibus
1543 914 1730 968 crimi-

154 1006 309 1059 nibus
335 1006 505 1075 (quod
536 1006 733 1075 absit).
763 1021 881 1074 qua}
909 1006 1053 1059 sacri
1094 1020 1331 1058 canones
1357 1004 1550 1072 punire
1580 1018 1730 1056 mon-

152 1104 412 1149 strantur.
442 1094 658 1150 Pariter
699 1105 878 1150 autem
917 1094 1330 1149 custodiendum
1365 1102 1447 1147 est
1475 1102 1532 1146 ut
1564 1094 1731 1147 invito

152 1186 392 1252 ejusdem
436 1187 754 1240 monasterii
798 1187 995 1241 abbate
1040 1185 1107 1239 ad
1149 1185 1447 1239 ordinanda
1480 1183 1585 1237 alia
1618 1199 1731 1237 mo-

153 1276 421 1342 nasteria,
470 1286 567 1331 aut
593 1277 662 1332 ad
712 1277 931 1331 ordines
974 1290 1163 1330 sacros
1204 1274 1290 1329 vel
1332 1274 1401 1327 ad
1444 1273 1731 1329 clericatus

151 1364 381 1419 cilicium
412 1366 527 1421 tolli
556 1366 754 1421 exinde
804 1366 1055 1421 monachi
1102 1380 1209 1418 non
1257 1364 1520 1428 debeant,
1559 1363 1649 1417 sed
1682 1363 1728 1416 si

154 1456 489 1511 abundantes
514 1456 722 1511 fuerint
740 1497 756 1523 ,
786 1457 876 1526 qui
905 1456 973 1510 ad
1000 1455 1355 1511 celebrandas
1382 1454 1493 1509 Deo
1520 1453 1727 1517 laudes,

154 1547 227 1600 vel
266 1547 538 1603 utilitates
557 1548 1010 1603 monasteriorum
1034 1548 1380 1617 complendas
1397 1545 1726 1609 suﬂ‘eeerint,

155 1635 313 1689 abbas
339 1652 468 1689 cum
498 1635 785 1691 devotione
815 1637 879 1689 de
909 1636 994 1691 bis
1023 1636 1115 1705 qui
1152 1643 1470 1705 supersunt,
1499 1634 1725 1697 oll‘erat,

157 1739 286 1793 quos
314 1725 513 1795 dignos
543 1740 732 1779 eorum
780 1725 1073 1795 putaverit.
1124 1723 1275 1790 Quod
1308 1724 1355 1778 si
1402 1722 1727 1778 suillcienter
1761 1716 1802 1773 Β

154 1816 353 1870 habens
388 1814 527 1870 dare
552 1814 780 1869 noluerit
803 1855 819 1878 ,
856 1824 983 1870 tunc
1017 1814 1305 1868 Ravennas
1349 1815 1633 1884 episcopus
1661 1814 1728 1866 ad

153 1905 446 1959 ordinanda
492 1906 603 1959 alia
646 1906 975 1961 monasteria
1026 1907 1092 1960 de
1140 1906 1225 1960 his
1270 1905 1361 1973 qui
1406 1919 1725 1974 supersunt,

156 1995 331 2059 tollat;
355 1998 422 2049 ad
438 1996 876 2051 ecclesiasticum
901 2006 1075 2051 tamen
1092 1996 1327 2052 ollicium
1344 1996 1521 2051 nullus
1536 1997 1730 2052 exinde

154 2085 505 2153 producatur,
532 2087 636 2141 nisi
667 2102 826 2156 quem
853 2087 1019 2143 abbas
1048 2088 1153 2143 loci
1180 2087 1492 2142 admonitus
1512 2089 1729 2157 propria

155 2173 425 2230 voluntate
474 2175 752 2230 obtulerit.
810 2176 1066 2247 Quisquis
1125 2184 1304 2231 autem
1353 2191 1418 2230 ex
1469 2177 1730 2249 praedicto

152 2267 485 2321 monasterio
528 2269 595 2322 ad
645 2268 1065 2323 ecclesiasticum
1095 2268 1342 2323 ordinem
1388 2269 1729 2337 pervenerit,

153 2354 379 2408 ulterius
405 2354 517 2409 illic
546 2371 644 2411 nec
664 2364 987 2426 potestatem
1016 2357 1255 2426 aliquam
1277 2397 1293 2423 ,
1320 2373 1423 2413 nec
1453 2357 1729 2414 licentiam

154 2442 344 2497 habeat
377 2444 684 2500 habitandi.
719 2447 1126 2503 Observandum
1176 2454 1260 2502 est
1306 2462 1519 2517 quoque
1548 2458 1608 2501 ut
1634 2448 1731 2503 de-

156 2537 376 2607 scriptio
408 2554 594 2593 rerum
624 2549 716 2594 aut
758 2541 1073 2595 chartarum
1125 2540 1364 2610 ejusdem
1417 2541 1729 2595 monasterii

155 2628 214 2680 ab
234 2628 633 2685 ecclesiasticis
656 2630 769 2685 ﬁeri
794 2647 900 2686 non
925 2633 1145 2696 debeat,
1176 2633 1220 2687 si
1251 2633 1467 2701 quando
1497 2647 1584 2686 res
1620 2632 1736 2686 exi-

156 2718 250 2787 git,
280 2720 384 2773 sed
412 2720 583 2773 abbas
603 2720 708 2775 loci
733 2737 855 2776 cum
878 2723 1166 2778 abbatibus
1193 2722 1315 2776 aliis
1341 2737 1522 2776 rerum
1550 2722 1733 2775 inven-

160 2811 352 2864 tarium
393 2810 579 2865 faciat.
612 2813 834 2880 Quoties
871 2822 1051 2868 autem
1100 2829 1198 2885 pro
1223 2814 1455 2868 utilitate
1485 2813 1570 2867 sui
1613 2826 1733 2866 mo-

160 2899 391 2953 nasterii
424 2900 491 2953 ad
535 2901 843 2970 pontificem
896 2901 1196 2955 Romanum
1237 2901 1406 2956 abbas
1433 2899 1621 2954 venire
1650 2899 1733 2954 vel

161 2991 532 3047 transmittere
554 2991 693 3047 forte
715 2992 966 3057 voluerit,
997 2994 1045 3048 ei
1078 2992 1252 3049 modis
1273 2993 1523 3047 omnibus
1550 2991 1730 3045 liceat.

1833 466 1885 519 bi
1917 467 2005 534 qui
2042 466 2091 519 in
2120 480 2275 519 sacro
2301 465 2489 521 ordine
2518 472 2643 520 sunt
2671 465 2982 533 constituti,
3014 466 3083 521 ob
3110 466 3255 521 aliud
3298 467 3394 521 ha-

1831 554 2024 618 beant,
2072 555 2171 610 nisi
2218 556 2406 608 oraudi
2460 556 2832 611 tantummodo
2858 570 3059 620 causa,
3105 556 3400 611 accedendi

1832 646 2137 710 licentiam,
2165 654 2260 698 aut
2283 645 2327 697 si
2356 645 2496 699 forte
2523 644 2589 697 ad
2612 646 2915 715 peragenda
2937 660 3090 699 sacra
3111 646 3400 699 missarum

1824 736 2036 789 fuerint
2084 735 2294 789 invitati
2343 736 2619 805 mysteria.
2652 733 2757 789 Sed
2789 751 2855 789 ne
2886 736 2966 789 vel
2995 751 3093 806 pro
3116 736 3402 803 cujuslibet

1831 827 2078 880 monachi
2106 835 2199 879 aut
2226 825 2437 879 abbatis
2478 826 2816 894 promotione
2859 841 2994 880 onus
3039 826 3256 895 aliquod
3293 826 3401 879 for-

1833 927 1973 971 tasse
2004 917 2337 981 sustineant,
2368 916 2686 971 studendum
2739 918 2888 971 vobis
2932 928 3015 971 est
3052 928 3138 983 ut,
3177 917 3219 971 si
3253 918 3401 987 quis-

1830 1011 1975 1081 piam
2008 1009 2263 1063 abbatum
2298 1018 2391 1062 aut
2421 1010 2807 1062 monachorum
2839 1024 2903 1061 ex
2938 1024 3256 1078 quocunque
3288 1025 3403 1064 mo—
3441 1026 3445 1030 ·

1832 1101 2069 1155 nasterio
2098 1100 2166 1154 ad
2193 1100 2481 1155 clericatus
2510 1099 2745 1154 cilicium
2776 1102 2858 1153 vel
2908 1102 3151 1155 ordinem
3184 1117 3398 1154 sacrum

1831 1192 2155 1255 accesserit,
2204 1204 2309 1243 non
2342 1190 2449 1244 illic
2496 1190 2730 1258 aliquam
2780 1189 2863 1259 (ut
2907 1190 3160 1257 diximus)
3204 1192 3402 1244 habeat

1831 1280 2058 1336 ulterius
2086 1290 2408 1351 potestatem
2426 1321 2441 1345 ,
2466 1296 2534 1334 ne
2565 1280 2891 1333 monasteria
2918 1280 3076 1348 huius
3103 1281 3401 1333 occasionis

1829 1372 2099 1427 velamine
2128 1386 2192 1425 ea
2224 1385 2341 1441 quae
2371 1370 2724 1440 prohibemus
2754 1369 3022 1423 sustinere
3051 1384 3216 1423 onera
3248 1384 3400 1422 com-

1828 1462 2117 1531 pellantur.
2169 1461 2292 1517 Haec
2339 1462 2521 1530 itaque
2550 1461 2730 1515 omnia
2762 1459 3002 1529 vigilanti
3050 1475 3176 1514 cura
3220 1474 3404 1513 emen-

1831 1551 1960 1606 dare
2001 1552 2115 1621 jam
2156 1550 2397 1605 secundo
2442 1550 2769 1605 commonita
2805 1553 3062 1605 sanctitas
3085 1557 3268 1605 vestra
3294 1564 3402 1603 non

1832 1640 2065 1695 dill‘erat.
2110 1660 2128 1693 ι

1903 1733 2033 1787 Item
2082 1733 2378 1804 Gregorius
2414 1732 2608 1787 Joanni
2654 1734 2907 1803 episcopo
2961 1734 3027 1787 de
3075 1731 3405 1788 Urbevetere

1832 1823 1972 1890 (Lib.
2020 1839 2058 1888 ι,
2089 1839 2175 1893 ep.
2225 1824 2335 1891 12).
2383 1822 2646 1893 Agapitus
2676 1822 2844 1876 abbas
2871 1822 3182 1876 monasterii
3227 1821 3401 1875 sancti

1829 1912 2044 1984 Georgii
2075 1913 2371 1968 insinuavit
2396 1913 2551 1968 nobis
2582 1913 2811 1982 plurima
2839 1927 2896 1967 se
2926 1927 2956 1966 a
2984 1921 3161 1966 vestra
3200 1911 3405 1965 sancti-t-

1832 2011 1942 2058 tate
1970 2000 2285 2072 gravamina
2320 2000 2590 2053 sustinere
2612 2039 2626 2065 ,
2654 2006 2708 2052 et
2736 2013 2842 2052 non
2871 1998 3045 2053 solum
3073 1996 3129 2050 in
3173 1995 3259 2050 his
3285 2010 3406 2065 quae

1829 2091 2173 2146 necessitatis
2244 2099 2486 2160 tempore
2542 2088 2757 2158 aliquod
2814 2086 3141 2142 monasterio
3199 2088 3407 2156 possint

1831 2179 1974 2235 ferre
1997 2178 2331 2243 subsidium,
2362 2193 2550 2232 verum
2576 2178 2737 2231 etiam
2772 2176 2824 2230 in
2856 2178 3045 2231 eodem
3078 2176 3405 2229 monasterio

1830 2273 2026 2326 missas
2046 2271 2385 2341 prohibeatis
2404 2270 2702 2336 celebrari,
2726 2268 2941 2339 sepeliri
2970 2268 3134 2323 etiam
3162 2276 3406 2323 mortuos

1831 2362 2145 2417 interdieas.
2198 2361 2351 2428 Quod
2400 2360 2444 2416 si
2482 2362 2555 2414 ita
2601 2368 2719 2425 est,
2773 2375 2803 2413 a
2857 2360 2948 2413 tali
2984 2374 3080 2413 vos
3124 2358 3407 2413 hortamur

1832 2449 2232 2503 inhumanitate
2260 2448 2541 2517 suspendi,
2581 2454 2637 2502 et
2664 2446 2878 2516 sepeliri
2908 2447 3106 2501 ibidem
3131 2455 3401 2508 mortuos,

1831 2538 1912 2593 vel
1944 2538 2209 2593 celebrari
2261 2538 2456 2591 missas
2499 2536 2644 2593 nulla
2688 2538 2916 2591 ulterius
2956 2538 3141 2592 habita
3186 2546 3403 2592 contra-

1831 2630 2066 2685 dictione
2092 2629 2408 2699 permittas,
2440 2643 2506 2682 ne
2534 2628 2712 2683 denuo
2756 2628 3030 2696 querelam
3064 2629 3131 2683 de
3170 2629 3256 2683 his
3284 2643 3405 2697 quae

1832 2722 1973 2775 dicta
2002 2729 2129 2775 sunt
2156 2721 2447 2791 praedictus
2476 2720 2555 2774 vir
2594 2720 2917 2775 venerabilis
2955 2719 3225 2789 deponere
3251 2734 3402 2774 como

1832 2813 2081 2883 pellatur.

1937 2903 2076 2958 XVI.
2100 2935 2171 2945 —
2193 2904 2271 2959 De
2291 2892 2351 2958 eo
2371 2904 2511 2975 quod
2535 2903 2695 2958 abbas
2723 2904 2967 2958 sacerdos
2994 2920 3103 2958 esse
3130 2905 3297 2958 debet.

1905 2996 2175 3065 Eugenius
2212 3010 2348 3067 papa
2392 2996 2505 3066 (56)
2546 3010 2665 3066 cap.
2710 2996 2777 3050 27
2824 2997 3048 3067 (Euam.
3088 2997 3164 3061 ll,
3199 2997 3253 3051 in
3284 3013 3403 3066 agn.

159 3079 427 3137 Praeterea
459 3098 580 3138 cum
610 3085 979 3155 episcoporum
1010 3085 1271 3139 adventus
1297 3082 1673 3137 desideranter
1699 3096 1725 3133 ξι
1757 3066 1803 3133 C
1836 3084 2015 3155 Rom.)
2054 3100 2069 3139 :
2103 3103 2122 3136 ι
2154 3066 2392 3140 Abbates
2421 3100 2515 3153 per
2546 3066 2872 3139 monasteria
2902 3085 3035 3140 tales
3064 3086 3405 3151 ordinentur,

162 3172 507 3226 monasteriis
552 3172 746 3228 debeat
791 3172 1124 3243 exspectari,
1172 3171 1298 3242 quia
1339 3180 1517 3224 tamen
1547 3169 1729 3239 hospi-

164 3259 301 3312 tandi
334 3259 621 3314 occasione
640 3262 955 3331 praedictum
984 3261 1370 3315 monasterium
1397 3258 1731 3329 temporibus

162 3346 465 3403 detessoris
499 3350 665 3404 vestri
698 3352 853 3406 nobis
904 3350 1068 3406 fuisse
1116 3352 1420 3405 nuntiatum
1469 3358 1553 3405 est
1595 3364 1734 3419 pra:-

162 3448 440 3506 gravatum
471 3457 485 3491 :
515 3450 751 3509 oportet,
774 3452 834 3496 ut
863 3442 966 3496 hoc
994 3442 1256 3497 sanctitas
1276 3449 1453 3495 vestra
1480 3442 1733 3496 decenter

170 3526 361 3580 debeat
389 3537 691 3596 temperare
707 3569 724 3596 ,
749 3541 808 3584 ut
830 3531 1076 3585 visitaudi
1100 3530 1529 3598 cxbortandique
1560 3529 1733 3600 gratia

167 3618 230 3668 ad
263 3619 688 3685 monasterium,
714 3623 924 3689 quoties
951 3620 1243 3690 placuerit,
1272 3621 1339 3674 ab
1373 3618 1612 3686 ejusdem
1658 3618 1733 3671 ci-

166 3708 342 3764 vitatis
368 3710 617 3765 antistite
642 3713 949 3779 accedatur,
973 3713 1065 3768 sed
1090 3712 1168 3766 sic
1196 3712 1476 3766 charitatts
1501 3708 1731 3765 cilicium

175 3802 283 3856 illic
314 3804 602 3873 cpiscopus
642 3804 886 3875 impleat,
932 3813 991 3859 ut
1035 3818 1320 3875 gravamcn
1371 3802 1585 3872 aliquod
1620 3818 1735 3857 mo-

170 3892 461 3946 nasterium
490 3908 597 3947 non
626 3892 883 3949 incurrat.
910 3893 1155 3950 Vestram
1180 3908 1308 3948 vero
1334 3892 1733 3948 fraternitatem

170 3982 453 4049 praedictus
484 3985 652 4040 abbas
697 4000 802 4040 non
838 3985 1026 4041 metuit
1074 3987 1140 4039 ad
1189 3986 1577 4040 monasterium
1625 3983 1735 4037 fie-

171 4084 389 4141 qucntcr
445 4075 741 4138 accedere,
800 4078 894 4130 sed
944 4074 1105 4129 etiam
1152 4073 1579 4129 desiderabiliter
1607 4087 1708 4127 con

171 4163 386 4232 cupiseit
406 4203 422 4227 ,
454 4162 636 4218 sciens
662 4163 803 4232 quod
831 4178 923 4232 per
947 4178 1041 4219 vos
1072 4161 1375 4218 substantia
1408 4160 1729 4216 monasterii

171 4256 377 4309 omnino
402 4254 620 4325 gravari
659 4269 762 4309 non
809 4254 1000 4325 possit.
1036 4274 1055 4309 ι

237 4346 298 4400 Et
324 4360 517 4401 rursus
560 4346 734 4400 cidem
764 4344 814 4398 in
843 4345 944 4399 alia
970 4344 1195 4415 cpistola
1225 4350 1347 4414 post
1375 4342 1555 4411 aliqua
1589 4340 1729 4411 (Lib.

1834 3178 1923 3246 qui
1957 3178 2060 3232 sibi
2082 3176 2353 3244 subjectos
2384 3177 2519 3230 bene
2552 3192 2737 3245 regere
2765 3177 2994 3246 possint;
3017 3178 3408 3233 sacerdotalem

1833 3282 2046 3336 quoque
2066 3267 2174 3320 sint
2200 3266 2458 3319 honorem
2482 3266 2679 3334 adepti.
2717 3283 2737 3317 ι

1921 3355 2078 3411 Χγιι.
2100 3385 2171 3396 ο·-
2196 3355 2270 3410 De
2295 3365 2541 3408 accusata
2572 3355 2755 3408 abbate
2783 3353 2909 3425 quid
2942 3355 3008 3408 sit
3037 3355 3317 3423 agendum.

1818 3511 1822 3515 p
1903 3448 2211 3503 Gnsoontvs
2267 3446 2413 3500 Luco
2462 3445 2642 3499 abbati
2689 3444 2802 3514 (57)
2849 3443 3136 3515 (ϐἢεδοιιη
3184 3444 3281 3498 lib.
3331 3460 3408 3510 tt,

1833 3541 1992 3609 epist.
2024 3539 2112 3610 12)
2149 3556 2163 3592 :
2222 3558 2239 3589 ε
2281 3537 2544 3603 Quoniam
2589 3535 2768 3590 multae
2805 3536 3121 3590 occasiones
3156 3535 3210 3589 in
3248 3535 3410 3589 dece-

1834 3632 2072 3702 ptioncm
2102 3627 2475 3699 religiosarum
2508 3639 2859 3695 personarum
2887 3636 2916 3677 a
2942 3623 3124 3693 pravis
3170 3622 3321 3690 illic,
3351 3636 3412 3678 ut

1832 3720 2052 3784 dicitur,
2083 3716 2395 3774 hominibus
2428 3715 2808 3783 exquiruntur,
2856 3713 3245 3783 praisbyterum
3270 3728 3412 3782 prsc-

1834 3810 1993 3865 dictze
2019 3807 2275 3861 Ecclesia:
2299 3806 2447 3860 nullo
2466 3806 2625 3859 modo
2651 3803 2974 3873 privandum
3003 3803 3409 3872 deponendum-

1834 3916 1941 3971 que
1972 3913 2288 3961 censemus,
2322 3896 2425 3949 nisi
2463 3910 2623 3950 causa
2665 3892 2975 3963 specialiter
3002 3891 3244 3948 criminis
3272 3907 3409 3947 exe-

1834 3989 1992 4062 gerit.
2022 3986 2174 4043 Unde
2198 3998 2421 4040 necesse
2446 3992 2550 4049 est,
2574 3992 2633 4037 ut
2659 3983 2703 4036 si
2727 3997 2835 4051 qua
2858 3989 3048 4036 contra
3074 3995 3196 4034 eum
3226 3980 3411 4049 hujus-

1835 4078 1978 4135 modi
1999 4076 2219 4148 querela
2247 4074 2504 4135 surrexit.
2532 4088 2637 4128 non
2662 4071 2836 4127 solum
2864 4072 3149 4142 episcopus
3172 4072 3411 4127 civitatis

1834 4184 2054 4224 causam
2102 4165 2412 4229 examinet,
2469 4166 2563 4218 sed
2618 4162 2877 4218 adhibitis
2926 4160 3030 4217 sibi
3076 4162 3411 4232 coepiscopis

1834 4258 2018 4315 subtili
2043 4257 2146 4311 hoc
2168 4254 2581 4324 investigatione
2602 4253 2881 4324 perquirat
2902 4261 3171 4322 quatenus
3199 4254 3412 4307 cunctis

1837 4351 2178 4409 concorditer
2192 4346 2566 4420 judicantibus
2587 4345 2793 4412 judicio
2816 4343 3092 4398 canonica:
3115 4343 3412 4397 districtio-

170 4452 251 4499 γι,
292 4452 376 4506 ep.
422 4437 542 4504 40).
594 4454 613 4487 ι
648 4435 932 4489 llurtamur
977 4445 1068 4501 ttt,
1102 4435 1250 4489 onnii
1300 4449 1447 4488 mora
1479 4432 1730 4500 omnique

1839 4449 1922 4502 nis
1944 4459 2173 4501 censura
2197 4418 2302 4497 aut
2328 4454 2481 4495 reum
2506 4437 2671 4493 ferire
2691 4477 2707 4504 ,
2744 4445 2838 4491 aut
2864 4435 3212 4490 innocentem
3246 4443 3415 4504 possu

174 4526 517 4580 excusatione
567 4524 843 4589 submota,
881 4526 953 4578 ita
998 4524 1325 4579 monasteria
1379 4522 1649 4580 Ravenna:
1700 4538 1730 4575 a

172 4624 339 4672 vestro
360 4623 789 4670 vestrorumuue
808 4614 1125 4670 clericorum
1142 4612 1402 4668 studeatis
1422 4612 1733 4683 gravamine

238 4773 349 4845 (38),
376 4770 665 4845 Eugenius
712 4769 1107 4845 papa._Nempe
1138 4767 1200 4845 in
1236 4766 1467 4845 synodo_
1488 4764 1730 4845 Romana

174 4835 301 4898 anno
324 4835 436 4898 826
470 4835 747 4896 celebrata
775 4835 788 4891 ἑ
813 4840 958 4907 cujus
986 4835 1172 4910 synodi
1192 4835 1377 4910 verba
1402 4835 1730 4910 adamussim

174 4929 269 4967 non
290 4910 725 4967 rel‘ertAbo.sed
745 4906 1030 4972 contracta,
1053 4920 1163 4962 tum
1192 4907 1244 4960 in
1276 4908 1377 4959 hoc
1404 4906 1599 4974 capite,
1618 4912 1731 4957 tum

174 4982 221 5037 in
255 4982 429 5053 capite
454 4981 550 5053 51.
585 4977 722 5032 Hinc
751 4993 867 5053 vero
891 4986 1038 5053 patet
1062 4977 1265 5031 Abonis
1291 4986 1540 5053 tempore
1566 4986 1730 5041 quos-

174 5056 286 5128 dam
319 5046 564 5128 'ordinis
630 5049 815 5128 nostri"
844 5046 1066 5128 abbates
1120 5046 1432 5128 sacerdotii.
1478 5053 1731 5128 expertes

1839 4537 2137 4594 absolvere.
2171 4553 2201 4595 DV

1834 4771 1882 4815 et
1908 4757 2111 4819 abbati,
2143 4766 2334 4822 nempe
2362 4745 2675 4822 monasterii
2705 4745 2764 4822 S_.
2802 4738 3028 4822 Mp-rtini.
3064 4738 3136 4822 in_
3158 4738 3417 4822 s-uburbio

1832 4808 2327 4899 Kttgustodunens'l.
2352 4816 2641 4899 “Flavi-idem.
2677 4813 2959 4899 epistolam
3015 4808 3228 4899 .

1833 4876 2214 4956 ἷέὶῗιζιὲιῖἐιοιπ
2239 4891 2329 4959 qui
2352 4887 2589 4960 libellum
2613 4886 2680 4960 de
2701 4876 2807 4960 vita
2831 4883 2890 4936 s.
2916 4876 3157 4960 ῌᾳερῃίε
3180 4876 3417 4960 ejusdem

1836 4945 2215 5023 ἱιῖἐῖῖιιόὶιήειιί
2240 4945 2408 5014 edidit
2426 4997 2441 5021 ,
2470 4954 2681 5010 tametsi
2711 4950 2828 5023 ejus
2854 4945 3094 5018 epistola:
3119 4945 3417 5023 auctoritas

1837 5013 2494 5098 audentia—llisimpetitur,
2523 5024 2598 5077 uti
2624 5030 2676 5074 et
2706 5013 2933 5098 duarum
2965 5013 3390 5098 pruatcedentium
3406 5026 3421 5075 ;

1838 5081 2286 5128 Ϊζζζῗζῖῖξξᾷξζέμῖ
2316 5099 2367 5128 ς..
2397 5081 2690 5128 ..ιι-ἠωιιηει
2719 5081 2980 5128 ηιωυιςιηί
3026 5081 3280 5128 reallms.
3309 5081 3422 5128 eni-
