  <div class='ocr_page' id='page_1' title='image "/cluster/home/n/w/nwhite01/storage/ocr_20150623/139/hvd.32044015471782/249.png"; bbox 0 0 3944 5414; ppageno 0'>
   <div class='ocr_carea' id='block_1_1' title="bbox 550 253 655 317">
    <p class='ocr_par' dir='ltr' id='par_1_1' title="bbox 550 253 655 317">
     <span class='ocr_line' id='line_1_1' title="bbox 550 253 655 317; baseline 0 -3"><span class='ocrx_word' id='word_1_1' title='bbox 550 253 655 317; x_wconf 64' lang='lat'><strong>£87</strong></span> 
     </span>
    </p>
   </div>
   <div class='ocr_carea' id='block_1_2' title="bbox 647 356 2038 424">
    <p class='ocr_par' dir='ltr' id='par_1_2' title="bbox 647 356 2038 424">
     <span class='ocr_line' id='line_1_2' title="bbox 647 356 2038 424; baseline -0.012 -1"><span class='ocrx_word' id='word_1_2' title='bbox 647 363 831 424; x_wconf 82' lang='lat' dir='ltr'><strong>XVIII.</strong></span> <span class='ocrx_word' id='word_1_3' title='bbox 854 393 921 404; x_wconf 89' lang='lat'><em>-</em></span> <span class='ocrx_word' id='word_1_4' title='bbox 945 361 1022 418; x_wconf 83' lang='lat' dir='ltr'><strong>De</strong></span> <span class='ocrx_word' id='word_1_5' title='bbox 1048 360 1323 416; x_wconf 77' lang='lat' dir='ltr'><strong>ntonacltis</strong></span> <span class='ocrx_word' id='word_1_6' title='bbox 1350 370 1397 414; x_wconf 88' lang='lat' dir='ltr'><strong>et</strong></span> <span class='ocrx_word' id='word_1_7' title='bbox 1427 356 1918 414; x_wconf 79' lang='lat' dir='ltr'><strong>sanctimonialibus</strong></span> <span class='ocrx_word' id='word_1_8' title='bbox 1935 395 1951 422; x_wconf 87' lang='lat'><strong>,</strong></span> <span class='ocrx_word' id='word_1_9' title='bbox 1981 361 2038 407; x_wconf 82' lang='lat' dir='ltr'><strong>ut</strong></span> 
     </span>
    </p>
   </div>
   <div class='ocr_carea' id='block_1_3' title="bbox 1075 432 1613 503">
    <p class='ocr_par' dir='ltr' id='par_1_3' title="bbox 1075 432 1613 503">
     <span class='ocr_line' id='line_1_3' title="bbox 1075 432 1613 503; baseline -0.007 -16"><span class='ocrx_word' id='word_1_10' title='bbox 1075 432 1252 503; x_wconf 84' lang='lat' dir='ltr'><strong>regula</strong></span> <span class='ocrx_word' id='word_1_11' title='bbox 1262 432 1385 486; x_wconf 82' lang='lat' dir='ltr'><strong>riter</strong></span> <span class='ocrx_word' id='word_1_12' title='bbox 1421 432 1613 485; x_wconf 82' lang='lat' dir='ltr'><strong>vivant.</strong></span> 
     </span>
    </p>
   </div>
   <div class='ocr_carea' id='block_1_4' title="bbox 626 531 2135 615">
    <p class='ocr_par' dir='ltr' id='par_1_4' title="bbox 626 531 2135 615">
     <span class='ocr_line' id='line_1_4' title="bbox 626 531 2135 615; baseline -0.007 -17"><span class='ocrx_word' id='word_1_13' title='bbox 626 543 737 615; x_wconf 82' lang='lat' dir='ltr'><strong>(Ea:</strong></span> <span class='ocrx_word' id='word_1_14' title='bbox 761 560 907 599; x_wconf 86' lang='lat' dir='ltr'><strong>conc.</strong></span> <span class='ocrx_word' id='word_1_15' title='bbox 944 540 1193 596; x_wconf 79' lang='lat' dir='ltr'><strong>Vernensi</strong></span> <span class='ocrx_word' id='word_1_16' title='bbox 1222 555 1272 605; x_wconf 86' lang='grc' dir='ltr'><strong>ι,</strong></span> <span class='ocrx_word' id='word_1_17' title='bbox 1301 553 1350 594; x_wconf 93' lang='lat' dir='ltr'><strong>c.</strong></span> <span class='ocrx_word' id='word_1_18' title='bbox 1387 537 1465 610; x_wconf 82' lang='lat'><strong>5.)</strong></span> <span class='ocrx_word' id='word_1_19' title='bbox 1498 555 1519 590; x_wconf 72' lang='grc' dir='ltr'><strong><em>ι</em></strong></span> <span class='ocrx_word' id='word_1_20' title='bbox 1551 535 1874 591; x_wconf 83' lang='lat' dir='ltr'><strong>Monasteria</strong></span> <span class='ocrx_word' id='word_1_21' title='bbox 1913 543 2021 589; x_wconf 88' lang='lat' dir='ltr'><strong>tam</strong></span> <span class='ocrx_word' id='word_1_22' title='bbox 2049 531 2135 588; x_wconf 83' lang='lat' dir='ltr'><strong>vi-</strong></span> 
     </span>
    </p>
   </div>
   <div class='ocr_carea' id='block_1_5' title="bbox 551 626 2135 704">
    <p class='ocr_par' dir='ltr' id='par_1_5' title="bbox 551 626 2135 704">
     <span class='ocr_line' id='line_1_5' title="bbox 551 626 2135 704; baseline -0.008 -12"><span class='ocrx_word' id='word_1_23' title='bbox 551 649 739 692; x_wconf 81' lang='lat' dir='ltr'><strong>rerum</strong></span> <span class='ocrx_word' id='word_1_24' title='bbox 765 647 927 704; x_wconf 90' lang='lat' dir='ltr'><strong>quam</strong></span> <span class='ocrx_word' id='word_1_25' title='bbox 974 630 1308 701; x_wconf 81' lang='lat' dir='ltr'><strong>puellarum,</strong></span> <span class='ocrx_word' id='word_1_26' title='bbox 1347 644 1467 699; x_wconf 69' lang='lat' dir='ltr'><strong>qua:</strong></span> <span class='ocrx_word' id='word_1_27' title='bbox 1493 626 1917 698; x_wconf 88' lang='lat' dir='ltr'><strong>contempserint</strong></span> <span class='ocrx_word' id='word_1_28' title='bbox 1943 639 2135 682; x_wconf 89' lang='lat' dir='ltr'><strong>secun-</strong></span> 
     </span>
    </p>
   </div>
   <div class='ocr_carea' id='block_1_6' title="bbox 552 715 2133 791">
    <p class='ocr_par' dir='ltr' id='par_1_6' title="bbox 552 715 2133 791">
     <span class='ocr_line' id='line_1_6' title="bbox 552 715 2133 791; baseline -0.009 -12"><span class='ocrx_word' id='word_1_29' title='bbox 552 726 677 779; x_wconf 89' lang='lat' dir='ltr'><strong>dutn</strong></span> <span class='ocrx_word' id='word_1_30' title='bbox 705 722 949 778; x_wconf 85' lang='lat' dir='ltr'><strong>ordinem</strong></span> <span class='ocrx_word' id='word_1_31' title='bbox 981 717 1305 791; x_wconf 74' lang='lat' dir='ltr'><strong>regulariter</strong></span> <span class='ocrx_word' id='word_1_32' title='bbox 1330 720 1544 781; x_wconf 90' lang='lat' dir='ltr'><strong>vivere,</strong></span> <span class='ocrx_word' id='word_1_33' title='bbox 1572 718 1640 772; x_wconf 92' lang='lat' dir='ltr'><strong>ab</strong></span> <span class='ocrx_word' id='word_1_34' title='bbox 1669 716 1926 786; x_wconf 91' lang='lat' dir='ltr'><strong>episcopo</strong></span> <span class='ocrx_word' id='word_1_35' title='bbox 1956 715 2009 769; x_wconf 89' lang='lat' dir='ltr'><strong>itt</strong></span> <span class='ocrx_word' id='word_1_36' title='bbox 2040 727 2133 768; x_wconf 90' lang='lat' dir='ltr'><strong>ett-</strong></span> 
     </span>
    </p>
   </div>
   <div class='ocr_carea' id='block_1_7' title="bbox 544 804 2134 883">
    <p class='ocr_par' dir='ltr' id='par_1_7' title="bbox 544 804 2134 883">
     <span class='ocr_line' id='line_1_7' title="bbox 544 804 2134 883; baseline -0.006 -16"><span class='ocrx_word' id='word_1_37' title='bbox 544 814 636 883; x_wconf 88' lang='lat' dir='ltr'><strong>jus</strong></span> <span class='ocrx_word' id='word_1_38' title='bbox 665 811 918 883; x_wconf 86' lang='lat' dir='ltr'><strong>parochia</strong></span> <span class='ocrx_word' id='word_1_39' title='bbox 948 825 1071 866; x_wconf 90' lang='lat' dir='ltr'><strong>esse</strong></span> <span class='ocrx_word' id='word_1_40' title='bbox 1092 808 1347 864; x_wconf 89' lang='lat' dir='ltr'><strong>videntur</strong></span> <span class='ocrx_word' id='word_1_41' title='bbox 1369 807 1742 864; x_wconf 81' lang='lat' dir='ltr'><strong>emendentur.</strong></span> <span class='ocrx_word' id='word_1_42' title='bbox 1773 804 1925 872; x_wconf 85' lang='lat' dir='ltr'><strong>Quod</strong></span> <span class='ocrx_word' id='word_1_43' title='bbox 1954 804 1998 859; x_wconf 89' lang='lat' dir='ltr'><strong>si</strong></span> <span class='ocrx_word' id='word_1_44' title='bbox 2026 818 2134 858; x_wconf 89' lang='lat' dir='ltr'><strong>non</strong></span> 
     </span>
    </p>
   </div>
   <div class='ocr_carea' id='block_1_8' title="bbox 550 895 2131 973">
    <p class='ocr_par' dir='ltr' id='par_1_8' title="bbox 550 895 2131 973">
     <span class='ocr_line' id='line_1_8' title="bbox 550 895 2131 973; baseline -0.006 -15"><span class='ocrx_word' id='word_1_45' title='bbox 550 904 789 973; x_wconf 86' lang='lat' dir='ltr'><strong>potuerit</strong></span> <span class='ocrx_word' id='word_1_46' title='bbox 831 901 1119 970; x_wconf 90' lang='lat' dir='ltr'><strong>episcopus</strong></span> <span class='ocrx_word' id='word_1_47' title='bbox 1150 900 1473 963; x_wconf 89' lang='lat' dir='ltr'><strong>emendare,</strong></span> <span class='ocrx_word' id='word_1_48' title='bbox 1522 895 1941 966; x_wconf 89' lang='lat' dir='ltr'><strong>metropolitano</strong></span> <span class='ocrx_word' id='word_1_49' title='bbox 1974 895 2131 948; x_wconf 82' lang='lat' dir='ltr'><strong>inue-</strong></span> 
     </span>
    </p>
   </div>
   <div class='ocr_carea' id='block_1_9' title="bbox 551 988 2136 1061">
    <p class='ocr_par' dir='ltr' id='par_1_9' title="bbox 551 988 2136 1061">
     <span class='ocr_line' id='line_1_9' title="bbox 551 988 2136 1061; baseline -0.004 -13"><span class='ocrx_word' id='word_1_50' title='bbox 551 1000 743 1048; x_wconf 86' lang='lat' dir='ltr'><strong>tescat.</strong></span> <span class='ocrx_word' id='word_1_51' title='bbox 773 991 928 1058; x_wconf 87' lang='lat' dir='ltr'><strong>Quod</strong></span> <span class='ocrx_word' id='word_1_52' title='bbox 955 992 1002 1046; x_wconf 88' lang='lat' dir='ltr'><strong>si</strong></span> <span class='ocrx_word' id='word_1_53' title='bbox 1029 1006 1130 1046; x_wconf 90' lang='lat' dir='ltr'><strong>nec</strong></span> <span class='ocrx_word' id='word_1_54' title='bbox 1158 990 1273 1061; x_wconf 86' lang='lat' dir='ltr'><strong>ipse</strong></span> <span class='ocrx_word' id='word_1_55' title='bbox 1302 991 1593 1046; x_wconf 80' lang='lat' dir='ltr'><strong>emendare</strong></span> <span class='ocrx_word' id='word_1_56' title='bbox 1620 988 1818 1059; x_wconf 89' lang='lat' dir='ltr'><strong>poterit</strong></span> <span class='ocrx_word' id='word_1_57' title='bbox 1836 1028 1851 1050; x_wconf 88' lang='lat'><strong>,</strong></span> <span class='ocrx_word' id='word_1_58' title='bbox 1881 988 1947 1041; x_wconf 91' lang='lat' dir='ltr'><strong>ad</strong></span> <span class='ocrx_word' id='word_1_59' title='bbox 1974 1000 2136 1058; x_wconf 81' lang='lat' dir='ltr'><strong>syno-</strong></span> 
     </span>
    </p>
   </div>
   <div class='ocr_carea' id='block_1_10' title="bbox 551 1079 2135 1152">
    <p class='ocr_par' dir='ltr' id='par_1_10' title="bbox 551 1079 2135 1152">
     <span class='ocr_line' id='line_1_10' title="bbox 551 1079 2135 1152; baseline -0.002 -15"><span class='ocrx_word' id='word_1_60' title='bbox 551 1082 677 1137; x_wconf 90' lang='lat' dir='ltr'><strong>dum</strong></span> <span class='ocrx_word' id='word_1_61' title='bbox 710 1081 980 1152; x_wconf 90' lang='lat' dir='ltr'><strong>panicam</strong></span> <span class='ocrx_word' id='word_1_62' title='bbox 1009 1082 1206 1137; x_wconf 81' lang='lat' dir='ltr'><strong>exinde</strong></span> <span class='ocrx_word' id='word_1_63' title='bbox 1236 1082 1486 1148; x_wconf 79' lang='lat' dir='ltr'><strong>veniant;</strong></span> <span class='ocrx_word' id='word_1_64' title='bbox 1517 1089 1573 1136; x_wconf 94' lang='lat' dir='ltr'><strong>et</strong></span> <span class='ocrx_word' id='word_1_65' title='bbox 1601 1080 1643 1135; x_wconf 90' lang='lat' dir='ltr'><strong>si</strong></span> <span class='ocrx_word' id='word_1_66' title='bbox 1675 1079 1947 1150; x_wconf 85' lang='lat' dir='ltr'><strong>publicam</strong></span> <span class='ocrx_word' id='word_1_67' title='bbox 1973 1094 2135 1149; x_wconf 84' lang='lat' dir='ltr'><strong>syno-</strong></span> 
     </span>
    </p>
   </div>
   <div class='ocr_carea' id='block_1_11' title="bbox 550 1171 2132 1244">
    <p class='ocr_par' dir='ltr' id='par_1_11' title="bbox 550 1171 2132 1244">
     <span class='ocr_line' id='line_1_11' title="bbox 550 1171 2132 1244; baseline -0.004 -15"><span class='ocrx_word' id='word_1_68' title='bbox 550 1173 678 1230; x_wconf 90' lang='lat' dir='ltr'><strong>dum</strong></span> <span class='ocrx_word' id='word_1_69' title='bbox 710 1174 1171 1244; x_wconf 86' lang='lat' dir='ltr'><strong>contempserint,</strong></span> <span class='ocrx_word' id='word_1_70' title='bbox 1223 1182 1316 1227; x_wconf 90' lang='lat' dir='ltr'><strong>aut</strong></span> <span class='ocrx_word' id='word_1_71' title='bbox 1361 1173 1623 1227; x_wconf 88' lang='lat' dir='ltr'><strong>honorem</strong></span> <span class='ocrx_word' id='word_1_72' title='bbox 1671 1186 1825 1227; x_wconf 89' lang='lat' dir='ltr'><strong>suum</strong></span> <span class='ocrx_word' id='word_1_73' title='bbox 1872 1171 2132 1240; x_wconf 83' lang='lat' dir='ltr'><strong>perdant,</strong></span> 
     </span>
    </p>
   </div>
   <div class='ocr_carea' id='block_1_12' title="bbox 549 1258 2135 1332">
    <p class='ocr_par' dir='ltr' id='par_1_12' title="bbox 549 1258 2135 1332">
     <span class='ocr_line' id='line_1_12' title="bbox 549 1258 2135 1332; baseline -0.004 -13"><span class='ocrx_word' id='word_1_74' title='bbox 549 1275 646 1319; x_wconf 86' lang='lat' dir='ltr'><strong>aut</strong></span> <span class='ocrx_word' id='word_1_75' title='bbox 672 1265 1215 1321; x_wconf 78' lang='lat' dir='ltr'><strong>cxcommunieentur</strong></span> <span class='ocrx_word' id='word_1_76' title='bbox 1237 1264 1304 1318; x_wconf 92' lang='lat' dir='ltr'><strong>ab</strong></span> <span class='ocrx_word' id='word_1_77' title='bbox 1326 1262 1578 1318; x_wconf 86' lang='lat' dir='ltr'><strong>omnibus</strong></span> <span class='ocrx_word' id='word_1_78' title='bbox 1602 1260 1902 1332; x_wconf 85' lang='lat' dir='ltr'><strong>episcopis;</strong></span> <span class='ocrx_word' id='word_1_79' title='bbox 1932 1269 1982 1312; x_wconf 91' lang='lat' dir='ltr'><strong>ct</strong></span> <span class='ocrx_word' id='word_1_80' title='bbox 2011 1258 2135 1314; x_wconf 89' lang='lat' dir='ltr'><strong>talis</strong></span> 
     </span>
    </p>
   </div>
   <div class='ocr_carea' id='block_1_13' title="bbox 548 1351 2134 1428">
    <p class='ocr_par' dir='ltr' id='par_1_13' title="bbox 548 1351 2134 1428">
     <span class='ocr_line' id='line_1_13' title="bbox 548 1351 2134 1428; baseline -0.006 -15"><span class='ocrx_word' id='word_1_81' title='bbox 548 1357 756 1413; x_wconf 88' lang='lat' dir='ltr'><strong>inloco</strong></span> <span class='ocrx_word' id='word_1_82' title='bbox 783 1356 902 1428; x_wconf 85' lang='lat' dir='ltr'><strong>ejus</strong></span> <span class='ocrx_word' id='word_1_83' title='bbox 951 1357 1005 1411; x_wconf 92' lang='lat' dir='ltr'><strong>in</strong></span> <span class='ocrx_word' id='word_1_84' title='bbox 1054 1356 1169 1426; x_wconf 90' lang='lat' dir='ltr'><strong>ipsa</strong></span> <span class='ocrx_word' id='word_1_85' title='bbox 1200 1355 1405 1426; x_wconf 83' lang='lat' dir='ltr'><strong>synodo</strong></span> <span class='ocrx_word' id='word_1_86' title='bbox 1450 1355 1813 1409; x_wconf 87' lang='lat' dir='ltr'><strong>constituatur</strong></span> <span class='ocrx_word' id='word_1_87' title='bbox 1858 1351 2134 1407; x_wconf 90' lang='lat' dir='ltr'><strong>voluntate</strong></span> 
     </span>
    </p>
   </div>
   <div class='ocr_carea' id='block_1_14' title="bbox 549 1440 2131 1519">
    <p class='ocr_par' dir='ltr' id='par_1_14' title="bbox 549 1440 2131 1519">
     <span class='ocr_line' id='line_1_14' title="bbox 549 1440 2131 1519; baseline -0.004 -17"><span class='ocrx_word' id='word_1_88' title='bbox 549 1448 757 1504; x_wconf 89' lang='lat' dir='ltr'><strong>domini</strong></span> <span class='ocrx_word' id='word_1_89' title='bbox 803 1447 981 1519; x_wconf 86' lang='lat' dir='ltr'><strong>regis,</strong></span> <span class='ocrx_word' id='word_1_90' title='bbox 1028 1446 1112 1503; x_wconf 88' lang='lat' dir='ltr'><strong>vel</strong></span> <span class='ocrx_word' id='word_1_91' title='bbox 1159 1460 1427 1501; x_wconf 88' lang='lat' dir='ltr'><strong>consensu</strong></span> <span class='ocrx_word' id='word_1_92' title='bbox 1457 1459 1738 1501; x_wconf 90' lang='lat' dir='ltr'><strong>servorum</strong></span> <span class='ocrx_word' id='word_1_93' title='bbox 1768 1442 1896 1509; x_wconf 86' lang='lat' dir='ltr'><strong>Dei,</strong></span> <span class='ocrx_word' id='word_1_94' title='bbox 1931 1440 2025 1513; x_wconf 90' lang='lat' dir='ltr'><strong>qui</strong></span> <span class='ocrx_word' id='word_1_95' title='bbox 2051 1456 2131 1497; x_wconf 90' lang='lat' dir='ltr'><strong>re-</strong></span> 
     </span>
    </p>
   </div>
   <div class='ocr_carea' id='block_1_15' title="bbox 549 1534 1797 1609">
    <p class='ocr_par' dir='ltr' id='par_1_15' title="bbox 549 1534 1797 1609">
     <span class='ocr_line' id='line_1_15' title="bbox 549 1534 1797 1609; baseline -0.005 -17"><span class='ocrx_word' id='word_1_96' title='bbox 549 1537 818 1609; x_wconf 90' lang='lat' dir='ltr'><strong>gulariter</strong></span> <span class='ocrx_word' id='word_1_97' title='bbox 846 1537 1021 1606; x_wconf 87' lang='lat' dir='ltr'><strong>ipsam</strong></span> <span class='ocrx_word' id='word_1_98' title='bbox 1052 1534 1527 1607; x_wconf 76' lang='lat' dir='ltr'><strong>congregationem</strong></span> <span class='ocrx_word' id='word_1_99' title='bbox 1568 1542 1737 1604; x_wconf 89' lang='lat' dir='ltr'><strong>regat.</strong></span> <span class='ocrx_word' id='word_1_100' title='bbox 1777 1552 1797 1586; x_wconf 70' lang='grc' dir='ltr'><strong>ι</strong></span> 
     </span>
    </p>
   </div>
   <div class='ocr_carea' id='block_1_16' title="bbox 749 1623 1954 1695">
    <p class='ocr_par' dir='ltr' id='par_1_16' title="bbox 749 1623 1954 1695">
     <span class='ocr_line' id='line_1_16' title="bbox 749 1623 1954 1695; baseline -0.007 -10"><span class='ocrx_word' id='word_1_101' title='bbox 749 1626 891 1685; x_wconf 78' lang='lat' dir='ltr'><strong>XIX.</strong></span> <span class='ocrx_word' id='word_1_102' title='bbox 914 1658 985 1667; x_wconf 96' lang='lat'><strong>—</strong></span> <span class='ocrx_word' id='word_1_103' title='bbox 1008 1627 1085 1681; x_wconf 89' lang='lat' dir='ltr'><strong>De</strong></span> <span class='ocrx_word' id='word_1_104' title='bbox 1110 1628 1293 1682; x_wconf 90' lang='lat' dir='ltr'><strong>abbate</strong></span> <span class='ocrx_word' id='word_1_105' title='bbox 1330 1626 1400 1679; x_wconf 84' lang='lat' dir='ltr'><strong>ad</strong></span> <span class='ocrx_word' id='word_1_106' title='bbox 1444 1640 1610 1695; x_wconf 81' lang='lat' dir='ltr'><strong>regem</strong></span> <span class='ocrx_word' id='word_1_107' title='bbox 1651 1623 1954 1695; x_wconf 78' lang='lat' dir='ltr'><strong>pertinente.</strong></span> 
     </span>
    </p>
   </div>
   <div class='ocr_carea' id='block_1_17' title="bbox 616 1708 2214 1787">
    <p class='ocr_par' dir='ltr' id='par_1_17' title="bbox 616 1708 2214 1787">
     <span class='ocr_line' id='line_1_17' title="bbox 616 1708 2214 1787; baseline -0.004 -12"><span class='ocrx_word' id='word_1_108' title='bbox 616 1719 697 1775; x_wconf 79' lang='lat' dir='ltr'><strong>Ex</strong></span> <span class='ocrx_word' id='word_1_109' title='bbox 730 1719 959 1775; x_wconf 90' lang='lat' dir='ltr'><strong>concilio</strong></span> <span class='ocrx_word' id='word_1_110' title='bbox 1006 1717 1173 1774; x_wconf 82' lang='lat' dir='ltr'><strong>Verni</strong></span> <span class='ocrx_word' id='word_1_111' title='bbox 1222 1714 1407 1787; x_wconf 91' lang='lat' dir='ltr'><strong>palatii</strong></span> <span class='ocrx_word' id='word_1_112' title='bbox 1435 1714 1626 1787; x_wconf 85' lang='lat' dir='ltr'><strong>(Ibid.,</strong></span> <span class='ocrx_word' id='word_1_113' title='bbox 1655 1728 1705 1769; x_wconf 94' lang='lat' dir='ltr'><strong>c.</strong></span> <span class='ocrx_word' id='word_1_114' title='bbox 1737 1713 1852 1785; x_wconf 73' lang='lat'><strong>‘20).</strong></span> <span class='ocrx_word' id='word_1_115' title='bbox 1891 1732 1909 1764; x_wconf 73' lang='grc' dir='ltr'><strong>ε</strong></span> <span class='ocrx_word' id='word_1_116' title='bbox 1942 1712 1998 1766; x_wconf 91' lang='lat' dir='ltr'><strong>In</strong></span> <span class='ocrx_word' id='word_1_117' title='bbox 2029 1710 2133 1766; x_wconf 89' lang='lat' dir='ltr'><strong>alia</strong></span> <span class='ocrx_word' id='word_1_118' title='bbox 2165 1708 2214 1769; x_wconf 84' lang='grc' dir='ltr'><strong>Β</strong></span> 
     </span>
    </p>
   </div>
   <div class='ocr_carea' id='block_1_18' title="bbox 547 1804 2139 1884">
    <p class='ocr_par' dir='ltr' id='par_1_18' title="bbox 547 1804 2139 1884">
     <span class='ocr_line' id='line_1_18' title="bbox 547 1804 2139 1884; baseline -0.007 -16"><span class='ocrx_word' id='word_1_119' title='bbox 547 1813 755 1884; x_wconf 80' lang='lat' dir='ltr'><strong>synodo</strong></span> <span class='ocrx_word' id='word_1_120' title='bbox 792 1811 947 1866; x_wconf 92' lang='lat' dir='ltr'><strong>nobis</strong></span> <span class='ocrx_word' id='word_1_121' title='bbox 990 1809 1368 1882; x_wconf 89' lang='lat' dir='ltr'><strong>perdonastis,</strong></span> <span class='ocrx_word' id='word_1_122' title='bbox 1410 1816 1468 1863; x_wconf 92' lang='lat' dir='ltr'><strong>ut</strong></span> <span class='ocrx_word' id='word_1_123' title='bbox 1513 1807 1601 1862; x_wconf 92' lang='lat' dir='ltr'><strong>illa</strong></span> <span class='ocrx_word' id='word_1_124' title='bbox 1655 1805 2021 1869; x_wconf 86' lang='lat' dir='ltr'><strong>monasteria,</strong></span> <span class='ocrx_word' id='word_1_125' title='bbox 2048 1804 2139 1858; x_wconf 89' lang='lat' dir='ltr'><strong>ubi</strong></span> 
     </span>
    </p>
   </div>
   <div class='ocr_carea' id='block_1_19' title="bbox 546 1899 2140 1970">
    <p class='ocr_par' dir='ltr' id='par_1_19' title="bbox 546 1899 2140 1970">
     <span class='ocr_line' id='line_1_19' title="bbox 546 1899 2140 1970; baseline -0.003 -11"><span class='ocrx_word' id='word_1_126' title='bbox 546 1904 800 1959; x_wconf 86' lang='lat' dir='ltr'><strong>monachi</strong></span> <span class='ocrx_word' id='word_1_127' title='bbox 852 1903 935 1959; x_wconf 90' lang='lat' dir='ltr'><strong>vel</strong></span> <span class='ocrx_word' id='word_1_128' title='bbox 984 1902 1269 1958; x_wconf 90' lang='lat' dir='ltr'><strong>monachae</strong></span> <span class='ocrx_word' id='word_1_129' title='bbox 1302 1902 1492 1956; x_wconf 89' lang='lat' dir='ltr'><strong>vivunt</strong></span> <span class='ocrx_word' id='word_1_130' title='bbox 1535 1900 1881 1970; x_wconf 80' lang='lat' dir='ltr'><strong>regulariter,</strong></span> <span class='ocrx_word' id='word_1_131' title='bbox 1930 1899 2010 1955; x_wconf 89' lang='lat' dir='ltr'><strong>eis</strong></span> <span class='ocrx_word' id='word_1_132' title='bbox 2055 1913 2140 1954; x_wconf 87' lang='lat' dir='ltr'><strong>res</strong></span> 
     </span>
    </p>
   </div>
   <div class='ocr_carea' id='block_1_20' title="bbox 547 1992 2141 2066">
    <p class='ocr_par' dir='ltr' id='par_1_20' title="bbox 547 1992 2141 2066">
     <span class='ocr_line' id='line_1_20' title="bbox 547 1992 2141 2066; baseline -0.003 -13"><span class='ocrx_word' id='word_1_133' title='bbox 547 2001 980 2065; x_wconf 87' lang='lat' dir='ltr'><strong>dluntterentur,</strong></span> <span class='ocrx_word' id='word_1_134' title='bbox 1005 1997 1148 2051; x_wconf 88' lang='lat' dir='ltr'><strong>unde</strong></span> <span class='ocrx_word' id='word_1_135' title='bbox 1174 1997 1355 2052; x_wconf 80' lang='lat' dir='ltr'><strong>vivere</strong></span> <span class='ocrx_word' id='word_1_136' title='bbox 1375 2003 1617 2066; x_wconf 83' lang='lat' dir='ltr'><strong>possent.</strong></span> <span class='ocrx_word' id='word_1_137' title='bbox 1648 1993 1855 2047; x_wconf 79' lang='lat' dir='ltr'><strong>Exinde</strong></span> <span class='ocrx_word' id='word_1_138' title='bbox 1876 1993 1919 2046; x_wconf 92' lang='lat' dir='ltr'><strong>si</strong></span> <span class='ocrx_word' id='word_1_139' title='bbox 1944 1992 2141 2061; x_wconf 80' lang='lat' dir='ltr'><strong>regalis</strong></span> 
     </span>
    </p>
   </div>
   <div class='ocr_carea' id='block_1_21' title="bbox 546 2080 2140 2156">
    <p class='ocr_par' dir='ltr' id='par_1_21' title="bbox 546 2080 2140 2156">
     <span class='ocr_line' id='line_1_21' title="bbox 546 2080 2140 2156; baseline -0.003 -13"><span class='ocrx_word' id='word_1_140' title='bbox 546 2099 690 2144; x_wconf 86' lang='lat' dir='ltr'><strong>esset</strong></span> <span class='ocrx_word' id='word_1_141' title='bbox 720 2089 900 2153; x_wconf 91' lang='lat' dir='ltr'><strong>locus,</strong></span> <span class='ocrx_word' id='word_1_142' title='bbox 951 2088 1019 2142; x_wconf 91' lang='lat' dir='ltr'><strong>ad</strong></span> <span class='ocrx_word' id='word_1_143' title='bbox 1054 2087 1340 2142; x_wconf 90' lang='lat' dir='ltr'><strong>dominum</strong></span> <span class='ocrx_word' id='word_1_144' title='bbox 1392 2100 1576 2156; x_wconf 90' lang='lat' dir='ltr'><strong>regem</strong></span> <span class='ocrx_word' id='word_1_145' title='bbox 1631 2082 1854 2139; x_wconf 85' lang='lat' dir='ltr'><strong>fecisset</strong></span> <span class='ocrx_word' id='word_1_146' title='bbox 1898 2080 2140 2137; x_wconf 82' lang='lat' dir='ltr'><strong>rationes</strong></span> 
     </span>
    </p>
   </div>
   <div class='ocr_carea' id='block_1_22' title="bbox 547 2173 2141 2249">
    <p class='ocr_par' dir='ltr' id='par_1_22' title="bbox 547 2173 2141 2249">
     <span class='ocr_line' id='line_1_22' title="bbox 547 2173 2141 2249; baseline -0.001 -17"><span class='ocrx_word' id='word_1_147' title='bbox 547 2180 716 2235; x_wconf 85' lang='lat' dir='ltr'><strong>abbas</strong></span> <span class='ocrx_word' id='word_1_148' title='bbox 760 2179 845 2235; x_wconf 87' lang='lat' dir='ltr'><strong>vel</strong></span> <span class='ocrx_word' id='word_1_149' title='bbox 883 2179 1188 2245; x_wconf 84' lang='lat' dir='ltr'><strong>abbatissa;</strong></span> <span class='ocrx_word' id='word_1_150' title='bbox 1222 2178 1267 2235; x_wconf 90' lang='lat' dir='ltr'><strong>si</strong></span> <span class='ocrx_word' id='word_1_151' title='bbox 1312 2176 1669 2249; x_wconf 82' lang='lat' dir='ltr'><strong>episcopalis,</strong></span> <span class='ocrx_word' id='word_1_152' title='bbox 1719 2175 1787 2231; x_wconf 92' lang='lat' dir='ltr'><strong>ad</strong></span> <span class='ocrx_word' id='word_1_153' title='bbox 1830 2173 1979 2231; x_wconf 89' lang='lat' dir='ltr'><strong>illum</strong></span> <span class='ocrx_word' id='word_1_154' title='bbox 2025 2173 2141 2245; x_wconf 84' lang='lat' dir='ltr'><strong>cpi-</strong></span> 
     </span>
    </p>
   </div>
   <div class='ocr_carea' id='block_1_23' title="bbox 548 2287 853 2343">
    <p class='ocr_par' dir='ltr' id='par_1_23' title="bbox 548 2287 853 2343">
     <span class='ocr_line' id='line_1_23' title="bbox 548 2287 853 2343; baseline -0.007 -16"><span class='ocrx_word' id='word_1_155' title='bbox 548 2287 796 2343; x_wconf 83' lang='lat' dir='ltr'><strong>scopum.</strong></span> <span class='ocrx_word' id='word_1_156' title='bbox 835 2291 853 2325; x_wconf 71' lang='grc' dir='ltr'><strong>ι</strong></span> 
     </span>
    </p>
   </div>
   <div class='ocr_carea' id='block_1_24' title="bbox 886 2359 1807 2417">
    <p class='ocr_par' dir='ltr' id='par_1_24' title="bbox 886 2359 1807 2417">
     <span class='ocr_line' id='line_1_24' title="bbox 886 2359 1807 2417; baseline -0.003 0"><span class='ocrx_word' id='word_1_157' title='bbox 886 2361 1007 2417; x_wconf 77' lang='lat' dir='ltr'><strong>XX.</strong></span> <span class='ocrx_word' id='word_1_158' title='bbox 1030 2393 1101 2402; x_wconf 93' lang='lat'><strong>—-</strong></span> <span class='ocrx_word' id='word_1_159' title='bbox 1122 2362 1199 2417; x_wconf 88' lang='lat' dir='ltr'><strong>De</strong></span> <span class='ocrx_word' id='word_1_160' title='bbox 1228 2370 1425 2416; x_wconf 86' lang='lat' dir='ltr'><strong>rectore</strong></span> <span class='ocrx_word' id='word_1_161' title='bbox 1455 2359 1807 2415; x_wconf 76' lang='lat' dir='ltr'><strong>Floriarensi.</strong></span> 
     </span>
    </p>
   </div>
   <div class='ocr_carea' id='block_1_25' title="bbox 617 2449 2136 2524">
    <p class='ocr_par' dir='ltr' id='par_1_25' title="bbox 617 2449 2136 2524">
     <span class='ocr_line' id='line_1_25' title="bbox 617 2449 2136 2524; baseline -0.004 -15"><span class='ocrx_word' id='word_1_162' title='bbox 617 2452 675 2509; x_wconf 90' lang='lat' dir='ltr'><strong>In</strong></span> <span class='ocrx_word' id='word_1_163' title='bbox 727 2454 964 2510; x_wconf 90' lang='lat' dir='ltr'><strong>concilio</strong></span> <span class='ocrx_word' id='word_1_164' title='bbox 1014 2454 1255 2509; x_wconf 81' lang='lat' dir='ltr'><strong>’I&#39;ullensi</strong></span> <span class='ocrx_word' id='word_1_165' title='bbox 1303 2453 1451 2524; x_wconf 75' lang='lat'><strong>(38),</strong></span> <span class='ocrx_word' id='word_1_166' title='bbox 1501 2468 1619 2522; x_wconf 90' lang='lat' dir='ltr'><strong>cap.</strong></span> <span class='ocrx_word' id='word_1_167' title='bbox 1672 2452 1784 2505; x_wconf 72' lang='grc' dir='ltr'><strong>ηε</strong></span> <span class='ocrx_word' id='word_1_168' title='bbox 1842 2470 1859 2501; x_wconf 84' lang='grc'><em>‹</em></span> <span class='ocrx_word' id='word_1_169' title='bbox 1898 2449 2136 2505; x_wconf 88' lang='lat' dir='ltr'><strong>Tandem</strong></span> 
     </span>
    </p>
   </div>
   <div class='ocr_carea' id='block_1_26' title="bbox 545 2545 2140 2620">
    <p class='ocr_par' dir='ltr' id='par_1_26' title="bbox 545 2545 2140 2620">
     <span class='ocr_line' id='line_1_26' title="bbox 545 2545 2140 2620; baseline -0.003 -19"><span class='ocrx_word' id='word_1_170' title='bbox 545 2547 843 2618; x_wconf 87' lang='lat' dir='ltr'><strong>postulavit</strong></span> <span class='ocrx_word' id='word_1_171' title='bbox 889 2548 1164 2617; x_wconf 76' lang='lat' dir='ltr'><strong>generalis</strong></span> <span class='ocrx_word' id='word_1_172' title='bbox 1192 2548 1434 2620; x_wconf 83' lang='lat' dir='ltr'><strong>synodus</strong></span> <span class='ocrx_word' id='word_1_173' title='bbox 1483 2561 1543 2601; x_wconf 92' lang='lat' dir='ltr'><strong>se</strong></span> <span class='ocrx_word' id='word_1_174' title='bbox 1591 2545 1658 2600; x_wconf 92' lang='lat' dir='ltr'><strong>ad</strong></span> <span class='ocrx_word' id='word_1_175' title='bbox 1712 2554 1911 2598; x_wconf 87' lang='lat' dir='ltr'><strong>terram</strong></span> <span class='ocrx_word' id='word_1_176' title='bbox 1968 2555 2140 2611; x_wconf 87' lang='lat' dir='ltr'><strong>usque</strong></span> 
     </span>
    </p>
   </div>
   <div class='ocr_carea' id='block_1_27' title="bbox 545 2631 2140 2709">
    <p class='ocr_par' dir='ltr' id='par_1_27' title="bbox 545 2631 2140 2709">
     <span class='ocr_line' id='line_1_27' title="bbox 545 2631 2140 2709; baseline -0.004 -17"><span class='ocrx_word' id='word_1_177' title='bbox 545 2646 901 2709; x_wconf 85' lang='lat' dir='ltr'><strong>prosternens</strong></span> <span class='ocrx_word' id='word_1_178' title='bbox 931 2648 1056 2693; x_wconf 88' lang='lat' dir='ltr'><strong>ante</strong></span> <span class='ocrx_word' id='word_1_179' title='bbox 1084 2636 1338 2694; x_wconf 89' lang='lat' dir='ltr'><strong>Carolnm</strong></span> <span class='ocrx_word' id='word_1_180' title='bbox 1370 2637 1665 2707; x_wconf 85' lang='lat' dir='ltr'><strong>gloriosum</strong></span> <span class='ocrx_word' id='word_1_181' title='bbox 1697 2649 1876 2706; x_wconf 80' lang='lat' dir='ltr'><strong>regem</strong></span> <span class='ocrx_word' id='word_1_182' title='bbox 1927 2640 1982 2687; x_wconf 88' lang='lat' dir='ltr'><strong>et</strong></span> <span class='ocrx_word' id='word_1_183' title='bbox 2030 2631 2140 2685; x_wconf 80' lang='lat' dir='ltr'><strong>Ita-</strong></span> 
     </span>
    </p>
   </div>
   <div class='ocr_carea' id='block_1_28' title="bbox 548 2728 2137 2800">
    <p class='ocr_par' dir='ltr' id='par_1_28' title="bbox 548 2728 2137 2800">
     <span class='ocr_line' id='line_1_28' title="bbox 548 2728 2137 2800; baseline -0.004 -15"><span class='ocrx_word' id='word_1_184' title='bbox 548 2730 755 2785; x_wconf 84' lang='lat' dir='ltr'><strong>dult‘um</strong></span> <span class='ocrx_word' id='word_1_185' title='bbox 812 2730 1116 2786; x_wconf 88' lang='lat' dir='ltr'><strong>Bituricum</strong></span> <span class='ocrx_word' id='word_1_186' title='bbox 1169 2729 1676 2800; x_wconf 85' lang='lat' dir='ltr'><strong>archiepiscopum,</strong></span> <span class='ocrx_word' id='word_1_187' title='bbox 1737 2728 2031 2781; x_wconf 80' lang='lat' dir='ltr'><strong>obsecrans</strong></span> <span class='ocrx_word' id='word_1_188' title='bbox 2084 2731 2137 2778; x_wconf 91' lang='lat' dir='ltr'><strong>ct</strong></span> 
     </span>
    </p>
   </div>
   <div class='ocr_carea' id='block_1_29' title="bbox 546 2817 2139 2893">
    <p class='ocr_par' dir='ltr' id='par_1_29' title="bbox 546 2817 2139 2893">
     <span class='ocr_line' id='line_1_29' title="bbox 546 2817 2139 2893; baseline -0.003 -17"><span class='ocrx_word' id='word_1_189' title='bbox 546 2823 804 2893; x_wconf 85' lang='lat' dir='ltr'><strong>adjurans</strong></span> <span class='ocrx_word' id='word_1_190' title='bbox 834 2839 931 2893; x_wconf 91' lang='lat' dir='ltr'><strong>per</strong></span> <span class='ocrx_word' id='word_1_191' title='bbox 960 2837 1179 2878; x_wconf 89' lang='lat' dir='ltr'><strong>crucem</strong></span> <span class='ocrx_word' id='word_1_192' title='bbox 1209 2830 1263 2878; x_wconf 89' lang='lat' dir='ltr'><strong>et</strong></span> <span class='ocrx_word' id='word_1_193' title='bbox 1306 2822 1627 2892; x_wconf 88' lang='lat' dir='ltr'><strong>sanguinem</strong></span> <span class='ocrx_word' id='word_1_194' title='bbox 1673 2818 1873 2875; x_wconf 88' lang='lat' dir='ltr'><strong>Christi</strong></span> <span class='ocrx_word' id='word_1_195' title='bbox 1894 2861 1909 2885; x_wconf 93' lang='lat'><strong>,</strong></span> <span class='ocrx_word' id='word_1_196' title='bbox 1943 2828 1999 2872; x_wconf 91' lang='lat' dir='ltr'><strong>ut</strong></span> <span class='ocrx_word' id='word_1_197' title='bbox 2028 2817 2139 2888; x_wconf 87' lang='lat' dir='ltr'><strong>pri-</strong></span> 
     </span>
    </p>
   </div>
   <div class='ocr_carea' id='block_1_30' title="bbox 545 2910 2138 2983">
    <p class='ocr_par' dir='ltr' id='par_1_30' title="bbox 545 2910 2138 2983">
     <span class='ocr_line' id='line_1_30' title="bbox 545 2910 2138 2983; baseline -0.004 -16"><span class='ocrx_word' id='word_1_198' title='bbox 545 2912 800 2983; x_wconf 78' lang='lat' dir='ltr'><strong>vilegiunt</strong></span> <span class='ocrx_word' id='word_1_199' title='bbox 829 2912 1144 2968; x_wconf 87' lang='lat' dir='ltr'><strong>monasterii</strong></span> <span class='ocrx_word' id='word_1_200' title='bbox 1174 2912 1347 2967; x_wconf 85' lang='lat' dir='ltr'><strong>sancti</strong></span> <span class='ocrx_word' id='word_1_201' title='bbox 1374 2910 1672 2976; x_wconf 88' lang='lat' dir='ltr'><strong>Benedicti,</strong></span> <span class='ocrx_word' id='word_1_202' title='bbox 1695 2910 1841 2980; x_wconf 89' lang='lat' dir='ltr'><strong>quod</strong></span> <span class='ocrx_word' id='word_1_203' title='bbox 1866 2918 2138 2963; x_wconf 88' lang='lat' dir='ltr'><strong>annuente</strong></span> 
     </span>
    </p>
   </div>
   <div class='ocr_carea' id='block_1_31' title="bbox 546 2997 2138 3073">
    <p class='ocr_par' dir='ltr' id='par_1_31' title="bbox 546 2997 2138 3073">
     <span class='ocr_line' id='line_1_31' title="bbox 546 2997 2138 3073; baseline -0.003 -17"><span class='ocrx_word' id='word_1_204' title='bbox 546 3003 773 3072; x_wconf 70' lang='lat' dir='ltr'><strong>pratfato</strong></span> <span class='ocrx_word' id='word_1_205' title='bbox 811 3019 938 3073; x_wconf 88' lang='lat' dir='ltr'><strong>rege</strong></span> <span class='ocrx_word' id='word_1_206' title='bbox 990 3003 1338 3067; x_wconf 81' lang='lat' dir='ltr'><strong>ﬁrmaverat,</strong></span> <span class='ocrx_word' id='word_1_207' title='bbox 1394 3002 1647 3071; x_wconf 86' lang='lat' dir='ltr'><strong>quodque</strong></span> <span class='ocrx_word' id='word_1_208' title='bbox 1696 3000 1835 3055; x_wconf 92' lang='lat' dir='ltr'><strong>idem</strong></span> <span class='ocrx_word' id='word_1_209' title='bbox 1876 2997 2138 3053; x_wconf 81' lang='lat' dir='ltr'><strong>Radulfus</strong></span> 
     </span>
    </p>
   </div>
   <div class='ocr_carea' id='block_1_32' title="bbox 546 3090 2138 3164">
    <p class='ocr_par' dir='ltr' id='par_1_32' title="bbox 546 3090 2138 3164">
     <span class='ocr_line' id='line_1_32' title="bbox 546 3090 2138 3164; baseline -0.002 -17"><span class='ocrx_word' id='word_1_210' title='bbox 546 3094 976 3164; x_wconf 85' lang='lat' dir='ltr'><strong>subscripserat,</strong></span> <span class='ocrx_word' id='word_1_211' title='bbox 1009 3103 1188 3148; x_wconf 90' lang='lat' dir='ltr'><strong>ratum</strong></span> <span class='ocrx_word' id='word_1_212' title='bbox 1211 3101 1264 3147; x_wconf 91' lang='lat' dir='ltr'><strong>et</strong></span> <span class='ocrx_word' id='word_1_213' title='bbox 1293 3092 1669 3147; x_wconf 90' lang='lat' dir='ltr'><strong>inconvnlsum</strong></span> <span class='ocrx_word' id='word_1_214' title='bbox 1699 3104 1920 3145; x_wconf 89' lang='lat' dir='ltr'><strong>servare</strong></span> <span class='ocrx_word' id='word_1_215' title='bbox 1945 3090 2138 3145; x_wconf 90' lang='lat' dir='ltr'><strong>stude-</strong></span> 
     </span>
    </p>
   </div>
   <div class='ocr_carea' id='block_1_33' title="bbox 548 3185 2137 3261">
    <p class='ocr_par' dir='ltr' id='par_1_33' title="bbox 548 3185 2137 3261">
     <span class='ocr_line' id='line_1_33' title="bbox 548 3185 2137 3261; baseline -0.003 -17"><span class='ocrx_word' id='word_1_216' title='bbox 548 3200 691 3246; x_wconf 89' lang='lat' dir='ltr'><strong>rent.</strong></span> <span class='ocrx_word' id='word_1_217' title='bbox 725 3191 879 3258; x_wconf 88' lang='lat' dir='ltr'><strong>Quod</strong></span> <span class='ocrx_word' id='word_1_218' title='bbox 907 3192 951 3248; x_wconf 92' lang='lat' dir='ltr'><strong>si</strong></span> <span class='ocrx_word' id='word_1_219' title='bbox 984 3191 1151 3247; x_wconf 89' lang='lat' dir='ltr'><strong>abbas</strong></span> <span class='ocrx_word' id='word_1_220' title='bbox 1182 3189 1459 3261; x_wconf 84' lang='lat' dir='ltr'><strong>negligeus</strong></span> <span class='ocrx_word' id='word_1_221' title='bbox 1479 3228 1493 3254; x_wconf 96' lang='lat'><strong>,</strong></span> <span class='ocrx_word' id='word_1_222' title='bbox 1522 3197 1577 3243; x_wconf 89' lang='lat' dir='ltr'><strong>et</strong></span> <span class='ocrx_word' id='word_1_223' title='bbox 1602 3187 1772 3241; x_wconf 88' lang='lat' dir='ltr'><strong>sacris</strong></span> <span class='ocrx_word' id='word_1_224' title='bbox 1799 3185 2002 3257; x_wconf 87' lang='lat' dir='ltr'><strong>regulis</strong></span> <span class='ocrx_word' id='word_1_225' title='bbox 2029 3201 2137 3240; x_wconf 90' lang='lat' dir='ltr'><strong>non</strong></span> 
     </span>
    </p>
   </div>
   <div class='ocr_carea' id='block_1_34' title="bbox 548 3275 2138 3353">
    <p class='ocr_par' dir='ltr' id='par_1_34' title="bbox 548 3275 2138 3353">
     <span class='ocr_line' id='line_1_34' title="bbox 548 3275 2138 3353; baseline -0.003 -17"><span class='ocrx_word' id='word_1_226' title='bbox 548 3280 881 3336; x_wconf 89' lang='lat' dir='ltr'><strong>conveniens</strong></span> <span class='ocrx_word' id='word_1_227' title='bbox 913 3298 1011 3353; x_wconf 89' lang='lat' dir='ltr'><strong>per</strong></span> <span class='ocrx_word' id='word_1_228' title='bbox 1037 3282 1274 3336; x_wconf 90' lang='lat' dir='ltr'><strong>directos</strong></span> <span class='ocrx_word' id='word_1_229' title='bbox 1306 3280 1503 3333; x_wconf 87' lang='lat' dir='ltr'><strong>missos</strong></span> <span class='ocrx_word' id='word_1_230' title='bbox 1550 3279 1800 3332; x_wconf 88' lang='lat' dir='ltr'><strong>inventus</strong></span> <span class='ocrx_word' id='word_1_231' title='bbox 1847 3275 2041 3341; x_wconf 81' lang='lat' dir='ltr'><strong>fuerit,</strong></span> <span class='ocrx_word' id='word_1_232' title='bbox 2072 3277 2138 3331; x_wconf 84' lang='lat' dir='ltr'><strong>ab</strong></span> 
     </span>
    </p>
   </div>
   <div class='ocr_carea' id='block_1_35' title="bbox 548 3372 2139 3443">
    <p class='ocr_par' dir='ltr' id='par_1_35' title="bbox 548 3372 2139 3443">
     <span class='ocr_line' id='line_1_35' title="bbox 548 3372 2139 3443; baseline -0.002 -15"><span class='ocrx_word' id='word_1_233' title='bbox 548 3375 736 3429; x_wconf 89' lang='lat' dir='ltr'><strong>eadem</strong></span> <span class='ocrx_word' id='word_1_234' title='bbox 777 3375 1105 3443; x_wconf 84' lang='lat' dir='ltr'><strong>paternitate</strong></span> <span class='ocrx_word' id='word_1_235' title='bbox 1137 3385 1501 3437; x_wconf 88' lang='lat' dir='ltr'><strong>removeatur,</strong></span> <span class='ocrx_word' id='word_1_236' title='bbox 1534 3383 1586 3426; x_wconf 86' lang='lat' dir='ltr'><strong>et</strong></span> <span class='ocrx_word' id='word_1_237' title='bbox 1617 3373 1756 3427; x_wconf 90' lang='lat' dir='ltr'><strong>alius</strong></span> <span class='ocrx_word' id='word_1_238' title='bbox 1807 3372 1899 3441; x_wconf 92' lang='lat' dir='ltr'><strong>qui</strong></span> <span class='ocrx_word' id='word_1_239' title='bbox 1946 3373 2139 3443; x_wconf 81' lang='lat' dir='ltr'><strong>dignus</strong></span> 
     </span>
    </p>
   </div>
   <div class='ocr_carea' id='block_1_36' title="bbox 558 3465 2140 3536">
    <p class='ocr_par' dir='ltr' id='par_1_36' title="bbox 558 3465 2140 3536">
     <span class='ocr_line' id='line_1_36' title="bbox 558 3465 2140 3536; baseline 0 -17"><span class='ocrx_word' id='word_1_240' title='bbox 558 3478 809 3536; x_wconf 89' lang='lat' dir='ltr'><strong>repertus</strong></span> <span class='ocrx_word' id='word_1_241' title='bbox 840 3467 1033 3532; x_wconf 80' lang='lat' dir='ltr'><strong>fuerit,</strong></span> <span class='ocrx_word' id='word_1_242' title='bbox 1066 3467 1445 3532; x_wconf 87' lang='lat' dir='ltr'><strong>substituatur,</strong></span> <span class='ocrx_word' id='word_1_243' title='bbox 1470 3476 1523 3520; x_wconf 86' lang='lat' dir='ltr'><strong>et</strong></span> <span class='ocrx_word' id='word_1_244' title='bbox 1554 3465 1815 3535; x_wconf 85' lang='lat' dir='ltr'><strong>privilegii</strong></span> <span class='ocrx_word' id='word_1_245' title='bbox 1843 3465 2140 3520; x_wconf 84' lang='lat' dir='ltr'><strong>auctoritas</strong></span> 
     </span>
    </p>
   </div>
   <div class='ocr_carea' id='block_1_37' title="bbox 552 3555 2139 3626">
    <p class='ocr_par' dir='ltr' id='par_1_37' title="bbox 552 3555 2139 3626">
     <span class='ocr_line' id='line_1_37' title="bbox 552 3555 2139 3626; baseline -0.001 -16"><span class='ocrx_word' id='word_1_246' title='bbox 552 3555 608 3610; x_wconf 90' lang='lat' dir='ltr'><strong>in</strong></span> <span class='ocrx_word' id='word_1_247' title='bbox 667 3558 857 3613; x_wconf 90' lang='lat' dir='ltr'><strong>eodem</strong></span> <span class='ocrx_word' id='word_1_248' title='bbox 918 3556 1247 3611; x_wconf 87' lang='lat' dir='ltr'><strong>monasterio</strong></span> <span class='ocrx_word' id='word_1_249' title='bbox 1309 3572 1635 3626; x_wconf 88' lang='lat' dir='ltr'><strong>quacunque</strong></span> <span class='ocrx_word' id='word_1_250' title='bbox 1688 3555 1974 3611; x_wconf 86' lang='lat' dir='ltr'><strong>occasione</strong></span> <span class='ocrx_word' id='word_1_251' title='bbox 2032 3570 2139 3610; x_wconf 88' lang='lat' dir='ltr'><strong>non</strong></span> 
     </span>
    </p>
   </div>
   <div class='ocr_carea' id='block_1_38' title="bbox 553 3646 955 3703">
    <p class='ocr_par' dir='ltr' id='par_1_38' title="bbox 553 3646 955 3703">
     <span class='ocr_line' id='line_1_38' title="bbox 553 3646 955 3703; baseline -0.005 -2"><span class='ocrx_word' id='word_1_252' title='bbox 553 3646 902 3703; x_wconf 82' lang='lat' dir='ltr'><strong>destitttatttr.</strong></span> <span class='ocrx_word' id='word_1_253' title='bbox 937 3667 955 3699; x_wconf 81' lang='grc'><strong>›</strong></span> 
     </span>
    </p>
   </div>
   <div class='ocr_carea' id='block_1_39' title="bbox 872 3736 1818 3791">
    <p class='ocr_par' dir='ltr' id='par_1_39' title="bbox 872 3736 1818 3791">
     <span class='ocr_line' id='line_1_39' title="bbox 872 3736 1818 3791; baseline 0 -1"><span class='ocrx_word' id='word_1_254' title='bbox 872 3736 1012 3791; x_wconf 77' lang='lat' dir='ltr'><strong>XXI.</strong></span> <span class='ocrx_word' id='word_1_255' title='bbox 1040 3770 1111 3778; x_wconf 93' lang='lat'><strong>—</strong></span> <span class='ocrx_word' id='word_1_256' title='bbox 1136 3738 1210 3791; x_wconf 89' lang='lat' dir='ltr'><strong>De</strong></span> <span class='ocrx_word' id='word_1_257' title='bbox 1236 3738 1528 3791; x_wconf 81' lang='lat' dir='ltr'><strong>sacerdotio</strong></span> <span class='ocrx_word' id='word_1_258' title='bbox 1559 3737 1818 3790; x_wconf 80' lang='lat' dir='ltr'><strong>monachi.</strong></span> 
     </span>
    </p>
   </div>
   <div class='ocr_carea' id='block_1_40' title="bbox 620 3827 2139 3901">
    <p class='ocr_par' dir='ltr' id='par_1_40' title="bbox 620 3827 2139 3901">
     <span class='ocr_line' id='line_1_40' title="bbox 620 3827 2139 3901; baseline -0.001 -17"><span class='ocrx_word' id='word_1_259' title='bbox 620 3829 929 3886; x_wconf 76' lang='lat' dir='ltr'><strong>GBEGORIUS</strong></span> <span class='ocrx_word' id='word_1_260' title='bbox 974 3830 1144 3886; x_wconf 82' lang='lat' dir='ltr'><strong>LUCIo</strong></span> <span class='ocrx_word' id='word_1_261' title='bbox 1191 3828 1313 3901; x_wconf 87' lang='lat' dir='ltr'><strong>[al.,</strong></span> <span class='ocrx_word' id='word_1_262' title='bbox 1348 3828 1573 3901; x_wconf 77' lang='lat' dir='ltr'><strong>Lucida]</strong></span> <span class='ocrx_word' id='word_1_263' title='bbox 1624 3830 1878 3898; x_wconf 81' lang='lat' dir='ltr'><strong>episcopo</strong></span> <span class='ocrx_word' id='word_1_264' title='bbox 1919 3827 2139 3901; x_wconf 56' lang='lat' dir='ltr'><strong>(Cum,</strong></span> 
     </span>
    </p>
   </div>
   <div class='ocr_carea' id='block_1_41' title="bbox 552 3922 1015 3993">
    <p class='ocr_par' dir='ltr' id='par_1_41' title="bbox 552 3922 1015 3993">
     <span class='ocr_line' id='line_1_41' title="bbox 552 3922 1015 3993; baseline 0 -16"><span class='ocrx_word' id='word_1_265' title='bbox 552 3922 647 3978; x_wconf 83' lang='lat' dir='ltr'><strong>lib.</strong></span> <span class='ocrx_word' id='word_1_266' title='bbox 683 3940 747 3985; x_wconf 74' lang='grc' dir='ltr'><strong>ι.</strong></span> <span class='ocrx_word' id='word_1_267' title='bbox 780 3939 864 3993; x_wconf 93' lang='lat' dir='ltr'><strong>ep.</strong></span> <span class='ocrx_word' id='word_1_268' title='bbox 900 3923 1015 3993; x_wconf 71' lang='grc'><strong>54).</strong></span> 
     </span>
    </p>
   </div>
   <div class='ocr_carea' id='block_1_42' title="bbox 626 4010 2144 4083">
    <p class='ocr_par' dir='ltr' id='par_1_42' title="bbox 626 4010 2144 4083">
     <span class='ocr_line' id='line_1_42' title="bbox 626 4010 2144 4083; baseline 0.001 -21"><span class='ocrx_word' id='word_1_269' title='bbox 626 4031 644 4062; x_wconf 79' lang='lat' dir='ltr'><strong>r</strong></span> <span class='ocrx_word' id='word_1_270' title='bbox 679 4013 847 4068; x_wconf 88' lang='lat' dir='ltr'><strong>Filius</strong></span> <span class='ocrx_word' id='word_1_271' title='bbox 878 4022 1066 4068; x_wconf 90' lang='lat' dir='ltr'><strong>noster</strong></span> <span class='ocrx_word' id='word_1_272' title='bbox 1089 4011 1327 4068; x_wconf 83' lang='lat' dir='ltr'><strong>Joannes</strong></span> <span class='ocrx_word' id='word_1_273' title='bbox 1358 4012 1528 4067; x_wconf 88' lang='lat' dir='ltr'><strong>abbas</strong></span> <span class='ocrx_word' id='word_1_274' title='bbox 1551 4014 1929 4083; x_wconf 88' lang='lat' dir='ltr'><strong>presbyterum</strong></span> <span class='ocrx_word' id='word_1_275' title='bbox 1962 4011 2063 4067; x_wconf 92' lang='lat' dir='ltr'><strong>sibi</strong></span> <span class='ocrx_word' id='word_1_276' title='bbox 2090 4010 2144 4065; x_wconf 93' lang='lat' dir='ltr'><strong>in</strong></span> 
     </span>
    </p>
   </div>
   <div class='ocr_carea' id='block_1_43' title="bbox 552 4103 2147 4176">
    <p class='ocr_par' dir='ltr' id='par_1_43' title="bbox 552 4103 2147 4176">
     <span class='ocr_line' id='line_1_43' title="bbox 552 4103 2147 4176; baseline -0.001 -18"><span class='ocrx_word' id='word_1_277' title='bbox 552 4106 887 4161; x_wconf 87' lang='lat' dir='ltr'><strong>monasterio</strong></span> <span class='ocrx_word' id='word_1_278' title='bbox 934 4121 1032 4160; x_wconf 90' lang='lat' dir='ltr'><strong>suo</strong></span> <span class='ocrx_word' id='word_1_279' title='bbox 1077 4120 1139 4160; x_wconf 83' lang='lat' dir='ltr'><strong>ex</strong></span> <span class='ocrx_word' id='word_1_280' title='bbox 1193 4106 1614 4176; x_wconf 81' lang='lat' dir='ltr'><strong>congregatione</strong></span> <span class='ocrx_word' id='word_1_281' title='bbox 1643 4105 1830 4159; x_wconf 91' lang='lat' dir='ltr'><strong>eadem</strong></span> <span class='ocrx_word' id='word_1_282' title='bbox 1878 4103 2034 4173; x_wconf 86' lang='lat' dir='ltr'><strong>petiit</strong></span> <span class='ocrx_word' id='word_1_283' title='bbox 2061 4118 2147 4156; x_wconf 86' lang='lat' dir='ltr'><strong>or-</strong></span> 
     </span>
    </p>
   </div>
   <div class='ocr_carea' id='block_1_44' title="bbox 554 4194 2146 4267">
    <p class='ocr_par' dir='ltr' id='par_1_44' title="bbox 554 4194 2146 4267">
     <span class='ocr_line' id='line_1_44' title="bbox 554 4194 2146 4267; baseline 0.001 -19"><span class='ocrx_word' id='word_1_284' title='bbox 554 4196 869 4251; x_wconf 89' lang='lat' dir='ltr'><strong>dinandum.</strong></span> <span class='ocrx_word' id='word_1_285' title='bbox 906 4197 1141 4267; x_wconf 85' lang='lat' dir='ltr'><strong>Ideoque</strong></span> <span class='ocrx_word' id='word_1_286' title='bbox 1170 4196 1571 4253; x_wconf 79' lang='lat' dir='ltr'><strong>fraternitatem</strong></span> <span class='ocrx_word' id='word_1_287' title='bbox 1621 4205 1858 4253; x_wconf 90' lang='lat' dir='ltr'><strong>vestram</strong></span> <span class='ocrx_word' id='word_1_288' title='bbox 1892 4194 2146 4266; x_wconf 69' lang='lat' dir='ltr'><strong>praesenti</strong></span> 
     </span>
    </p>
   </div>
   <div class='ocr_carea' id='block_1_45' title="bbox 558 4285 2140 4355">
    <p class='ocr_par' dir='ltr' id='par_1_45' title="bbox 558 4285 2140 4355">
     <span class='ocr_line' id='line_1_45' title="bbox 558 4285 2140 4355; baseline 0 -18"><span class='ocrx_word' id='word_1_289' title='bbox 558 4286 884 4339; x_wconf 88' lang='lat' dir='ltr'><strong>auctoritate</strong></span> <span class='ocrx_word' id='word_1_290' title='bbox 916 4287 1168 4341; x_wconf 76' lang='lat' dir='ltr'><strong>duximus</strong></span> <span class='ocrx_word' id='word_1_291' title='bbox 1200 4287 1613 4348; x_wconf 89' lang='lat' dir='ltr'><strong>adhortandam,</strong></span> <span class='ocrx_word' id='word_1_292' title='bbox 1649 4295 1917 4355; x_wconf 89' lang='lat' dir='ltr'><strong>quatenus</strong></span> <span class='ocrx_word' id='word_1_293' title='bbox 1943 4285 2140 4349; x_wconf 86' lang='lat' dir='ltr'><strong>virum,</strong></span> 
     </span>
    </p>
   </div>
   <div class='ocr_carea' id='block_1_46' title="bbox 1543 232 3790 309">
    <p class='ocr_par' dir='ltr' id='par_1_46' title="bbox 1543 232 3790 309">
     <span class='ocr_line' id='line_1_46' title="bbox 1543 232 3790 309; baseline -0.013 -3"><span class='ocrx_word' id='word_1_294' title='bbox 1543 248 1601 306; x_wconf 91' lang='lat' dir='ltr'><strong>s.</strong></span> <span class='ocrx_word' id='word_1_295' title='bbox 1641 236 1932 304; x_wconf 81' lang='lat' dir='ltr'><strong>ABBONIS</strong></span> <span class='ocrx_word' id='word_1_296' title='bbox 1973 232 2261 298; x_wconf 70' lang='lat' dir='ltr'><strong>ABBATIS</strong></span> <span class='ocrx_word' id='word_1_297' title='bbox 2301 236 2798 301; x_wconf 77' lang='lat' dir='ltr'><strong>FLORIACENSIS</strong></span> <span class='ocrx_word' id='word_1_298' title='bbox 3700 249 3790 309; x_wconf 59' lang='grc' dir='ltr'><strong>ηε</strong></span> 
     </span>
    </p>
   </div>
   <div class='ocr_carea' id='block_1_47' title="bbox 2162 351 3791 425">
    <p class='ocr_par' dir='ltr' id='par_1_47' title="bbox 2162 351 3791 425">
     <span class='ocr_line' id='line_1_47' title="bbox 2162 351 3791 425; baseline 0.005 -12"><span class='ocrx_word' id='word_1_299' title='bbox 2162 351 2215 413; x_wconf 77' lang='grc' dir='ltr'><strong>Α</strong></span> <span class='ocrx_word' id='word_1_300' title='bbox 2240 353 2534 422; x_wconf 89' lang='lat' dir='ltr'><strong>canonice,</strong></span> <span class='ocrx_word' id='word_1_301' title='bbox 2580 356 2723 413; x_wconf 90' lang='lat' dir='ltr'><strong>sicut</strong></span> <span class='ocrx_word' id='word_1_302' title='bbox 2763 372 2880 415; x_wconf 84' lang='lat' dir='ltr'><strong>mos</strong></span> <span class='ocrx_word' id='word_1_303' title='bbox 2922 366 3033 425; x_wconf 87' lang='lat' dir='ltr'><strong>est,</strong></span> <span class='ocrx_word' id='word_1_304' title='bbox 3065 368 3432 416; x_wconf 87' lang='lat' dir='ltr'><strong>consecretur.</strong></span> <span class='ocrx_word' id='word_1_305' title='bbox 3461 359 3610 417; x_wconf 75' lang='lat' dir='ltr'><strong>Nihil</strong></span> <span class='ocrx_word' id='word_1_306' title='bbox 3637 372 3791 421; x_wconf 88' lang='lat' dir='ltr'><strong>autem</strong></span> 
     </span>
    </p>
   </div>
   <div class='ocr_carea' id='block_1_48' title="bbox 2243 445 3794 527">
    <p class='ocr_par' dir='ltr' id='par_1_48' title="bbox 2243 445 3794 527">
     <span class='ocr_line' id='line_1_48' title="bbox 2243 445 3794 527; baseline 0.006 -28"><span class='ocrx_word' id='word_1_307' title='bbox 2243 445 2387 500; x_wconf 87' lang='lat' dir='ltr'><strong>aliud</strong></span> <span class='ocrx_word' id='word_1_308' title='bbox 2416 446 2465 501; x_wconf 92' lang='lat' dir='ltr'><strong>ei</strong></span> <span class='ocrx_word' id='word_1_309' title='bbox 2496 447 2758 520; x_wconf 83' lang='lat' dir='ltr'><strong>privilegii</strong></span> <span class='ocrx_word' id='word_1_310' title='bbox 2785 450 3173 516; x_wconf 85' lang='lat' dir='ltr'><strong>concedentes,</strong></span> <span class='ocrx_word' id='word_1_311' title='bbox 3206 451 3309 507; x_wconf 91' lang='lat' dir='ltr'><strong>nisi</strong></span> <span class='ocrx_word' id='word_1_312' title='bbox 3346 460 3404 506; x_wconf 91' lang='lat' dir='ltr'><strong>ut</strong></span> <span class='ocrx_word' id='word_1_313' title='bbox 3434 453 3491 507; x_wconf 90' lang='lat' dir='ltr'><strong>in</strong></span> <span class='ocrx_word' id='word_1_314' title='bbox 3522 466 3794 527; x_wconf 77' lang='lat' dir='ltr'><strong>congrega-</strong></span> 
     </span>
    </p>
   </div>
   <div class='ocr_carea' id='block_1_49' title="bbox 2244 537 3794 613">
    <p class='ocr_par' dir='ltr' id='par_1_49' title="bbox 2244 537 3794 613">
     <span class='ocr_line' id='line_1_49' title="bbox 2244 537 3794 613; baseline 0.007 -21"><span class='ocrx_word' id='word_1_315' title='bbox 2244 537 2392 593; x_wconf 87' lang='lat' dir='ltr'><strong>tione</strong></span> <span class='ocrx_word' id='word_1_316' title='bbox 2416 553 2545 606; x_wconf 88' lang='lat' dir='ltr'><strong>sua,</strong></span> <span class='ocrx_word' id='word_1_317' title='bbox 2577 540 2793 610; x_wconf 90' lang='lat' dir='ltr'><strong>quoties</strong></span> <span class='ocrx_word' id='word_1_318' title='bbox 2826 549 3184 613; x_wconf 91' lang='lat' dir='ltr'><strong>opportunum</strong></span> <span class='ocrx_word' id='word_1_319' title='bbox 3214 542 3375 598; x_wconf 79' lang='lat' dir='ltr'><strong>fuerit</strong></span> <span class='ocrx_word' id='word_1_320' title='bbox 3395 582 3414 610; x_wconf 97' lang='lat'><strong>,</strong></span> <span class='ocrx_word' id='word_1_321' title='bbox 3444 558 3603 599; x_wconf 86' lang='lat' dir='ltr'><strong>sacra</strong></span> <span class='ocrx_word' id='word_1_322' title='bbox 3628 546 3794 603; x_wconf 80' lang='lat' dir='ltr'><strong>missa-</strong></span> 
     </span>
    </p>
   </div>
   <div class='ocr_carea' id='block_1_50' title="bbox 2244 629 3649 706">
    <p class='ocr_par' dir='ltr' id='par_1_50' title="bbox 2244 629 3649 706">
     <span class='ocr_line' id='line_1_50' title="bbox 2244 629 3649 706; baseline 0.004 -23"><span class='ocrx_word' id='word_1_323' title='bbox 2244 643 2364 684; x_wconf 89' lang='lat' dir='ltr'><strong>rum</strong></span> <span class='ocrx_word' id='word_1_324' title='bbox 2389 629 2586 687; x_wconf 86' lang='lat' dir='ltr'><strong>debeat</strong></span> <span class='ocrx_word' id='word_1_325' title='bbox 2611 634 2983 689; x_wconf 90' lang='lat' dir='ltr'><strong>tantummodo</strong></span> <span class='ocrx_word' id='word_1_326' title='bbox 3008 634 3285 689; x_wconf 89' lang='lat' dir='ltr'><strong>celebrare</strong></span> <span class='ocrx_word' id='word_1_327' title='bbox 3316 635 3596 706; x_wconf 88' lang='lat' dir='ltr'><strong>mysteria.</strong></span> <span class='ocrx_word' id='word_1_328' title='bbox 3630 655 3649 688; x_wconf 73' lang='grc' dir='ltr'><strong><em>ι</em></strong></span> 
     </span>
    </p>
   </div>
   <div class='ocr_carea' id='block_1_51' title="bbox 2313 722 3790 798">
    <p class='ocr_par' dir='ltr' id='par_1_51' title="bbox 2313 722 3790 798">
     <span class='ocr_line' id='line_1_51' title="bbox 2313 722 3790 798; baseline 0.003 -20"><span class='ocrx_word' id='word_1_329' title='bbox 2313 722 2384 778; x_wconf 88' lang='grc' dir='ltr'><strong>Ει</strong></span> <span class='ocrx_word' id='word_1_330' title='bbox 2412 733 2636 780; x_wconf 90' lang='lat' dir='ltr'><strong>sanctus</strong></span> <span class='ocrx_word' id='word_1_331' title='bbox 2662 724 2988 781; x_wconf 88' lang='lat' dir='ltr'><strong>Benedictus</strong></span> <span class='ocrx_word' id='word_1_332' title='bbox 3036 727 3089 780; x_wconf 91' lang='lat' dir='ltr'><strong>in</strong></span> <span class='ocrx_word' id='word_1_333' title='bbox 3141 726 3325 798; x_wconf 76' lang='lat' dir='ltr'><strong>regula</strong></span> <span class='ocrx_word' id='word_1_334' title='bbox 3360 742 3492 794; x_wconf 87' lang='lat' dir='ltr'><strong>sua,</strong></span> <span class='ocrx_word' id='word_1_335' title='bbox 3537 742 3654 797; x_wconf 85' lang='lat' dir='ltr'><strong>cap.</strong></span> <span class='ocrx_word' id='word_1_336' title='bbox 3696 728 3790 782; x_wconf 73' lang='grc' dir='ltr'><strong>θὶς</strong></span> 
     </span>
    </p>
   </div>
   <div class='ocr_carea' id='block_1_52' title="bbox 2249 815 3791 889">
    <p class='ocr_par' dir='ltr' id='par_1_52' title="bbox 2249 815 3791 889">
     <span class='ocr_line' id='line_1_52' title="bbox 2249 815 3791 889; baseline 0.003 -20"><span class='ocrx_word' id='word_1_337' title='bbox 2249 832 2269 869; x_wconf 80' lang='lat' dir='ltr'><strong>r</strong></span> <span class='ocrx_word' id='word_1_338' title='bbox 2298 815 2595 872; x_wconf 85' lang='lat' dir='ltr'><strong>Ordinatus</strong></span> <span class='ocrx_word' id='word_1_339' title='bbox 2620 829 2799 871; x_wconf 83' lang='lat' dir='ltr'><strong>autem</strong></span> <span class='ocrx_word' id='word_1_340' title='bbox 2826 826 3019 873; x_wconf 82' lang='lat' dir='ltr'><strong>caveat</strong></span> <span class='ocrx_word' id='word_1_341' title='bbox 3047 816 3338 873; x_wconf 88' lang='lat' dir='ltr'><strong>elationem</strong></span> <span class='ocrx_word' id='word_1_342' title='bbox 3368 826 3463 872; x_wconf 87' lang='lat' dir='ltr'><strong>aut</strong></span> <span class='ocrx_word' id='word_1_343' title='bbox 3492 819 3791 889; x_wconf 82' lang='lat' dir='ltr'><strong>superbiant,</strong></span> 
     </span>
    </p>
   </div>
   <div class='ocr_carea' id='block_1_53' title="bbox 2243 909 3791 981">
    <p class='ocr_par' dir='ltr' id='par_1_53' title="bbox 2243 909 3791 981">
     <span class='ocr_line' id='line_1_53' title="bbox 2243 909 3791 981; baseline 0 -18"><span class='ocrx_word' id='word_1_344' title='bbox 2243 923 2343 964; x_wconf 89' lang='lat' dir='ltr'><strong>nec</strong></span> <span class='ocrx_word' id='word_1_345' title='bbox 2369 909 2663 979; x_wconf 88' lang='lat' dir='ltr'><strong>quidquam</strong></span> <span class='ocrx_word' id='word_1_346' title='bbox 2693 920 3007 979; x_wconf 82' lang='lat' dir='ltr'><strong>praesumat,</strong></span> <span class='ocrx_word' id='word_1_347' title='bbox 3040 911 3141 964; x_wconf 90' lang='lat' dir='ltr'><strong>nisi</strong></span> <span class='ocrx_word' id='word_1_348' title='bbox 3168 912 3309 981; x_wconf 85' lang='lat' dir='ltr'><strong>quod</strong></span> <span class='ocrx_word' id='word_1_349' title='bbox 3338 912 3406 965; x_wconf 87' lang='lat' dir='ltr'><strong>ab</strong></span> <span class='ocrx_word' id='word_1_350' title='bbox 3432 912 3629 966; x_wconf 81' lang='lat' dir='ltr'><strong>abbate</strong></span> <span class='ocrx_word' id='word_1_351' title='bbox 3650 924 3736 966; x_wconf 85' lang='lat' dir='ltr'><strong>suo</strong></span> <span class='ocrx_word' id='word_1_352' title='bbox 3753 914 3791 965; x_wconf 83' lang='lat' dir='ltr'><strong>ei</strong></span> 
     </span>
    </p>
   </div>
   <div class='ocr_carea' id='block_1_54' title="bbox 2241 999 3793 1074">
    <p class='ocr_par' dir='ltr' id='par_1_54' title="bbox 2241 999 3793 1074">
     <span class='ocr_line' id='line_1_54' title="bbox 2241 999 3793 1074; baseline 0.002 -21"><span class='ocrx_word' id='word_1_353' title='bbox 2241 999 2576 1071; x_wconf 84' lang='lat' dir='ltr'><strong>praecipitur,</strong></span> <span class='ocrx_word' id='word_1_354' title='bbox 2600 1001 2779 1056; x_wconf 89' lang='lat' dir='ltr'><strong>sciens</strong></span> <span class='ocrx_word' id='word_1_355' title='bbox 2799 1015 2859 1056; x_wconf 89' lang='lat' dir='ltr'><strong>se</strong></span> <span class='ocrx_word' id='word_1_356' title='bbox 2879 1001 3048 1056; x_wconf 90' lang='lat' dir='ltr'><strong>multo</strong></span> <span class='ocrx_word' id='word_1_357' title='bbox 3072 1002 3243 1073; x_wconf 87' lang='lat' dir='ltr'><strong>magis</strong></span> <span class='ocrx_word' id='word_1_358' title='bbox 3267 1000 3569 1072; x_wconf 69' lang='lat' dir='ltr'><strong>disciplina:</strong></span> <span class='ocrx_word' id='word_1_359' title='bbox 3591 1002 3793 1074; x_wconf 82' lang='lat' dir='ltr'><strong>regulari</strong></span> 
     </span>
    </p>
   </div>
   <div class='ocr_carea' id='block_1_55' title="bbox 2241 1090 2760 1158">
    <p class='ocr_par' dir='ltr' id='par_1_55' title="bbox 2241 1090 2760 1158">
     <span class='ocr_line' id='line_1_55' title="bbox 2241 1090 2760 1158; baseline 0.004 -13"><span class='ocrx_word' id='word_1_360' title='bbox 2241 1090 2556 1158; x_wconf 82' lang='lat' dir='ltr'><strong>subditum,</strong></span> <span class='ocrx_word' id='word_1_361' title='bbox 2595 1111 2615 1143; x_wconf 75' lang='grc' dir='ltr'><strong><em>ι</em></strong></span> <span class='ocrx_word' id='word_1_362' title='bbox 2649 1098 2760 1147; x_wconf 73' lang='lat' dir='ltr'><strong>etc.</strong></span> 
     </span>
    </p>
   </div>
   <div class='ocr_carea' id='block_1_56' title="bbox 2276 1181 3763 1254">
    <p class='ocr_par' dir='ltr' id='par_1_56' title="bbox 2276 1181 3763 1254">
     <span class='ocr_line' id='line_1_56' title="bbox 2276 1181 3763 1254; baseline 0 -17"><span class='ocrx_word' id='word_1_363' title='bbox 2276 1181 2440 1237; x_wconf 74' lang='lat' dir='ltr'><strong>XXII.</strong></span> <span class='ocrx_word' id='word_1_364' title='bbox 2462 1212 2532 1223; x_wconf 90' lang='lat'><strong>-——</strong></span> <span class='ocrx_word' id='word_1_365' title='bbox 2550 1182 2628 1238; x_wconf 90' lang='lat' dir='ltr'><strong>De</strong></span> <span class='ocrx_word' id='word_1_366' title='bbox 2655 1184 2924 1238; x_wconf 77' lang='lat' dir='ltr'><strong>monachis</strong></span> <span class='ocrx_word' id='word_1_367' title='bbox 2954 1194 3061 1239; x_wconf 82' lang='lat' dir='ltr'><strong>non</strong></span> <span class='ocrx_word' id='word_1_368' title='bbox 3085 1183 3417 1239; x_wconf 69' lang='lat' dir='ltr'><strong>sementibus</strong></span> <span class='ocrx_word' id='word_1_369' title='bbox 3438 1185 3763 1254; x_wconf 77' lang='lat' dir='ltr'><strong>prepositmn.</strong></span> 
     </span>
    </p>
   </div>
   <div class='ocr_carea' id='block_1_57' title="bbox 2311 1271 3793 1343">
    <p class='ocr_par' dir='ltr' id='par_1_57' title="bbox 2311 1271 3793 1343">
     <span class='ocr_line' id='line_1_57' title="bbox 2311 1271 3793 1343; baseline 0 -18"><span class='ocrx_word' id='word_1_370' title='bbox 2311 1271 2368 1326; x_wconf 93' lang='lat' dir='ltr'><strong>In</strong></span> <span class='ocrx_word' id='word_1_371' title='bbox 2396 1272 2583 1343; x_wconf 86' lang='lat' dir='ltr'><strong>Legib.</strong></span> <span class='ocrx_word' id='word_1_372' title='bbox 2617 1287 2736 1343; x_wconf 85' lang='lat' dir='ltr'><strong>cap.</strong></span> <span class='ocrx_word' id='word_1_373' title='bbox 2763 1272 2871 1329; x_wconf 68' lang='lat'><strong>490</strong></span> <span class='ocrx_word' id='word_1_374' title='bbox 2903 1291 2917 1328; x_wconf 91' lang='lat'><strong>:</strong></span> <span class='ocrx_word' id='word_1_375' title='bbox 2948 1291 2968 1326; x_wconf 72' lang='grc' dir='ltr'>ι</span> <span class='ocrx_word' id='word_1_376' title='bbox 3004 1273 3061 1329; x_wconf 91' lang='lat' dir='ltr'><strong>Si</strong></span> <span class='ocrx_word' id='word_1_377' title='bbox 3095 1273 3219 1343; x_wconf 91' lang='lat' dir='ltr'><strong>quis</strong></span> <span class='ocrx_word' id='word_1_378' title='bbox 3248 1274 3639 1329; x_wconf 86' lang='lat' dir='ltr'><strong>monasterium</strong></span> <span class='ocrx_word' id='word_1_379' title='bbox 3662 1289 3793 1327; x_wconf 84' lang='lat' dir='ltr'><strong>suum</strong></span> 
     </span>
    </p>
   </div>
   <div class='ocr_carea' id='block_1_58' title="bbox 2240 1364 3792 1437">
    <p class='ocr_par' dir='ltr' id='par_1_58' title="bbox 2240 1364 3792 1437">
     <span class='ocr_line' id='line_1_58' title="bbox 2240 1364 3792 1437; baseline -0.001 -16"><span class='ocrx_word' id='word_1_380' title='bbox 2240 1366 2554 1437; x_wconf 83' lang='lat' dir='ltr'><strong>reliquerit,</strong></span> <span class='ocrx_word' id='word_1_381' title='bbox 2584 1373 2677 1420; x_wconf 91' lang='lat' dir='ltr'><strong>aut</strong></span> <span class='ocrx_word' id='word_1_382' title='bbox 2710 1365 2777 1419; x_wconf 90' lang='lat' dir='ltr'><strong>ad</strong></span> <span class='ocrx_word' id='word_1_383' title='bbox 2805 1364 2952 1422; x_wconf 86' lang='lat' dir='ltr'><strong>aliud</strong></span> <span class='ocrx_word' id='word_1_384' title='bbox 2984 1365 3375 1421; x_wconf 89' lang='lat' dir='ltr'><strong>monasterium</strong></span> <span class='ocrx_word' id='word_1_385' title='bbox 3404 1365 3698 1426; x_wconf 88' lang='lat' dir='ltr'><strong>transierit,</strong></span> <span class='ocrx_word' id='word_1_386' title='bbox 3723 1382 3792 1419; x_wconf 84' lang='lat' dir='ltr'><strong>res</strong></span> 
     </span>
    </p>
   </div>
   <div class='ocr_carea' id='block_1_59' title="bbox 2238 1456 3793 1528">
    <p class='ocr_par' dir='ltr' id='par_1_59' title="bbox 2238 1456 3793 1528">
     <span class='ocr_line' id='line_1_59' title="bbox 2238 1456 3793 1528; baseline -0.002 -15"><span class='ocrx_word' id='word_1_387' title='bbox 2238 1458 2355 1527; x_wconf 78' lang='lat' dir='ltr'><strong>ejus</strong></span> <span class='ocrx_word' id='word_1_388' title='bbox 2402 1456 2567 1528; x_wconf 92' lang='lat' dir='ltr'><strong>priori</strong></span> <span class='ocrx_word' id='word_1_389' title='bbox 2616 1456 2983 1526; x_wconf 88' lang='lat' dir='ltr'><strong>monasterio,</strong></span> <span class='ocrx_word' id='word_1_390' title='bbox 3026 1457 3082 1512; x_wconf 91' lang='lat' dir='ltr'><strong>in</strong></span> <span class='ocrx_word' id='word_1_391' title='bbox 3126 1473 3235 1528; x_wconf 85' lang='lat' dir='ltr'><strong>quo</strong></span> <span class='ocrx_word' id='word_1_392' title='bbox 3297 1464 3427 1513; x_wconf 82' lang='lat' dir='ltr'><strong>ante</strong></span> <span class='ocrx_word' id='word_1_393' title='bbox 3494 1457 3793 1525; x_wconf 79' lang='lat' dir='ltr'><strong>intrarent,</strong></span> 
     </span>
    </p>
   </div>
   <div class='ocr_carea' id='block_1_60' title="bbox 2238 1557 2621 1620">
    <p class='ocr_par' dir='ltr' id='par_1_60' title="bbox 2238 1557 2621 1620">
     <span class='ocr_line' id='line_1_60' title="bbox 2238 1557 2621 1620; baseline -0.008 -14"><span class='ocrx_word' id='word_1_394' title='bbox 2238 1557 2564 1620; x_wconf 89' lang='lat' dir='ltr'><strong>competant.</strong></span> <span class='ocrx_word' id='word_1_395' title='bbox 2597 1568 2621 1603; x_wconf 73' lang='grc' dir='ltr'><strong><em>ι</em></strong></span> 
     </span>
    </p>
   </div>
   <div class='ocr_carea' id='block_1_61' title="bbox 2310 1640 3797 1712">
    <p class='ocr_par' dir='ltr' id='par_1_61' title="bbox 2310 1640 3797 1712">
     <span class='ocr_line' id='line_1_61' title="bbox 2310 1640 3797 1712; baseline -0.001 -16"><span class='ocrx_word' id='word_1_396' title='bbox 2310 1640 2479 1709; x_wconf 83' lang='lat' dir='ltr'><strong>Item,</strong></span> <span class='ocrx_word' id='word_1_397' title='bbox 2516 1656 2639 1712; x_wconf 90' lang='lat' dir='ltr'><strong>cap.</strong></span> <span class='ocrx_word' id='word_1_398' title='bbox 2667 1640 2736 1697; x_wconf 75' lang='grc'><strong>16</strong></span> <span class='ocrx_word' id='word_1_399' title='bbox 2766 1659 2779 1695; x_wconf 94' lang='lat'><strong>:</strong></span> <span class='ocrx_word' id='word_1_400' title='bbox 2821 1658 2840 1693; x_wconf 75' lang='grc' dir='ltr'>ι</span> <span class='ocrx_word' id='word_1_401' title='bbox 2875 1640 2933 1697; x_wconf 90' lang='lat' dir='ltr'><strong>Si</strong></span> <span class='ocrx_word' id='word_1_402' title='bbox 2962 1641 3087 1711; x_wconf 90' lang='lat' dir='ltr'><strong>quis</strong></span> <span class='ocrx_word' id='word_1_403' title='bbox 3114 1643 3168 1698; x_wconf 89' lang='lat' dir='ltr'><strong>in</strong></span> <span class='ocrx_word' id='word_1_404' title='bbox 3206 1640 3543 1697; x_wconf 87' lang='lat' dir='ltr'><strong>monasterio</strong></span> <span class='ocrx_word' id='word_1_405' title='bbox 3578 1655 3635 1694; x_wconf 91' lang='lat' dir='ltr'><strong>se</strong></span> <span class='ocrx_word' id='word_1_406' title='bbox 3658 1640 3797 1695; x_wconf 59' lang='lat' dir='ltr'><strong>colloa</strong></span> 
     </span>
    </p>
   </div>
   <div class='ocr_carea' id='block_1_62' title="bbox 2241 1731 3796 1803">
    <p class='ocr_par' dir='ltr' id='par_1_62' title="bbox 2241 1731 3796 1803">
     <span class='ocr_line' id='line_1_62' title="bbox 2241 1731 3796 1803; baseline -0.001 -16"><span class='ocrx_word' id='word_1_407' title='bbox 2241 1733 2451 1788; x_wconf 89' lang='lat' dir='ltr'><strong>caverit</strong></span> <span class='ocrx_word' id='word_1_408' title='bbox 2469 1772 2485 1799; x_wconf 91' lang='lat'><strong>,</strong></span> <span class='ocrx_word' id='word_1_409' title='bbox 2508 1743 2561 1788; x_wconf 90' lang='lat' dir='ltr'><strong>et</strong></span> <span class='ocrx_word' id='word_1_410' title='bbox 2587 1742 2871 1803; x_wconf 88' lang='lat' dir='ltr'><strong>postquam</strong></span> <span class='ocrx_word' id='word_1_411' title='bbox 2895 1742 3102 1789; x_wconf 87' lang='lat' dir='ltr'><strong>vestem</strong></span> <span class='ocrx_word' id='word_1_412' title='bbox 3131 1734 3439 1803; x_wconf 86' lang='lat' dir='ltr'><strong>religiosam</strong></span> <span class='ocrx_word' id='word_1_413' title='bbox 3464 1731 3686 1786; x_wconf 81' lang='lat' dir='ltr'><strong>veStitus</strong></span> <span class='ocrx_word' id='word_1_414' title='bbox 3703 1741 3796 1795; x_wconf 87' lang='lat' dir='ltr'><strong>est,</strong></span> 
     </span>
    </p>
   </div>
   <div class='ocr_carea' id='block_1_63' title="bbox 2241 1821 3799 1893">
    <p class='ocr_par' dir='ltr' id='par_1_63' title="bbox 2241 1821 3799 1893">
     <span class='ocr_line' id='line_1_63' title="bbox 2241 1821 3799 1893; baseline -0.003 -13"><span class='ocrx_word' id='word_1_415' title='bbox 2241 1839 2274 1880; x_wconf 88' lang='lat' dir='ltr'><strong>e</strong></span> <span class='ocrx_word' id='word_1_416' title='bbox 2297 1824 2633 1880; x_wconf 80' lang='lat' dir='ltr'><strong>monasterio</strong></span> <span class='ocrx_word' id='word_1_417' title='bbox 2676 1822 2990 1889; x_wconf 81' lang='lat' dir='ltr'><strong>recesserit,</strong></span> <span class='ocrx_word' id='word_1_418' title='bbox 3021 1824 3201 1877; x_wconf 89' lang='lat' dir='ltr'><strong>omnia</strong></span> <span class='ocrx_word' id='word_1_419' title='bbox 3233 1824 3374 1878; x_wconf 87' lang='lat' dir='ltr'><strong>bona</strong></span> <span class='ocrx_word' id='word_1_420' title='bbox 3422 1823 3592 1893; x_wconf 90' lang='lat' dir='ltr'><strong>ipsius</strong></span> <span class='ocrx_word' id='word_1_421' title='bbox 3619 1835 3728 1891; x_wconf 73' lang='lat' dir='ltr'><strong>qua:</strong></span> <span class='ocrx_word' id='word_1_422' title='bbox 3752 1821 3799 1875; x_wconf 88' lang='lat' dir='ltr'><strong>in</strong></span> 
     </span>
    </p>
   </div>
   <div class='ocr_carea' id='block_1_64' title="bbox 2240 1912 3799 1985">
    <p class='ocr_par' dir='ltr' id='par_1_64' title="bbox 2240 1912 3799 1985">
     <span class='ocr_line' id='line_1_64' title="bbox 2240 1912 3799 1985; baseline -0.004 -13"><span class='ocrx_word' id='word_1_423' title='bbox 2240 1916 2636 1973; x_wconf 88' lang='lat' dir='ltr'><strong>monasterium</strong></span> <span class='ocrx_word' id='word_1_424' title='bbox 2703 1915 3037 1979; x_wconf 81' lang='lat' dir='ltr'><strong>introduxit,</strong></span> <span class='ocrx_word' id='word_1_425' title='bbox 3090 1915 3159 1969; x_wconf 88' lang='lat' dir='ltr'><strong>ad</strong></span> <span class='ocrx_word' id='word_1_426' title='bbox 3209 1915 3386 1985; x_wconf 85' lang='lat' dir='ltr'><strong>ipsum</strong></span> <span class='ocrx_word' id='word_1_427' title='bbox 3436 1912 3799 1968; x_wconf 86' lang='lat' dir='ltr'><strong>monasterium</strong></span> 
     </span>
    </p>
   </div>
   <div class='ocr_carea' id='block_1_65' title="bbox 2239 2003 3801 2081">
    <p class='ocr_par' dir='ltr' id='par_1_65' title="bbox 2239 2003 3801 2081">
     <span class='ocr_line' id='line_1_65' title="bbox 2239 2003 3801 2081; baseline -0.004 -16"><span class='ocrx_word' id='word_1_428' title='bbox 2239 2010 2569 2081; x_wconf 84' lang='lat' dir='ltr'><strong>pertineant.</strong></span> <span class='ocrx_word' id='word_1_429' title='bbox 2603 2028 2623 2063; x_wconf 76' lang='grc' dir='ltr'><strong><em>ι</em></strong></span> <span class='ocrx_word' id='word_1_430' title='bbox 2653 2008 2798 2063; x_wconf 92' lang='lat' dir='ltr'><strong>Idem</strong></span> <span class='ocrx_word' id='word_1_431' title='bbox 2829 2015 2912 2064; x_wconf 92' lang='lat' dir='ltr'><strong>est</strong></span> <span class='ocrx_word' id='word_1_432' title='bbox 2937 2022 3004 2062; x_wconf 83' lang='lat' dir='ltr'><strong>ex</strong></span> <span class='ocrx_word' id='word_1_433' title='bbox 3036 2006 3141 2060; x_wconf 90' lang='lat' dir='ltr'><strong>alia</strong></span> <span class='ocrx_word' id='word_1_434' title='bbox 3176 2006 3567 2061; x_wconf 88' lang='lat' dir='ltr'><strong>constitutione</strong></span> <span class='ocrx_word' id='word_1_435' title='bbox 3596 2022 3611 2058; x_wconf 91' lang='lat'>:</span> <span class='ocrx_word' id='word_1_436' title='bbox 3647 2022 3665 2055; x_wconf 70' lang='grc' dir='ltr'>ι</span> <span class='ocrx_word' id='word_1_437' title='bbox 3701 2003 3801 2058; x_wconf 84' lang='lat' dir='ltr'><strong>Etsi</strong></span> 
     </span>
    </p>
   </div>
   <div class='ocr_carea' id='block_1_66' title="bbox 2240 2093 3803 2166">
    <p class='ocr_par' dir='ltr' id='par_1_66' title="bbox 2240 2093 3803 2166">
     <span class='ocr_line' id='line_1_66' title="bbox 2240 2093 3803 2166; baseline -0.004 -12"><span class='ocrx_word' id='word_1_438' title='bbox 2240 2115 2348 2154; x_wconf 91' lang='lat' dir='ltr'><strong>non</strong></span> <span class='ocrx_word' id='word_1_439' title='bbox 2382 2098 2699 2155; x_wconf 82' lang='lat' dir='ltr'><strong>introduxit.</strong></span> <span class='ocrx_word' id='word_1_440' title='bbox 2733 2096 2936 2154; x_wconf 87' lang='lat' dir='ltr'><strong>Omnes</strong></span> <span class='ocrx_word' id='word_1_441' title='bbox 2965 2097 3112 2153; x_wconf 87' lang='lat' dir='ltr'><strong>enim</strong></span> <span class='ocrx_word' id='word_1_442' title='bbox 3160 2110 3249 2152; x_wconf 85' lang='lat' dir='ltr'><strong>res</strong></span> <span class='ocrx_word' id='word_1_443' title='bbox 3281 2111 3406 2151; x_wconf 85' lang='lat' dir='ltr'><strong>cum</strong></span> <span class='ocrx_word' id='word_1_444' title='bbox 3455 2095 3574 2166; x_wconf 82' lang='lat' dir='ltr'><strong>ejus</strong></span> <span class='ocrx_word' id='word_1_445' title='bbox 3607 2093 3803 2150; x_wconf 84' lang='lat' dir='ltr'><strong>domino</strong></span> 
     </span>
    </p>
   </div>
   <div class='ocr_carea' id='block_1_67' title="bbox 2240 2192 2790 2248">
    <p class='ocr_par' dir='ltr' id='par_1_67' title="bbox 2240 2192 2790 2248">
     <span class='ocr_line' id='line_1_67' title="bbox 2240 2192 2790 2248; baseline -0.002 -1"><span class='ocrx_word' id='word_1_446' title='bbox 2240 2192 2557 2248; x_wconf 85' lang='lat' dir='ltr'><strong>monasterii</strong></span> <span class='ocrx_word' id='word_1_447' title='bbox 2584 2199 2731 2247; x_wconf 92' lang='lat' dir='ltr'><strong>sunt.</strong></span> <span class='ocrx_word' id='word_1_448' title='bbox 2771 2210 2790 2245; x_wconf 74' lang='grc' dir='ltr'><strong>ι</strong></span> 
     </span>
    </p>
   </div>
   <div class='ocr_carea' id='block_1_68' title="bbox 2310 2280 3801 2354">
    <p class='ocr_par' dir='ltr' id='par_1_68' title="bbox 2310 2280 3801 2354">
     <span class='ocr_line' id='line_1_68' title="bbox 2310 2280 3801 2354; baseline -0.005 -15"><span class='ocrx_word' id='word_1_449' title='bbox 2310 2283 2475 2351; x_wconf 91' lang='lat' dir='ltr'><strong>Item,</strong></span> <span class='ocrx_word' id='word_1_450' title='bbox 2514 2298 2634 2354; x_wconf 91' lang='lat' dir='ltr'><strong>cap.</strong></span> <span class='ocrx_word' id='word_1_451' title='bbox 2666 2283 2772 2337; x_wconf 74' lang='lat'><strong>18:</strong></span> <span class='ocrx_word' id='word_1_452' title='bbox 2811 2302 2829 2335; x_wconf 86' lang='grc'><em>‹</em></span> <span class='ocrx_word' id='word_1_453' title='bbox 2866 2281 2923 2337; x_wconf 91' lang='lat' dir='ltr'><strong>Si</strong></span> <span class='ocrx_word' id='word_1_454' title='bbox 2970 2281 3093 2352; x_wconf 91' lang='lat' dir='ltr'><strong>quis</strong></span> <span class='ocrx_word' id='word_1_455' title='bbox 3139 2280 3417 2337; x_wconf 88' lang='lat' dir='ltr'><strong>introierit</strong></span> <span class='ocrx_word' id='word_1_456' title='bbox 3462 2281 3515 2336; x_wconf 90' lang='lat' dir='ltr'><strong>in</strong></span> <span class='ocrx_word' id='word_1_457' title='bbox 3552 2286 3801 2335; x_wconf 83' lang='lat' dir='ltr'><strong>monaste-</strong></span> 
     </span>
    </p>
   </div>
   <div class='ocr_carea' id='block_1_69' title="bbox 2240 2369 3800 2443">
    <p class='ocr_par' dir='ltr' id='par_1_69' title="bbox 2240 2369 3800 2443">
     <span class='ocr_line' id='line_1_69' title="bbox 2240 2369 3800 2443; baseline -0.005 -14"><span class='ocrx_word' id='word_1_458' title='bbox 2240 2375 2381 2429; x_wconf 91' lang='lat' dir='ltr'><strong>rium</strong></span> <span class='ocrx_word' id='word_1_459' title='bbox 2400 2414 2415 2437; x_wconf 93' lang='lat'><strong>,</strong></span> <span class='ocrx_word' id='word_1_460' title='bbox 2442 2383 2496 2427; x_wconf 86' lang='lat' dir='ltr'><strong>et</strong></span> <span class='ocrx_word' id='word_1_461' title='bbox 2524 2383 2645 2443; x_wconf 89' lang='lat' dir='ltr'><strong>post</strong></span> <span class='ocrx_word' id='word_1_462' title='bbox 2674 2371 2981 2440; x_wconf 83' lang='lat' dir='ltr'><strong>religiosam</strong></span> <span class='ocrx_word' id='word_1_463' title='bbox 3013 2380 3219 2427; x_wconf 89' lang='lat' dir='ltr'><strong>vestem</strong></span> <span class='ocrx_word' id='word_1_464' title='bbox 3251 2371 3570 2435; x_wconf 87' lang='lat' dir='ltr'><strong>recesserit,</strong></span> <span class='ocrx_word' id='word_1_465' title='bbox 3597 2369 3676 2423; x_wconf 85' lang='lat' dir='ltr'><strong>vel</strong></span> <span class='ocrx_word' id='word_1_466' title='bbox 3714 2369 3800 2423; x_wconf 88' lang='lat' dir='ltr'><strong>mi-</strong></span> 
     </span>
    </p>
   </div>
   <div class='ocr_carea' id='block_1_70' title="bbox 2240 2458 3798 2528">
    <p class='ocr_par' dir='ltr' id='par_1_70' title="bbox 2240 2458 3798 2528">
     <span class='ocr_line' id='line_1_70' title="bbox 2240 2458 3798 2528; baseline -0.004 -12"><span class='ocrx_word' id='word_1_467' title='bbox 2240 2462 2506 2527; x_wconf 89' lang='lat' dir='ltr'><strong>litaverit,</strong></span> <span class='ocrx_word' id='word_1_468' title='bbox 2537 2460 2618 2516; x_wconf 86' lang='lat' dir='ltr'><strong>vel</strong></span> <span class='ocrx_word' id='word_1_469' title='bbox 2654 2459 2976 2528; x_wconf 87' lang='lat' dir='ltr'><strong>simpliciter</strong></span> <span class='ocrx_word' id='word_1_470' title='bbox 3003 2460 3173 2514; x_wconf 90' lang='lat' dir='ltr'><strong>laicus</strong></span> <span class='ocrx_word' id='word_1_471' title='bbox 3203 2458 3377 2514; x_wconf 81' lang='lat' dir='ltr'><strong>factus</strong></span> <span class='ocrx_word' id='word_1_472' title='bbox 3403 2458 3599 2523; x_wconf 86' lang='lat' dir='ltr'><strong>fuerit,</strong></span> <span class='ocrx_word' id='word_1_473' title='bbox 3631 2458 3798 2528; x_wconf 87' lang='lat' dir='ltr'><strong>spolie-</strong></span> 
     </span>
    </p>
   </div>
   <div class='ocr_carea' id='block_1_71' title="bbox 2247 2551 3798 2623">
    <p class='ocr_par' dir='ltr' id='par_1_71' title="bbox 2247 2551 3798 2623">
     <span class='ocr_line' id='line_1_71' title="bbox 2247 2551 3798 2623; baseline -0.001 -17"><span class='ocrx_word' id='word_1_474' title='bbox 2247 2562 2334 2606; x_wconf 90' lang='lat' dir='ltr'><strong>tur</strong></span> <span class='ocrx_word' id='word_1_475' title='bbox 2357 2551 2574 2623; x_wconf 85' lang='lat' dir='ltr'><strong>cingulo</strong></span> <span class='ocrx_word' id='word_1_476' title='bbox 2600 2551 2853 2617; x_wconf 88' lang='lat' dir='ltr'><strong>militari,</strong></span> <span class='ocrx_word' id='word_1_477' title='bbox 2882 2560 2938 2605; x_wconf 91' lang='lat' dir='ltr'><strong>et</strong></span> <span class='ocrx_word' id='word_1_478' title='bbox 2972 2552 3080 2606; x_wconf 90' lang='lat' dir='ltr'><strong>vita</strong></span> <span class='ocrx_word' id='word_1_479' title='bbox 3113 2552 3279 2606; x_wconf 85' lang='lat' dir='ltr'><strong>libera</strong></span> <span class='ocrx_word' id='word_1_480' title='bbox 3306 2567 3411 2607; x_wconf 94' lang='lat' dir='ltr'><strong>non</strong></span> <span class='ocrx_word' id='word_1_481' title='bbox 3443 2554 3703 2622; x_wconf 71' lang='lat' dir='ltr'><strong>potietur,</strong></span> <span class='ocrx_word' id='word_1_482' title='bbox 3724 2553 3798 2606; x_wconf 77' lang='lat' dir='ltr'><strong>sed</strong></span> 
     </span>
    </p>
   </div>
   <div class='ocr_carea' id='block_1_72' title="bbox 2240 2641 3800 2714">
    <p class='ocr_par' dir='ltr' id='par_1_72' title="bbox 2240 2641 3800 2714">
     <span class='ocr_line' id='line_1_72' title="bbox 2240 2641 3800 2714; baseline -0.003 -16"><span class='ocrx_word' id='word_1_483' title='bbox 2240 2641 2419 2698; x_wconf 89' lang='lat' dir='ltr'><strong>oIIicio</strong></span> <span class='ocrx_word' id='word_1_484' title='bbox 2447 2641 2696 2710; x_wconf 87' lang='lat' dir='ltr'><strong>praesidis</strong></span> <span class='ocrx_word' id='word_1_485' title='bbox 2723 2641 3017 2710; x_wconf 69' lang='lat' dir='ltr'><strong>provinciae</strong></span> <span class='ocrx_word' id='word_1_486' title='bbox 3043 2643 3249 2697; x_wconf 84' lang='lat' dir='ltr'><strong>servire</strong></span> <span class='ocrx_word' id='word_1_487' title='bbox 3277 2650 3529 2714; x_wconf 84' lang='lat' dir='ltr'><strong>cogatur.</strong></span> <span class='ocrx_word' id='word_1_488' title='bbox 3564 2641 3800 2696; x_wconf 65' lang='lat' dir='ltr'><strong>Substam</strong></span> 
     </span>
    </p>
   </div>
   <div class='ocr_carea' id='block_1_73' title="bbox 2243 2730 3446 2800">
    <p class='ocr_par' dir='ltr' id='par_1_73' title="bbox 2243 2730 3446 2800">
     <span class='ocr_line' id='line_1_73' title="bbox 2243 2730 3446 2800; baseline -0.001 -15"><span class='ocrx_word' id='word_1_489' title='bbox 2243 2731 2317 2785; x_wconf 91' lang='lat' dir='ltr'><strong>tia</strong></span> <span class='ocrx_word' id='word_1_490' title='bbox 2342 2740 2522 2786; x_wconf 90' lang='lat' dir='ltr'><strong>autem</strong></span> <span class='ocrx_word' id='word_1_491' title='bbox 2556 2730 2674 2800; x_wconf 87' lang='lat' dir='ltr'><strong>ejus</strong></span> <span class='ocrx_word' id='word_1_492' title='bbox 2701 2732 2755 2785; x_wconf 89' lang='lat' dir='ltr'><strong>in</strong></span> <span class='ocrx_word' id='word_1_493' title='bbox 2785 2732 3114 2787; x_wconf 90' lang='lat' dir='ltr'><strong>monasterio</strong></span> <span class='ocrx_word' id='word_1_494' title='bbox 3142 2742 3379 2786; x_wconf 89' lang='lat' dir='ltr'><strong>maneat.</strong></span> <span class='ocrx_word' id='word_1_495' title='bbox 3427 2752 3446 2784; x_wconf 73' lang='grc' dir='ltr'><strong><em>ι</em></strong></span> 
     </span>
    </p>
   </div>
   <div class='ocr_carea' id='block_1_74' title="bbox 2311 2820 3799 2893">
    <p class='ocr_par' dir='ltr' id='par_1_74' title="bbox 2311 2820 3799 2893">
     <span class='ocr_line' id='line_1_74' title="bbox 2311 2820 3799 2893; baseline 0.001 -18"><span class='ocrx_word' id='word_1_496' title='bbox 2311 2821 2443 2875; x_wconf 89' lang='lat' dir='ltr'><strong>Item</strong></span> <span class='ocrx_word' id='word_1_497' title='bbox 2466 2821 2709 2892; x_wconf 81' lang='lat' dir='ltr'><strong>exempla</strong></span> <span class='ocrx_word' id='word_1_498' title='bbox 2728 2820 2906 2876; x_wconf 89' lang='lat' dir='ltr'><strong>Siricii</strong></span> <span class='ocrx_word' id='word_1_499' title='bbox 2930 2837 3081 2892; x_wconf 65' lang='lat' dir='ltr'><strong>papae</strong></span> <span class='ocrx_word' id='word_1_500' title='bbox 3102 2822 3167 2876; x_wconf 88' lang='lat' dir='ltr'><strong>ad</strong></span> <span class='ocrx_word' id='word_1_501' title='bbox 3193 2821 3490 2877; x_wconf 90' lang='lat' dir='ltr'><strong>Ilimerium</strong></span> <span class='ocrx_word' id='word_1_502' title='bbox 3516 2825 3799 2893; x_wconf 82' lang='lat' dir='ltr'><strong>episcopum</strong></span> 
     </span>
    </p>
   </div>
   <div class='ocr_carea' id='block_1_75' title="bbox 2244 2910 3801 2981">
    <p class='ocr_par' dir='ltr' id='par_1_75' title="bbox 2244 2910 3801 2981">
     <span class='ocr_line' id='line_1_75' title="bbox 2244 2910 3801 2981; baseline -0.001 -16"><span class='ocrx_word' id='word_1_503' title='bbox 2244 2911 2737 2975; x_wconf 84' lang='lat' dir='ltr'><strong>Terraconensem,</strong></span> <span class='ocrx_word' id='word_1_504' title='bbox 2789 2926 2907 2981; x_wconf 86' lang='lat' dir='ltr'><strong>cap.</strong></span> <span class='ocrx_word' id='word_1_505' title='bbox 2939 2911 3014 2965; x_wconf 88' lang='lat'><strong>6:</strong></span> <span class='ocrx_word' id='word_1_506' title='bbox 3058 2931 3075 2961; x_wconf 74' lang='grc' dir='ltr'><strong><em>ι</em></strong></span> <span class='ocrx_word' id='word_1_507' title='bbox 3111 2910 3385 2967; x_wconf 65' lang='lat' dir='ltr'><strong>Praeterea</strong></span> <span class='ocrx_word' id='word_1_508' title='bbox 3435 2914 3801 2968; x_wconf 82' lang='lat' dir='ltr'><strong>monachorum</strong></span> 
     </span>
    </p>
   </div>
   <div class='ocr_carea' id='block_1_76' title="bbox 2244 3003 3802 3073">
    <p class='ocr_par' dir='ltr' id='par_1_76' title="bbox 2244 3003 3802 3073">
     <span class='ocr_line' id='line_1_76' title="bbox 2244 3003 3802 3073; baseline 0 -16"><span class='ocrx_word' id='word_1_509' title='bbox 2244 3003 2505 3073; x_wconf 89' lang='lat' dir='ltr'><strong>quosdam</strong></span> <span class='ocrx_word' id='word_1_510' title='bbox 2531 3011 2694 3072; x_wconf 88' lang='lat' dir='ltr'><strong>atque</strong></span> <span class='ocrx_word' id='word_1_511' title='bbox 2717 3003 3106 3057; x_wconf 86' lang='lat' dir='ltr'><strong>monacharum</strong></span> <span class='ocrx_word' id='word_1_512' title='bbox 3129 3003 3243 3057; x_wconf 87' lang='lat' dir='ltr'><strong>sive</strong></span> <span class='ocrx_word' id='word_1_513' title='bbox 3270 3004 3589 3059; x_wconf 89' lang='lat' dir='ltr'><strong>monialiunt</strong></span> <span class='ocrx_word' id='word_1_514' title='bbox 3618 3003 3802 3072; x_wconf 70' lang='lat' dir='ltr'><strong>abiecto</strong></span> 
     </span>
    </p>
   </div>
   <div class='ocr_carea' id='block_1_77' title="bbox 2241 3094 3804 3166">
    <p class='ocr_par' dir='ltr' id='par_1_77' title="bbox 2241 3094 3804 3166">
     <span class='ocr_line' id='line_1_77' title="bbox 2241 3094 3804 3166; baseline -0.003 -16"><span class='ocrx_word' id='word_1_515' title='bbox 2241 3096 2519 3166; x_wconf 89' lang='lat' dir='ltr'><strong>proposito</strong></span> <span class='ocrx_word' id='word_1_516' title='bbox 2548 3094 2858 3150; x_wconf 90' lang='lat' dir='ltr'><strong>sanctitatis</strong></span> <span class='ocrx_word' id='word_1_517' title='bbox 2884 3094 2937 3148; x_wconf 93' lang='lat' dir='ltr'><strong>in</strong></span> <span class='ocrx_word' id='word_1_518' title='bbox 2968 3103 3172 3149; x_wconf 90' lang='lat' dir='ltr'><strong>tantam</strong></span> <span class='ocrx_word' id='word_1_519' title='bbox 3201 3095 3528 3164; x_wconf 88' lang='lat' dir='ltr'><strong>protestaris</strong></span> <span class='ocrx_word' id='word_1_520' title='bbox 3552 3096 3804 3151; x_wconf 85' lang='lat' dir='ltr'><strong>demersos</strong></span> 
     </span>
    </p>
   </div>
   <div class='ocr_carea' id='block_1_78' title="bbox 2241 3187 3804 3259">
    <p class='ocr_par' dir='ltr' id='par_1_78' title="bbox 2241 3187 3804 3259">
     <span class='ocr_line' id='line_1_78' title="bbox 2241 3187 3804 3259; baseline -0.001 -16"><span class='ocrx_word' id='word_1_521' title='bbox 2241 3204 2362 3244; x_wconf 90' lang='lat' dir='ltr'><strong>esse</strong></span> <span class='ocrx_word' id='word_1_522' title='bbox 2387 3187 2691 3254; x_wconf 84' lang='lat' dir='ltr'><strong>lasciviam,</strong></span> <span class='ocrx_word' id='word_1_523' title='bbox 2719 3196 2778 3242; x_wconf 89' lang='lat' dir='ltr'><strong>ut</strong></span> <span class='ocrx_word' id='word_1_524' title='bbox 2800 3189 2951 3259; x_wconf 87' lang='lat' dir='ltr'><strong>pritts</strong></span> <span class='ocrx_word' id='word_1_525' title='bbox 2968 3188 3236 3255; x_wconf 88' lang='lat' dir='ltr'><strong>clanculo,</strong></span> <span class='ocrx_word' id='word_1_526' title='bbox 3257 3188 3405 3242; x_wconf 85' lang='lat' dir='ltr'><strong>velut</strong></span> <span class='ocrx_word' id='word_1_527' title='bbox 3426 3190 3531 3245; x_wconf 89' lang='lat' dir='ltr'><strong>sub</strong></span> <span class='ocrx_word' id='word_1_528' title='bbox 3554 3198 3804 3244; x_wconf 57' lang='lat' dir='ltr'><strong>monastec</strong></span> 
     </span>
    </p>
   </div>
   <div class='ocr_carea' id='block_1_79' title="bbox 2243 3280 3802 3354">
    <p class='ocr_par' dir='ltr' id='par_1_79' title="bbox 2243 3280 3802 3354">
     <span class='ocr_line' id='line_1_79' title="bbox 2243 3280 3802 3354; baseline 0.001 -20"><span class='ocrx_word' id='word_1_529' title='bbox 2243 3280 2444 3336; x_wconf 91' lang='lat' dir='ltr'><strong>riorum</strong></span> <span class='ocrx_word' id='word_1_530' title='bbox 2477 3288 2744 3350; x_wconf 78' lang='lat' dir='ltr'><strong>praetextu</strong></span> <span class='ocrx_word' id='word_1_531' title='bbox 2778 3281 2961 3336; x_wconf 91' lang='lat' dir='ltr'><strong>illicita</strong></span> <span class='ocrx_word' id='word_1_532' title='bbox 2987 3323 3001 3347; x_wconf 94' lang='lat'><strong>,</strong></span> <span class='ocrx_word' id='word_1_533' title='bbox 3031 3296 3095 3337; x_wconf 91' lang='lat' dir='ltr'><strong>ae</strong></span> <span class='ocrx_word' id='word_1_534' title='bbox 3122 3282 3385 3354; x_wconf 88' lang='lat' dir='ltr'><strong>sacrilega</strong></span> <span class='ocrx_word' id='word_1_535' title='bbox 3411 3297 3472 3337; x_wconf 89' lang='lat' dir='ltr'><strong>se</strong></span> <span class='ocrx_word' id='word_1_536' title='bbox 3503 3284 3802 3353; x_wconf 81' lang='lat' dir='ltr'><strong>contagione</strong></span> 
     </span>
    </p>
   </div>
   <div class='ocr_carea' id='block_1_80' title="bbox 2241 3372 3803 3444">
    <p class='ocr_par' dir='ltr' id='par_1_80' title="bbox 2241 3372 3803 3444">
     <span class='ocr_line' id='line_1_80' title="bbox 2241 3372 3803 3444; baseline 0 -18"><span class='ocrx_word' id='word_1_537' title='bbox 2241 3372 2587 3438; x_wconf 88' lang='lat' dir='ltr'><strong>miscuerint;</strong></span> <span class='ocrx_word' id='word_1_538' title='bbox 2634 3382 2820 3443; x_wconf 88' lang='lat' dir='ltr'><strong>postea</strong></span> <span class='ocrx_word' id='word_1_539' title='bbox 2867 3388 2997 3428; x_wconf 89' lang='lat' dir='ltr'><strong>vero</strong></span> <span class='ocrx_word' id='word_1_540' title='bbox 3044 3374 3096 3428; x_wconf 93' lang='lat' dir='ltr'><strong>in</strong></span> <span class='ocrx_word' id='word_1_541' title='bbox 3142 3374 3428 3444; x_wconf 90' lang='lat' dir='ltr'><strong>abruptum</strong></span> <span class='ocrx_word' id='word_1_542' title='bbox 3479 3376 3803 3431; x_wconf 76' lang='lat' dir='ltr'><strong>conscientia:</strong></span> 
     </span>
    </p>
   </div>
   <div class='ocr_carea' id='block_1_81' title="bbox 2242 3464 3804 3535">
    <p class='ocr_par' dir='ltr' id='par_1_81' title="bbox 2242 3464 3804 3535">
     <span class='ocr_line' id='line_1_81' title="bbox 2242 3464 3804 3535; baseline -0.001 -16"><span class='ocrx_word' id='word_1_543' title='bbox 2242 3464 2619 3535; x_wconf 87' lang='lat' dir='ltr'><strong>desperatione</strong></span> <span class='ocrx_word' id='word_1_544' title='bbox 2645 3464 2911 3535; x_wconf 89' lang='lat' dir='ltr'><strong>perducti,</strong></span> <span class='ocrx_word' id='word_1_545' title='bbox 2940 3465 3007 3520; x_wconf 90' lang='lat' dir='ltr'><strong>de</strong></span> <span class='ocrx_word' id='word_1_546' title='bbox 3034 3465 3238 3520; x_wconf 89' lang='lat' dir='ltr'><strong>illicitis</strong></span> <span class='ocrx_word' id='word_1_547' title='bbox 3262 3464 3639 3535; x_wconf 76' lang='lat' dir='ltr'><strong>complexibus</strong></span> <span class='ocrx_word' id='word_1_548' title='bbox 3661 3466 3804 3520; x_wconf 84' lang='lat' dir='ltr'><strong>libere</strong></span> 
     </span>
    </p>
   </div>
   <div class='ocr_carea' id='block_1_82' title="bbox 2242 3555 3800 3628">
    <p class='ocr_par' dir='ltr' id='par_1_82' title="bbox 2242 3555 3800 3628">
     <span class='ocr_line' id='line_1_82' title="bbox 2242 3555 3800 3628; baseline 0.001 -19"><span class='ocrx_word' id='word_1_549' title='bbox 2242 3555 2383 3610; x_wconf 84' lang='lat' dir='ltr'><strong>ﬁlios</strong></span> <span class='ocrx_word' id='word_1_550' title='bbox 2430 3558 2802 3626; x_wconf 89' lang='lat' dir='ltr'><strong>procrearint,</strong></span> <span class='ocrx_word' id='word_1_551' title='bbox 2837 3558 2980 3627; x_wconf 83' lang='lat' dir='ltr'><strong>quod</strong></span> <span class='ocrx_word' id='word_1_552' title='bbox 3011 3566 3062 3612; x_wconf 90' lang='lat' dir='ltr'><strong>et</strong></span> <span class='ocrx_word' id='word_1_553' title='bbox 3093 3558 3318 3627; x_wconf 76' lang='lat' dir='ltr'><strong>publicze</strong></span> <span class='ocrx_word' id='word_1_554' title='bbox 3347 3557 3522 3628; x_wconf 85' lang='lat' dir='ltr'><strong>leges,</strong></span> <span class='ocrx_word' id='word_1_555' title='bbox 3554 3569 3611 3612; x_wconf 88' lang='lat' dir='ltr'><strong>et</strong></span> <span class='ocrx_word' id='word_1_556' title='bbox 3652 3556 3800 3613; x_wconf 78' lang='lat' dir='ltr'><strong>cccle-</strong></span> 
     </span>
    </p>
   </div>
   <div class='ocr_carea' id='block_1_83' title="bbox 2242 3647 3803 3719">
    <p class='ocr_par' dir='ltr' id='par_1_83' title="bbox 2242 3647 3803 3719">
     <span class='ocr_line' id='line_1_83' title="bbox 2242 3647 3803 3719; baseline -0.002 -15"><span class='ocrx_word' id='word_1_557' title='bbox 2242 3648 2461 3704; x_wconf 88' lang='lat' dir='ltr'><strong>siastica</strong></span> <span class='ocrx_word' id='word_1_558' title='bbox 2487 3647 2609 3717; x_wconf 84' lang='lat' dir='ltr'><strong>jura</strong></span> <span class='ocrx_word' id='word_1_559' title='bbox 2640 3650 3023 3703; x_wconf 87' lang='lat' dir='ltr'><strong>condemnant.</strong></span> <span class='ocrx_word' id='word_1_560' title='bbox 3056 3647 3163 3703; x_wconf 82' lang='lat' dir='ltr'><strong>llas</strong></span> <span class='ocrx_word' id='word_1_561' title='bbox 3188 3648 3357 3719; x_wconf 87' lang='lat' dir='ltr'><strong>igitur</strong></span> <span class='ocrx_word' id='word_1_562' title='bbox 3403 3650 3703 3719; x_wconf 88' lang='lat' dir='ltr'><strong>impudicas</strong></span> <span class='ocrx_word' id='word_1_563' title='bbox 3727 3649 3803 3701; x_wconf 86' lang='lat' dir='ltr'><strong>de-</strong></span> 
     </span>
    </p>
   </div>
   <div class='ocr_carea' id='block_1_84' title="bbox 2245 3737 3804 3806">
    <p class='ocr_par' dir='ltr' id='par_1_84' title="bbox 2245 3737 3804 3806">
     <span class='ocr_line' id='line_1_84' title="bbox 2245 3737 3804 3806; baseline 0.001 -15"><span class='ocrx_word' id='word_1_564' title='bbox 2245 3737 2631 3806; x_wconf 89' lang='lat' dir='ltr'><strong>testabilesque</strong></span> <span class='ocrx_word' id='word_1_565' title='bbox 2652 3753 2912 3806; x_wconf 90' lang='lat' dir='ltr'><strong>personas</strong></span> <span class='ocrx_word' id='word_1_566' title='bbox 2940 3754 2969 3791; x_wconf 90' lang='lat' dir='ltr'><strong>a</strong></span> <span class='ocrx_word' id='word_1_567' title='bbox 2997 3739 3449 3793; x_wconf 88' lang='lat' dir='ltr'><strong>monasteriorum</strong></span> <span class='ocrx_word' id='word_1_568' title='bbox 3482 3748 3630 3792; x_wconf 78' lang='lat' dir='ltr'><strong>coetu</strong></span> <span class='ocrx_word' id='word_1_569' title='bbox 3654 3738 3804 3793; x_wconf 83' lang='lat' dir='ltr'><strong>eccle-</strong></span> 
     </span>
    </p>
   </div>
   <div class='ocr_carea' id='block_1_85' title="bbox 2243 3828 3803 3897">
    <p class='ocr_par' dir='ltr' id='par_1_85' title="bbox 2243 3828 3803 3897">
     <span class='ocr_line' id='line_1_85' title="bbox 2243 3828 3803 3897; baseline -0.001 -15"><span class='ocrx_word' id='word_1_570' title='bbox 2243 3828 2553 3897; x_wconf 81' lang='lat' dir='ltr'><strong>siarumquc</strong></span> <span class='ocrx_word' id='word_1_571' title='bbox 2584 3830 2937 3884; x_wconf 84' lang='lat' dir='ltr'><strong>conventibus</strong></span> <span class='ocrx_word' id='word_1_572' title='bbox 2959 3830 3315 3885; x_wconf 86' lang='lat' dir='ltr'><strong>climiuandas</strong></span> <span class='ocrx_word' id='word_1_573' title='bbox 3337 3844 3458 3883; x_wconf 88' lang='lat' dir='ltr'><strong>esse</strong></span> <span class='ocrx_word' id='word_1_574' title='bbox 3482 3830 3803 3890; x_wconf 83' lang='lat' dir='ltr'><strong>mandamus,</strong></span> 
     </span>
    </p>
   </div>
   <div class='ocr_carea' id='block_1_86' title="bbox 2244 3920 3805 3991">
    <p class='ocr_par' dir='ltr' id='par_1_86' title="bbox 2244 3920 3805 3991">
     <span class='ocr_line' id='line_1_86' title="bbox 2244 3920 3805 3991; baseline 0 -20"><span class='ocrx_word' id='word_1_575' title='bbox 2244 3927 2512 3986; x_wconf 90' lang='lat' dir='ltr'><strong>quatenus</strong></span> <span class='ocrx_word' id='word_1_576' title='bbox 2546 3928 2772 3974; x_wconf 60' lang='lat' dir='ltr'><strong>retrusa:</strong></span> <span class='ocrx_word' id='word_1_577' title='bbox 2800 3921 2853 3974; x_wconf 92' lang='lat' dir='ltr'><strong>in</strong></span> <span class='ocrx_word' id='word_1_578' title='bbox 2884 3921 2996 3975; x_wconf 91' lang='lat' dir='ltr'><strong>suis</strong></span> <span class='ocrx_word' id='word_1_579' title='bbox 3022 3921 3334 3991; x_wconf 88' lang='lat' dir='ltr'><strong>ergastulis,</strong></span> <span class='ocrx_word' id='word_1_580' title='bbox 3370 3929 3586 3974; x_wconf 89' lang='lat' dir='ltr'><strong>tantum</strong></span> <span class='ocrx_word' id='word_1_581' title='bbox 3619 3920 3805 3975; x_wconf 77' lang='lat' dir='ltr'><strong>facinus</strong></span> 
     </span>
    </p>
   </div>
   <div class='ocr_carea' id='block_1_87' title="bbox 2246 4007 3805 4079">
    <p class='ocr_par' dir='ltr' id='par_1_87' title="bbox 2246 4007 3805 4079">
     <span class='ocr_line' id='line_1_87' title="bbox 2246 4007 3805 4079; baseline 0.001 -18"><span class='ocrx_word' id='word_1_582' title='bbox 2246 4007 2506 4062; x_wconf 64' lang='lat' dir='ltr'><strong>continua</strong></span> <span class='ocrx_word' id='word_1_583' title='bbox 2535 4007 2921 4063; x_wconf 87' lang='lat' dir='ltr'><strong>lamentatione</strong></span> <span class='ocrx_word' id='word_1_584' title='bbox 2964 4008 3250 4076; x_wconf 74' lang='lat' dir='ltr'><strong>dedentes,</strong></span> <span class='ocrx_word' id='word_1_585' title='bbox 3289 4009 3663 4079; x_wconf 80' lang='lat' dir='ltr'><strong>purificatorio</strong></span> <span class='ocrx_word' id='word_1_586' title='bbox 3700 4024 3805 4079; x_wconf 74' lang='lat' dir='ltr'><strong>pos-</strong></span> 
     </span>
    </p>
   </div>
   <div class='ocr_carea' id='block_1_88' title="bbox 2246 4098 3803 4172">
    <p class='ocr_par' dir='ltr' id='par_1_88' title="bbox 2246 4098 3803 4172">
     <span class='ocr_line' id='line_1_88' title="bbox 2246 4098 3803 4172; baseline 0.002 -21"><span class='ocrx_word' id='word_1_587' title='bbox 2246 4098 2355 4152; x_wconf 90' lang='lat' dir='ltr'><strong>sint</strong></span> <span class='ocrx_word' id='word_1_588' title='bbox 2377 4099 2732 4169; x_wconf 81' lang='lat' dir='ltr'><strong>paenitudinis</strong></span> <span class='ocrx_word' id='word_1_589' title='bbox 2763 4101 2886 4172; x_wconf 88' lang='lat' dir='ltr'><strong>igne</strong></span> <span class='ocrx_word' id='word_1_590' title='bbox 2915 4100 3250 4171; x_wconf 81' lang='lat' dir='ltr'><strong>dechuere,</strong></span> <span class='ocrx_word' id='word_1_591' title='bbox 3279 4111 3336 4156; x_wconf 90' lang='lat' dir='ltr'><strong>ttt</strong></span> <span class='ocrx_word' id='word_1_592' title='bbox 3364 4103 3447 4157; x_wconf 90' lang='lat' dir='ltr'><strong>eis</strong></span> <span class='ocrx_word' id='word_1_593' title='bbox 3470 4102 3559 4157; x_wconf 88' lang='lat' dir='ltr'><strong>vel</strong></span> <span class='ocrx_word' id='word_1_594' title='bbox 3589 4104 3655 4159; x_wconf 88' lang='lat' dir='ltr'><strong>ad</strong></span> <span class='ocrx_word' id='word_1_595' title='bbox 3675 4117 3803 4156; x_wconf 85' lang='lat' dir='ltr'><strong>mor-</strong></span> 
     </span>
    </p>
   </div>
   <div class='ocr_carea' id='block_1_89' title="bbox 2247 4191 3806 4264">
    <p class='ocr_par' dir='ltr' id='par_1_89' title="bbox 2247 4191 3806 4264">
     <span class='ocr_line' id='line_1_89' title="bbox 2247 4191 3806 4264; baseline 0.001 -17"><span class='ocrx_word' id='word_1_596' title='bbox 2247 4201 2357 4247; x_wconf 92' lang='lat' dir='ltr'><strong>tem</strong></span> <span class='ocrx_word' id='word_1_597' title='bbox 2385 4191 2576 4248; x_wconf 89' lang='lat' dir='ltr'><strong>saltem</strong></span> <span class='ocrx_word' id='word_1_598' title='bbox 2607 4193 2774 4248; x_wconf 92' lang='lat' dir='ltr'><strong>solius</strong></span> <span class='ocrx_word' id='word_1_599' title='bbox 2804 4194 3192 4250; x_wconf 72' lang='lat' dir='ltr'><strong>misericordia:</strong></span> <span class='ocrx_word' id='word_1_600' title='bbox 3223 4194 3418 4249; x_wconf 90' lang='lat' dir='ltr'><strong>intuitu</strong></span> <span class='ocrx_word' id='word_1_601' title='bbox 3454 4211 3558 4264; x_wconf 86' lang='lat' dir='ltr'><strong>per</strong></span> <span class='ocrx_word' id='word_1_602' title='bbox 3586 4212 3806 4252; x_wconf 82' lang='lat' dir='ltr'><strong>commu-</strong></span> 
     </span>
    </p>
   </div>
   <div class='ocr_carea' id='block_1_90' title="bbox 2246 4283 3659 4354">
    <p class='ocr_par' dir='ltr' id='par_1_90' title="bbox 2246 4283 3659 4354">
     <span class='ocr_line' id='line_1_90' title="bbox 2246 4283 3659 4354; baseline 0.001 -17"><span class='ocrx_word' id='word_1_603' title='bbox 2246 4283 2424 4340; x_wconf 88' lang='lat' dir='ltr'><strong>nionis</strong></span> <span class='ocrx_word' id='word_1_604' title='bbox 2450 4283 2679 4353; x_wconf 89' lang='lat' dir='ltr'><strong>gratiam</strong></span> <span class='ocrx_word' id='word_1_605' title='bbox 2708 4283 2880 4353; x_wconf 91' lang='lat' dir='ltr'><strong>possit</strong></span> <span class='ocrx_word' id='word_1_606' title='bbox 2911 4283 3243 4354; x_wconf 85' lang='lat' dir='ltr'><strong>indulgentia</strong></span> <span class='ocrx_word' id='word_1_607' title='bbox 3276 4284 3593 4342; x_wconf 84' lang='lat' dir='ltr'><strong>subvenire.</strong></span> <span class='ocrx_word' id='word_1_608' title='bbox 3638 4306 3659 4339; x_wconf 80' lang='grc' dir='ltr'><strong><em>ι</em></strong></span> 
     </span>
    </p>
   </div>
   <div class='ocr_carea' id='block_1_91' title="bbox 556 4376 3809 4469">
    <p class='ocr_par' dir='ltr' id='par_1_91' title="bbox 556 4376 3809 4469">
     <span class='ocr_line' id='line_1_91' title="bbox 556 4376 3809 4469; baseline -0 -43"><span class='ocrx_word' id='word_1_609' title='bbox 556 4389 717 4469; x_wconf 81' lang='lat' dir='ltr'><strong>quem</strong></span> <span class='ocrx_word' id='word_1_610' title='bbox 747 4376 899 4469; x_wconf 74' lang='lat' dir='ltr'><strong>vobis</strong></span> <span class='ocrx_word' id='word_1_611' title='bbox 946 4377 1010 4430; x_wconf 90' lang='lat' dir='ltr'><strong>de</strong></span> <span class='ocrx_word' id='word_1_612' title='bbox 1058 4378 1479 4469; x_wconf 80' lang='lat' dir='ltr'><strong>congregatione</strong></span> <span class='ocrx_word' id='word_1_613' title='bbox 1507 4394 1600 4432; x_wconf 89' lang='lat' dir='ltr'><strong>sua</strong></span> <span class='ocrx_word' id='word_1_614' title='bbox 1636 4378 1702 4431; x_wconf 88' lang='lat' dir='ltr'><strong>ad</strong></span> <span class='ocrx_word' id='word_1_615' title='bbox 1737 4376 2139 4431; x_wconf 88' lang='lat' dir='ltr'><strong>ordinationem</strong></span> <span class='ocrx_word' id='word_1_616' title='bbox 2167 4407 2223 4469; x_wconf 72' lang='grc' dir='ltr'><strong>Β</strong></span> <span class='ocrx_word' id='word_1_617' title='bbox 2246 4395 2437 4469; x_wconf 50' lang='lat' dir='ltr'><strong>xxup</strong></span> <span class='ocrx_word' id='word_1_618' title='bbox 2457 4389 2530 4438; x_wconf 83' lang='lat'><strong>:_</strong></span> <span class='ocrx_word' id='word_1_619' title='bbox 2550 4396 2627 4469; x_wconf 70' lang='lat' dir='ltr'><strong>pe</strong></span> <span class='ocrx_word' id='word_1_620' title='bbox 2664 4396 2866 4452; x_wconf 57' lang='lat' dir='ltr'><strong>clm-€58</strong></span> <span class='ocrx_word' id='word_1_621' title='bbox 2890 4401 2979 4469; x_wconf 57' lang='lat' dir='ltr'><strong>qui</strong></span> <span class='ocrx_word' id='word_1_622' title='bbox 3010 4400 3252 4454; x_wconf 52' lang='lat' dir='ltr'><strong>monachi</strong></span> <span class='ocrx_word' id='word_1_623' title='bbox 3293 4398 3467 4453; x_wconf 55' lang='lat' dir='ltr'><strong>volun,</strong></span> <span class='ocrx_word' id='word_1_624' title='bbox 3513 4400 3665 4467; x_wconf 55' lang='lat' dir='ltr'><strong><em>ﬁeri,</em></strong></span> <span class='ocrx_word' id='word_1_625' title='bbox 3688 4410 3732 4455; x_wconf 62' lang='grc' dir='ltr'><em>α</em></span> <span class='ocrx_word' id='word_1_626' title='bbox 3754 4400 3809 4450; x_wconf 57' lang='lat' dir='ltr'><strong>de</strong></span> 
     </span>
    </p>
   </div>
   <div class='ocr_carea' id='block_1_92' title="bbox 556 4464 2141 4537">
    <p class='ocr_par' dir='ltr' id='par_1_92' title="bbox 556 4464 2141 4537">
     <span class='ocr_line' id='line_1_92' title="bbox 556 4464 2141 4537; baseline 0.001 -17"><span class='ocrx_word' id='word_1_627' title='bbox 556 4464 813 4520; x_wconf 87' lang='lat' dir='ltr'><strong>obtulerit</strong></span> <span class='ocrx_word' id='word_1_628' title='bbox 837 4467 1259 4522; x_wconf 90' lang='lat' dir='ltr'><strong>consecrandum</strong></span> <span class='ocrx_word' id='word_1_629' title='bbox 1282 4507 1297 4535; x_wconf 93' lang='lat'><strong>,</strong></span> <span class='ocrx_word' id='word_1_630' title='bbox 1328 4468 1467 4523; x_wconf 90' lang='lat' dir='ltr'><strong>sicut</strong></span> <span class='ocrx_word' id='word_1_631' title='bbox 1510 4476 1591 4523; x_wconf 90' lang='lat' dir='ltr'><strong>est</strong></span> <span class='ocrx_word' id='word_1_632' title='bbox 1613 4468 1973 4533; x_wconf 91' lang='lat' dir='ltr'><strong>consuetudo,</strong></span> <span class='ocrx_word' id='word_1_633' title='bbox 2001 4483 2141 4537; x_wconf 71' lang='lat' dir='ltr'><strong>qua:-</strong></span> 
     </span>
    </p>
   </div>
   <div class='ocr_carea' id='block_1_93' title="bbox 557 4554 2139 4629">
    <p class='ocr_par' dir='ltr' id='par_1_93' title="bbox 557 4554 2139 4629">
     <span class='ocr_line' id='line_1_93' title="bbox 557 4554 2139 4629; baseline 0.003 -22"><span class='ocrx_word' id='word_1_634' title='bbox 557 4569 663 4623; x_wconf 93' lang='lat' dir='ltr'><strong>que</strong></span> <span class='ocrx_word' id='word_1_635' title='bbox 709 4565 837 4608; x_wconf 91' lang='lat' dir='ltr'><strong>sunt</strong></span> <span class='ocrx_word' id='word_1_636' title='bbox 866 4554 1238 4623; x_wconf 89' lang='lat' dir='ltr'><strong>discutienda,</strong></span> <span class='ocrx_word' id='word_1_637' title='bbox 1285 4558 1556 4614; x_wconf 85' lang='lat' dir='ltr'><strong>subtiliter</strong></span> <span class='ocrx_word' id='word_1_638' title='bbox 1598 4559 1961 4629; x_wconf 88' lang='lat' dir='ltr'><strong>perquiratis;</strong></span> <span class='ocrx_word' id='word_1_639' title='bbox 1992 4566 2048 4611; x_wconf 89' lang='lat' dir='ltr'><strong>et</strong></span> <span class='ocrx_word' id='word_1_640' title='bbox 2092 4556 2139 4612; x_wconf 90' lang='lat' dir='ltr'><strong>si</strong></span> 
     </span>
    </p>
   </div>
   <div class='ocr_carea' id='block_1_94' title="bbox 556 4641 2138 4717">
    <p class='ocr_par' dir='ltr' id='par_1_94' title="bbox 556 4641 2138 4717">
     <span class='ocr_line' id='line_1_94' title="bbox 556 4641 2138 4717; baseline 0.003 -20"><span class='ocrx_word' id='word_1_641' title='bbox 556 4641 691 4697; x_wconf 85' lang='lat' dir='ltr'><strong>nihil</strong></span> <span class='ocrx_word' id='word_1_642' title='bbox 721 4643 771 4695; x_wconf 95' lang='lat' dir='ltr'><strong>in</strong></span> <span class='ocrx_word' id='word_1_643' title='bbox 801 4657 867 4697; x_wconf 90' lang='lat' dir='ltr'><strong>eo</strong></span> <span class='ocrx_word' id='word_1_644' title='bbox 898 4653 1170 4699; x_wconf 79' lang='lat' dir='ltr'><strong>repertum</strong></span> <span class='ocrx_word' id='word_1_645' title='bbox 1203 4644 1366 4701; x_wconf 80' lang='lat' dir='ltr'><strong>fuerit</strong></span> <span class='ocrx_word' id='word_1_646' title='bbox 1395 4648 1539 4716; x_wconf 91' lang='lat' dir='ltr'><strong>quod</strong></span> <span class='ocrx_word' id='word_1_647' title='bbox 1583 4647 1634 4701; x_wconf 92' lang='lat' dir='ltr'><strong>ei</strong></span> <span class='ocrx_word' id='word_1_648' title='bbox 1684 4647 1853 4717; x_wconf 83' lang='lat' dir='ltr'><strong>possit</strong></span> <span class='ocrx_word' id='word_1_649' title='bbox 1882 4646 2138 4711; x_wconf 89' lang='lat' dir='ltr'><strong>obviare,</strong></span> 
     </span>
    </p>
   </div>
   <div class='ocr_carea' id='block_1_95' title="bbox 629 4773 2138 4853">
    <p class='ocr_par' dir='ltr' id='par_1_95' title="bbox 629 4773 2138 4853">
     <span class='ocr_line' id='line_1_95' title="bbox 629 4773 2138 4853; baseline 0.008 -28"><span class='ocrx_word' id='word_1_650' title='bbox 629 4773 743 4853; x_wconf 66' lang='lat' dir='ltr'><strong>(ss)</strong></span> <span class='ocrx_word' id='word_1_651' title='bbox 784 4774 852 4828; x_wconf 91' lang='lat' dir='ltr'><strong>In</strong></span> <span class='ocrx_word' id='word_1_652' title='bbox 875 4792 1021 4853; x_wconf 60' lang='lat' dir='ltr'><strong>conf.</strong></span> <span class='ocrx_word' id='word_1_653' title='bbox 1056 4775 1311 4853; x_wconf 57' lang='lat' dir='ltr'><strong>alienati.</strong></span> <span class='ocrx_word' id='word_1_654' title='bbox 1355 4778 1561 4851; x_wconf 81' lang='lat' dir='ltr'><strong>Nempe</strong></span> <span class='ocrx_word' id='word_1_655' title='bbox 1598 4783 1737 4851; x_wconf 89' lang='lat' dir='ltr'><strong>apud</strong></span> <span class='ocrx_word' id='word_1_656' title='bbox 1769 4782 2100 4853; x_wconf 87' lang='lat' dir='ltr'><strong>Sapouarias</strong></span> <span class='ocrx_word' id='word_1_657' title='bbox 2124 4824 2138 4847; x_wconf 97' lang='lat'><strong>,</strong></span> 
     </span>
    </p>
   </div>
   <div class='ocr_carea' id='block_1_96' title="bbox 554 4843 2138 4923">
    <p class='ocr_par' dir='ltr' id='par_1_96' title="bbox 554 4843 2138 4923">
     <span class='ocr_line' id='line_1_96' title="bbox 554 4843 2138 4923; baseline 0.007 -26"><span class='ocrx_word' id='word_1_658' title='bbox 554 4843 650 4916; x_wconf 88' lang='lat' dir='ltr'><strong>qui</strong></span> <span class='ocrx_word' id='word_1_659' title='bbox 681 4846 831 4923; x_wconf 77' lang='lat' dir='ltr'><strong>locus</strong></span> <span class='ocrx_word' id='word_1_660' title='bbox 860 4843 1124 4923; x_wconf 45' lang='lat' dir='ltr'><strong>estjullo</strong></span> <span class='ocrx_word' id='word_1_661' title='bbox 1162 4848 1463 4923; x_wconf 79' lang='lat' dir='ltr'><strong>Leucoruttt</strong></span> <span class='ocrx_word' id='word_1_662' title='bbox 1496 4843 1867 4923; x_wconf 47' lang='lat' dir='ltr'><strong>suburbanus:</strong></span> <span class='ocrx_word' id='word_1_663' title='bbox 1897 4854 1952 4906; x_wconf 89' lang='lat' dir='ltr'><strong>In</strong></span> <span class='ocrx_word' id='word_1_664' title='bbox 1978 4843 2138 4923; x_wconf 82' lang='lat' dir='ltr'><strong>hujus</strong></span> 
     </span>
    </p>
   </div>
   <div class='ocr_carea' id='block_1_97' title="bbox 557 4914 2139 5040">
    <p class='ocr_par' dir='ltr' id='par_1_97' title="bbox 557 4914 2139 5040">
     <span class='ocr_line' id='line_1_97' title="bbox 557 4914 2139 5040; baseline 0.004 -69"><span class='ocrx_word' id='word_1_665' title='bbox 557 4914 749 4987; x_wconf 77' lang='lat' dir='ltr'><strong>synodi</strong></span> <span class='ocrx_word' id='word_1_666' title='bbox 944 4914 1002 4970; x_wconf 86' lang='lat' dir='ltr'><strong>II</strong></span> <span class='ocrx_word' id='word_1_667' title='bbox 1029 4957 1043 4979; x_wconf 89' lang='lat'><strong>,</strong></span> <span class='ocrx_word' id='word_1_668' title='bbox 1088 4920 1230 4985; x_wconf 91' lang='lat' dir='ltr'><strong>quod</strong></span> <span class='ocrx_word' id='word_1_669' title='bbox 1276 4921 1449 4974; x_wconf 81' lang='lat' dir='ltr'><strong>Aboni</strong></span> <span class='ocrx_word' id='word_1_670' title='bbox 1480 4922 1859 4977; x_wconf 87' lang='lat' dir='ltr'><strong>duodecimum</strong></span> <span class='ocrx_word' id='word_1_671' title='bbox 1888 4932 2001 4988; x_wconf 89' lang='lat' dir='ltr'><strong>est,</strong></span> <span class='ocrx_word' id='word_1_672' title='bbox 2035 4914 2139 4978; x_wconf 78' lang='lat' dir='ltr'><strong>hoc</strong></span> 
     </span>
     <span class='ocr_line' id='line_1_98' title="bbox 559 4986 2139 5040; baseline 0.003 -4"><span class='ocrx_word' id='word_1_673' title='bbox 559 4987 836 5040; x_wconf 90' lang='lat' dir='ltr'><strong>decretum</strong></span> <span class='ocrx_word' id='word_1_674' title='bbox 878 4986 1103 5040; x_wconf 76' lang='lat' dir='ltr'><strong>labetur</strong></span> <span class='ocrx_word' id='word_1_675' title='bbox 1136 4987 1285 5030; x_wconf 71' lang='grc' dir='ltr'><strong>οιιῖιιε</strong></span> <span class='ocrx_word' id='word_1_676' title='bbox 1316 4990 1475 5038; x_wconf 75' lang='lat' dir='ltr'><strong>verba</strong></span> <span class='ocrx_word' id='word_1_677' title='bbox 1500 4993 1746 5040; x_wconf 64' lang='lat' dir='ltr'><strong>mundam</strong></span> <span class='ocrx_word' id='word_1_678' title='bbox 1779 4993 1994 5040; x_wconf 79' lang='lat' dir='ltr'><strong>nerimit</strong></span> <span class='ocrx_word' id='word_1_679' title='bbox 2027 4994 2139 5040; x_wconf 73' lang='lat' dir='ltr'><strong>Alta</strong></span> 
     </span>
    </p>
   </div>
   <div class='ocr_carea' id='block_1_98' title="bbox 559 4986 2141 5070">
    <p class='ocr_par' dir='ltr' id='par_1_98' title="bbox 559 4986 2141 5070">
     <span class='ocr_line' id='line_1_99' title="bbox 559 4986 2141 5070; baseline 0.001 -33"><span class='ocrx_word' id='word_1_680' title='bbox 559 4987 836 5060; x_wconf 82' lang='lat' dir='ltr'><strong>decretum</strong></span> <span class='ocrx_word' id='word_1_681' title='bbox 862 4986 1103 5040; x_wconf 85' lang='lat' dir='ltr'><strong>habetur</strong></span> <span class='ocrx_word' id='word_1_682' title='bbox 1136 4987 1285 5030; x_wconf 71' lang='grc' dir='ltr'><strong>οιιῖιια</strong></span> <span class='ocrx_word' id='word_1_683' title='bbox 1316 4990 1475 5038; x_wconf 76' lang='lat' dir='ltr'><strong>verba</strong></span> <span class='ocrx_word' id='word_1_684' title='bbox 1500 4993 1746 5070; x_wconf 61' lang='lat' dir='ltr'><strong>qumdarn</strong></span> <span class='ocrx_word' id='word_1_685' title='bbox 1779 4986 1995 5062; x_wconf 67' lang='lat' dir='ltr'><strong>perimit</strong></span> <span class='ocrx_word' id='word_1_686' title='bbox 2022 4994 2141 5047; x_wconf 80' lang='lat' dir='ltr'><strong>Abo</strong></span> 
     </span>
    </p>
   </div>
   <div class='ocr_carea' id='block_1_99' title="bbox 2422 4466 3649 4541">
    <p class='ocr_par' dir='ltr' id='par_1_99' title="bbox 2422 4466 3649 4541">
     <span class='ocr_line' id='line_1_100' title="bbox 2422 4466 3649 4541; baseline 0.005 -22"><span class='ocrx_word' id='word_1_687' title='bbox 2422 4466 2702 4521; x_wconf 81' lang='lat' dir='ltr'><strong>insolentia</strong></span> <span class='ocrx_word' id='word_1_688' title='bbox 2725 4466 3085 4538; x_wconf 72' lang='lat' dir='ltr'><strong>episcoporum</strong></span> <span class='ocrx_word' id='word_1_689' title='bbox 3111 4470 3220 4541; x_wconf 82' lang='grc'><strong>(59)</strong></span> <span class='ocrx_word' id='word_1_690' title='bbox 3252 4471 3306 4523; x_wconf 86' lang='lat' dir='ltr'><strong>in</strong></span> <span class='ocrx_word' id='word_1_691' title='bbox 3341 4466 3649 4525; x_wconf 75' lang='lat' dir='ltr'><strong>monac/tos.</strong></span> 
     </span>
    </p>
   </div>
   <div class='ocr_carea' id='block_1_100' title="bbox 2314 4555 3805 4631">
    <p class='ocr_par' dir='ltr' id='par_1_100' title="bbox 2314 4555 3805 4631">
     <span class='ocr_line' id='line_1_101' title="bbox 2314 4555 3805 4631; baseline -0.001 -18"><span class='ocrx_word' id='word_1_692' title='bbox 2314 4555 2446 4627; x_wconf 88' lang='lat' dir='ltr'><strong>Cap.</strong></span> <span class='ocrx_word' id='word_1_693' title='bbox 2475 4558 2545 4612; x_wconf 71' lang='lat'><strong>52</strong></span> <span class='ocrx_word' id='word_1_694' title='bbox 2574 4558 2660 4630; x_wconf 90' lang='lat' dir='ltr'><strong>[l.,</strong></span> <span class='ocrx_word' id='word_1_695' title='bbox 2691 4558 2782 4631; x_wconf 83' lang='lat'><strong>50]</strong></span> <span class='ocrx_word' id='word_1_696' title='bbox 2821 4574 2888 4614; x_wconf 82' lang='lat' dir='ltr'><strong>ex</strong></span> <span class='ocrx_word' id='word_1_697' title='bbox 2920 4559 3182 4616; x_wconf 89' lang='lat' dir='ltr'><strong>Toletano</strong></span> <span class='ocrx_word' id='word_1_698' title='bbox 3211 4559 3446 4615; x_wconf 89' lang='lat' dir='ltr'><strong>concilio</strong></span> <span class='ocrx_word' id='word_1_699' title='bbox 3471 4577 3547 4614; x_wconf 81' lang='lat' dir='ltr'><strong>tv.</strong></span> <span class='ocrx_word' id='word_1_700' title='bbox 3584 4581 3603 4615; x_wconf 73' lang='grc' dir='ltr'>ι</span> <span class='ocrx_word' id='word_1_701' title='bbox 3631 4559 3805 4615; x_wconf 65' lang='grc' dir='ltr'><strong>(Σιθήιὶ</strong></span> 
     </span>
    </p>
   </div>
   <div class='ocr_carea' id='block_1_101' title="bbox 2243 4648 3806 4724">
    <p class='ocr_par' dir='ltr' id='par_1_101' title="bbox 2243 4648 3806 4724">
     <span class='ocr_line' id='line_1_102' title="bbox 2243 4648 3806 4724; baseline 0.001 -21"><span class='ocrx_word' id='word_1_702' title='bbox 2243 4648 2337 4718; x_wconf 92' lang='lat' dir='ltr'><strong>qui</strong></span> <span class='ocrx_word' id='word_1_703' title='bbox 2388 4652 2777 4705; x_wconf 91' lang='lat' dir='ltr'><strong>monachorum</strong></span> <span class='ocrx_word' id='word_1_704' title='bbox 2824 4652 3159 4722; x_wconf 90' lang='lat' dir='ltr'><strong>propositum</strong></span> <span class='ocrx_word' id='word_1_705' title='bbox 3208 4652 3321 4724; x_wconf 63' lang='grc'><strong>(40)</strong></span> <span class='ocrx_word' id='word_1_706' title='bbox 3369 4663 3652 4724; x_wconf 89' lang='lat' dir='ltr'><strong>appetunt,</strong></span> <span class='ocrx_word' id='word_1_707' title='bbox 3698 4651 3806 4722; x_wconf 83' lang='lat' dir='ltr'><strong>quia</strong></span> 
     </span>
    </p>
   </div>
   <div class='ocr_carea' id='block_1_102' title="bbox 2244 4782 3807 4854">
    <p class='ocr_par' dir='ltr' id='par_1_102' title="bbox 2244 4782 3807 4854">
     <span class='ocr_line' id='line_1_103' title="bbox 2244 4782 3807 4854; baseline -0.001 -17"><span class='ocrx_word' id='word_1_708' title='bbox 2244 4784 2317 4838; x_wconf 85' lang='lat' dir='ltr'><strong>tia</strong></span> <span class='ocrx_word' id='word_1_709' title='bbox 2348 4783 2696 4853; x_wconf 84' lang='lat' dir='ltr'><strong>quorumdam</strong></span> <span class='ocrx_word' id='word_1_710' title='bbox 2723 4783 3080 4854; x_wconf 76' lang='lat' dir='ltr'><strong>episcoporum</strong></span> <span class='ocrx_word' id='word_1_711' title='bbox 3116 4785 3169 4839; x_wconf 81' lang='lat' dir='ltr'><strong>in</strong></span> <span class='ocrx_word' id='word_1_712' title='bbox 3186 4784 3500 4839; x_wconf 78' lang='lat' dir='ltr'><strong>monachos.</strong></span> <span class='ocrx_word' id='word_1_713' title='bbox 3531 4785 3689 4849; x_wconf 86' lang='lat' dir='ltr'><strong>Certe</strong></span> <span class='ocrx_word' id='word_1_714' title='bbox 3714 4782 3807 4836; x_wconf 77' lang='lat' dir='ltr'><strong>Re-</strong></span> 
     </span>
    </p>
   </div>
   <div class='ocr_carea' id='block_1_103' title="bbox 2247 4854 3806 4923">
    <p class='ocr_par' dir='ltr' id='par_1_103' title="bbox 2247 4854 3806 4923">
     <span class='ocr_line' id='line_1_104' title="bbox 2247 4854 3806 4923; baseline 0 -17"><span class='ocrx_word' id='word_1_715' title='bbox 2247 4854 2371 4921; x_wconf 77' lang='lat' dir='ltr'><strong>gino</strong></span> <span class='ocrx_word' id='word_1_716' title='bbox 2401 4855 2453 4906; x_wconf 90' lang='lat' dir='ltr'><strong>in</strong></span> <span class='ocrx_word' id='word_1_717' title='bbox 2499 4855 2672 4922; x_wconf 89' lang='lat' dir='ltr'><strong>prima</strong></span> <span class='ocrx_word' id='word_1_718' title='bbox 2704 4856 3000 4923; x_wconf 82' lang='lat' dir='ltr'><strong>appendice</strong></span> <span class='ocrx_word' id='word_1_719' title='bbox 3028 4854 3363 4909; x_wconf 88' lang='lat' dir='ltr'><strong>collectionis</strong></span> <span class='ocrx_word' id='word_1_720' title='bbox 3390 4869 3657 4923; x_wconf 85' lang='lat' dir='ltr'><strong>canonum</strong></span> <span class='ocrx_word' id='word_1_721' title='bbox 3702 4868 3806 4920; x_wconf 83' lang='lat' dir='ltr'><strong>cap.</strong></span> 
     </span>
    </p>
   </div>
   <div class='ocr_carea' id='block_1_104' title="bbox 2246 4921 3807 4995">
    <p class='ocr_par' dir='ltr' id='par_1_104' title="bbox 2246 4921 3807 4995">
     <span class='ocr_line' id='line_1_105' title="bbox 2246 4921 3807 4995; baseline -0.004 -16"><span class='ocrx_word' id='word_1_722' title='bbox 2246 4924 2345 4993; x_wconf 77' lang='lat'><strong>55_,</strong></span> <span class='ocrx_word' id='word_1_723' title='bbox 2378 4924 2477 4995; x_wconf 90' lang='lat' dir='ltr'><strong>ubi</strong></span> <span class='ocrx_word' id='word_1_724' title='bbox 2495 4921 2634 4995; x_wconf 86' lang='lat' dir='ltr'><strong>idem</strong></span> <span class='ocrx_word' id='word_1_725' title='bbox 2660 4921 2874 4978; x_wconf 80' lang='lat' dir='ltr'><strong>concilii</strong></span> <span class='ocrx_word' id='word_1_726' title='bbox 2920 4921 3164 4995; x_wconf 74' lang='lat' dir='ltr'><strong>Toletani</strong></span> <span class='ocrx_word' id='word_1_727' title='bbox 3216 4940 3270 4991; x_wconf 71' lang='lat' dir='ltr'><strong>tv</strong></span> <span class='ocrx_word' id='word_1_728' title='bbox 3298 4922 3461 4993; x_wconf 82' lang='lat' dir='ltr'><strong>caput</strong></span> <span class='ocrx_word' id='word_1_729' title='bbox 3486 4926 3549 4979; x_wconf 82' lang='lat' dir='ltr'><strong>5t</strong></span> <span class='ocrx_word' id='word_1_730' title='bbox 3579 4926 3807 4995; x_wconf 80' lang='lat' dir='ltr'><strong>adducit,</strong></span> 
     </span>
    </p>
   </div>
   <div class='ocr_carea' id='block_1_105' title="bbox 2246 4992 3811 5070">
    <p class='ocr_par' dir='ltr' id='par_1_105' title="bbox 2246 4992 3811 5070">
     <span class='ocr_line' id='line_1_106' title="bbox 2246 4992 3811 5070; baseline -0.003 -23"><span class='ocrx_word' id='word_1_731' title='bbox 2246 4992 2391 5070; x_wconf 68' lang='lat' dir='ltr'><strong>hunc</strong></span> <span class='ocrx_word' id='word_1_732' title='bbox 2444 4994 2656 5048; x_wconf 89' lang='lat' dir='ltr'><strong>titulum</strong></span> <span class='ocrx_word' id='word_1_733' title='bbox 2709 4993 3020 5070; x_wconf 78' lang='lat' dir='ltr'><strong>apposuit:</strong></span> <span class='ocrx_word' id='word_1_734' title='bbox 3071 4992 3151 5048; x_wconf 83' lang='lat' dir='ltr'><strong>De</strong></span> <span class='ocrx_word' id='word_1_735' title='bbox 3196 4992 3512 5070; x_wconf 59' lang='lat' dir='ltr'><strong>discretione</strong></span> <span class='ocrx_word' id='word_1_736' title='bbox 3559 4992 3811 5064; x_wconf 77' lang='lat' dir='ltr'><strong>potestatis</strong></span> 
     </span>
    </p>
   </div>
  </div>
