3944 5414
202 244 303 300 689

1447 250 1825 307 COLLLCTIO
1863 254 2212 313 CANONUM.

3338 274 3441 328 490

201 367 476 423 meliorem
507 366 671 420 vitam
715 366 868 436 sequi
913 368 1157 437 cupiunt,
1207 367 1405 423 liberos
1430 384 1522 424 eos
1564 370 1630 423 ab
1664 371 1778 437 epi-
1804 371 1857 428 Α
1884 371 2010 423 dant
2035 374 2266 441 parietes
2301 377 2560 443 ccclesiw,
2595 379 2838 436 volumus
2872 392 2925 436 ut
2956 383 3005 437 in
3028 400 3148 453 jura
3182 400 3438 445 monaste-

200 470 362 524 scopo
406 456 459 508 in
508 457 859 510 monasteriis
886 457 1071 527 largiri
1100 465 1316 525 oportet
1342 458 1644 526 ingressus,
1676 474 1774 513 nec

200 545 446 600 interdici
479 544 816 615 propositum
847 561 1033 601 eorum
1092 546 1182 616 qui
1209 548 1278 601 ad
1308 547 1777 617 contemplationis

199 634 526 689 desiderium
554 635 791 690 transire
821 636 1090 691 nituntur.
1128 656 1146 688 ι

266 723 397 778 Item
441 738 566 793 cap.
598 725 661 778 51
697 741 711 777 :
750 745 768 776 ι
799 724 1110 779 Nuntiatum
1146 734 1231 782 est
1266 730 1518 797 praesenti
1547 729 1777 784 concilio

199 815 339 885 quod
370 816 619 871 monachi
651 818 942 885 episcopali
977 819 1206 887 imperio
1234 820 1413 873 servili
1444 820 1589 887 operi
1620 836 1774 873 man-

199 905 467 975 cipentur,
497 916 547 960 et
580 905 703 972 jura
744 909 1196 962 monasteriorum
1229 919 1415 964 contra
1448 919 1647 964 statuta
1680 926 1775 965 ca-

200 1008 398 1049 nonum
425 994 613 1050 illicita
644 996 1059 1064 praesumptione
1085 1011 1428 1065 usurpentur,
1456 999 1529 1052 ita
1561 1009 1617 1054 ut
1642 1015 1776 1068 pene

198 1085 373 1137 omnis
407 1099 477 1138 ex
520 1085 773 1140 ccenobio
810 1084 894 1157 [l.,
939 1101 1074 1155 pene
1112 1101 1177 1140 ex
1218 1088 1465 1141 coenobio
1505 1088 1776 1156 possessio

202 1174 294 1227 ﬁat
330 1174 380 1245 ],
438 1185 601 1243 atque
651 1175 877 1231 illustris
920 1177 1098 1245 portio
1147 1177 1347 1232 Christi
1419 1178 1484 1231 ad
1546 1179 1775 1247 ignomi-

198 1264 343 1317 niam
400 1266 827 1335 servitutemque
876 1268 1169 1335 perveniat.
1224 1268 1561 1337 Quapropter
1592 1284 1775 1321 mone-

200 1368 317 1407 mus
345 1368 441 1407 eos
494 1354 586 1423 qui
632 1356 881 1409 ecclesiis
927 1370 1185 1425 praesunt,
1219 1367 1277 1410 ut
1314 1358 1453 1411 ultra
1500 1357 1623 1411 talia
1671 1372 1773 1411 non

196 1453 545 1512 praesumant,
576 1445 670 1498 sed
702 1446 803 1499 hoc
836 1454 1039 1499 tantum
1067 1447 1167 1500 sibi
1197 1447 1247 1500 in
1285 1449 1626 1501 monasteriis
1652 1449 1774 1501 vina

200 1533 387 1587 dicent
420 1535 733 1589 sacerdotes
762 1536 902 1605 quod
952 1538 1267 1606 praecipiunt
1300 1553 1554 1603 canones,
1587 1539 1636 1593 id
1668 1547 1772 1603 est,

200 1625 495 1678 monachos
534 1626 601 1677 ad
640 1627 1105 1681 conversationem
1142 1636 1381 1681 sanetam
1417 1643 1769 1697 praemonere,

1882 463 1944 515 rii
1978 465 2093 518 sine
2120 466 2298 535 aliqua
2330 467 2642 525 dilﬁcultate
2674 482 2993 541 revertatur,
3020 477 3140 545 quia
3168 493 3267 533 nec
3294 496 3437 535 mun-

1879 553 2135 607 danarum
2207 555 2379 627 legunt
2446 574 2545 613 nec
2588 576 2866 616 sacrorum
2923 579 3187 619 canonum
3242 577 3441 623 statuta

1877 643 2197 709 permittunt
2250 660 2335 699 res
2393 650 2703 704 monasterii
2760 650 2825 705 de
2875 652 2998 721 jure
3044 654 3158 721 ejus
3213 657 3441 724 quolibet

1880 732 2033 786 titulo
2073 736 2368 805 segregari.
2414 737 2751 809 QuaprOpter
2806 742 3145 798 donationem
3202 748 3441 817 ejusdem

1880 832 2057 889 terrae,
2107 841 2225 894 qua:
2264 836 2449 881 contra
2478 830 2739 885 rationem
2786 831 2926 888 facta
2970 845 3071 901 est,
3111 838 3227 892 sine
3268 838 3441 909 aliqua

1879 914 2103 966 restitue
2130 917 2629 972 contradictionem.
2664 939 2681 970 ι

1949 1002 2075 1055 Item
2104 1005 2152 1056 in
2177 1004 2408 1073 Legibus
2445 1023 2559 1077 cap.
2587 1010 2690 1063 404
2717 1029 2729 1063 :
2767 1032 2783 1062 ι
2814 1012 2869 1066 Si
2908 1014 3027 1082 quis
3060 1017 3197 1069 mala
3232 1017 3332 1071 fide
3360 1034 3441 1074 res

1877 1090 2081 1144 alienas
2109 1094 2388 1161 possidens
2426 1097 2726 1152 vendiderit
2757 1114 2868 1163 eas,
2904 1102 2983 1154 vel
3028 1105 3326 1170 donaverit,
3362 1108 3441 1161 vel

1878 1181 1984 1234 alio
2016 1183 2172 1235 modo
2206 1183 2558 1251 alienaverit,
2603 1186 2648 1241 is
2704 1198 2881 1243 autem
2924 1191 3013 1259 qui
3058 1208 3116 1246 se
3163 1194 3440 1249 dominum

1877 1286 2062 1324 earum
2089 1281 2260 1342 putat,
2289 1275 2465 1329 sciens
2502 1276 2625 1340 hoc,
2660 1279 2947 1333 testatione
2976 1281 3375 1337 denuntiaverit
3397 1284 3441 1336 ei

1876 1363 1966 1433 qui
2002 1378 2087 1417 res
2126 1365 2269 1433 cepit
2314 1366 2453 1419 intra
2492 1367 2809 1422 decennium
2844 1370 2985 1423 inter
3008 1382 3317 1438 pr.esentes,
3358 1374 3441 1428 vel

1880 1455 2020 1508 inter
2066 1456 2316 1509 absentes
2364 1458 2500 1511 intra
2534 1459 2863 1525 viccnnium;
2916 1476 3003 1514 res
3042 1461 3269 1516 ﬁrmiter
3305 1465 3446 1531 apud

1875 1551 2204 1616 emptorem,
2262 1548 2342 1601 vel
2403 1549 2495 1617 qui
2546 1551 2886 1604 donationem
2940 1554 3173 1620 excepit,
3221 1552 3304 1607 vel
3336 1554 3442 1607 alio

1878 1638 2036 1692 modo
2068 1637 2418 1693 alienationes
2448 1649 2634 1695 nactus
2662 1651 2765 1707 est,
2796 1652 3170 1713 permaneant.
3197 1644 3348 1710 Quod
3373 1645 3442 1709 si,

194 1713 418 1768 abbates
441 1717 510 1768 ad
540 1714 718 1783 aliqua
748 1716 869 1786 [a!.,
903 1717 1146 1782 abhates,
1174 1719 1407 1790 aliaque]
1432 1719 1600 1774 otIicia
1627 1721 1774 1774 insti-
1808 1732 1849 1791 Β
1881 1727 2161 1797 ignorante
2190 1729 2429 1795 domino,
2469 1732 2604 1785 mala
2629 1732 2730 1786 fide
2778 1749 3059 1803 possessor
3098 1734 3438 1799 alienaverit,

197 1812 371 1866 tuere,
402 1812 568 1873 atque
594 1814 749 1859 extra
782 1807 1017 1873 regulam
1057 1808 1197 1863 facta
1222 1812 1513 1879 corrigere.
1546 1810 1697 1877 Quod
1730 1813 1773 1865 si

192 1896 400 1964 aliquid
455 1898 510 1951 in
570 1901 862 1955 monachos
910 1902 1207 1957 canonibus
1256 1904 1597 1960 interdictum
1636 1921 1775 1975 pra:-

194 1989 561 2057 sumpserint,
615 2001 708 2045 aut
756 2008 1015 2061 usurpare
1046 1995 1318 2064 quidpiam
1355 1995 1422 2050 de
1462 1998 1774 2052 monasterii

192 2077 359 2130 rebus
418 2080 771 2144 tentaverint;
831 2097 936 2136 non
997 2082 1167 2136 deerit
1223 2084 1289 2137 ab
1344 2083 1448 2138 illis
1508 2086 1773 2140 sententia

189 2166 792 2234 excommunicationis,
815 2170 903 2240 qtti
935 2185 992 2224 se
1004 2169 1255 2242 deinceps
1285 2188 1622 2244 nequaquam
1644 2191 1768 2231 sus-

190 2254 419 2310 tulerint
446 2258 515 2312 ab
543 2257 759 2314 illicitis.
798 2277 818 2312 ι

191 2389 389 2445 XXIV.
414 2422 491 2432 —
517 2393 593 2447 De
619 2394 816 2449 clericis
855 2397 943 2465 qui
989 2409 1198 2467 propter
1236 2402 1513 2453 vanitatem
1545 2402 1773 2470 efﬁciun-

802 2476 887 2518 tur
910 2470 1174 2521 monachi.

261 2572 343 2626 Ex
363 2573 1081 2648 concilioCazsaraugustano
1101 2596 1219 2650 cap.
1249 2581 1280 2634 6
1307 2582 1514 2651 (concil.
1545 2583 1724 2638 σίτων
1752 2625 1768 2649 ,

192 2660 289 2712 sub
321 2660 571 2732 Damus.)
605 2678 620 2717 :
670 2681 689 2714 ι
731 2662 789 2717 Si
829 2666 949 2733 quis
985 2668 1049 2721 de
1075 2668 1285 2723 clericis
1327 2681 1544 2740 pr0pter
1577 2672 1762 2728 luxum

194 2750 606 2819 unitatemque
640 2764 1015 2824 praesumptam
1044 2757 1109 2810 de
1140 2758 1313 2813 cilicio
1348 2771 1539 2830 sponte
1567 2764 1769 2817 disces-

192 2841 352 2902 serit,
378 2855 446 2894 ac
490 2855 579 2906 se,
612 2843 753 2897 velut
800 2845 1199 2902 obscrvatorem
1255 2850 1405 2921 legis,
1440 2855 1765 2908 monachum

191 2928 366 2981 videri
408 2929 662 2985 maluerit
698 2948 816 2986 esse
844 2949 1002 3002 quam
1036 2936 1308 3001 clericum,
1344 2939 1414 2993 ita
1443 2941 1505 2994 de
1537 2943 1763 2997 ecclesia

190 3017 684 3085 repellendum,ut,
710 3022 810 3076 nisi
834 3024 1066 3093 rogando
1088 3033 1139 3080 et
1165 3027 1494 3083 obsecrando
1518 3032 1763 3100 plurimis

189 3108 532 3176 temporibus
560 3110 898 3177 satisfecerit,
918 3129 1021 3167 non
1052 3116 1359 3186 recipiatur.
1388 3120 1467 3176 Ab
1500 3123 1767 3178 universis

187 3196 463 3267 episc0pis
486 3199 689 3255 dictum
723 3210 840 3256 est:
870 3203 947 3258 Ita
976 3204 1085 3258 ﬁat.
1120 3226 1137 3257 ›

433 3306 605 3363 XXV.
632 3341 701 3349 —
729 3311 801 3366 De
823 3318 1234 3383 possessionibus
1256 3320 1507 3376 ecclesiae.

258 3414 344 3470 Ex
372 3417 478 3471 alio
514 3418 774 3477 Toletano
799 3425 1029 3480 concilio
1065 3443 1184 3497 cap.
1220 3429 1254 3483 4
1293 3447 1307 3483 :
1341 3451 1358 3482 ‹
1396 3432 1452 3486 Si
1485 3435 1606 3504 quis
1634 3452 1765 3492 sane

186 3506 513 3561 clericorum
557 3510 759 3578 agellos
799 3514 881 3568 vel
927 3517 1163 3572 vineolas
1220 3521 1271 3573 in
1316 3523 1476 3577 terris
1523 3526 1762 3583 ecclesias

187 3598 291 3651 sibi
324 3596 521 3654 fecisse
548 3602 810 3668 probatur
836 3610 1201 3663 sustentandm
1229 3611 1351 3665 vitae
1379 3628 1562 3680 causa,
1594 3633 1763 3687 usque

185 3690 255 3744 ad
275 3690 420 3745 diem
446 3692 629 3747 obitus
654 3695 733 3748 sui
767 3698 1056 3765 possideat.
1087 3701 1213 3756 Post
1239 3719 1392 3758 suum
1424 3722 1551 3760 vero
1577 3708 1642 3762 de
1664 3710 1764 3765 hac

184 3781 294 3834 vita
321 3782 647 3847 discessum,
674 3783 821 3854 juxta
843 3790 1078 3857 priorum
1109 3808 1373 3849 canonum
1398 3796 1762 3855 institutiones

179 3868 269 3937 jus
321 3886 480 3926 suum
519 3874 764 3929 ecclesia:
814 3880 1084 3946 restituat,
1122 3898 1220 3938 nec
1258 3889 1661 3943 testamentario
1699 3906 1762 3945 ac

180 3964 523 4019 successorio
546 3965 671 4034 jure
709 3967 957 4036 cuiquam
990 3971 1260 4028 hatredum
1283 3978 1763 4049 prohaeredumque

187 4051 489 4121 relinquat,
523 4053 627 4105 nisi
674 4052 896 4109 forsitan
934 4060 1020 4112 cui
1054 4061 1339 4130 episcopus
1379 4080 1476 4133 pro
1516 4069 1762 4124 servitiis

186 4141 283 4195 hac
310 4142 667 4209 prazstatioue
689 4144 930 4200 ecclesia:
957 4148 1141 4218 largiri
1170 4152 1413 4208 voluerit.
1452 4174 1472 4206 ι

248 4232 566 4288 ϐηεσοιυυε
592 4219 779 4290 16mm
804 4253 1049 4297 EPISCOPO
1080 4242 1270 4313 (Gneo.
1306 4245 1400 4302 lib.
1433 4262 1523 4313 vn,
1548 4263 1632 4319 ep.
1665 4251 1755 4318 53,

180 4323 293 4375 ind.
329 4323 409 4392 1.)

1878 1831 1983 1869 non
2045 1817 2203 1871 aliter
2254 1818 2357 1872 hoc
2428 1820 2740 1890 prtejudicet
2795 1823 3011 1877 domino
3074 1824 3176 1877 nisi
3226 1824 3442 1895 triginta

1875 1922 2138 1961 annorum
2189 1911 2420 1978 spatium
2459 1920 2789 1965 transactum
2830 1914 2921 1978 sit,
2977 1915 3221 1983 quamvis
3258 1915 3303 1970 is
3352 1918 3443 1985 qui

1875 1998 2006 2050 emit
2054 1998 2134 2050 vel
2169 1999 2277 2052 alio
2320 2001 2477 2054 modo
2512 2002 2863 2060 alienationcs
2909 2014 3101 2060 nactus
3153 2014 3254 2073 est,
3286 2006 3440 2062 bona:

1875 2086 1994 2141 fidei
2050 2102 2329 2158 possessor
2384 2090 2563 2147 fuerit.
2606 2113 2624 2145 ι

1874 2194 2059 2251 XXVI.
2104 2229 2174 2238 —
2217 2197 2293 2252 De
2346 2202 2630 2263 monac/to,
2686 2203 2758 2256 vel
2810 2206 3203 2262 sanctimoniali
3246 2210 3300 2263 in
3344 2210 3441 2278 jus

2561 2283 2758 2325 vocata.
3251 2324 3261 2333 ,

1941 2360 2015 2413 Ex
2046 2362 2425 2415 coastitutione
2452 2363 2637 2433 9.,cap.
2669 2365 2735 2419 74
2763 2365 2989 2437 (Novell.
3021 2370 3107 2434 79,
3131 2387 3183 2427 c.
3213 2371 3262 2441 1)
3293 2391 3304 2426 :
3343 2392 3360 2425 ι
3383 2372 3441 2428 Si

1872 2454 1990 2523 quis
2019 2469 2138 2508 cum
2165 2455 2444 2509 monachis
2468 2456 2548 2509 vel
2576 2458 3079 2516 sanctimonialilms
3108 2464 3306 2517 habeat
3335 2465 3443 2519 liti-

1871 2544 2035 2613 gium,
2074 2559 2176 2598 non
2208 2545 2403 2598 audeat
2456 2560 2548 2599 eos
2580 2547 2644 2599 ad
2675 2548 2888 2601 civilem
2914 2550 3151 2616 judicent
3180 2569 3439 2609 accusare

1869 2635 1951 2689 vel
1978 2636 2214 2700 trahere,
2235 2636 2285 2688 in
2310 2636 2629 2691 archisterio
2646 2639 2727 2692 vel
2750 2642 3437 2713 monasteriojconstitutos;

1870 2726 1959 2778 sed
1979 2726 2146 2794 magis
2170 2726 2325 2779 adeat
2342 2726 2575 2780 civitatis
2591 2729 2912 2797 episcopum.
2937 2730 3025 2784 Ille
3046 2734 3188 2786 enim
3206 2735 3442 2789 restitua-

1866 2815 2135 2868 bitutrum
2154 2816 2520 2883 reprmsentari
2546 2817 2851 2887 principalis
2872 2834 3099 2887 persona
3126 2822 3340 2889 debeat,
3369 2841 3439 2878 an

1866 2919 1963 2973 per
1983 2904 2335 2971 defensorem,
2361 2921 2679 2976 egumenum
2698 2909 2777 2961 vel
2800 2911 3202 2978 apocrisiarium
3226 2913 3438 2969 defendi

1866 3011 1989 3049 cum
2016 2999 2161 3047 omni
2180 2996 2386 3050 scilicet
2413 2997 2715 3064 honestate,
2744 3000 2812 3052 ita
2844 3009 2901 3054 ut
2927 3003 3209 3073 episcopus
3232 3006 3441 3075 legibus

1795 3086 1838 3145 C
1870 3100 1924 3144 et
1953 3092 2250 3146 canonibus
2280 3102 2691 3146 consentaucam
2742 3096 3065 3150 sententiam
3113 3098 3375 3167 proferat.
3416 3120 3433 3151 ι

1873 3183 1947 3236 Ite
1979 3183 2415 3247 temeratoribus,
2448 3199 2565 3253 cap.
2599 3184 2631 3237 4
2664 3201 2677 3239 :
2713 3204 2730 3236 ‹
2767 3185 2823 3239 Si
2846 3187 2967 3252 quis
3007 3189 3146 3243 hanc
3171 3192 3437 3244 constitu-

1870 3272 2069 3326 tionem
2098 3272 2407 3337 violaverit,
2455 3273 2508 3327 in
2542 3274 2858 3343 magistratu
2887 3279 3102 3347 quidem
3141 3281 3348 3349 positus
3374 3282 3439 3335 10

1868 3361 2125 3416 librarum
2170 3364 2286 3417 auri
2336 3380 2494 3434 poena
2544 3365 2886 3435 multabitur;
2933 3382 3216 3425 exsecutor
3259 3381 3438 3427 autent

1867 3454 2041 3508 litium
2071 3455 2414 3521 constitutus,
2446 3457 2497 3510 in
2529 3457 2798 3514 decanicis
2821 3461 3170 3516 ecclesiarum
3198 3464 3437 3519 recluda-

1868 3551 1954 3598 tttr
1979 3554 2349 3613 competentes
2379 3561 2563 3616 poenas
2603 3548 2861 3616 luiturus;
2888 3560 2940 3605 et
2969 3561 3153 3620 postea
3183 3569 3285 3607 non
3312 3569 3439 3610 con-

1864 3638 2088 3691 cedatur
2117 3636 2351 3692 oﬂicium
2392 3642 2724 3694 exsecutoris
2751 3642 2969 3696 habere.
3007 3663 3025 3695 ι

1864 3745 2076 3802 XXVII.
2112 3778 2179 3787 ——
2214 3748 2291 3802 De
2322 3751 2401 3803 Itis
2430 3768 2545 3820 qua:
2585 3769 2615 3803 a
2659 3753 2901 3820 ﬁdelibus
2947 3757 3000 3809 in
3040 3757 3271 3813 basilicis
3301 3761 3432 3830 olfe-

2553 3834 2759 3876 runtur.

1935 3907 2012 3960 Ex
2053 3907 2282 3962 concilio
2310 3908 2675 3964 Aureliacensi
2708 3927 2833 3982 cap.
2874 3914 2933 3968 11
2962 3913 3139 3983 (conc.
3172 3918 3349 3973 Aurel.
3381 3936 3429 3985 ι,

1864 4010 1981 4065 cap.
2016 3995 2104 4065 15)
2132 4013 2143 4047 :
2176 4016 2192 4046 ι
2226 3998 2301 4051 De
2337 3997 2420 4051 his
2460 4012 2577 4066 qum
2618 4002 2889 4067 parochiis
2924 4003 2979 4057 in
3027 4007 3205 4072 terris,
3236 4009 3426 4075 vincis,

1864 4088 2149 4157 mancipiis
2182 4097 2342 4157 atque
2397 4089 2621 4157 peculiis
2659 4090 2961 4161 quicunque
3004 4094 3186 4151 fideles
3223 4100 3431 4154 obtule-

1865 4180 2007 4243 rint,
2056 4180 2401 4247 antiquorum
2448 4194 2713 4233 canonum
2762 4190 2959 4235 statuta
3007 4195 3326 4253 serventur,
3375 4198 3429 4242 et

1864 4272 2042 4325 omnia
2072 4272 2123 4324 in
2147 4272 2382 4340 episcopi
2411 4280 2675 4341 potestate
2696 4275 3013 4328 consistant.
3043 4276 3117 4332 De
3145 4278 3226 4334 his
3255 4289 3429 4336 tamen

1864 4375 1983 4428 quae
2006 4360 2057 4413 in
2083 4359 2276 4414 altario
2304 4360 2651 4426 accesserint,
2686 4362 2841 4415 tertia
2883 4363 3112 4418 ﬁdeliter
3156 4369 3425 4440 episcopis

242 4431 260 4462 ι
286 4411 625 4478 Questisunt
643 4418 888 4472 monachi
915 4428 1016 4475 tuae
1042 4423 1338 4480 diceceseos
1352 4435 1402 4480 te
1424 4428 1664 4496 quaedam
1693 4430 1759 4485 de
1782 4421 1837 4481 Ι)

180 4504 520 4557 monasterio
583 4505 691 4559 sub
733 4508 873 4562 xenii
913 4513 1066 4579 quasi
1116 4515 1295 4583 specie
1344 4517 1646 4575 abstulisse.
1689 4522 1759 4577 Et

180 4594 297 4649 ideo
324 4611 557 4652 necesse
587 4606 675 4652 est
700 4608 775 4665 ut,
804 4602 847 4655 si
872 4604 997 4671 qttid
1027 4605 1339 4662 indecenter
1376 4610 1567 4665 recolis
1603 4629 1754 4669 acce-

180 4684 338 4750 pisse,
382 4685 505 4739 sine
536 4686 801 4742 dilatione
831 4692 1100 4756 rcstituas,
1137 4710 1205 4749 ne
1232 4697 1471 4752 avaritia:
1503 4708 1553 4755 te
1573 4704 1753 4771 gravi-

180 4781 259 4827 ter
285 4775 445 4845 culpa
478 4777 794 4846 redarguat,
825 4794 983 4848 quem
1022 4781 1232 4852 largum
1262 4799 1390 4856 erga
1425 4793 1755 4846 monasteria

177 4865 536 4919 sacerdotalis
582 4866 759 4935 magis
802 4868 1063 4925 debuerat
1112 4875 1480 4933 muniﬁcentia
1535 4880 1756 4936 demon-

176 4956 370 5006 strare.
403 4952 594 5017 Questi
618 4968 832 5022 quoque
861 4967 990 5011 sunt
1038 4964 1289 5017 monachi
1318 4965 1566 5021 abbatem
1598 4983 1754 5025 suum

179 5047 375 5094 terram
406 5042 502 5096 tibi
532 5042 847 5099 donationis
875 5050 1208 5104 concessisse
1235 5054 1336 5107 sub
1370 5065 1635 5123 prastextu
1670 5059 1754 5113 fa-

175 5125 443 5186 bricandae
477 5132 754 5187 ecclesiae.
789 5133 853 5188 Et
880 5130 1245 5205 ideo,'praeter
1276 5141 1330 5196 id
1354 5145 1496 5213 quod
1520 5145 1755 5202 circum-

173 5280 317 5348 Quod
346 5302 650 5348 aggressus
684 5296 769 5340 est
793 5287 1005 5348 Lupus,
1037 5293 1241 5346 tametsi
1289 5295 1338 5348 id
1390 5312 1665 5348 nnnmtam
1697 5303 1747 5348 In

170 5387 439 5411 wuuuvcl
454 5387 601 5410 alain
638 5387 916 5414 vuualuul.
975 5387 1053 5411 VC!
1090 5387 1298 5414 antliam:
1326 5387 1409 5414 SE-
1442 5387 1528 5414 V9.1
1560 5387 1750 5414 IEHISQP

1935 4560 2167 4615 XXVIII.
2185 4590 2255 4599 —
2282 4561 2359 4616 De
2385 4562 2630 4632 episc0pis
2660 4564 2982 4684 iéwasoribus
3005 4571 3357 4635 praetermissa

2538 4649 2664 4684 anno
2707 4651 2755 4684 ο.

2538 4649 2755 4699 synodo.

1933 4722 2009 4776 Ex
2043 4721 2271 4777 concilio
2315 4722 2681 4790 Carthaginis,
2739 4740 2857 4793 cap.
2902 4725 2970 4779 66
3014 4726 3184 4797 (conc.
3238 4731 3427 4798 Afric.,

1860 4829 1950 4867 seu
1998 4810 2273 4879 Carthag.,
2324 4826 2374 4866 c.
2418 4813 2509 4877 87,
2559 4813 2658 4866 sub
2698 4814 2869 4869 Bonif.
2909 4815 2927 4868 l
2969 4823 3023 4869 et
3064 4817 3287 4872 leest.
3340 4819 3379 4889 1)
3415 4837 3428 4871 :

1864 4922 1882 4955 ι
1910 4902 2117 4957 Placuit
2157 4909 2214 4953 ut
2252 4901 2489 4971 episcopi
2526 4918 2878 4973 quascunque
2918 4905 3179 4960 ecclesias
3212 4910 3297 4964 vel
3326 4910 3431 4978 ple-

1855 4991 1980 5049 bes,
2009 5003 2145 5058 quas
2172 4990 2240 5042 ad
2274 5005 2424 5043 suam
2455 4991 2769 5047 cathedram
2799 4994 3105 5047 existimant
3131 4998 3427 5060 pertinere,

1856 5094 1961 5133 non
1994 5080 2064 5133 ita
2104 5079 2419 5146 repetierint
2464 5087 2522 5131 ut
2571 5093 2767 5137 causas
2820 5095 2942 5135 suas
2993 5080 3262 5150 episcopis
3291 5085 3433 5155 judi.

1853 5168 2106 5221 cantibus
2167 5176 2346 5236 agant,
2380 5168 2474 5223 sed
2522 5166 2625 5221 alio
2679 5170 2949 5224 retinente
2992 5168 3288 5241 irruerint,
3322 5176 3433 5230 sive

1850 5318 2059 5386 cipatus
2086 5324 2242 5370 antrm
2302 5327 2471 5348 ειη-τηε·
2512 5332 2770 5348 -τηνηηιι-η
2810 5319 2965 5348 mum
3042 5328 3097 5348 ..ι
3129 5339 3197 5348 ..-
3234 5328 3285 5348 ρ,

1849 5395 1964 5414 .nnn
2008 5397 2251 5414 ηΛ-ιιοΛ-ιΛΙ
2314 5388 2613 5414 ΑλιιιΛιιείιιη
2666 5402 2693 5414 Δ
3054 5400 3128 5414 ,ιρι
