3944 5414
558 308 655 364 ιθι

1569 304 1625 361 S.
1668 302 1956 361 ABBONIS
1994 302 2282 359 ABBATIS
2320 302 2812 364 FLORIACENSIS

3673 309 3772 368 ιω

549 418 883 486 ‘volentibus,
922 417 1035 475 sive
1057 416 1362 473 nolentibus
1387 416 1651 487 plebibus,
1681 432 1855 471 causze
1883 430 1994 471 sum
2034 416 2129 470 de-
2153 422 2200 477 Α
2229 416 2423 471 datori.
2456 417 2523 471 Et
2564 418 2687 473 ideo
2712 417 2889 473 nullus
2924 417 3262 475 sacerdotum
3296 418 3381 474 vel
3420 404 3771 479 ministrorum

560 511 874 566 trimentum
897 511 1189 582 patiantur.
1216 510 1281 564 Et
1304 510 1611 579 quicunque
1624 507 1736 576 jam
1754 510 1856 563 hoc
1877 507 2121 572 fecerint,

560 588 607 659 si
646 604 882 659 nondum
909 610 993 656 est
1036 601 1181 655 inter
1220 600 1502 669 episcopos
1532 599 1681 654 ﬁnita
1708 598 2003 661 contentio,
2032 597 2127 652 sed

507 754 513 759 _
560 693 736 747 adhuc
761 690 1092 744 contendunt
1116 729 1129 748 .
1161 688 1250 743 ille
1290 689 1414 743 inde
1439 686 1701 752 discedat,
1741 702 1902 757 quem
1927 685 2127 741 consti-
2154 685 2158 689 ⁴

561 780 685 834 terit
718 779 1095 847 praetermissis
1127 776 1400 846 judicibus
1433 777 1813 832 ecclesiasticis
1846 777 2122 833 invasisse.

558 865 670 922 Nec
697 867 797 921 sibi
832 867 1117 936 quisquam
1149 865 1474 930 blandiatur,
1509 866 1554 920 si
1586 880 1613 917 a
1639 864 1884 932 primate,
1914 872 1974 917 ut
2000 863 2127 917 reti-

560 969 708 1028 neat,
755 952 963 1016 litteras
992 960 1275 1031 postularit
1321 958 1442 1030 [al.,
1475 955 1818 1027 impetrarit].
1861 954 1969 1010 Sed
2013 955 2128 1009 sive

561 1053 758 1108 habeat
799 1051 1041 1115 litteras,
1074 1052 1188 1106 sive
1234 1065 1341 1104 non
1387 1049 1619 1111 habeat,
1674 1048 1957 1102 conveniat
2005 1060 2128 1101 eum

560 1142 650 1211 qui
683 1131 830 1196 tenet
857 1148 911 1195 et
940 1139 1055 1207 ejus
1083 1137 1290 1194 litteras
1318 1137 1569 1206 accipiat,
1600 1147 1659 1190 ut
1696 1143 1952 1206 appareat
1978 1135 2126 1204 paci-

560 1230 661 1286 ﬁce
690 1230 923 1286 tenuisse
950 1214 1234 1284 ecclesiam
1262 1228 1326 1281 ad
1367 1243 1424 1281 se
1459 1227 1847 1296 pcrtinentem.‘
1866 1225 1921 1278 Si
1945 1234 2127 1279 autem

559 1322 651 1377 ille
711 1322 943 1393 aliquam
990 1320 1347 1390 quaestionem
1396 1317 1669 1381 retulerit,
1710 1330 1807 1386 per
1842 1316 2125 1385 episcopos

554 1412 763 1483 iudices
808 1427 971 1467 causa
1017 1411 1253 1475 ﬁniatur,
1285 1410 1401 1463 sive
1442 1423 1578 1478 quos
1615 1408 1694 1462 eis
1726 1407 1988 1476 primates
2042 1405 2131 1459 de-

561 1503 757 1565 derint,
790 1503 904 1557 sive
931 1516 1067 1571 quos
1096 1500 1196 1570 ipsi
1227 1499 1433 1553 vicinos
1460 1513 1581 1553 cum
1595 1496 1840 1552 consulto
1865 1495 2130 1566 primatus

560 1594 816 1664 elegerint
849 1591 969 1664 [al.,
998 1607 1065 1646 ex
1102 1605 1371 1645 consensu
1408 1585 1750 1658 delegerint].
1787 1606 1806 1639 ι

786 1679 975 1734 XXIX.
998 1708 1069 1719 ——
1095 1677 1173 1732 De
1197 1676 1473 1731 tricennoli
1498 1675 1910 1747 prmscriptione.

627 1774 708 1828 Ex
736 1754 963 1829 concilio
991 1769 1414 1826 Chalcedoneusi
1443 1784 1565 1849 cap.
1588 1768 1655 1824 I7
1684 1782 1700 1821 :
1738 1786 1756 1819 ι
1787 1763 2124 1837 Singularum
2154 1757 2202 1818 Β

557 1864 907 1920 ecclesiarum
930 1862 1161 1916 rusticas
1175 1859 1478 1929 parochias,
1502 1858 1585 1913 vel
1614 1859 1666 1912 in
1698 1856 2129 1928 possessionibus

559 1965 782 2007 manere
818 1952 1018 2006 debere
1064 1950 1413 2005 inconcussas
1452 1948 1556 2003 illis
1594 1946 1862 2016 episcopis
1898 1945 1989 2015 qui
2037 1958 2131 1999 eas

560 2043 795 2097 retinere
843 2047 1162 2105 noscuntur,
1210 2048 1265 2095 et
1309 2038 1544 2093 maxime
1587 2039 1632 2092 si
1677 2053 1775 2107 per
1807 2035 2130 2091 tricennium

560 2149 652 2189 eas
703 2133 907 2203 absque
962 2134 1014 2188 vi
1054 2133 1360 2188 obtinentes
1396 2133 1496 2188 sub
1525 2131 1930 2202 dispensatione
1975 2145 2134 2186 rexe-

561 2235 705 2281 runt.
736 2225 888 2292 Quod
918 2226 962 2281 si
1002 2227 1139 2279 intra
1182 2225 1505 2280 tricennium
1555 2224 1695 2278 facta
1737 2223 1901 2278 fuerit
1930 2222 1996 2278 de
2046 2222 2133 2277 his

559 2316 644 2371 vel
678 2316 768 2370 ﬁat
807 2316 1112 2383 altercatio,
1142 2315 1307 2370 licere
1345 2316 1426 2369 eis
1446 2314 1537 2384 qui
1568 2330 1626 2369 se
1652 2315 1809 2369 ltesos
1857 2318 2131 2378 asserunt,

561 2406 629 2460 ad
689 2396 931 2460 sanctam
987 2406 1249 2477 synodum
1286 2405 1576 2475 provincize
1611 2413 1841 2460 certare.
1890 2404 2044 2471 Quod
2084 2403 2132 2459 si

562 2497 687 2567 quis
717 2512 747 2551 a
783 2496 1199 2566 metropolitano
1240 2495 1473 2560 laeditur,
1506 2495 1644 2564 apud
1673 2496 1960 2565 primatem
1990 2494 2133 2547 dite-

556 2603 748 2643 ceseos
788 2597 883 2642 aut
911 2588 1051 2658 apud
1081 2587 1738 2656 ConstantinOpolimnam
1784 2583 2131 2651 sedemjudi-

562 2685 734 2739 eetur.
762 2678 902 2732 sicut
927 2675 1171 2745 superius
1199 2675 1400 2729 dictum
1427 2685 1531 2729 est.
1562 2673 1618 2728 Si
1651 2689 1755 2743 qua
1782 2688 1911 2727 vero
1939 2671 2132 2727 civitas

559 2760 1121 2839 putestateimperiali
1148 2775 1344 2822 novata
1374 2774 1475 2831 est,
1507 2774 1601 2819 aut
1628 2765 1674 2819 si
1701 2764 1947 2835 protinus
1974 2763 2133 2819 inno-

566 2868 742 2923 vetur,
770 2858 958 2914 civiles
993 2855 1377 2931 dispositiones
1419 2865 1474 2910 et
1513 2855 1756 2926 publicas
1806 2853 2135 2910 ecclesiasti-

565 2963 752 3001 Carum
779 2946 1154 3017 parochiarum
1174 2958 1388 3015 quoque
1412 2943 1780 2999 ordinationes
1806 2944 2135 3013 subsequan-

568 3049 676 3094 lttt‘.
713 3057 733 3089 ι

895 3121 1070 3183 XXX.
1100 3158 1171 3167 —
1192 3128 1268 3182 De
1296 3128 1416 3183 dote
1444 3126 1798 3182 ecclesiarum.

637 3230 716 3284 Ex
745 3219 972 3283 concilio
1004 3224 1269 3282 Toletano
1298 3234 1378 3290 In,
1406 3234 1526 3293 cap.
1560 3218 1625 3279 I'J
1651 3236 1663 3276 :
1697 3237 1715 3274 ι
1752 3218 1925 3288 Multi,
1942 3226 2134 3277 contra

566 3335 832 3376 canonum
856 3319 1173 3385 constituta,
1202 3319 1280 3371 sic
1317 3315 1572 3371 ecclesias
1591 3329 1727 3383 quas
1755 3312 2136 3367 tediﬁcaverint

563 3409 836 3481 postulant
858 3408 1187 3473 consecrari,
1213 3406 1460 3460 utdotem
1481 3403 1598 3472 ejus
1618 3403 1859 3458 ecclesiae
1883 3410 2137 3457 censeant

564 3502 633 3555 ad
655 3500 889 3570 episcOpi
908 3499 1299 3553 ordinationem
1316 3512 1419 3551 non
1442 3497 1730 3566 pertinere.
1755 3495 1908 3562 Quod
1932 3494 2132 3550 factum

565 3602 625 3646 et
651 3591 704 3646 in
726 3590 1054 3659 przeteritum
1078 3587 1342 3656 displicet,
1366 3595 1420 3651 et
1439 3586 1492 3640 in
1523 3585 1760 3639 futurum
1783 3585 2130 3655 prohibetur;

564 3682 662 3738 sed
685 3680 889 3745 omnia,
924 3678 1219 3734 secundum
1260 3676 1699 3731 constitutionem
1728 3676 2028 3745 antiquam,
2068 3675 2136 3732 ad

567 3770 807 3841 episcopi
833 3767 1226 3825 ordinationem
1252 3774 1308 3821 et
1328 3774 1649 3837 potestatem
1682 3766 2007 3835 pertineant.
2039 3783 2058 3818 ι

634 3880 827 3938 XXXI.
853 3881 1019 3951 —De
1060 3878 1493 3951 episcopo._Quid
1539 3878 1720 3933 debeat
1768 3877 1957 3932 habere
1996 3878 2062 3932 de

1232 3948 1470 4004 ecclesia.

633 4033 713 4097 Ex
761 4041 980 4105 concil.,
1006 4055 1114 4111 quo
1161 4055 1345 4111 supra.
1374 4055 1493 4110 cap.
1518 4041 1552 4095 2
1579 4041 1747 4111 (conc.
1785 4039 2008 4094 Bracar.
2050 4053 2133 4102 ut,

572 4148 696 4187 can.
724 4130 781 4203 ἓ)
806 4135 829 4183 ἐ
860 4149 879 4182 ‹
912 4130 1121 4185 Placuit
1152 4138 1211 4182 ut
1243 4130 1418 4185 nullus
1445 4130 1818 4199 episcoporum
1857 4143 1982 4182 suas
2002 4128 2135 4182 dim‘

569 4238 722 4278 ceses
746 4220 1155 4292 pcrambnlans,
1184 4229 1382 4288 praeter
1411 4221 1667 4274 honorem
1700 4218 1969 4273 cathedra:
2003 4231 2133 4280 suae,

571 4314 626 4367 id
645 4321 729 4369 est
750 4315 882 4367 duos
903 4299 1120 4376 solidos,
1153 4311 1353 4379 aliquid
1378 4310 1525 4364 aliud
1552 4323 1647 4379 per
1673 4308 1932 4364 ecclesias
1964 4306 2134 4370 tollat,

576 4416 753 4473 neque
792 4402 1002 4455 tertiam
1040 4409 1251 4470 partem
1289 4414 1355 4452 ex
1383 4414 1701 4468 quacunque
1740 4398 2011 4452 oblatione
2037 4411 2133 4465 po-

2227 522 2293 561 ex
2325 509 2481 562 rebus
2507 508 2767 572 ecclesiae,
2795 524 2914 577 quae
2938 510 2993 563 in
3014 511 3422 580 quibuscunque
3449 510 3583 566 locis
3609 528 3637 567 a
3658 513 3772 572 ﬁde-

2227 597 2365 653 libus
2407 597 2725 669 largiuntur,
2758 599 2959 668 aliquid
2994 599 3236 664 auferat,
3263 602 3347 655 vel
3383 601 3493 670 juri
3542 617 3639 656 suo
3688 615 3773 661 aut

2228 688 2496 743 cathedrae
2538 691 2768 759 propria:
2807 690 3023 744 utilitati
3053 701 3357 745 convertat.
3386 691 3612 747 Devotio
3642 694 3772 749 enim

2228 778 2672 848 uniuscujusque,
2718 778 2858 833 sicut
2893 787 3173 849 gratanter
3197 788 3380 833 votum
3415 782 3642 836 contulit
3675 783 3775 838 Do-

2228 867 2401 931 mino,
2440 867 2513 920 ita
2542 866 2782 922 deﬁnivit
2807 869 2945 937 quod
2979 868 3254 937 plenitudo
3283 878 3532 923 votorum
3562 883 3767 926 conser-

2228 968 2452 1014 varetur
2490 961 2544 1014 in
2595 960 2742 1025 loco;
2784 963 2834 1013 in
2872 974 3000 1029 quo.
3035 968 3182 1013 velut
3209 961 3254 1014 si
3276 960 3471 1014 collata
3518 971 3776 1029 tenentur,

2230 1056 2411 1102 manet
2441 1049 2612 1118 gratia
2633 1048 2936 1113 offerentis;
2969 1050 3066 1113 ita,
3092 1050 3135 1103 si
3164 1049 3522 1113 frustrantur,
3546 1051 3776 1107 imminet

2228 1139 2495 1207 pernicies
2521 1138 2913 1193 defraudantis.
2961 1137 3155 1193 Verum
3197 1150 3256 1193 ut
3307 1141 3383 1194 rei
3434 1141 3592 1209 hujus
3616 1140 3779 1209 potior

2230 1229 2473 1284 soliditas
2524 1230 2817 1295 habeatur,
2881 1231 3162 1301 condignis
3212 1231 3339 1286 ﬁliis
3384 1232 3470 1285 vel
3512 1234 3779 1301 nepotibus

2230 1319 2736 1389 bonestiorihusque
2803 1321 3118 1390 propinquis
3170 1319 3287 1389 ejus
3341 1322 3432 1390 qui
3497 1324 3780 1379 construxit

2229 1408 2313 1461 vel
2338 1408 2529 1463 ditavit
2551 1410 2836 1465 ecclesiam
2866 1410 3071 1465 licitum
3094 1411 3162 1466 sit
3189 1412 3326 1467 banc
3357 1413 3513 1467 bonae
3539 1413 3781 1470 Intentio-

2231 1499 2315 1553 nis
2331 1500 2527 1555 habcre
2544 1501 2841 1565 solertiam,
2864 1511 2941 1566 ut,
2959 1503 3004 1556 si
3026 1502 3358 1558 sacerdotem
3382 1503 3469 1558 vel
3489 1505 3779 1560 ministrum

2231 1588 2433 1658 aliquid
2484 1606 2553 1645 ex
2607 1589 2819 1645 collatis
2865 1594 3029 1647 rebus
3064 1594 3398 1662 providerint
3450 1594 3780 1664 defraudare,

2232 1689 2325 1736 aut
2343 1683 2776 1739 commonitionis
2796 1685 3023 1739 honesta
3048 1687 3400 1741 conventione
3422 1699 3780 1757 compescant,

2229 1783 2322 1828 aut
2349 1774 2475 1829 talia
2503 1775 2755 1846 episcopo
2782 1776 2866 1831 vel
2886 1775 3052 1845 judici
3097 1779 3416 1848 corrigenda
3452 1781 3781 1836 denuntient.

2229 1863 2380 1931 Quod
2410 1866 2456 1921 si
2496 1866 2622 1921 talia
2651 1868 2934 1938 episcopus
2969 1883 3128 1939 agere
3157 1875 3349 1930 tentet.
3380 1871 3783 1940 metropolitano

2230 1954 2345 2034 ejus
2371 1956 2484 2010 haec
2515 1956 2791 2011 insinuare
2815 1965 3124 2026 procurent.
3150 1956 3205 2011 Si
3229 1966 3409 2012 autem
3432 1960 3789 2029 metropolita‘o.

2229 2063 2331 2102 nus
2362 2046 2485 2101 talia
2512 2057 2687 2117 gerat,
2723 2048 2865 2119 regis
2902 2049 3018 2103 haec
3064 2050 3339 2103 auditibus
3387 2050 3641 2107 intimare
3685 2068 3779 2107 non

2228 2135 2499 2191 differant.
2545 2136 2680 2206 ipsis
2725 2145 2902 2192 tamen
2956 2138 3263 2194 hieredibus
3295 2140 3346 2193 in
3382 2140 3586 2194 eisdem
3635 2143 3785 2198 rebus

2230 2241 2339 2280 non
2385 2226 2543 2281 liceat
2575 2226 2730 2295 quasi
2769 2226 2911 2294 juris
2937 2228 3139 2297 proprii
3170 2235 3492 2298 potestatem
3518 2228 3781 2299 prtel'crre,

2229 2333 2336 2372 non
2367 2317 2629 2387 rapinam,
2655 2331 2761 2371 non
2790 2317 3028 2371 fraudem
3069 2319 3336 2389 ingerere,
3355 2336 3460 2374 non
3489 2320 3782 2377 violentiam

2232 2422 2608 2476 quamcunque
2632 2421 2981 2478 praesumere,
3009 2408 3102 2463 sed
3131 2409 3302 2464 solum
3328 2412 3378 2464 in
3408 2426 3474 2464 eo
3500 2413 3781 2469 salutarem

2237 2497 2651 2552 sollicitudinem
2715 2499 3002 2563 adhibere,
3051 2501 3195 2568 quod
3235 2500 3288 2554 in
3339 2500 3543 2555 nullam
3597 2517 3782 2557 noxam

2233 2590 2564 2660 operationis
2610 2590 2857 2661 attingat,
2888 2599 2982 2646 aut
3006 2592 3087 2646 vel
3128 2592 3181 2646 in
3223 2592 3469 2659 multam,
3491 2594 3578 2648 vel
3608 2596 3663 2649 in
3696 2592 3787 2650 ali-

2234 2692 2395 2747 quam
2421 2692 2627 2749 partem
2656 2680 2911 2735 salutaris
2941 2696 3147 2737 merces
3177 2691 3437 2747 assumat.
3473 2683 3529 2738 Si
3557 2686 3679 2754 quis
3699 2699 3785 2738 att-

2237 2776 2342 2823 tem
2366 2770 2619 2841 deinceps
2649 2772 2762 2827 haec
2789 2772 2987 2827 monita
3018 2782 3284 2829 temerare
3314 2774 3637 2839 voluerit,et
3660 2776 3785 2830 male

2236 2867 2388 2928 rapta
2415 2875 2540 2914 cum
2567 2861 2883 2917 confusione
2908 2863 3158 2918 restituat
3195 2871 3249 2919 et
3284 2864 3787 2919 excommunicatio-

2236 2948 2321 3003 nis
2346 2965 2538 3005 annum
2561 2952 2847 3006 sustinebit
2868 2953 3212 3007 sententiam.
3251 2972 3270 3004 ι

2306 3039 2473 3104 Item,
2518 3056 2637 3112 cap.
2685 3042 2721 3096 2
2769 3040 2958 3113 (Ιὺὶά.)
2996 3061 3010 3095 :
3047 3062 3067 3095 ι
3103 3043 3238 3099 Cum
3290 3057 3431 3114 saepe
3480 3043 3554 3097 sit
3586 3042 3783 3098 solitum

2159 3123 2206 3185 C
2237 3131 2400 3186 etiam
2443 3131 2530 3186 illa
2581 3148 2700 3202 qum
2739 3148 2848 3188 non
2890 3134 3171 3201 debentur,
3201 3150 3363 3204 prece
3394 3135 3786 3205 supplicationis

2236 3229 2288 3276 et
2316 3223 2363 3275 vi
2391 3222 2787 3291 quodammodo
2808 3232 3130 3292 extorquere
3157 3224 3375 3290 doloris,
3401 3238 3607 3295 quanto
3630 3225 3785 3295 magis

2234 3313 2354 3368 sine
2396 3313 2674 3368 obstaculo
2707 3328 2813 3368 non
2844 3314 2959 3369 cedi
2989 3315 3186 3370 debent
3227 3315 3498 3384 exquisita
3546 3316 3703 3371 simul
3738 3326 3786 3369 et

2235 3403 2423 3457 ordine
2464 3403 2603 3470 juris
2658 3412 2714 3458 et
2768 3404 2954 3459 dolore
3004 3405 3435 3474 compassionis?
3481 3404 3618 3472 Quia
3669 3421 3786 3475 ergo

2235 3494 2351 3550 ﬁeri
2379 3494 2703 3564 plerumque”
2725 3495 3086 3565 cognoscitur,
3112 3504 3172 3549 ut
3191 3495 3433 3552 ecclesia:
3461 3495 3786 3565 parochiales

2235 3586 2319 3639 vel
2349 3601 2502 3641 sacra
2531 3588 2857 3641 monasteria
2899 3587 2993 3652 ita,
3043 3587 3400 3658 quorumdam
3426 3590 3784 3658 episctiporum

2237 3672 2318 3727 vel
2371 3673 2655 3729 insolentia
2692 3674 2776 3729 vel
2824 3675 3052 3742 incuria,
3098 3676 3425 3731 horrendam
3473 3676 3708 3731 incidant
3737 3675 3783 3728 in

2235 3762 2468 3827 ruinam,
2496 3775 2555 3816 ut
2594 3763 2810 3833 gravior
2852 3765 3129 3819 exoriatur
3156 3764 3549 3819 azdiﬁcantibus
3596 3772 3783 3818 maeror

2235 3867 2395 3921 quam
2422 3852 2473 3907 in
2508 3852 2837 3908 struentibus
2863 3851 2983 3924 [al.~,
3009 3850 3394 3924 construendo]
3425 3854 3607 3923 gaudii
3631 3852 3784 3908 exsli-z

2238 3950 2377 3996 terat
2399 3942 2549 3997 labor
2573 3960 2586 3995 :
2611 3943 2749 3998 unde
2773 3941 2893 4014 [al.,
2920 3943 3060 4015 ideo]
3086 3944 3172 4014 pia
3201 3943 3581 4014 compassione
3611 3944 3783 3999 decor-

2234 4032 2415 4086 nimus
2436 4040 2515 4097 ttt,
2532 4033 2767 4102 quandiu
2789 4034 3099 4089 earumdem
3117 4033 3430 4090 I’unda’tores
3449 4034 3783 4090 ecclesiarum

2237 4123 2291 4177 in
2322 4122 2423 4176 bac
2451 4124 2558 4176 vita
2586 4124 2904 4193 superstites
2944 4125 3274 4191 exstiterint,
3304 4140 3401 4195 pro
3438 4126 3642 4180 eisdem
3670 4123 3786 4178 locis

2236 4227 2419 4266 curam
2453 4213 2834 4282 permittantur
2861 4214 3063 4269 habere
3101 4215 3407 4281 sollicitam,
3439 4225 3496 4270 et
3536 4216 3784 4269 sollieitu~

2237 4299 2415 4354 dinem
2453 4300 2598 4355 ferre
2646 4302 2990 4371 prmcipuam,
3036 4313 3197 4373 atque
3235 4316 3477 4359 rectores
3499 4306 3784 4375 praecipuos

2236 4389 2320 4443 vel
2366 4390 2588 4445 idoneos
2618 4390 2670 4443 in
2699 4391 2904 4446 eisdem
2936 4392 3173 4449 basilicis
3218 4393 3382 4448 iidem
3425 4394 3529 4464 ipsi
3574 4392 3785 4449 oﬂ'erant

570 4490 682 4562 puli
733 4490 786 4544 in
836 4489 1078 4544 ecclesiis
1129 4488 1527 4557 parochialibus
1581 4488 1851 4556 requirat;
1900 4487 1993 4541 sed
2045 4486 2134 4540 illa
2164 4475 2507 4550 Depiscopis
2543 4482 2894 4538 ordinandas.
2934 4503 2953 4536 ι

575 4580 733 4635 tertia
761 4584 887 4650 pars
921 4594 1017 4648 pro
1047 4577 1402 4631 luminaribus
1447 4575 1688 4631 ecclesiae
1714 4575 1798 4630 vel
1852 4590 2138 4645 recupera-

575 4671 723 4725 tione
774 4680 1052 4733 servetur,
1081 4678 1136 4721 et
1181 4665 1406 4735 singulis
1448 4666 1605 4720 annis
1650 4665 1901 4735 episcopo
1947 4664 2139 4719 exinde

573 4760 717 4817 ratio
758 4758 869 4811 ﬁat.
902 4756 1035 4811 Nam
1082 4757 1128 4811 si
1171 4757 1382 4811 tertiam
1425 4765 1630 4825 partem
1678 4755 1821 4809 illam
1857 4754 2140 4824 episcopus

573 4846 748 4913 tollat,
771 4846 950 4901 lumen
978 4855 1032 4899 et
1056 4854 1201 4899 sarta
1233 4853 1371 4899 tecta
1402 4844 1619 4919 abstulit
1643 4842 1903 4897 ecclesiae.
1934 4841 2141 4897 Simili-

577 4953 661 4995 ter
688 4948 821 4995 etut
850 4935 1184 5008 parocltiales
1211 4934 1391 4991 clerici
1418 4932 1597 4989 servili
1623 4945 1771 4988 more
1792 4933 1846 4986 in
1876 4931 2142 5001 aliquibus

574 5033 824 5102 operibus
850 5028 1113 5099 episcopis
1139 5028 1343 5084 servire
1380 5041 1484 5081 non
1522 5038 1803 5097 cogantur.
1836 5024 1979 5092 Quia
2008 5024 2145 5079 seri-

573 5130 724 5189 ptum
766 5128 848 5174 est
890 5135 903 5171 :
947 5112 1126 5188 Neque
1169 5119 1219 5171 vi
1258 5118 1583 5172 dominantes
1623 5119 1678 5172 in
1712 5116 1851 5171 clero
1907 5114 1959 5185 (l
1991 5114 2139 5168 Petr.

573 5224 633 5274 ν,
656 5208 733 5281 5).
755 5228 773 5259 δ

576 5314 791 5372 XXXII.
822 5347 892 5358 —
913 5316 989 5371 De
1010 5318 1161 5373 rebus
1196 5317 1445 5399 ecclesiae,
1483 5328 1531 5371 et
1576 5318 1640 5372 de
1666 5315 1917 5387 proximis
1947 5314 2140 5382 [unda-

2309 4572 2363 4625 In
2377 4572 2630 4643 Legibus,
2663 4590 2781 4644 cap.
2809 4575 2914 4630 456
2942 4594 2955 4630 :
2985 4594 3005 4628 ‹
3040 4575 3097 4631 Si
3126 4577 3249 4647 quis
3266 4578 3563 4633 materiam
3588 4576 3786 4631 domum

2238 4661 2619 4731 ardiﬁcaverit,
2659 4672 2714 4718 et
2756 4666 2870 4733 ipse
2910 4666 2995 4720 vel
3040 4667 3281 4722 baeredes
3321 4666 3436 4736 ejus
3486 4667 3706 4722 clericos
3738 4664 3785 4717 in

2242 4752 2357 4821 ipsa
2407 4753 2568 4807 domo
2596 4768 2917 4809 consecrare
2960 4756 3269 4821 maluerint,
3300 4765 3547 4826 sumptus
3572 4752 3786 4809 admini-

2242 4850 2481 4896 strantes
2507 4841 2748 4912 ejusdem
2772 4843 2985 4911 domus,
3015 4845 3323 4910 audiantur,
3347 4846 3392 4899 si
3419 4846 3607 4916 dignos
3629 4842 3787 4898 nomi-

2244 4931 2491 4984 naverint
2516 4931 2764 4988 clericos.
2787 4932 2881 4987 Sin
2911 4942 3090 4988 autem
3115 4934 3187 4988 illi
3214 4935 3346 4990 tales
3374 4935 3487 4989 sint
3531 4944 3588 4988 ut
3614 4931 3787 4989 divinis

2245 5021 2542 5077 canonibus
2562 5037 2666 5077 non
2695 5024 3134 5093 comprobentur,
3157 5025 3224 5079 ad
3250 5026 3560 5095 episcopum
3576 5022 3788 5096 pertine-

2246 5112 2324 5167 bit
2355 5113 2490 5168 alios
2520 5113 2748 5169 clericos
2772 5115 2994 5191 idoneos
3023 5116 3240 5187 eligere.
3276 5134 3294 5166 ι

2319 5202 2552 5258 XXXIII.
2574 5233 2647 5244 —
2673 5204 2748 5259 De
2773 5205 3062 5276 provisione
3092 5206 3333 5276 suffragii
3361 5207 3726 5277 episcOporunt.

2319 5295 2450 5366 Cap.
2475 5295 2544 5350 '57
2587 5295 2755 5367 (conc.
2801 5295 2963 5350 Tolet.
3007 5296 3082 5368 tv)
3113 5312 3129 5352 :
3176 5316 3195 5339 ο
3223 5296 3539 5367 Quicunque
3575 5291 3788 5366 episcopi

2310 5385 2496 5414 "nnn=1|
2546 5386 2824 5414 nil:nln':'\nl
2870 5385 3072 5414 nl=n-|:nl
3122 5385 3504 5414 nnn'n'n:nnl:nm
3560 5385 3760 5414 I-I:':‘ﬁ.:

2579 5386 2824 5414 |I:nln':'\nl
2870 5385 3072 5414 n|=n-|:nl
3122 5385 3504 5414 Annln'n:nnl:m
3560 5385 3786 5414 ..ιζΙζΙηΙῖε
