3944 5414
153 259 234 315 I33

1343 244 1722 305 COLLECTIO
1762 241 2115 303 CANONUI.

3243 239 3345 293 ωδ

152 374 259 429 ciale
282 368 553 424 deductum
576 362 1117 420 eorumconniventia
1139 360 1502 423 conﬁrmetur,
1525 361 1671 430 quia,
1706 368 1749 426 Α
1778 362 2040 424 ecclesia),
2068 362 2314 416 Gelastus
2342 360 2393 413 in
2447 355 2822 421 decretalibus,
2872 372 2986 427 cap.
3021 355 3087 409 Ξῖ
3113 376 3123 408 :
3159 375 3175 406 ‹
3212 356 3355 423 Qun-

153 466 261 517 sicut
281 457 545 527 apostolus
572 456 768 510 Paulus
786 456 881 517 ait,
909 452 1211 509 mercedem
1238 467 1387 505 suam
1414 450 1682 518 accipient

153 554 191 623 (l
214 551 316 604 Cor.
345 565 424 611 nt,
453 548 529 616 8).
564 567 583 599 ι

154 656 346 714 XXXIV.
374 687 441 695 —-
472 656 547 711 De
596 655 882 725 indigentia
914 672 1094 709 eorum
1124 654 1212 724 qui
1251 668 1331 705 rc:
1358 666 1479 703 suos
1502 658 1684 701 conru-

667 729 837 779 Ierunt
868 728 1116 779 ecclesia‘.

208 818 316 888 Cap.
346 819 434 875 58.
460 818 624 888 (Ibid)
653 836 666 870 :
710 838 727 866 ι
764 817 1114 871 Prtebendtun
1142 823 1224 868 est
1256 828 1284 865 a
1316 808 1686 864 sacerdotibus

154 910 251 963 vitm
298 908 538 961 solatium
584 907 982 975 indigentibus,
1012 914 1066 957 et
1114 901 1344 955 maxime
1375 900 1459 953 his
1490 898 1687 967 quibus

156 998 445 1049 restituenda
467 996 786 1049 vicissitudo
815 1004 917 1048 est.
952 993 1267 1059 Quicunque
1292 1005 1418 1057 ergo
1448 986 1683 1040 ﬁdelium

154 1089 205 1140 de
236 1086 562 1140 facultatibus
607 1087 720 1139 suis
750 1085 993 1138 ecclesie
1030 1083 1230 1151 aliquid
1257 1080 1538 1133 devotione
1563 1092 1687 1145 pro-

155 1179 243 1246 pria
273 1177 609 1241 contulerint,
645 1177 687 1231 si
724 1176 862 1229 forte
890 1176 988 1245 ipsi
1016 1184 1110 1227 aut
1140 1174 1231 1225 ﬁlii
1263 1187 1446 1225 eorum
1480 1168 1684 1222 redacti

156 1269 319 1320 iuerint
353 1268 417 1319 ad
463 1267 728 1335 inopiam,
759 1266 823 1320 de
860 1267 1051 1319 eadem
1098 1262 1321 1317 ecclesia
1374 1260 1685 1327 suﬁragium

155 1358 252 1409 vita:
280 1371 365 1424 pro
401 1357 662 1424 temporis
702 1373 800 1409 usu
826 1356 1150 1424 percipiant.
1187 1354 1241 1405 Si
1274 1352 1415 1405 cnim
1474 1349 1688 1402 clericis

156 1449 220 1502 vel
256 1448 544 1511 monachis,
576 1462 668 1501 seu
698 1446 994 1517 peregrinis
1027 1454 1120 1497 aut
1148 1442 1470 1511 quibuslibet
1501 1454 1689 1493 neces-

154 1541 330 1592 sitatem
379 1538 735 1606 patientibus,
766 1552 862 1605 pro
890 1535 1005 1589 solo
1050 1532 1322 1602 religionis
1369 1530 1583 1593 intuitu,
1633 1528 1686 1581 in

154 1648 279 1684 usum
324 1646 410 1684 res
459 1630 843 1684 ecclesiastica:
884 1628 1218 1695 largiuntur;
1271 1632 1471 1691 quanto
1518 1619 1686 1689 magis

1785 460 1906 504 tuor
1932 461 2131 516 autem,
2164 451 2354 519 inquit,
2385 458 2492 502 tam
2540 449 2607 501 de
2656 448 2826 502 reditu
2881 462 3041 517 quam
3102 448 3167 499 de
3210 447 3358 499 oblso

1785 544 1931 595 tione
1984 541 2243 605 ﬁdelium,
2303 548 2463 610 prout
2514 537 2799 606 cujuslibet
2846 536 3073 591 facultas
3120 536 3358 591 ecclesia:

1784 634 2067 703 permittit,
2110 632 2248 685 sicut
2294 633 2490 684 dudum
2522 640 2603 684 est
2647 628 3037 684 rationabiliter
3062 628 3359 688 decretum,

1786 723 2036 777 convenit
2059 722 2170 776 ﬁeri
2203 722 2477 791 portiones
2508 737 2521 774 :
2552 736 2778 789 quarum
2824 721 2893 774 sit
2921 734 3026 772 una
3058 718 3356 788 pontiﬁcis;

1787 814 1955 867 altera
1987 813 2339 875 clericorum;
2376 812 2528 865 tertia
2566 826 2892 881 pauperum;
2923 818 3113 879 quarta
3143 808 3361 861 fabricis

1787 904 2103 973 applicanda
2134 902 2395 957 ecclesiae.
2448 922 2466 953 ι

1858 996 2161 1048 Stnrucws
2198 994 2478 1061 cpiscopus
2505 993 2849 1048 Fconsxrtxo
2873 1034 2889 1058 ,
2916 992 3143 1056 Eocmo
3182 998 3234 1045 et
3264 989 3365 1044 St:-

1785 1101 1922 1139 veno
1972 1085 2235 1153 episcopis
2284 1081 2492 1152 (Simpt.
2539 1100 2688 1151 papa:
2738 1083 2890 1135 Decr.
2944 1098 2992 1135 c.
3038 1081 3095 1151 2)
3148 1098 3161 1133 :
3207 1101 3227 1128 ‹
3290 1080 3365 1130 De

1786 1176 2046 1229 reditibus
2114 1172 2464 1226 ecclesiarum
2547 1172 2627 1225 vel
2692 1171 3051 1225 oblationibus
3128 1168 3362 1221 ﬁdelium

1787 1268 1914 1336 quid
1965 1267 2177 1329 deccat,
2226 1264 2484 1318 nescienti
2535 1263 2663 1317 nihil
2717 1263 2879 1317 liceze
2926 1263 3233 1331 permittat;
3276 1260 3366 1314 sed

1788 1357 1901 1410 sola
1935 1366 1987 1410 et
2015 1372 2077 1409 ex
2128 1356 2211 1409 bis
2239 1364 2435 1424 quanta
2473 1355 2649 1423 portio
2689 1354 3014 1415 remittatur,
3046 1353 3162 1405 dum
3189 1352 3367 1405 eccle-

1787 1446 2019 1500 siasticis
2046 1444 2262 1497 fabricis
2309 1454 2363 1499 et
2402 1444 2699 1513 emgatioui
2730 1442 3130 1512 peregrinorum
3166 1449 3219 1494 et
3243 1457 3372 1510 pan-

1786 1552 1970 1605 perum
2015 1536 2306 1606 profntttl‘m
2336 1552 2365 1590 a
2427 1536 2673 1604 Benagro
2716 1534 3025 1604 presbytero
3087 1533 3186 1586 sub
3235 1532 3374 1599 peri-

1786 1632 1907 1687 culo
1949 1634 2028 1686 sui
2056 1632 2261 1687 ordinis
2289 1632 2673 1685 ministrentur.
2704 1628 2897 1683 l'ltima
2923 1627 3062 1681 inter
3086 1640 3143 1680 se
3166 1624 3389 1679 clericis

156 1723 221 1775 bis
248 1720 623 1775 consulendum
663 1728 745 1773 est
792 1720 987 1787 quibus
1026 1717 1305 1769 retributio
1344 1715 1488 1783 ληπῑλ
1527 1713 1688 1765 deleo

1816 1737 1890 1775 πο
1928 1722 2262 1789 singulorum
2302 1722 2507 1773 meritis
2542 1719 2823 1772 dividatur.
2855 1737 2871 1768 ι

155 1813 259 1865 ter?
295 1832 314 1865 ι

363 1902 583 1957 XXXV.
612 1934 681 1943 —
719 1902 789 1956 De
821 1902 1042 1955 avaritia
1084 1899 1433 1953 sarculwmz.

211 1994 323 2062 Cap.
350 1995 425 2047 53
459 1993 645 2064 (Ibid.)
682 2012 694 2046 :
733 2012 748 2042 ι
782 1993 1018 2046 Avaritia
1057 1991 1205 2046 radix
1248 1998 1561 2044 cunctorum
1611 1993 1694 2043 cst

158 2084 393 2138 malorttm
441 2101 454 2137 :
500 2083 654 2153 cujus
704 2084 821 2137 sitis
875 2084 1037 2137 etiam
1081 2082 1423 2134 sacerdotum
1486 2090 1697 2132 mentes

154 2178 347 2230 obtinet.
402 2176 549 2229 Multi
599 2177 739 2229 enim
776 2175 1010 2227 ﬁdelium
1044 2174 1094 2225 in
1128 2188 1366 2224 amorem
1414 2170 1613 2224 Christi
1644 2178 1699 2222 et

157 2280 424 2336 martyrum
455 2268 506 2320 in
538 2266 807 2335 parocbiis
851 2265 1224 2332 episcoporum
1268 2262 1522 2315 basilicas
1566 2276 1698 2313 con-

158 2368 357 2420 struunt,
390 2358 798 2425 oblationesqne
831 2354 1208 2417 conscribunt;
1243 2353 1553 2406 sacerdotes
1596 2366 1694 2402 au-

159 2456 245 2499 tem
275 2447 551 2511 auferunt,
589 2457 642 2500 et
678 2448 728 2499 in
766 2462 892 2500 usus
928 2462 1055 2499 suos
1086 2453 1430 2498 convertunt.
1459 2444 1585 2496 inde
1615 2450 1700 2495 est

160 2538 275 2604 quod
303 2538 537 2591 cultores
569 2554 839 2591 sacrorum
866 2538 1142 2594 deﬁciunt,
1172 2536 1295 2589 dum
1318 2534 1581 2603 stipendia
1605 2548 1699 2586 sua

161 2630 374 2696 perdunt.
412 2630 539 2683 Inde
581 2630 871 2683 labentium
918 2627 1145 2682 aediﬁcia
1192 2626 1544 2681 basilicarum
1592 2640 1697 2681 non

164 2730 475 2788 reparantur,
505 2721 624 2789 quia
648 2720 870 2772 avaritia
901 2717 1218 2772 sacerdotali
1249 2717 1425 2771 omnia
1450 2713 1703 2767 auferun-

165 2822 250 2864 tur.
278 2812 370 2865 Pro
401 2828 505 2881 qua
541 2828 593 2865 re
623 2811 975 2865 constitutum
1002 2820 1085 2861 est
1110 2824 1136 2859 a
1170 2808 1417 2876 prarsmiti
1451 2822 1581 2859 conc
1609 2804 1698 2863 lio.

165 2903 412 2971 episcopos
440 2906 511 2957 ita
537 2905 796 2956 diaaceses
820 2917 947 2954 suas
975 2916 1159 2970 regere
1189 2910 1243 2951 ut
1274 2898 1406 2953 nihil
1428 2912 1492 2949 ex
1518 2910 1701 2950 eorum

162 2992 259 3059 jure
284 3003 601 3062 prtesumant
643 2992 877 3054 auferre,
911 2992 1027 3055 sed,
1054 2992 1208 3056 juxta
1238 2991 1479 3059 priorum
1511 3000 1703 3041 aucto-

1976 1809 2214 1863 XXXVI.
2256 1840 2326 1849 —
2367 1810 2440 1863 De
2480 1810 2671 1878 injuste
2710 1808 3189 1863 excommunicatis.

1868 1900 1947 1954 Ex
1994 1900 2224 1954 concilio
2272 1899 2547 1961 Africano,
2591 1914 2711 1967 cap.
2744 1898 2843 1951 1υο
2875 1898 2984 1967 (fil)
3020 1914 3034 1950 :
3070 1915 3088 1947 ι
3126 1894 3374 1960 Quandiu

1796 1993 2262 2050 excommunicato
2314 1992 2793 2045 communit-avexit
2856 2006 2985 2045 suus
3050 1990 3379 2058 cpiscopus,

1794 2085 1969 2139 eidem
1999 2084 2252 2154 episcopo
2274 2083 2343 2136 ab
2364 2082 2485 2135 aliis
2510 2098 2612 2136 non
2644 2081 3067 2136 communiectur
3092 2079 3375 2148 episcopis,

1798 2185 1859 2231 ut
1906 2176 2077 2245 magis
2116 2182 2304 2229 careat
2347 2174 2629 2243 episcopus
2678 2189 2744 2226 ne
2785 2174 2927 2227 dicat
2965 2173 3019 2227 in
3058 2187 3379 2242 quemquam

1800 2265 1939 2335 quod
1981 2266 2098 2317 aliis
2130 2264 2470 2317 documentis
2504 2262 2824 2316 convincere
2851 2279 2952 2316 non
2978 2271 3171 2331 porest.
3214 2280 3231 2313 ι

1870 2357 2000 2410 Item
2049 2372 2114 2422 ex
2158 2356 2387 2409 concilio
2439 2354 2694 2416 Coloniae,
2741 2368 2859 2422 cap.
2907 2353 2975 2407 56
3022 2354 3131 2423 (49.)
3185 2371 3198 2407 ;
3254 2372 3272 2404 ε
3313 2351 3384 2408 [It

1802 2463 1960 2502 nemo
1982 2448 2355 2517 episcoporum
2385 2445 2675 2516 quemlibet
2702 2445 2815 2499 sine
2838 2446 3064 2499 certa'et
3093 2445 3381 2499 manifesta

1800 2540 2008 2607 peceati
2079 2553 2241 2591 causa
2318 2537 2699 2591 communione
2756 2536 2929 2605 privet
2994 2536 3380 2591 ecclesiastica.

1802 2630 2100 2684 Aaathema
2154 2639 2331 2683 autem
2389 2629 2503 2681 sine
2562 2642 2826 2683 consensu
2883 2626 3271 2695 archiepiscopi
3328 2640 3387 2681 et

1804 2726 2175 2795 episcoporum
2216 2723 2436 2792 praelata
2476 2724 2637 2776 etiam
2662 2721 2969 2791 evangeliea
3018 2718 3387 2774 admonitione

1808 2814 1935 2867 nulli
1967 2814 2225 2881 imponat,
2262 2813 2362 2865 nisi
2391 2812 2529 2865 unde
2560 2811 2816 2865 canonica
2848 2811 3040 2863 doceat
3068 2810 3382 2871 auctoritas,

1806 2903 1930 2971 quia
1994 2903 2279 2956 anathema
2330 2909 2546 2954 teternte
2603 2900 2793 2953 mortis
2840 2909 2921 2953 est
2971 2898 3286 2961 damnatio,
3334 2910 3390 2953 et

1808 2996 2023 3053 nonnisi
2052 3012 2147 3065 pro
2176 2995 2388 3049 mortali
2417 2994 2574 3050 debet
2604 2994 2802 3065 imponi
2835 2994 3078 3059 crimine,
3107 3002 3161 3048 ct
3194 2993 3265 3046 illi
3293 2990 3386 3062 qui

166 3084 349 3136 ritatem
394 3084 772 3145 conciliorum,
808 3091 919 3136 tam
962 3083 1027 3135 de
1061 3080 1426 3135 oblationibus
1450 3094 1610 3148 quam
1642 3079 1705 3130 de

1816 3086 1962 3141 aliter
1990 3100 2097 3141 non
2128 3086 2363 3156 potuerit
2395 3086 2613 3157 corrigi,
2658 3107 2675 3137 ι

168 3173 357 3227 tributis
385 3189 446 3227 ac
478 3174 740 3227 fructibus
768 3173 981 3227 tertiam
1010 3180 1433 3240 consequantur.
1464 3168 1614 3234 Quo!
1660 3168 1703 3221 si

169 3263 368 3331 amplius
406 3265 470 3317 ab
501 3265 579 3318 eis
614 3273 1006 3333 prmsumptum
1049 3263 1342 3327 exstiterit,
1386 3277 1482 3331 per
1529 3260 1708 3314 conci-

169 3350 277 3405 lium
308 3364 663 3417 reslauretur,
693 3355 1087 3424 appellantibus
1123 3364 1216 3408 aut
1260 3355 1389 3424 ipsis
1415 3353 1709 3407 conditori-

171 3440 276 3504 bus,
302 3453 388 3496 aut
414 3455 556 3498 certe
585 3446 899 3514 propinquis
923 3462 1131 3510 eorum,
1162 3446 1205 3498 si
1225 3445 1333 3513 jam
1360 3444 1431 3497 illi
1460 3459 1488 3496 a
1512 3442 1711 3497 smcnlo

171 3531 503 3586 decesserunt.
525 3534 783 3588 Noverint
812 3545 987 3588 tamen
1012 3537 1318 3589 conditores
1344 3535 1709 3597 basilicarum,

172 3618 217 3671 in
252 3622 401 3675 rebus
428 3640 562 3692 quas
587 3626 758 3678 eidem
800 3626 1039 3680 eet-lusit]:
1071 3626 1356 3679 conferunt
1385 3625 1583 3678 nullam
1620 3641 1716 3694 pa-

173 3718 395 3765 teslatem
420 3714 639 3778 habere,
663 3718 777 3779 sed,
809 3716 960 3783 juxta
991 3732 1255 3771 canenum
1282 3717 1551 3778 instituta,
1576 3718 1717 3770 sicut

172 3803 449 3869 ecclesiam,
476 3807 547 3859 ita
574 3817 629 3861 et
650 3809 826 3862 dotem
842 3808 958 3877 ejus
972 3810 1036 3862 ad
1059 3809 1451 3863 ordinationem
1479 3808 1713 3879 episcopi

174 3895 438 3958 pertinere.
478 3916 496 3945 ι

233 3980 525 4041 Carcerucs
573 4004 723 4043 Leoxt
779 3990 1025 4060 episcopo
1073 3990 1265 4061 (Gneo.
1318 3990 1357 4043 I.
1396 4006 1487 4054 vn,
1525 4006 1608 4058 ep.
1658 3987 1714 4051 3.

178 4070 272 4125 ind.
306 4076 373 4143 l).

242 4182 258 4213 ι
302 4166 553 4223 Volumus
593 4182 651 4224 ut
686 4170 941 4239 quidquid
986 4171 1230 4226 ecclesia:
1264 4180 1366 4225 tute
1412 4186 1477 4225 ex
1510 4170 1721 4225 redditu

178 4254 250 4306 vel
274 4258 503 4324 quolibet
531 4260 634 4313 alio
671 4262 819 4316 titulo
862 4261 1103 4315 fortassis
1130 4262 1438 4321 accesserit.
1474 4271 1720 4331 quartam

180 4349 354 4402 exinde
400 4350 692 4417 portionem
737 4352 853 4406 sine
897 4353 1254 4406 diminutione
1301 4352 1480 4421 aliqua
1528 4354 1724 4407 debeas

1875 3178 2006 3229 Item
2056 3176 2108 3228 in
2150 3176 2400 3246 Legibus,
2454 3191 2573 3245 cap.
2614 3176 2709 3229 HI
2750 3194 2761 3228 :
2802 3193 2820 3225 ‹
2867 3174 3035 3230 Nemo
3066 3174 3377 3244 episcopus,

1810 3283 1967 3323 nemo
1998 3268 2280 3339 presbyter
2324 3270 2757 3323 excommunicel
2802 3268 3032 3337 aliquem
3056 3308 3070 3328 .
3102 3276 3388 3335 antequam

1810 3374 1970 3413 causa
2027 3359 2286 3426 probetur
2325 3369 2544 3430 propter
2570 3376 2731 3430 quam
2764 3360 3116 3415 ecclesiastici
3160 3374 3395 3413 canones

1812 3452 1915 3506 hoc
1947 3450 2067 3505 ﬁeri
2094 3450 2302 3519 jubent.
2330 3452 2385 3507 Si
2409 3456 2528 3523 quis
2556 3462 2733 3507 autem
2756 3454 3012 3508 adversus
3032 3467 3152 3507 eum
3180 3466 3398 3505 excom-

1815 3544 2175 3597 municaverit
2204 3543 2460 3613 aliquem,
2512 3544 2598 3597 ille
2630 3545 2844 3613 quidem
2894 3545 2984 3612 qui
3030 3542 3398 3599 excommuni-

1815 3642 1969 3688 catus
1998 3644 2099 3695 est,
2131 3634 2353 3700 ma;oris
2381 3636 2678 3689 sacerdotis
2720 3636 3043 3689 auctoritate
3071 3634 3137 3687 ad
3168 3632 3395 3703 gratiam

1817 3736 2015 3780 sanrtte
2075 3727 2468 3781 communionis
2545 3729 2757 3791 redeat;
2829 3728 2872 3781 is
2923 3736 3100 3781 autem
3152 3724 3242 3794 qui
3290 3740 3396 3780 non

1817 3816 2054 3885 legitime
2109 3815 2621 3879 excommunicavit,
2679 3818 2730 3869 in
2789 3824 2993 3869 tantum
3046 3818 3315 3870 abstineat
3367 3831 3397 3867 a

1819 3920 1973 3958 sacra
1986 3905 2361 3958 communione
2384 3912 2890 3973 tempus,quantum
2917 3905 3103 3973 majori
3128 3905 3393 3959 sacerdoti

1820 3995 1992 4049 visum
2034 3993 2215 4057 fuerit,
2271 4002 2329 4047 ut
2368 3995 2419 4047 id
2468 3993 2607 4071 quod
2658 3994 2850 4061 injuste
2904 3994 3043 4055 fecit,
3098 3994 3208 4062 ipse
3249 3993 3391 4062 juste

1822 4085 2081 4153 patiatur.
2134 4103 2150 4134 ι

1899 4174 2159 4229 XXXVII.
2198 4205 2266 4215 —-
2306 4175 2380 4229 De
2418 4175 2645 4231 ecclesiis
2691 4188 2737 4232 et
2773 4195 2950 4232 carum
2997 4179 3326 4248 presbyferis.

1896 4266 1975 4318 Ex
2004 4267 2231 4321 concilio
2262 4265 2433 4321 Tolet.
2467 4268 2762 4338 tn,cap.20
2788 4285 2799 4322 :
2821 4287 2837 4320 ι
2864 4269 3147 4323 Multorum
3178 4269 3398 4337 querela

1829 4359 1968 4412 hanc
1994 4357 2431 4412 constitutionem
2459 4360 2661 4428 exegit,
2687 4374 2789 4427 qua
2824 4360 3175 4427 cognovimus
3196 4358 3405 4427 cpisco-

180 4453 463 4511 chi't‘garC,
494 4452 651 4511 alque
692 4457 806 4497 eam
849 4446 1143 4498 secundum
1183 4442 1274 4496 Dei
1317 4444 1563 4496 tiumrem
1603 4458 1721 4510 pre-
1756 4416 1802 4473 θ
1832 4462 1929 4515 pos
1989 4462 2086 4515 per
2144 4448 2431 4516 parochias
2489 4464 2613 4503 suas
2662 4464 2766 4502 non
2817 4448 3266 4511 sacerdotaiiter,
3311 4448 3405 4502 sed

180 4528 417 4599 sbyteris,
460 4532 768 4587 diaconibus
796 4549 857 4587 ac
888 4534 1033 4587 clero
1056 4573 1072 4598 ,
1118 4542 1175 4586 ut
1208 4533 1301 4586 tibi
1338 4533 1505 4585 visunt
1538 4533 1721 4597 fuerit,

183 4620 399 4675 dlsCI‘ClC
428 4624 690 4689 dividere,
720 4635 769 4679 et
803 4625 1114 4693 unicuique,
1157 4632 1214 4677 ut
1243 4625 1493 4677 meritum
1529 4623 1727 4678 laboris

184 4719 426 4775 exegerit.
472 4730 489 4762 ι

245 4800 391 4864 Quod
437 4812 657 4869 quatuor
704 4804 812 4858 ﬁeri
867 4805 1097 4859 debeant
1138 4806 1412 4874 portiones
1456 4805 1523 4859 de
1568 4806 1725 4861 rebus

250 4909 476 4985 (ωδε
530 4931 669 4968 conc.
727 4916 977 4983 Africano
1055 4933 1168 4985 cap.
1223 4918 1339 4971 100.
1408 4918 1569 4972 Deest
1623 4920 1726 4973 hoc

187 4992 333 5054 caput
365 4984 600 5054 inpeditis
626 4987 830 5039 concilii
861 4984 1229 5041 Africaniseu
1259 4988 1728 5054 Cm'thagiuenszs.

189 5050 305 5113 Qui:
343 5052 570 5107 collectio
618 5065 697 5109 est
740 5057 1074 5111 diversorum
1122 5050 1485 5125 capitulorum
1510 5073 1731 5111 numero

190 5130 395 5198 centum
440 5137 509 5198 ea
547 5126 781 5198 conciliis
842 5127 1115 5180 Afrieanm
1162 5128 1449 5198 provinciae
1477 5166 1491 5188 ,
1541 5127 1732 5198 quibus

191 5190 428 5252 capitulis
453 5191 542 5263 alia
570 5196 794 5263 quinque
817 5198 1123 5248 subdnntur
1146 5190 1210 5247 de
1237 5197 1505 5249 nonnullis
1530 5190 1734 5263 episco-

190 5270 372 5323 porum
404 5262 641 5327 epistolis.
677 5262 731 5316 In
774 5266 1069 5318 novissima
1111 5266 1454 5319 conciliorum
1501 5262 1734 5320 editione

190 5338 281 5384 pro
325 5331 543 5382 capitulo
588 5335 871 5382 centesimo
904 5334 1191 5380 ntltltteilttr
1237 5336 1491 5378 ennrlncn
1522 5336 1731 5376 enm-iiii

1828 4538 2123 4592 crudeliter
2152 4538 2442 4601 destevire;
2476 4546 2551 4601 et,
2591 4539 2717 4591 dum
2772 4541 3028 4607 scriptum
3059 4540 3128 4592 sit
3159 4556 3172 4592 :
3210 4538 3406 4594 Forma

1829 4636 1987 4679 estote
2032 4628 2238 4695 gregis,
2286 4644 2448 4697 neque
2511 4628 2559 4681 ei
2604 4630 2755 4696 quasi
2804 4630 3128 4681 dominantes
3171 4628 3227 4681 in
3274 4626 3408 4679 (bro

1831 4717 1879 4787 (1
1923 4715 2067 4769 Petr.
2106 4732 2159 4779 ν.
2186 4718 2266 4786 3),
2311 4718 2619 4773 exactiones
2663 4719 2883 4775 dimeesi
2932 4735 3042 4773 sua:
3095 4720 3177 4773 vei
3218 4721 3410 4773 damna

1834 4806 2103 4876 itzﬁigant.
2156 4806 2386 4876 Ideoque
2415 4823 2721 4873 censemus,
2751 4820 2979 4879 excepto
3005 4810 3145 4876 quod
3173 4818 3414 4862 veterum

1829 4918 2068 4975 Icmxmti
2122 4920 2341 4990 capituli
2408 4921 2731 4981 conteximi,
2800 4920 2942 4990 quod
3001 4919 3154 4971 initio
3207 4922 3417 4974 concilii

1829 4990 2177 5060 pra-mittitur
2208 5009 2220 5042 :
2263 4989 2330 5041 Ut
2362 5005 2465 5044 non
2499 5002 2683 5042 imitere
2708 4989 3020 5060 quamquam
3061 4990 3426 5060 communione

1832 5058 1993 5129 privet
2051 5060 2356 5129 γορὶεεοῃυα.
2431 5060 2643 5125 Optime
2694 5076 2824 5113 vero
2878 5058 3139 5129 lemmati
3172 5060 3433 5129 ‘quadrat

1834 5124 1992 5197 caput
2049 5128 2187 5179 istud
2241 5124 2378 5197 apud
2432 5124 2697 5193 Abonem,
2731 5130 2834 5183 hoc
2883 5141 2951 5179 ex
3001 5124 3120 5176 loco
3172 5124 3227 5178 in
3274 5130 3437 5181 editis

1836 5195 2214 5263 supplendum.

1910 5260 2024 5333 (£2)
2058 5263 2142 5317 Ea:
2177 5284 2320 5321 conc.
2377 5262 2629 5321 Cotoniw.
2669 5283 2785 5334 cap.
2815 5265 2904 5321 56.
2938 5260 3050 5334 Non
3083 5261 3325 5319 habetur
3354 5268 3440 5322 bic

1836 5331 1988 5389 ιοεξεδ
2021 5336 2072 5384 in
2118 5338 2279 5389 deﬁc
2331 5335 2562 5372 τίὶιῐιιιιηε
2603 5331 2785 5370 rufio-nm
2824 5348 2947 5370 occa
2990 5331 3274 5368 dar-ratu...
3318 5356 3362 5366 ι..
