3944 5414
516 288 620 347 ⁴95

1509 281 1568 337 s.
1610 278 1898 338 annosus
1952 276 2238 333 ABBA'I‘IS
2278 253 2803 332 rmmacnnsrs'

3662 265 3756 322 I96

519 403 933 463 constitutiones
964 418 994 458 a
1029 400 1301 473 parochiis
1338 401 1537 454 habere
1560 399 1754 469 juheut
1794 395 2095 466 episcopos,
2128 406 2173 463 Α
2203 392 2445 446 habitare
2467 389 2601 460 jussi
2629 399 2771 455 sunt,
2801 401 2870 442 ne
2893 401 3018 442 cum
3044 384 3301 441 uxoribus
3323 380 3528 453 possint
3553 377 3758 435 carnale

518 504 582 553 ut
637 493 742 549 illis
790 493 934 557 alia,
996 506 1115 562 quae
1176 491 1279 544 huc
1341 504 1511 558 usque
1556 494 1883 557 praesumpta
1933 494 2097 548 sunt,

520 585 871 654 denegcntur.
916 579 1029 636 IIoc
1066 588 1170 646 cst,
1208 593 1381 648 neque
1411 578 1462 631 in
1494 575 1732 647 angariis
1761 573 2102 644 presbyteros

521 680 617 726 aut
646 671 917 734 diaconos,
959 683 1133 739 neque
1180 668 1233 723 in
1271 665 1539 735 aliquibus
1585 663 1813 732 fatigent
1858 661 2102 717 indictio-

520 761 703 826 nibus,
733 775 798 813 ne
819 758 1104 813 videantur
1127 756 1178 811 in
1208 755 1451 810 Ecclesia
1485 754 1576 808 Dei
1602 759 1886 808 exactores
1921 750 2100 819 potius

523 865 685 925 quam
737 850 831 905 Dei
888 847 1170 919 pontiﬁces
1243 846 1530 901 nominari.
1596 843 1662 899 Ili
1713 858 1842 900 vero
1891 841 2097 906 clerici,

523 948 633 994 tam
678 938 879 995 locales
926 954 1088 1009 quam
1136 938 1452 1003 ditecesani,
1494 936 1585 1007 qui
1635 951 1693 991 se
1735 937 1804 991 ab
1849 950 2101 1006 episcopo

523 1034 737 1106 gravari
788 1032 1178 1104 cognoverint,
1234 1030 1480 1101 querelas
1542 1046 1670 1087 suas
1718 1031 1784 1086 ad
1832 1042 2103 1100 metropo-

523 1128 750 1184 litanum
795 1125 1010 1182 deferre
1058 1141 1164 1182 non
1212 1124 1465 1180 differant
1520 1142 1534 1177 :
1590 1124 1682 1193 qui
1729 1123 2101 1193 metropolita-

523 1235 628 1276 nus
672 1235 777 1275 non
841 1225 1086 1273 moretur
1134 1217 1396 1287 ejusmodi
1453 1216 1897 1285 przesumptiones
1952 1229 2104 1270 coer-

526 1326 673 1367 cere.
723 1329 742 1361 ι

594 1401 866 1471 Eugenius
911 1415 1066 1471 papa,
1099 1414 1218 1471 cap.
1246 1399 1307 1453 21
1340 1397 1589 1471 (synodus
1632 1397 1808 1468 Rom.)
1854 1415 1870 1452 :
1928 1416 1944 1449 ι
1994 1397 2102 1453 Μο-

524 1492 822 1548 nasterium
850 1493 938 1547 vel
964 1493 1260 1548 oratorium
1310 1499 1680 1546 constructum
1730 1490 2027 1556 canonice,
2072 1505 2103 1544 a

525 1580 763 1637 dominio
775 1582 1166 1638 constructoris
1178 1580 1287 1655 [ro]
1312 1581 1480 1636 invito
1492 1596 1596 1636 non
1609 1580 1904 1646 auferatur;
1920 1579 2106 1634 liceat-

525 1688 631 1743 que
659 1672 735 1726 illi
765 1673 1083 1744 presbytero
1126 1673 1212 1728 cui
1242 1671 1474 1726 voluerit
1500 1711 1516 1736 ,
1549 1687 1671 1727 cum
1709 1685 1973 1726 consensu
2020 1671 2103 1725 sui

2204 495 2459 537 exercere
2504 478 2909 535 commercium.
2944 475 3052 531 Nos
3078 490 3206 530 vero
3235 488 3423 528 omnes
3466 469 3760 525 sacerdofes

2203 569 2565 638 atquedevitae
2595 567 2864 623 insolubili
2899 566 3012 637 lege
3050 562 3476 633 constringimur
3515 567 3593 622 ut,
3623 573 3652 611 a
3681 559 3759 613 die

2200 660 2555 715 ordinationis
2582 668 2805 723 nostrae,
2833 655 3110 712 sobrietati
3131 670 3195 710 ac
3224 652 3496 725 pudicitiae
3521 659 3576 707 et
3609 652 3759 706 corda

2203 759 2386 806 nostra
2409 751 2776 819 mancipemns
2804 758 2858 803 et
2879 763 3130 818 corpora.
3160 744 3450 801 dummodo
3473 758 3569 812 per
3591 742 3759 797 omnia

2200 842 2309 897 Deo
2356 848 2542 896 nostro
2593 842 2645 894 in
2686 839 2893 908 hisquae
2917 837 3158 908 quotidie
3185 835 3462 890 oll'erimus
3492 830 3761 887 sacriﬁciis

2200 935 2525 1006 placeamus.
2559 932 2660 1000 Qui
2696 948 2823 1002 ergo
2866 929 3166 1002 ignorantia
3214 928 3390 996 lapsos
3424 940 3483 979 se
3531 938 3648 979 esse
3675 923 3759 976 de-

2199 1025 2349 1089 ﬂent,
2379 1024 2461 1078 his
2488 1024 2585 1077 hac
2616 1022 2922 1078 conditione
2958 1018 3377 1074 misericordiam
3414 1013 3641 1070 dicimus
3666 1026 3761 1067 non

2202 1115 2521 1187 negandum,
2559 1122 2639 1179 ut,
2668 1114 2783 1168 sine
2811 1112 2920 1168 ullo
2969 1110 3190 1165 honoris
3221 1116 3538 1179 augmento,
3572 1105 3625 1158 in
3673 1105 3763 1160 hoc

2201 1222 2310 1277 quo
2336 1205 2530 1261 detecti
2576 1213 2723 1267 sunt,
2770 1202 3003 1273 quandiu
3050 1199 3300 1262 vixerint,
3332 1195 3508 1252 ollicio
3533 1210 3765 1265 perseve-

2205 1309 2344 1362 rent,
2381 1298 2427 1353 si
2478 1307 2653 1351 tamen
2682 1305 2802 1367 post
2834 1295 2947 1348 haec
2993 1292 3327 1347 continentes
3371 1303 3429 1343 se
3476 1285 3764 1342 studueiint

2202 1391 2475 1446 exhibere.
2491 1389 2589 1457 Qui
2616 1404 2763 1452 vero,
2786 1383 3033 1455 exemplo
3058 1383 3254 1438 veteris
3283 1377 3596 1461 sacerdotii,
3624 1376 3763 1446 quasi

2196 1483 2351 1537 licito
2394 1480 2641 1550 coujugio
2669 1485 2919 1539 utuntur,
2965 1475 3211 1528 noverint
3248 1485 3307 1524 se
3335 1469 3403 1524 ab
3430 1467 3579 1523 omni
3601 1465 3764 1520 eccle—

2204 1572 2425 1639 sia-tico
2471 1570 2712 1633 honore,
2760 1581 2866 1636 quo
2911 1563 3111 1633 indigni
3158 1561 3242 1616 usi
3289 1567 3408 1614 sunt
3437 1554 3765 1627 ,apostolica:

2208 1665 2353 1721 sedis
2428 1661 2751 1718 auctoritate
2817 1656 3089 1727 dejectos,
3159 1667 3259 1707 nec
3326 1663 3565 1720 unquam
3625 1660 3766 1716 posse

525 1763 804 1834 episcopi,
857 1737 946 1818 ne-
973 1763 1146 1818 malus
1190 1763 1282 1828 sit,
1327 1761 1705 1817 commendare
1735 1801 1750 1827 ,
1806 1761 1877 1816 ita
1935 1769 1995 1815 ut
2040 1761 2107 1816 ad
2136 1750 2182 1809 B
2210 1754 2387 1809 divina
2457 1759 2746 1805 attrectare
2799 1745 3055 1817 mysteria
3122 1742 3373 1810 deinceps
3421 1737 3529 1793 ulla
3598 1745 3764 1789 nostra

526 1853 781 1922 placitum
826 1853 1063 1924 episcopi
1113 1853 1364 1907 sacerdos
1409 1852 1722 1906 obedienter
1770 1858 2033 1907 recurrat.
2078 1868 2098 1899 ι

597 1946 770 2011 Item,
830 1960 950 2015 cap.
1014 1945 1084 1998 ﬁt
1135 1959 1149 1999 :
1211 1962 1229 1996 ι
1302 1942 1550 2013 Episcopi
1604 1942 1658 1996 in
1710 1941 1942 2011 propriis
1993 1942 2106 1997 suis

527 2035 775 2092 ccclesiis
843 2036 1183 2107 presbyteros
1237 2035 1505 2089 ordinent.
1569 2031 1722 2099 Quod
1776 2033 1823 2088 si
1880 2032 2107 2101 quilibet

527 2125 666 2181 alius
709 2125 871 2180 homo
924 2125 977 2179 in
1027 2140 1121 2179 sua
1167 2123 1391 2178 basilica
1436 2122 1576 2176 infra
1635 2122 1795 2177 trium
1840 2121 2105 2176 mensium

528 2217 784 2289 spatium,
832 2214 899 2270 ab
948 2215 1199 2284 episcopo
1244 2213 1482 2270 monitus
1511 2257 1526 2282 ,
1572 2212 1946 2284 presbyterum
1999 2226 2105 2265 non

527 2305 782 2372 miserit,
857 2305 1141 2377 episcopus
1205 2303 1435 2374 principi
1530 2311 1784 2374 suggerat
1869 2310 1929 2356 ut
2003 2301 2106 2356 hoc

530 2398 797 2455 emendet.
847 2416 867 2451 ι
1850 2458 1861 2465 _
1916 2406 1929 2413 α

597 2488 754 2556 Item,
785 2503 903 2559 cap.
934 2488 1005 2542 25
1035 2505 1047 2541 :
1080 2504 1097 2538 ι
1128 2486 1185 2541 Si
1211 2487 1498 2541 destructa:
1518 2483 1760 2539 ecclesia:
1787 2484 1853 2538 de
1872 2483 2106 2553 propriis

532 2583 695 2657 rebus
740 2580 1053 2636 reaediﬁcari
1100 2594 1204 2633 non
1259 2577 1566 2649 potuerint,
1613 2590 1644 2629 a
1689 2574 1891 2645 populo
1932 2575 2107 2644 plebis

536 2670 830 2725 auxilientu
840 2685 884 2724 r.
930 2687 950 2720 ι

602 2761 756 2829 Item,
792 2776 911 2830 cap.
956 2758 1025 2813 26
1070 2777 1082 2812 :
1144 2777 1161 2810 ‹
1200 2757 1386 2812 Nullus
1409 2757 1690 2826 episcopus
1738 2771 1767 2809 a
1819 2755 1962 2811 nullo
2003 2756 2104 2811 sibi

534 2851 776 2921 subjecto
828 2852 1026 2907 clerico
1077 2849 1393 2906 donationes
1441 2848 1579 2903 ultra
1631 2852 1838 2902 statuta
1882 2848 2105 2903 Patrum

534 2942 735 3013 exigat,
766 2957 865 2998 nec
889 2941 1185 3010 angariatn

534 3057 822 3115 XXXVIII.
858 3087 929 3097 -
962 3056 1039 3110 De
1084 3073 1143 3109 eo
1186 3056 1325 3126 quod
1371 3055 1639 3124 cpiscopus
1685 3054 1869 3126 habeat
1899 3053 2106 3126 tertiam

674 3140 871 3197 partem
901 3126 1157 3190 ccclesiw,
1189 3123 1236 3179 et
1263 3123 1425 3195 potest
1455 3123 1581 3178 dare
1606 3127 1689 3178 cui
1718 3123 1956 3178 voluerit.

605 3220 737 3292 Cap.
771 3235 822 3277 vi
872 3218 956 3290 (ea:
993 3218 1098 3273 alio
1126 3217 1417 3290 concilio);
1446 3235 1467 3270 ι
1504 3215 1814 3289 Opportune
1857 3215 2109 3271 duximus

538 3311 957 3375 decernendum,
989 3319 1046 3363 ut
1073 3311 1356 3380 episcopus
1386 3310 1631 3375 tertiam,
1662 3323 1823 3378 quam
1855 3308 1921 3363 de
1952 3307 2109 3361 rebus

538 3402 781 3465 ecclesiae
807 3402 1085 3457 sanctione
1126 3402 1346 3455 Patrum
1383 3400 1615 3455 debitam
1657 3399 1760 3454 sibi
1802 3399 1972 3462 novit,
2017 3408 2110 3452 aut

538 3498 644 3569 ipsi
673 3496 916 3554 ecclesia:
943 3496 1095 3566 cujus
1125 3510 1210 3551 res
1233 3509 1352 3550 esse
1380 3494 1605 3564 patebit,
1631 3503 1725 3548 aut
1748 3493 1900 3548 alteri
1940 3492 2112 3546 eccle-

539 3591 634 3646 siae
662 3629 679 3658 ,
728 3589 818 3646 cui
867 3587 1067 3658 elegit,
1119 3585 1366 3642 conferre
1396 3586 1735 3650 decreverit;
1789 3595 1848 3640 ut
1905 3584 2111 3638 licit..m

539 3687 759 3734 maneat
826 3688 883 3734 et
955 3676 1307 3732 irrevocabile
1370 3677 1537 3731 robur
1603 3676 1757 3745 cujus
1844 3674 2110 3731 sententia

536 3766 702 3824 ferat.
748 3786 768 3821 ι

612 3860 744 3916 Item
785 3874 851 3916 ex
892 3858 1153 3915 Toletano
1198 3857 1392 3913 concil.
1451 3872 1550 3922 ιη,
1600 3871 1719 3927 cap.
1766 3856 1801 3910 5
1849 3874 1863 3910 :
1915 3874 1934 3908 ι
1971 3854 2112 3909 Nulli

541 3948 913 4035 episcoporum
944 3949 1102 4004 liceat
1140 3963 1226 4003 res
1275 3948 1512 4002 alienare
1547 3946 1788 4002 ecclesiae
1813 3986 1828 4010 ,
1858 3947 2111 4016 quoniam

539 4049 601 4097 et
627 4041 1021 4110 antiquioribus
1048 4039 1342 4094 cauouibus
1380 4040 1486 4094 hoc
1516 4039 1848 4108 prohibetur.
1887 4036 1943 4092 Si
1986 4037 2115 4106 quid

542 4149 713 4198 vero,
766 4133 907 4203 quod
956 4131 1244 4186 utilitatem
1297 4147 1400 4186 non
1449 4138 1637 4201 gravet
1686 4129 1968 4193 ecclesiae,
2016 4142 2115 4197 pro

544 4223 796 4296 suﬁ‘ragio
851 4223 1236 4278 monachorum
1294 4221 1376 4275 vel
1431 4220 1781 4275 ecclesiarum
1832 4217 1898 4272 ad
1960 4232 2114 4271 suam

543 4315 855 4389 parochiam
883 4313 1263 4383 pertinentimn
1305 4311 1572 4375 dederint,
1613 4310 1826 4365 ﬁrmum
1871 4318 2112 4375 maneat;

544 4406 952 4477 peregrinorum
1013 4419 1143 4457 vero
1213 4403 1292 4457 vel
1346 4402 1663 4457 clericorum
1713 4412 1768 4455 et
1822 4416 2114 4471 egenorum

545 4495 857 4552 necessitati
879 4493 1028 4549 salvo
1044 4492 1168 4562 jure
1193 4492 1434 4549 ecclesia:
1455 4499 1710 4563 praestare
1730 4492 2119 4561 permittuntur

545 4602 644 4658 pro
677 4595 918 4653 tempore
949 4598 1069 4654 qua:
1093 4581 1385 4653 potuerint.
1419 4601 1439 4635 ι

706 4674 945 4730 XXXIX.
984 4705 1056 4715 ——
1091 4674 1168 4729 De
1193 4676 1465 4728 sanctitate
1487 4675 1603 4728 vita:
1629 4674 1955 4727 clericorum.

620 4765 847 4821 Siricius
872 4780 1008 4836 papa
1034 4766 1086 4819 in
1114 4764 1338 4833 epistola
1370 4780 1487 4834 cap.
1529 4763 1558 4815 7
1583 4761 1798 4834 (Suum,
1838 4761 2068 4832 Decret.)
2098 4778 2113 4816 :

552 4875 572 4908 ι
619 4855 887 4912 Plurimos
932 4856 1239 4910 sacerdotes
1280 4852 1477 4909 Christi
1546 4862 1709 4922 atque
1757 4851 1948 4906 levitas
1992 4859 2117 4920 post

547 4947 704 5020 longa
730 4948 1155 5002 consecrationis
1188 4961 1297 5000 suae
1333 4954 1593 5014 tempora,
1627 4952 1738 4997 tam
1778 4943 1847 4998 de
1875 4942 2117 5015 conjugi—

547 5038 649 5093 hus
695 5037 924 5107 propriis
963 5051 1125 5106 quam
1174 5037 1338 5091 etiam
1383 5036 1450 5090 de
1500 5035 1643 5106 turpi
1691 5036 1833 5089 coitu
1879 5034 2117 5090 sobolem

547 5128 830 5182 didicimus
866 5139 1181 5195 procreasse
1205 5165 1220 5191 ,
1245 5135 1301 5181 et
1322 5126 1526 5180 crimen
1557 5140 1713 5180 suum
1743 5127 1843 5181 hac
1874 5127 2120 5196 prtescri-

550 5216 729 5285 ptione
769 5216 1059 5272 defendere
1104 5215 1228 5284 quia
1257 5215 1310 5269 in
1338 5213 1516 5268 Veteri
1549 5214 1893 5270 Testamento
1936 5231 2118 5270 sacer-

549 5304 766 5358 dotibus
837 5319 903 5358 ac
968 5303 1230 5358 ministris
1295 5302 1582 5372 generandi
1636 5301 1863 5356 facultas
1926 5304 2118 5370 legitur

876 5396 979 5414 η-.
1027 5397 1098 5414 ⁸11·
1150 5410 1243 5414 ..--

2208 1844 2556 1915 indulgentia,
2583 1843 2696 1898 sive
2722 1840 2793 1896 sit
2815 1840 3118 1910 episcopus,
3150 1836 3264 1890 sive
3308 1833 3590 1906 presbyter
3611 1871 3627 1897 ,
3668 1828 3768 1884 sive

2207 1934 2486 1988 diaconus.
2534 1950 2555 1983 ο

2206 2060 2321 2117 XL.
2355 2090 2427 2102 —
2459 2059 2536 2115 De
2568 2060 2692 2129 ﬁliis
2727 2063 3159 2131 presbyterorum.
3188 2052 3267 2109 vel
3290 2053 3671 2123 episcoporum,
3698 2045 3765 2102 vel

2813 2130 3176 2181 diaconorum.

2276 2244 2356 2299 Ex
2391 2256 2544 2298 conc.
2591 2239 2762 2295 Tolet.
2807 2254 2861 2293 ις
2892 2279 2906 2303 ,
2937 2251 3055 2306 cap.
3090 2233 3157 2290 I0
3187 2252 3200 2288 :
3240 2251 3258 2285 ι
3302 2230 3622 2299 Quicunque
3653 2240 3767 2281 vero

2207 2334 2526 2392 clericorum
2596 2330 2664 2385 ab
2728 2330 2982 2400 episcopo
3045 2339 3213 2395 usque
3263 2325 3328 2378 ad
3395 2319 3765 2376 subdiaconum

2206 2426 2458 2494 deinceps
2492 2421 2573 2478 vel
2618 2436 2685 2477 ex
2731 2418 2956 2483 ancillae,
2989 2416 3072 2472 vel
3101 2431 3164 2471 ex
3202 2416 3445 2485 ingenuae
3469 2408 3768 2465 detestanda

2207 2514 2492 2575 connubio.
2523 2513 2578 2567 in
2608 2513 2814 2567 honore
2842 2507 3117 2565 constituti
3148 2506 3288 2559 ﬁlios
3313 2502 3670 2574 procreat-int,
3706 2499 3766 2554 illi

2208 2611 2423 2681 quidem
2468 2622 2535 2663 ex
2579 2604 2774 2676 quibus
2812 2601 2978 2675 geniti
3026 2599 3342 2670 probantur,
3368 2594 3630 2651 canonica
3657 2607 3768 2647 ceno

2210 2678 2335 2757 sura
2370 2696 2731 2759 damnentur;
2777 2690 2953 2763 proles
3004 2695 3181 2743 autem
3228 2685 3461 2740 alienata
3503 2680 3602 2754 [αι.
3628 2721 3643 2746 ,
3689 2678 3766 2732 tali

2212 2788 2358 2862 nata]
2387 2786 2680 2860 pollutione
2716 2799 2820 2840 non
2866 2781 3039 2837 solum
3087 2785 3370 2848 parentmn
3417 2771 3765 2827 haereditaqu

2212 2857 2483 2949 nunquam
2535 2874 2810 2945 accipiet,
2857 2876 2951 2928 sed
2995 2869 3158 2925 etiam
3208 2867 3259 2921 in
3307 2864 3620 2920 servitutem
3667 2857 3769 2927 ejus

2210 2972 2475 3036 ecclesiae,
2507 2970 2573 3025 de
2599 2968 2754 3038 cujus
2790 2962 3085 3020 sacerdotis
3114 2959 3194 3015 vel
3222 2957 3452 3012 ministri
3495 2952 3765 3025 ignominia

2136 3092 2181 3153 ς
2214 3065 2326 3121 nati
2361 3071 2525 3128 sunt,
2566 3061 2690 3131 jure
2735 3056 2957 3128 perenni
2999 3050 3410 3124 permanebunt.
3452 3046 3577 3101 Filii
3608 3054 3766 3099 autem

2214 3154 2553 3212 sacerdotum
2580 3151 2671 3223 qui
2707 3157 2829 3203 ante
2857 3143 3212 3201 sacerdotium
3245 3141 3358 3194 nati
3403 3148 3551 3202 sinit,
3580 3144 3767 3207 specta-

2211 3247 2332 3305 cula
2377 3243 2655 3304 smeularia
2698 3256 2807 3297 non
2857 3237 3165 3301 exhibeant,
3214 3232 3309 3288 sed
3358 3246 3455 3287 nec
3504 3233 3764 3300 spectent,

2211 3343 2336 3398 licet
2371 3342 2473 3396 hoc
2521 3335 2839 3394 Christianis
2893 3330 3141 3388 omnibus
3193 3326 3538 3382 interdictum
3593 3323 3690 3382 sit;
3723 3327 3768 3370 rt

2212 3436 2300 3490 ubi
2346 3429 2688 3502 blasphemia:
2743 3435 2868 3483 sunt
2931 3440 3035 3478 non
3098 3411 3380 3484 accedant,
3425 3417 3567 3472 sicut
3622 3413 3770 3469 habes

2212 3525 2266 3578 in
2312 3521 2539 3579 concilio
2587 3514 2990 3586 Carthaginiensi
3017 3553 3031 3577 ,
3075 3525 3197 3581 cap.
3233 3508 3320 3564 15.
3364 3526 3384 3559 ι

2382 3635 2519 3691 XLI.
2558 3664 2626 3675 ——
2660 3632 2737 3686 De
2779 3631 2928 3684 rebus
2962 3625 3192 3682 ecclesia:
3216 3618 3608 3692 dispensandis.

2284 3752 2362 3807 Ex
2415 3747 2641 3803 concilio
2688 3741 3039 3800 Orientalium
3089 3737 3485 3807 episcoporum,
3533 3745 3650 3800 cap.
3694 3724 3766 3786 II.

2214 3845 2279 3899 de
2320 3837 2737 3911 praesumptione
2783 3832 3019 3903 episcopi
3066 3830 3117 3884 in
3164 3829 3323 3882 rebus
3350 3822 3590 3879 ecclesia:
3625 3838 3638 3873 :
3671 3838 3687 3869 ι
3718 3817 3766 3870 Si

2213 3908 2338 4005 quis
2362 3908 2669 4002 episcopus,
2694 3925 2838 3981 nulla
2868 3918 3249 3978 ecclesiastica:
3280 3914 3507 3971 rationis
3552 3908 3765 3967 necessi-

2215 4036 2325 4083 tate
2357 4023 2663 4094 compulsus
2694 4061 2709 4086 ,
2755 4020 2808 4074 in
2858 4031 2955 4073 suo
3000 4012 3170 4078 clero,
3219 4018 3311 4064 aut
3358 4009 3445 4063 ubi
3493 4007 3767 4061 forte-non

2216 4128 2298 4174 est
2333 4118 2636 4186 presbyter,
2671 4112 2738 4166 de
2787 4109 2946 4164 rebus
2994 4101 3373 4160 ecclesiasticis
3417 4096 3618 4166 aliquid
3645 4106 3766 4164 pra:-

2216 4184 2507 4279 sunipserit
2571 4203 2807 4259 vendere
2832 4240 2849 4266 ,
2901 4214 2988 4253 res
3057 4196 3202 4268 ipsas
3248 4190 3490 4248 eeilesize
3560 4184 3767 4279 propria:

2217 4310 2526 4355 restaurare
2571 4305 2815 4366 cogatur,
2855 4298 2909 4345 et
2938 4291 2991 4344 in
3017 4287 3219 4357 judicio
3247 4284 3615 4353 episcoporum
3654 4271 3768 4343 deji-

2219 4392 2395 4445 ciatur
2447 4362 2758 4447 inauditus,
2800 4393 2852 4437 et
2909 4393 3161 4447 tanquam
3210 4375 3335 4430 furti
3387 4383 3476 4427 aut
3524 4362 3765 4424 latrocinii

2221 4495 2346 4535 reus
2370 4496 2398 4532 a
2430 4493 2526 4534 suo
2554 4478 2759 4531 honore
2790 4472 3051 4543 privetur.
3097 4486 3117 4521 ι
3178 4504 3183 4509 η
3456 4486 3457 4489 η

2287 4572 2442 4637 Item,
2476 4586 2597 4640 cap.
2639 4567 2704 4623 16
2754 4584 2768 4621 :
2828 4584 2848 4617 ι
2879 4565 3172 4634 EpiscOpus
3221 4559 3417 4613 haheat
3471 4560 3765 4625 potestatem

2217 4663 2272 4719 in
2312 4663 2470 4717 rebus
2498 4659 2761 4723 ecclesias,
2791 4666 2852 4711 ut
2880 4657 3154 4725 dispenset
3183 4648 3557 4705 necessitatem
3582 4644 3768 4713 pat'en-

2218 4757 2357 4811 tibus
2377 4769 2497 4809 cum
2518 4752 2662 4809 omni
2691 4748 2990 4805 reverentia
3016 4755 3071 4800 et
3100 4745 3291 4799 timore
3318 4739 3444 4803 Dei;
3471 4735 3768 4807 participare

2217 4862 2339 4904 eum
2363 4853 2573 4917 oportet
2599 4858 2717 4914 quae
2747 4839 3053 4897 necessaria
3080 4845 3224 4899 sunt,
3252 4833 3298 4889 si
3329 4842 3507 4886 tamen
3533 4830 3645 4898 ipse
3692 4829 3769 4877 aut

2222 4938 2313 5008 qui
2354 4951 2476 4990 cum
2518 4948 2584 4990 eo
2627 4940 2756 4989 sunt
2800 4931 2994 4984 fratres
3058 4924 3386 4996 indiguerint
3432 4917 3649 4988 aliquid,
3690 4919 3769 4965 aut

2220 5027 2593 5084 necessitatem
2612 5022 2718 5079 ullo
2745 5022 2902 5077 modo
2920 5018 3212 5090 patiantur,
3240 5010 3529 5068 secundum
3544 5014 3766 5063 sanctum

2221 5116 2534 5188 Apostolum
2573 5114 2839 5168 dicentem
2869 5129 2882 5164 :
2925 5108 3188 5163 Habentes
3228 5106 3417 5159 victum
3447 5111 3494 5155 et
3528 5109 3767 5169 tegumen-

2222 5223 2357 5275 tum,
2403 5209 2483 5262 In's
2530 5204 2752 5259 contenti
2797 5216 2976 5256 sumus
3013 5197 3067 5269 (Ι
3104 5196 3238 5251 Tim.
3287 5210 3363 5258 vt,
3400 5191 3477 5260 8).
3527 5191 3583 5245 Si
3611 5193 3766 5241 autem

2220 5317 2312 5357 res
2339 5297 2734 5355 ecclesiasticas
2758 5295 3040 5364 episcopus
3062 5291 3116 5344 in
3145 5304 3273 5345 suas
3302 5286 3602 5342 voluntates
3628 5289 3765 5332 usur-

2668 5393 2715 5414 nl
2763 5383 2905 5414 Ιηηιιη
2940 5380 3180 5414 Δηοιιιοῖω
3216 5387 3265 5414 nl
3304 5377 3511 5414 frnnlnc
3541 5379 3766 5414 naml'llm

2220 5407 2346 5414 ..Α-,-
2374 5388 2595 5414 ..η’-ιΑ-ζΙ
