  <div class='ocr_page' id='page_1' title='image "/cluster/home/n/w/nwhite01/storage/ocr_20150623/139/hvd.32044015471782/254.png"; bbox 0 0 3944 5414; ppageno 0'>
   <div class='ocr_carea' id='block_1_1' title="bbox 179 363 272 422">
    <p class='ocr_par' dir='ltr' id='par_1_1' title="bbox 179 363 272 422">
     <span class='ocr_line' id='line_1_1' title="bbox 179 363 272 422; baseline 0 0"><span class='ocrx_word' id='word_1_1' title='bbox 179 363 272 422; x_wconf 70' lang='grc'><strong>697</strong></span> 
     </span>
    </p>
   </div>
   <div class='ocr_carea' id='block_1_2' title="bbox 1391 369 2159 428">
    <p class='ocr_par' dir='ltr' id='par_1_2' title="bbox 1391 369 2159 428">
     <span class='ocr_line' id='line_1_2' title="bbox 1391 369 2159 428; baseline 0 -2"><span class='ocrx_word' id='word_1_2' title='bbox 1391 370 1770 426; x_wconf 80' lang='lat' dir='ltr'><strong>COLLECTIO</strong></span> <span class='ocrx_word' id='word_1_3' title='bbox 1809 369 2159 428; x_wconf 74' lang='lat' dir='ltr'><strong>CANONUM.</strong></span> 
     </span>
    </p>
   </div>
   <div class='ocr_carea' id='block_1_3' title="bbox 3285 370 3395 428">
    <p class='ocr_par' dir='ltr' id='par_1_3' title="bbox 3285 370 3395 428">
     <span class='ocr_line' id='line_1_3' title="bbox 3285 370 3395 428; baseline 0.009 -1"><span class='ocrx_word' id='word_1_4' title='bbox 3285 370 3395 428; x_wconf 61' lang='lat'><strong>£98</strong></span> 
     </span>
    </p>
   </div>
   <div class='ocr_carea' id='block_1_4' title="bbox 177 476 3398 550">
    <p class='ocr_par' dir='ltr' id='par_1_4' title="bbox 177 476 3398 550">
     <span class='ocr_line' id='line_1_4' title="bbox 177 476 3398 550; baseline 0.002 -18"><span class='ocrx_word' id='word_1_5' title='bbox 177 476 414 532; x_wconf 68' lang='lat' dir='ltr'><strong>Izedantur</strong></span> <span class='ocrx_word' id='word_1_6' title='bbox 443 476 695 540; x_wconf 85' lang='lat' dir='ltr'><strong>latenter,</strong></span> <span class='ocrx_word' id='word_1_7' title='bbox 723 478 863 533; x_wconf 88' lang='lat' dir='ltr'><strong>hunc</strong></span> <span class='ocrx_word' id='word_1_8' title='bbox 891 487 1103 548; x_wconf 83' lang='lat' dir='ltr'><strong>oportet</strong></span> <span class='ocrx_word' id='word_1_9' title='bbox 1125 481 1414 533; x_wconf 79' lang='lat' dir='ltr'><strong>obnoxium</strong></span> <span class='ocrx_word' id='word_1_10' title='bbox 1446 497 1565 535; x_wconf 89' lang='lat' dir='ltr'><strong>esse</strong></span> <span class='ocrx_word' id='word_1_11' title='bbox 1595 496 1724 533; x_wconf 86' lang='lat' dir='ltr'><strong>con-</strong></span> <span class='ocrx_word' id='word_1_12' title='bbox 1752 481 1795 540; x_wconf 76' lang='grc' dir='ltr'><strong>Α</strong></span> <span class='ocrx_word' id='word_1_13' title='bbox 1825 478 2219 535; x_wconf 85' lang='lat' dir='ltr'><strong>Eucharistiatn</strong></span> <span class='ocrx_word' id='word_1_14' title='bbox 2251 481 2551 550; x_wconf 72' lang='lat' dir='ltr'><strong>intrepidus</strong></span> <span class='ocrx_word' id='word_1_15' title='bbox 2580 489 2632 538; x_wconf 91' lang='lat' dir='ltr'><strong>et</strong></span> <span class='ocrx_word' id='word_1_16' title='bbox 2663 495 2906 537; x_wconf 88' lang='lat' dir='ltr'><strong>securus.</strong></span> <span class='ocrx_word' id='word_1_17' title='bbox 2946 480 3050 536; x_wconf 90' lang='lat' dir='ltr'><strong>Sed</strong></span> <span class='ocrx_word' id='word_1_18' title='bbox 3082 481 3186 538; x_wconf 90' lang='lat' dir='ltr'><strong>hoc</strong></span> <span class='ocrx_word' id='word_1_19' title='bbox 3213 481 3280 538; x_wconf 89' lang='lat' dir='ltr'><strong>de</strong></span> <span class='ocrx_word' id='word_1_20' title='bbox 3306 483 3398 538; x_wconf 92' lang='lat' dir='ltr'><strong>illo</strong></span> 
     </span>
    </p>
   </div>
   <div class='ocr_carea' id='block_1_5' title="bbox 176 563 1721 640">
    <p class='ocr_par' dir='ltr' id='par_1_5' title="bbox 176 563 1721 640">
     <span class='ocr_line' id='line_1_5' title="bbox 176 563 1721 640; baseline 0.001 -18"><span class='ocrx_word' id='word_1_21' title='bbox 176 569 300 624; x_wconf 82' lang='lat' dir='ltr'><strong>eilio.</strong></span> <span class='ocrx_word' id='word_1_22' title='bbox 346 563 606 622; x_wconf 87' lang='lat' dir='ltr'><strong>Similiter</strong></span> <span class='ocrx_word' id='word_1_23' title='bbox 653 571 996 640; x_wconf 82' lang='lat' dir='ltr'><strong>presbyteros</strong></span> <span class='ocrx_word' id='word_1_24' title='bbox 1043 581 1091 624; x_wconf 93' lang='lat' dir='ltr'><strong>et</strong></span> <span class='ocrx_word' id='word_1_25' title='bbox 1142 572 1412 636; x_wconf 21' lang='lat' dir='ltr'><strong>diaconss,</strong></span> <span class='ocrx_word' id='word_1_26' title='bbox 1463 573 1506 625; x_wconf 71' lang='lat' dir='ltr'><strong>si</strong></span> <span class='ocrx_word' id='word_1_27' title='bbox 1537 573 1721 625; x_wconf 66' lang='lat' dir='ltr'><strong>eadem</strong></span> 
     </span>
    </p>
   </div>
   <div class='ocr_carea' id='block_1_6' title="bbox 178 659 922 730">
    <p class='ocr_par' dir='ltr' id='par_1_6' title="bbox 178 659 922 730">
     <span class='ocr_line' id='line_1_6' title="bbox 178 659 922 730; baseline -0.001 -17"><span class='ocrx_word' id='word_1_28' title='bbox 178 659 370 725; x_wconf 78' lang='lat' dir='ltr'><strong>faciant,</strong></span> <span class='ocrx_word' id='word_1_29' title='bbox 398 661 594 730; x_wconf 91' lang='lat' dir='ltr'><strong>corripi</strong></span> <span class='ocrx_word' id='word_1_30' title='bbox 623 671 854 730; x_wconf 82' lang='lat' dir='ltr'><strong>Oportet.</strong></span> <span class='ocrx_word' id='word_1_31' title='bbox 906 682 922 712; x_wconf 74' lang='grc' dir='ltr'><strong>ι</strong></span> 
     </span>
    </p>
   </div>
   <div class='ocr_carea' id='block_1_7' title="bbox 177 766 1724 845">
    <p class='ocr_par' dir='ltr' id='par_1_7' title="bbox 177 766 1724 845">
     <span class='ocr_line' id='line_1_7' title="bbox 177 766 1724 845; baseline -0.001 -17"><span class='ocrx_word' id='word_1_32' title='bbox 177 766 310 828; x_wconf 75' lang='lat' dir='ltr'><strong>XLII.</strong></span> <span class='ocrx_word' id='word_1_33' title='bbox 349 802 417 812; x_wconf 91' lang='lat'><strong>—</strong></span> <span class='ocrx_word' id='word_1_34' title='bbox 456 771 526 826; x_wconf 83' lang='lat' dir='ltr'><strong>Ut</strong></span> <span class='ocrx_word' id='word_1_35' title='bbox 581 774 755 827; x_wconf 80' lang='lat' dir='ltr'><strong>nullus</strong></span> <span class='ocrx_word' id='word_1_36' title='bbox 803 775 956 844; x_wconf 83' lang='lat' dir='ltr'><strong>eligat</strong></span> <span class='ocrx_word' id='word_1_37' title='bbox 1022 776 1118 829; x_wconf 80' lang='lat' dir='ltr'><strong>sibi</strong></span> <span class='ocrx_word' id='word_1_38' title='bbox 1171 778 1465 845; x_wconf 75' lang='lat' dir='ltr'><strong>episcopum</strong></span> <span class='ocrx_word' id='word_1_39' title='bbox 1523 792 1724 827; x_wconf 76' lang='lat' dir='ltr'><strong>succes-</strong></span> 
     </span>
    </p>
   </div>
   <div class='ocr_carea' id='block_1_8' title="bbox 839 862 1023 899">
    <p class='ocr_par' dir='ltr' id='par_1_8' title="bbox 839 862 1023 899">
     <span class='ocr_line' id='line_1_8' title="bbox 839 862 1023 899; baseline 0.005 -1"><span class='ocrx_word' id='word_1_40' title='bbox 839 862 894 898; x_wconf 76' lang='grc' dir='ltr'><strong>εο</strong></span> <span class='ocrx_word' id='word_1_41' title='bbox 904 862 1003 898; x_wconf 79' lang='lat' dir='ltr'><strong>rem</strong></span> <span class='ocrx_word' id='word_1_42' title='bbox 1012 887 1023 899; x_wconf 90' lang='lat'><strong>.</strong></span> 
     </span>
    </p>
   </div>
   <div class='ocr_carea' id='block_1_9' title="bbox 237 933 1727 1006">
    <p class='ocr_par' dir='ltr' id='par_1_9' title="bbox 237 933 1727 1006">
     <span class='ocr_line' id='line_1_9' title="bbox 237 933 1727 1006; baseline 0.003 -21"><span class='ocrx_word' id='word_1_43' title='bbox 237 933 302 985; x_wconf 78' lang='lat' dir='ltr'><strong>Ex</strong></span> <span class='ocrx_word' id='word_1_44' title='bbox 333 933 526 987; x_wconf 90' lang='lat' dir='ltr'><strong>concil.</strong></span> <span class='ocrx_word' id='word_1_45' title='bbox 563 934 814 988; x_wconf 80' lang='lat' dir='ltr'><strong>Antioch.</strong></span> <span class='ocrx_word' id='word_1_46' title='bbox 863 952 981 1006; x_wconf 94' lang='lat' dir='ltr'><strong>cap.</strong></span> <span class='ocrx_word' id='word_1_47' title='bbox 1033 937 1101 990; x_wconf 73' lang='lat'><strong>25</strong></span> <span class='ocrx_word' id='word_1_48' title='bbox 1138 938 1304 1005; x_wconf 74' lang='lat' dir='ltr'><strong>(conc.</strong></span> <span class='ocrx_word' id='word_1_49' title='bbox 1350 937 1588 989; x_wconf 75' lang='lat' dir='ltr'><strong>Antioch.</strong></span> <span class='ocrx_word' id='word_1_50' title='bbox 1626 936 1727 990; x_wconf 86' lang='lat' dir='ltr'><strong>sub</strong></span> 
     </span>
    </p>
   </div>
   <div class='ocr_carea' id='block_1_10' title="bbox 175 1020 1725 1096">
    <p class='ocr_par' dir='ltr' id='par_1_10' title="bbox 175 1020 1725 1096">
     <span class='ocr_line' id='line_1_10' title="bbox 175 1020 1725 1096; baseline 0.001 -18"><span class='ocrx_word' id='word_1_51' title='bbox 175 1021 295 1078; x_wconf 74' lang='lat' dir='ltr'><strong>Julia</strong></span> <span class='ocrx_word' id='word_1_52' title='bbox 321 1020 378 1074; x_wconf 86' lang='lat' dir='ltr'><strong>P.</strong></span> <span class='ocrx_word' id='word_1_53' title='bbox 408 1022 448 1091; x_wconf 89' lang='lat' dir='ltr'><strong>I)</strong></span> <span class='ocrx_word' id='word_1_54' title='bbox 484 1041 496 1074; x_wconf 92' lang='lat'>:</span> <span class='ocrx_word' id='word_1_55' title='bbox 545 1043 563 1073; x_wconf 77' lang='grc' dir='ltr'><strong>ι</strong></span> <span class='ocrx_word' id='word_1_56' title='bbox 604 1024 866 1094; x_wconf 82' lang='lat' dir='ltr'><strong>Episcopo</strong></span> <span class='ocrx_word' id='word_1_57' title='bbox 905 1043 1008 1079; x_wconf 90' lang='lat' dir='ltr'><strong>non</strong></span> <span class='ocrx_word' id='word_1_58' title='bbox 1059 1026 1221 1080; x_wconf 83' lang='lat' dir='ltr'><strong>licere</strong></span> <span class='ocrx_word' id='word_1_59' title='bbox 1267 1042 1361 1096; x_wconf 87' lang='lat' dir='ltr'><strong>pro</strong></span> <span class='ocrx_word' id='word_1_60' title='bbox 1408 1043 1466 1080; x_wconf 76' lang='lat' dir='ltr'><strong>so</strong></span> <span class='ocrx_word' id='word_1_61' title='bbox 1495 1028 1725 1080; x_wconf 87' lang='lat' dir='ltr'><strong>alterum</strong></span> 
     </span>
    </p>
   </div>
   <div class='ocr_carea' id='block_1_11' title="bbox 176 1118 1727 1185">
    <p class='ocr_par' dir='ltr' id='par_1_11' title="bbox 176 1118 1727 1185">
     <span class='ocr_line' id='line_1_11' title="bbox 176 1118 1727 1185; baseline 0.007 -20"><span class='ocrx_word' id='word_1_62' title='bbox 176 1129 520 1170; x_wconf 89' lang='lat' dir='ltr'><strong>successorem</strong></span> <span class='ocrx_word' id='word_1_63' title='bbox 563 1118 668 1172; x_wconf 88' lang='lat' dir='ltr'><strong>sibi</strong></span> <span class='ocrx_word' id='word_1_64' title='bbox 713 1121 1060 1185; x_wconf 82' lang='lat' dir='ltr'><strong>constituere,</strong></span> <span class='ocrx_word' id='word_1_65' title='bbox 1109 1122 1231 1175; x_wconf 88' lang='lat' dir='ltr'><strong>licet</strong></span> <span class='ocrx_word' id='word_1_66' title='bbox 1263 1122 1328 1175; x_wconf 89' lang='lat' dir='ltr'><strong>ad</strong></span> <span class='ocrx_word' id='word_1_67' title='bbox 1359 1123 1558 1175; x_wconf 75' lang='lat' dir='ltr'><strong>exitum</strong></span> <span class='ocrx_word' id='word_1_68' title='bbox 1607 1123 1727 1176; x_wconf 78' lang='lat' dir='ltr'><strong>vitze</strong></span> 
     </span>
    </p>
   </div>
   <div class='ocr_carea' id='block_1_12' title="bbox 175 1205 1724 1280">
    <p class='ocr_par' dir='ltr' id='par_1_12' title="bbox 175 1205 1724 1280">
     <span class='ocr_line' id='line_1_12' title="bbox 175 1205 1724 1280; baseline 0.006 -25"><span class='ocrx_word' id='word_1_69' title='bbox 175 1205 443 1271; x_wconf 70' lang='lat' dir='ltr'><strong>perveniat.</strong></span> <span class='ocrx_word' id='word_1_70' title='bbox 495 1205 649 1272; x_wconf 80' lang='lat' dir='ltr'><strong>Quod</strong></span> <span class='ocrx_word' id='word_1_71' title='bbox 697 1209 741 1262; x_wconf 89' lang='lat' dir='ltr'><strong>si</strong></span> <span class='ocrx_word' id='word_1_72' title='bbox 789 1210 891 1263; x_wconf 88' lang='lat' dir='ltr'><strong>tale</strong></span> <span class='ocrx_word' id='word_1_73' title='bbox 927 1209 1126 1280; x_wconf 83' lang='lat' dir='ltr'><strong>aliquid</strong></span> <span class='ocrx_word' id='word_1_74' title='bbox 1159 1210 1357 1265; x_wconf 87' lang='lat' dir='ltr'><strong>factum</strong></span> <span class='ocrx_word' id='word_1_75' title='bbox 1388 1211 1570 1272; x_wconf 89' lang='lat' dir='ltr'><strong>fuerit.</strong></span> <span class='ocrx_word' id='word_1_76' title='bbox 1601 1213 1724 1266; x_wconf 90' lang='lat' dir='ltr'><strong>irri-</strong></span> 
     </span>
    </p>
   </div>
   <div class='ocr_carea' id='block_1_13' title="bbox 176 1295 1727 1363">
    <p class='ocr_par' dir='ltr' id='par_1_13' title="bbox 176 1295 1727 1363">
     <span class='ocr_line' id='line_1_13' title="bbox 176 1295 1727 1363; baseline 0.005 -16"><span class='ocrx_word' id='word_1_77' title='bbox 176 1302 270 1347; x_wconf 82' lang='lat' dir='ltr'><strong>tum</strong></span> <span class='ocrx_word' id='word_1_78' title='bbox 310 1308 429 1348; x_wconf 88' lang='lat' dir='ltr'><strong>esse</strong></span> <span class='ocrx_word' id='word_1_79' title='bbox 474 1295 783 1363; x_wconf 63' lang='lat' dir='ltr'><strong>huiusmodi</strong></span> <span class='ocrx_word' id='word_1_80' title='bbox 831 1299 1199 1354; x_wconf 86' lang='lat' dir='ltr'><strong>constitutum.</strong></span> <span class='ocrx_word' id='word_1_81' title='bbox 1253 1300 1508 1354; x_wconf 86' lang='lat' dir='ltr'><strong>Servetur</strong></span> <span class='ocrx_word' id='word_1_82' title='bbox 1548 1312 1727 1356; x_wconf 90' lang='lat' dir='ltr'><strong>autem</strong></span> 
     </span>
    </p>
   </div>
   <div class='ocr_carea' id='block_1_14' title="bbox 173 1384 1729 1461">
    <p class='ocr_par' dir='ltr' id='par_1_14' title="bbox 173 1384 1729 1461">
     <span class='ocr_line' id='line_1_14' title="bbox 173 1384 1729 1461; baseline 0.005 -23"><span class='ocrx_word' id='word_1_83' title='bbox 173 1384 244 1452; x_wconf 57' lang='lat' dir='ltr'><strong>prs</strong></span> <span class='ocrx_word' id='word_1_84' title='bbox 267 1387 687 1442; x_wconf 72' lang='lat' dir='ltr'><strong>ecclesTasticum</strong></span> <span class='ocrx_word' id='word_1_85' title='bbox 720 1390 767 1443; x_wconf 92' lang='lat' dir='ltr'><strong>id</strong></span> <span class='ocrx_word' id='word_1_86' title='bbox 811 1392 1094 1445; x_wconf 89' lang='lat' dir='ltr'><strong>continens</strong></span> <span class='ocrx_word' id='word_1_87' title='bbox 1118 1432 1132 1454; x_wconf 92' lang='lat'><strong>,</strong></span> <span class='ocrx_word' id='word_1_88' title='bbox 1163 1401 1412 1461; x_wconf 89' lang='lat' dir='ltr'><strong>oportere</strong></span> <span class='ocrx_word' id='word_1_89' title='bbox 1441 1407 1544 1446; x_wconf 91' lang='lat' dir='ltr'><strong>nou</strong></span> <span class='ocrx_word' id='word_1_90' title='bbox 1575 1393 1729 1447; x_wconf 84' lang='lat' dir='ltr'><strong>aliter</strong></span> 
     </span>
    </p>
   </div>
   <div class='ocr_carea' id='block_1_15' title="bbox 175 1476 1728 1552">
    <p class='ocr_par' dir='ltr' id='par_1_15' title="bbox 175 1476 1728 1552">
     <span class='ocr_line' id='line_1_15' title="bbox 175 1476 1728 1552; baseline 0.004 -23"><span class='ocrx_word' id='word_1_91' title='bbox 175 1476 294 1540; x_wconf 72' lang='lat' dir='ltr'><strong>IiBI&#39;I,</strong></span> <span class='ocrx_word' id='word_1_92' title='bbox 323 1479 421 1532; x_wconf 87' lang='lat' dir='ltr'><strong>nisi</strong></span> <span class='ocrx_word' id='word_1_93' title='bbox 467 1495 592 1533; x_wconf 91' lang='lat' dir='ltr'><strong>cum</strong></span> <span class='ocrx_word' id='word_1_94' title='bbox 623 1482 826 1552; x_wconf 83' lang='lat' dir='ltr'><strong>synodo</strong></span> <span class='ocrx_word' id='word_1_95' title='bbox 864 1491 918 1536; x_wconf 91' lang='lat' dir='ltr'><strong>et</strong></span> <span class='ocrx_word' id='word_1_96' title='bbox 949 1481 1153 1551; x_wconf 86' lang='lat' dir='ltr'><strong>judicio</strong></span> <span class='ocrx_word' id='word_1_97' title='bbox 1183 1482 1558 1551; x_wconf 89' lang='lat' dir='ltr'><strong>episcoporum</strong></span> <span class='ocrx_word' id='word_1_98' title='bbox 1585 1522 1598 1544; x_wconf 89' lang='lat'><strong>,</strong></span> <span class='ocrx_word' id='word_1_99' title='bbox 1637 1483 1728 1550; x_wconf 86' lang='lat' dir='ltr'><strong>qui</strong></span> 
     </span>
    </p>
   </div>
   <div class='ocr_carea' id='block_1_16' title="bbox 175 1571 1728 1644">
    <p class='ocr_par' dir='ltr' id='par_1_16' title="bbox 175 1571 1728 1644">
     <span class='ocr_line' id='line_1_16' title="bbox 175 1571 1728 1644; baseline 0.003 -21"><span class='ocrx_word' id='word_1_100' title='bbox 175 1580 276 1638; x_wconf 83' lang='lat' dir='ltr'><strong>post</strong></span> <span class='ocrx_word' id='word_1_101' title='bbox 305 1571 510 1625; x_wconf 88' lang='lat' dir='ltr'><strong>obitum</strong></span> <span class='ocrx_word' id='word_1_102' title='bbox 547 1574 872 1642; x_wconf 86' lang='lat' dir='ltr'><strong>quiescentis</strong></span> <span class='ocrx_word' id='word_1_103' title='bbox 899 1584 1216 1644; x_wconf 88' lang='lat' dir='ltr'><strong>potestatem</strong></span> <span class='ocrx_word' id='word_1_104' title='bbox 1247 1575 1444 1630; x_wconf 85' lang='lat' dir='ltr'><strong>habent</strong></span> <span class='ocrx_word' id='word_1_105' title='bbox 1487 1589 1609 1630; x_wconf 90' lang='lat' dir='ltr'><strong>eum</strong></span> <span class='ocrx_word' id='word_1_106' title='bbox 1639 1575 1728 1644; x_wconf 88' lang='lat' dir='ltr'><strong>qui</strong></span> 
     </span>
    </p>
   </div>
   <div class='ocr_carea' id='block_1_17' title="bbox 173 1660 1081 1733">
    <p class='ocr_par' dir='ltr' id='par_1_17' title="bbox 173 1660 1081 1733">
     <span class='ocr_line' id='line_1_17' title="bbox 173 1660 1081 1733; baseline 0.004 -20"><span class='ocrx_word' id='word_1_107' title='bbox 173 1660 342 1730; x_wconf 80' lang='lat' dir='ltr'><strong>dignus</strong></span> <span class='ocrx_word' id='word_1_108' title='bbox 370 1662 667 1728; x_wconf 74' lang='lat' dir='ltr'><strong>exstiterit,</strong></span> <span class='ocrx_word' id='word_1_109' title='bbox 696 1679 1028 1733; x_wconf 78' lang='lat' dir='ltr'><strong>promovere.</strong></span> <span class='ocrx_word' id='word_1_110' title='bbox 1063 1685 1081 1717; x_wconf 71' lang='grc' dir='ltr'><strong>ι</strong></span> 
     </span>
    </p>
   </div>
   <div class='ocr_carea' id='block_1_18' title="bbox 231 1749 1731 1824">
    <p class='ocr_par' dir='ltr' id='par_1_18' title="bbox 231 1749 1731 1824">
     <span class='ocr_line' id='line_1_18' title="bbox 231 1749 1731 1824; baseline 0.005 -22"><span class='ocrx_word' id='word_1_111' title='bbox 231 1749 348 1802; x_wconf 87' lang='lat' dir='ltr'><strong>Item</strong></span> <span class='ocrx_word' id='word_1_112' title='bbox 376 1791 392 1814; x_wconf 94' lang='lat'><strong>,</strong></span> <span class='ocrx_word' id='word_1_113' title='bbox 445 1750 756 1808; x_wconf 75' lang='lat' dir='ltr'><strong>CREGORIUS</strong></span> <span class='ocrx_word' id='word_1_114' title='bbox 801 1756 1078 1810; x_wconf 67' lang='lat' dir='ltr'><strong>Asnouo</strong></span> <span class='ocrx_word' id='word_1_115' title='bbox 1142 1755 1731 1824; x_wconf 80' lang='lat' dir='ltr'><strong>Constantinopolitano</strong></span> 
     </span>
    </p>
   </div>
   <div class='ocr_carea' id='block_1_19' title="bbox 174 1840 1240 1917">
    <p class='ocr_par' dir='ltr' id='par_1_19' title="bbox 174 1840 1240 1917">
     <span class='ocr_line' id='line_1_19' title="bbox 174 1840 1240 1917; baseline 0.007 -23"><span class='ocrx_word' id='word_1_116' title='bbox 174 1840 480 1897; x_wconf 84' lang='lat' dir='ltr'><strong>subdiacouo</strong></span> <span class='ocrx_word' id='word_1_117' title='bbox 507 1842 792 1913; x_wconf 59' lang='lat' dir='ltr'><strong>(Gazaca,</strong></span> <span class='ocrx_word' id='word_1_118' title='bbox 817 1845 906 1899; x_wconf 86' lang='lat' dir='ltr'><strong>lib.</strong></span> <span class='ocrx_word' id='word_1_119' title='bbox 932 1846 986 1911; x_wconf 87' lang='lat'><strong>9,</strong></span> <span class='ocrx_word' id='word_1_120' title='bbox 1018 1861 1102 1916; x_wconf 85' lang='lat' dir='ltr'><strong>ep.</strong></span> <span class='ocrx_word' id='word_1_121' title='bbox 1129 1846 1240 1917; x_wconf 61' lang='lat' dir='ltr'><strong>ll).</strong></span> 
     </span>
    </p>
   </div>
   <div class='ocr_carea' id='block_1_20' title="bbox 235 1930 1730 2008">
    <p class='ocr_par' dir='ltr' id='par_1_20' title="bbox 235 1930 1730 2008">
     <span class='ocr_line' id='line_1_20' title="bbox 235 1930 1730 2008; baseline 0.007 -25"><span class='ocrx_word' id='word_1_122' title='bbox 235 1930 543 2001; x_wconf 72' lang='lat' dir='ltr'><strong>c.Nusq.trarrr</strong></span> <span class='ocrx_word' id='word_1_123' title='bbox 572 1950 806 1989; x_wconf 88' lang='lat' dir='ltr'><strong>canones</strong></span> <span class='ocrx_word' id='word_1_124' title='bbox 836 1937 1153 2005; x_wconf 73' lang='lat' dir='ltr'><strong>przecipiunt</strong></span> <span class='ocrx_word' id='word_1_125' title='bbox 1189 1948 1246 1992; x_wconf 90' lang='lat' dir='ltr'><strong>ut</strong></span> <span class='ocrx_word' id='word_1_126' title='bbox 1275 1953 1371 2007; x_wconf 89' lang='lat' dir='ltr'><strong>pro</strong></span> <span class='ocrx_word' id='word_1_127' title='bbox 1415 1939 1730 2008; x_wconf 79' lang='lat' dir='ltr'><strong>tegritudiue</strong></span> 
     </span>
    </p>
   </div>
   <div class='ocr_carea' id='block_1_21' title="bbox 175 2022 1731 2100">
    <p class='ocr_par' dir='ltr' id='par_1_21' title="bbox 175 2022 1731 2100">
     <span class='ocr_line' id='line_1_21' title="bbox 175 2022 1731 2100; baseline 0.007 -26"><span class='ocrx_word' id='word_1_128' title='bbox 175 2022 270 2091; x_wconf 77' lang='lat' dir='ltr'><strong>(t3)</strong></span> <span class='ocrx_word' id='word_1_129' title='bbox 297 2025 550 2094; x_wconf 88' lang='lat' dir='ltr'><strong>episcopo</strong></span> <span class='ocrx_word' id='word_1_130' title='bbox 585 2029 923 2082; x_wconf 86' lang='lat' dir='ltr'><strong>succedatur.</strong></span> <span class='ocrx_word' id='word_1_131' title='bbox 968 2029 1031 2082; x_wconf 85' lang='lat' dir='ltr'><strong>Et</strong></span> <span class='ocrx_word' id='word_1_132' title='bbox 1073 2031 1294 2085; x_wconf 90' lang='lat' dir='ltr'><strong>omnino</strong></span> <span class='ocrx_word' id='word_1_133' title='bbox 1342 2031 1597 2100; x_wconf 79' lang='lat' dir='ltr'><strong>injustum</strong></span> <span class='ocrx_word' id='word_1_134' title='bbox 1647 2041 1731 2086; x_wconf 86' lang='lat' dir='ltr'><strong>est</strong></span> 
     </span>
    </p>
   </div>
   <div class='ocr_carea' id='block_1_22' title="bbox 177 2116 1731 2198">
    <p class='ocr_par' dir='ltr' id='par_1_22' title="bbox 177 2116 1731 2198">
     <span class='ocr_line' id='line_1_22' title="bbox 177 2116 1731 2198; baseline 0.008 -31"><span class='ocrx_word' id='word_1_135' title='bbox 177 2124 243 2178; x_wconf 92' lang='lat' dir='ltr'><strong>ut,</strong></span> <span class='ocrx_word' id='word_1_136' title='bbox 271 2116 309 2170; x_wconf 88' lang='lat' dir='ltr'><strong>si</strong></span> <span class='ocrx_word' id='word_1_137' title='bbox 352 2118 600 2174; x_wconf 83' lang='lat' dir='ltr'><strong>molestia</strong></span> <span class='ocrx_word' id='word_1_138' title='bbox 646 2122 886 2190; x_wconf 88' lang='lat' dir='ltr'><strong>corporis</strong></span> <span class='ocrx_word' id='word_1_139' title='bbox 918 2123 1098 2190; x_wconf 89' lang='lat' dir='ltr'><strong>irruit,</strong></span> <span class='ocrx_word' id='word_1_140' title='bbox 1138 2125 1340 2179; x_wconf 89' lang='lat' dir='ltr'><strong>honore</strong></span> <span class='ocrx_word' id='word_1_141' title='bbox 1369 2139 1464 2182; x_wconf 92' lang='lat' dir='ltr'><strong>suo</strong></span> <span class='ocrx_word' id='word_1_142' title='bbox 1489 2127 1731 2198; x_wconf 73' lang='lat' dir='ltr'><strong>privetur</strong></span> 
     </span>
    </p>
   </div>
   <div class='ocr_carea' id='block_1_23' title="bbox 176 2213 1730 2284">
    <p class='ocr_par' dir='ltr' id='par_1_23' title="bbox 176 2213 1730 2284">
     <span class='ocr_line' id='line_1_23' title="bbox 176 2213 1730 2284; baseline 0.01 -27"><span class='ocrx_word' id='word_1_143' title='bbox 176 2217 419 2274; x_wconf 74' lang='lat' dir='ltr'><strong>:egrotus,</strong></span> <span class='ocrx_word' id='word_1_144' title='bbox 470 2222 636 2280; x_wconf 83' lang='lat' dir='ltr'><strong>atque</strong></span> <span class='ocrx_word' id='word_1_145' title='bbox 684 2213 802 2267; x_wconf 89' lang='lat' dir='ltr'><strong>ideo</strong></span> <span class='ocrx_word' id='word_1_146' title='bbox 851 2215 949 2269; x_wconf 90' lang='lat' dir='ltr'><strong>hoc</strong></span> <span class='ocrx_word' id='word_1_147' title='bbox 990 2231 1087 2284; x_wconf 86' lang='lat' dir='ltr'><strong>per</strong></span> <span class='ocrx_word' id='word_1_148' title='bbox 1133 2233 1230 2270; x_wconf 90' lang='lat' dir='ltr'><strong>nos</strong></span> <span class='ocrx_word' id='word_1_149' title='bbox 1277 2218 1390 2273; x_wconf 74' lang='lat' dir='ltr'><strong>fieri</strong></span> <span class='ocrx_word' id='word_1_150' title='bbox 1429 2218 1730 2273; x_wconf 91' lang='lat' dir='ltr'><strong>nullatenus</strong></span> 
     </span>
    </p>
   </div>
   <div class='ocr_carea' id='block_1_24' title="bbox 178 2305 1730 2378">
    <p class='ocr_par' dir='ltr' id='par_1_24' title="bbox 178 2305 1730 2378">
     <span class='ocr_line' id='line_1_24' title="bbox 178 2305 1730 2378; baseline 0.011 -30"><span class='ocrx_word' id='word_1_151' title='bbox 178 2305 352 2362; x_wconf 73' lang='lat' dir='ltr'><strong>potest,</strong></span> <span class='ocrx_word' id='word_1_152' title='bbox 383 2315 452 2354; x_wconf 87' lang='lat' dir='ltr'><strong>ne</strong></span> <span class='ocrx_word' id='word_1_153' title='bbox 483 2311 762 2369; x_wconf 89' lang='lat' dir='ltr'><strong>peceatum</strong></span> <span class='ocrx_word' id='word_1_154' title='bbox 805 2306 981 2359; x_wconf 91' lang='lat' dir='ltr'><strong>anima</strong></span> <span class='ocrx_word' id='word_1_155' title='bbox 1011 2322 1127 2360; x_wconf 90' lang='lat' dir='ltr'><strong>mea</strong></span> <span class='ocrx_word' id='word_1_156' title='bbox 1159 2323 1222 2362; x_wconf 81' lang='lat' dir='ltr'><strong>ex</strong></span> <span class='ocrx_word' id='word_1_157' title='bbox 1251 2308 1366 2376; x_wconf 84' lang='lat' dir='ltr'><strong>ejus</strong></span> <span class='ocrx_word' id='word_1_158' title='bbox 1398 2309 1730 2378; x_wconf 88' lang='lat' dir='ltr'><strong>depositione</strong></span> 
     </span>
    </p>
   </div>
   <div class='ocr_carea' id='block_1_25' title="bbox 178 2385 1728 2467">
    <p class='ocr_par' dir='ltr' id='par_1_25' title="bbox 178 2385 1728 2467">
     <span class='ocr_line' id='line_1_25' title="bbox 178 2385 1728 2467; baseline 0.014 -34"><span class='ocrx_word' id='word_1_159' title='bbox 178 2385 351 2439; x_wconf 76' lang='lat' dir='ltr'><strong>veniat.</strong></span> <span class='ocrx_word' id='word_1_160' title='bbox 389 2386 500 2442; x_wconf 88' lang='lat' dir='ltr'><strong>Sed</strong></span> <span class='ocrx_word' id='word_1_161' title='bbox 546 2394 933 2460; x_wconf 86' lang='lat' dir='ltr'><strong>suggerendum</strong></span> <span class='ocrx_word' id='word_1_162' title='bbox 982 2403 1063 2449; x_wconf 90' lang='lat' dir='ltr'><strong>est</strong></span> <span class='ocrx_word' id='word_1_163' title='bbox 1109 2406 1188 2462; x_wconf 94' lang='lat' dir='ltr'><strong>ut,</strong></span> <span class='ocrx_word' id='word_1_164' title='bbox 1231 2399 1273 2450; x_wconf 91' lang='lat' dir='ltr'><strong>si</strong></span> <span class='ocrx_word' id='word_1_165' title='bbox 1325 2399 1368 2452; x_wconf 89' lang='lat' dir='ltr'><strong>is</strong></span> <span class='ocrx_word' id='word_1_166' title='bbox 1408 2400 1500 2467; x_wconf 91' lang='lat' dir='ltr'><strong>qui</strong></span> <span class='ocrx_word' id='word_1_167' title='bbox 1547 2410 1630 2453; x_wconf 86' lang='lat' dir='ltr'><strong>est</strong></span> <span class='ocrx_word' id='word_1_168' title='bbox 1678 2400 1728 2454; x_wconf 94' lang='lat' dir='ltr'><strong>in</strong></span> 
     </span>
    </p>
   </div>
   <div class='ocr_carea' id='block_1_26' title="bbox 177 2475 1732 2555">
    <p class='ocr_par' dir='ltr' id='par_1_26' title="bbox 177 2475 1732 2555">
     <span class='ocr_line' id='line_1_26' title="bbox 177 2475 1732 2555; baseline 0.01 -30"><span class='ocrx_word' id='word_1_169' title='bbox 177 2475 410 2542; x_wconf 80' lang='lat' dir='ltr'><strong>regimine</strong></span> <span class='ocrx_word' id='word_1_170' title='bbox 455 2488 714 2546; x_wconf 69' lang='lat' dir='ltr'><strong>aegrotat,</strong></span> <span class='ocrx_word' id='word_1_171' title='bbox 768 2482 1105 2550; x_wconf 87' lang='lat' dir='ltr'><strong>dispensator</strong></span> <span class='ocrx_word' id='word_1_172' title='bbox 1148 2485 1219 2538; x_wconf 93' lang='lat' dir='ltr'><strong>illi</strong></span> <span class='ocrx_word' id='word_1_173' title='bbox 1270 2486 1391 2540; x_wconf 91' lang='lat' dir='ltr'><strong>talis</strong></span> <span class='ocrx_word' id='word_1_174' title='bbox 1424 2488 1732 2555; x_wconf 86' lang='lat' dir='ltr'><strong>requiratur</strong></span> 
     </span>
    </p>
   </div>
   <div class='ocr_carea' id='block_1_27' title="bbox 179 2562 1731 2644">
    <p class='ocr_par' dir='ltr' id='par_1_27' title="bbox 179 2562 1731 2644">
     <span class='ocr_line' id='line_1_27' title="bbox 179 2562 1731 2644; baseline 0.012 -31"><span class='ocrx_word' id='word_1_175' title='bbox 179 2562 256 2629; x_wconf 87' lang='lat' dir='ltr'><strong>qui</strong></span> <span class='ocrx_word' id='word_1_176' title='bbox 283 2566 444 2630; x_wconf 89' lang='lat' dir='ltr'><strong>possit</strong></span> <span class='ocrx_word' id='word_1_177' title='bbox 477 2565 594 2633; x_wconf 85' lang='lat' dir='ltr'><strong>ejus</strong></span> <span class='ocrx_word' id='word_1_178' title='bbox 636 2584 819 2622; x_wconf 90' lang='lat' dir='ltr'><strong>curam</strong></span> <span class='ocrx_word' id='word_1_179' title='bbox 849 2587 1062 2626; x_wconf 90' lang='lat' dir='ltr'><strong>onmem</strong></span> <span class='ocrx_word' id='word_1_180' title='bbox 1113 2589 1289 2644; x_wconf 86' lang='lat' dir='ltr'><strong>agere,</strong></span> <span class='ocrx_word' id='word_1_181' title='bbox 1321 2585 1374 2628; x_wconf 89' lang='lat' dir='ltr'><strong>et</strong></span> <span class='ocrx_word' id='word_1_182' title='bbox 1413 2576 1585 2630; x_wconf 86' lang='lat' dir='ltr'><strong>locum</strong></span> <span class='ocrx_word' id='word_1_183' title='bbox 1617 2575 1731 2644; x_wconf 82' lang='lat' dir='ltr'><strong>ejus</strong></span> 
     </span>
    </p>
   </div>
   <div class='ocr_carea' id='block_1_28' title="bbox 179 2653 1727 2736">
    <p class='ocr_par' dir='ltr' id='par_1_28' title="bbox 179 2653 1727 2736">
     <span class='ocr_line' id='line_1_28' title="bbox 179 2653 1727 2736; baseline 0.012 -31"><span class='ocrx_word' id='word_1_184' title='bbox 179 2653 222 2707; x_wconf 88' lang='lat' dir='ltr'><strong>in</strong></span> <span class='ocrx_word' id='word_1_185' title='bbox 268 2657 521 2726; x_wconf 85' lang='lat' dir='ltr'><strong>regimine</strong></span> <span class='ocrx_word' id='word_1_186' title='bbox 572 2660 850 2726; x_wconf 83' lang='lat' dir='ltr'><strong>ecclesiae,</strong></span> <span class='ocrx_word' id='word_1_187' title='bbox 901 2664 1015 2733; x_wconf 89' lang='lat' dir='ltr'><strong>ipso</strong></span> <span class='ocrx_word' id='word_1_188' title='bbox 1074 2682 1176 2720; x_wconf 88' lang='lat' dir='ltr'><strong>non</strong></span> <span class='ocrx_word' id='word_1_189' title='bbox 1231 2668 1503 2736; x_wconf 89' lang='lat' dir='ltr'><strong>deposito.</strong></span> <span class='ocrx_word' id='word_1_190' title='bbox 1555 2685 1619 2723; x_wconf 87' lang='lat' dir='ltr'><strong>ac</strong></span> <span class='ocrx_word' id='word_1_191' title='bbox 1677 2671 1727 2724; x_wconf 92' lang='lat' dir='ltr'><strong>in</strong></span> 
     </span>
    </p>
   </div>
   <div class='ocr_carea' id='block_1_29' title="bbox 177 2737 1730 2828">
    <p class='ocr_par' dir='ltr' id='par_1_29' title="bbox 177 2737 1730 2828">
     <span class='ocr_line' id='line_1_29' title="bbox 177 2737 1730 2828; baseline 0.014 -33"><span class='ocrx_word' id='word_1_192' title='bbox 177 2747 390 2800; x_wconf 81' lang='lat' dir='ltr'><strong>custodia</strong></span> <span class='ocrx_word' id='word_1_193' title='bbox 417 2749 657 2805; x_wconf 80' lang='lat' dir='ltr'><strong>civitatis</strong></span> <span class='ocrx_word' id='word_1_194' title='bbox 682 2753 919 2822; x_wconf 86' lang='lat' dir='ltr'><strong>implere;</strong></span> <span class='ocrx_word' id='word_1_195' title='bbox 954 2766 1010 2809; x_wconf 92' lang='lat' dir='ltr'><strong>ut</strong></span> <span class='ocrx_word' id='word_1_196' title='bbox 1038 2773 1210 2826; x_wconf 91' lang='lat' dir='ltr'><strong>neque</strong></span> <span class='ocrx_word' id='word_1_197' title='bbox 1234 2759 1370 2814; x_wconf 85' lang='lat' dir='ltr'><strong>Deus</strong></span> <span class='ocrx_word' id='word_1_198' title='bbox 1393 2737 1730 2828; x_wconf 82' lang='lat' dir='ltr'><strong>omnipotens</strong></span> 
     </span>
    </p>
   </div>
   <div class='ocr_carea' id='block_1_30' title="bbox 177 2835 1724 2919">
    <p class='ocr_par' dir='ltr' id='par_1_30' title="bbox 177 2835 1724 2919">
     <span class='ocr_line' id='line_1_30' title="bbox 177 2835 1724 2919; baseline 0.012 -33"><span class='ocrx_word' id='word_1_199' title='bbox 177 2835 476 2905; x_wconf 79' lang='lat' dir='ltr'><strong>otl&#39;endatur,</strong></span> <span class='ocrx_word' id='word_1_200' title='bbox 509 2855 682 2911; x_wconf 91' lang='lat' dir='ltr'><strong>neque</strong></span> <span class='ocrx_word' id='word_1_201' title='bbox 723 2845 911 2900; x_wconf 75' lang='lat' dir='ltr'><strong>civitas</strong></span> <span class='ocrx_word' id='word_1_202' title='bbox 960 2847 1266 2902; x_wconf 87' lang='lat' dir='ltr'><strong>inveniatur</strong></span> <span class='ocrx_word' id='word_1_203' title='bbox 1301 2865 1422 2904; x_wconf 87' lang='lat' dir='ltr'><strong>esse</strong></span> <span class='ocrx_word' id='word_1_204' title='bbox 1467 2850 1724 2919; x_wconf 78' lang='lat' dir='ltr'><strong>neglecta.</strong></span> 
     </span>
    </p>
   </div>
   <div class='ocr_carea' id='block_1_31' title="bbox 181 2927 1729 3009">
    <p class='ocr_par' dir='ltr' id='par_1_31' title="bbox 181 2927 1729 3009">
     <span class='ocr_line' id='line_1_31' title="bbox 181 2927 1729 3009; baseline 0.011 -32"><span class='ocrx_word' id='word_1_205' title='bbox 181 2927 228 2978; x_wconf 87' lang='lat' dir='ltr'><strong>Si</strong></span> <span class='ocrx_word' id='word_1_206' title='bbox 255 2943 370 2984; x_wconf 69' lang='lat' dir='ltr'><strong>vero</strong></span> <span class='ocrx_word' id='word_1_207' title='bbox 405 2931 579 2987; x_wconf 87' lang='lat' dir='ltr'><strong>isdem</strong></span> <span class='ocrx_word' id='word_1_208' title='bbox 612 2936 1076 2991; x_wconf 86' lang='lat' dir='ltr'><strong>reverentissimus</strong></span> <span class='ocrx_word' id='word_1_209' title='bbox 1105 2937 1338 2993; x_wconf 82' lang='lat' dir='ltr'><strong>Joannes</strong></span> <span class='ocrx_word' id='word_1_210' title='bbox 1374 2939 1601 2995; x_wconf 83' lang='lat' dir='ltr'><strong>fortasse</strong></span> <span class='ocrx_word' id='word_1_211' title='bbox 1632 2956 1729 3009; x_wconf 92' lang='lat' dir='ltr'><strong>pro</strong></span> 
     </span>
    </p>
   </div>
   <div class='ocr_carea' id='block_1_32' title="bbox 179 3018 1729 3099">
    <p class='ocr_par' dir='ltr' id='par_1_32' title="bbox 179 3018 1729 3099">
     <span class='ocr_line' id='line_1_32' title="bbox 179 3018 1729 3099; baseline 0.012 -31"><span class='ocrx_word' id='word_1_212' title='bbox 179 3018 394 3073; x_wconf 85' lang='lat' dir='ltr'><strong>molestia</strong></span> <span class='ocrx_word' id='word_1_213' title='bbox 444 3037 545 3077; x_wconf 86' lang='lat' dir='ltr'><strong>sua</strong></span> <span class='ocrx_word' id='word_1_214' title='bbox 597 3026 812 3092; x_wconf 88' lang='lat' dir='ltr'><strong>petierit</strong></span> <span class='ocrx_word' id='word_1_215' title='bbox 874 3034 932 3080; x_wconf 94' lang='lat' dir='ltr'><strong>ut</strong></span> <span class='ocrx_word' id='word_1_216' title='bbox 996 3028 1063 3082; x_wconf 88' lang='lat' dir='ltr'><strong>ab</strong></span> <span class='ocrx_word' id='word_1_217' title='bbox 1137 3030 1479 3099; x_wconf 65' lang='lat' dir='ltr'><strong>episcolratus</strong></span> <span class='ocrx_word' id='word_1_218' title='bbox 1527 3032 1729 3087; x_wconf 81' lang='lat' dir='ltr'><strong>honore</strong></span> 
     </span>
    </p>
   </div>
   <div class='ocr_carea' id='block_1_33' title="bbox 180 3109 1728 3190">
    <p class='ocr_par' dir='ltr' id='par_1_33' title="bbox 180 3109 1728 3190">
     <span class='ocr_line' id='line_1_33' title="bbox 180 3109 1728 3190; baseline 0.01 -30"><span class='ocrx_word' id='word_1_219' title='bbox 180 3109 350 3165; x_wconf 83' lang='lat' dir='ltr'><strong>debeat</strong></span> <span class='ocrx_word' id='word_1_220' title='bbox 373 3129 595 3180; x_wconf 86' lang='lat' dir='ltr'><strong>vacare;</strong></span> <span class='ocrx_word' id='word_1_221' title='bbox 634 3132 698 3170; x_wconf 88' lang='lat' dir='ltr'><strong>eo</strong></span> <span class='ocrx_word' id='word_1_222' title='bbox 744 3117 1049 3186; x_wconf 69' lang='lat' dir='ltr'><strong>petitionem</strong></span> <span class='ocrx_word' id='word_1_223' title='bbox 1081 3120 1284 3190; x_wconf 89' lang='lat' dir='ltr'><strong>scripto</strong></span> <span class='ocrx_word' id='word_1_224' title='bbox 1329 3121 1490 3175; x_wconf 91' lang='lat' dir='ltr'><strong>dante</strong></span> <span class='ocrx_word' id='word_1_225' title='bbox 1537 3138 1728 3176; x_wconf 78' lang='lat' dir='ltr'><strong>correc-</strong></span> 
     </span>
    </p>
   </div>
   <div class='ocr_carea' id='block_1_34' title="bbox 181 3199 1731 3280">
    <p class='ocr_par' dir='ltr' id='par_1_34' title="bbox 181 3199 1731 3280">
     <span class='ocr_line' id='line_1_34' title="bbox 181 3199 1731 3280; baseline 0.009 -28"><span class='ocrx_word' id='word_1_226' title='bbox 181 3199 384 3257; x_wconf 87' lang='lat' dir='ltr'><strong>dendum</strong></span> <span class='ocrx_word' id='word_1_227' title='bbox 415 3213 518 3259; x_wconf 86' lang='lat' dir='ltr'><strong>est.</strong></span> <span class='ocrx_word' id='word_1_228' title='bbox 554 3207 724 3261; x_wconf 85' lang='lat' dir='ltr'><strong>Aliter</strong></span> <span class='ocrx_word' id='word_1_229' title='bbox 767 3219 944 3263; x_wconf 86' lang='lat' dir='ltr'><strong>autem</strong></span> <span class='ocrx_word' id='word_1_230' title='bbox 991 3226 1088 3267; x_wconf 90' lang='lat' dir='ltr'><strong>nos</strong></span> <span class='ocrx_word' id='word_1_231' title='bbox 1135 3211 1185 3264; x_wconf 89' lang='lat' dir='ltr'><strong>id</strong></span> <span class='ocrx_word' id='word_1_232' title='bbox 1219 3210 1394 3265; x_wconf 88' lang='lat' dir='ltr'><strong>facere</strong></span> <span class='ocrx_word' id='word_1_233' title='bbox 1438 3227 1534 3280; x_wconf 88' lang='lat' dir='ltr'><strong>pro</strong></span> <span class='ocrx_word' id='word_1_234' title='bbox 1559 3214 1731 3267; x_wconf 85' lang='lat' dir='ltr'><strong>omni--</strong></span> 
     </span>
    </p>
   </div>
   <div class='ocr_carea' id='block_1_35' title="bbox 181 3295 1733 3370">
    <p class='ocr_par' dir='ltr' id='par_1_35' title="bbox 181 3295 1733 3370">
     <span class='ocr_line' id='line_1_35' title="bbox 181 3295 1733 3370; baseline 0.008 -26"><span class='ocrx_word' id='word_1_235' title='bbox 181 3295 390 3358; x_wconf 88' lang='lat' dir='ltr'><strong>potentis</strong></span> <span class='ocrx_word' id='word_1_236' title='bbox 434 3297 529 3350; x_wconf 88' lang='lat' dir='ltr'><strong>Dei</strong></span> <span class='ocrx_word' id='word_1_237' title='bbox 575 3299 764 3353; x_wconf 88' lang='lat' dir='ltr'><strong>timore</strong></span> <span class='ocrx_word' id='word_1_238' title='bbox 794 3300 1102 3355; x_wconf 87' lang='lat' dir='ltr'><strong>omnimodo</strong></span> <span class='ocrx_word' id='word_1_239' title='bbox 1152 3317 1255 3356; x_wconf 90' lang='lat' dir='ltr'><strong>non</strong></span> <span class='ocrx_word' id='word_1_240' title='bbox 1289 3301 1547 3356; x_wconf 88' lang='lat' dir='ltr'><strong>valemus.</strong></span> <span class='ocrx_word' id='word_1_241' title='bbox 1582 3303 1733 3370; x_wconf 89' lang='lat' dir='ltr'><strong>Quod</strong></span> 
     </span>
    </p>
   </div>
   <div class='ocr_carea' id='block_1_36' title="bbox 182 3383 1731 3463">
    <p class='ocr_par' dir='ltr' id='par_1_36' title="bbox 182 3383 1731 3463">
     <span class='ocr_line' id='line_1_36' title="bbox 182 3383 1731 3463; baseline 0.006 -25"><span class='ocrx_word' id='word_1_242' title='bbox 182 3383 218 3435; x_wconf 85' lang='lat' dir='ltr'><strong>si</strong></span> <span class='ocrx_word' id='word_1_243' title='bbox 259 3384 354 3440; x_wconf 90' lang='lat' dir='ltr'><strong>hoc</strong></span> <span class='ocrx_word' id='word_1_244' title='bbox 396 3397 580 3456; x_wconf 84' lang='lat' dir='ltr'><strong>petere</strong></span> <span class='ocrx_word' id='word_1_245' title='bbox 636 3391 898 3455; x_wconf 88' lang='lat' dir='ltr'><strong>noluerit;</strong></span> <span class='ocrx_word' id='word_1_246' title='bbox 946 3393 1084 3461; x_wconf 89' lang='lat' dir='ltr'><strong>quod</strong></span> <span class='ocrx_word' id='word_1_247' title='bbox 1133 3393 1376 3462; x_wconf 77' lang='lat' dir='ltr'><strong>piissimo</strong></span> <span class='ocrx_word' id='word_1_248' title='bbox 1425 3395 1731 3463; x_wconf 82' lang='lat' dir='ltr'><strong>imperatori</strong></span> 
     </span>
    </p>
   </div>
   <div class='ocr_carea' id='block_1_37' title="bbox 183 3475 1732 3552">
    <p class='ocr_par' dir='ltr' id='par_1_37' title="bbox 183 3475 1732 3552">
     <span class='ocr_line' id='line_1_37' title="bbox 183 3475 1732 3552; baseline 0.009 -27"><span class='ocrx_word' id='word_1_249' title='bbox 183 3475 474 3542; x_wconf 86' lang='lat' dir='ltr'><strong>complacet,</strong></span> <span class='ocrx_word' id='word_1_250' title='bbox 503 3479 758 3548; x_wconf 88' lang='lat' dir='ltr'><strong>quidquid</strong></span> <span class='ocrx_word' id='word_1_251' title='bbox 785 3480 935 3548; x_wconf 86' lang='lat' dir='ltr'><strong>jubet</strong></span> <span class='ocrx_word' id='word_1_252' title='bbox 979 3483 1177 3546; x_wconf 88' lang='lat' dir='ltr'><strong>facere,</strong></span> <span class='ocrx_word' id='word_1_253' title='bbox 1227 3483 1278 3536; x_wconf 92' lang='lat' dir='ltr'><strong>in</strong></span> <span class='ocrx_word' id='word_1_254' title='bbox 1317 3483 1432 3552; x_wconf 76' lang='lat' dir='ltr'><strong>ejus</strong></span> <span class='ocrx_word' id='word_1_255' title='bbox 1463 3494 1546 3539; x_wconf 92' lang='lat' dir='ltr'><strong>est</strong></span> <span class='ocrx_word' id='word_1_256' title='bbox 1580 3494 1732 3552; x_wconf 90' lang='lat' dir='ltr'><strong>pote-</strong></span> 
     </span>
    </p>
   </div>
   <div class='ocr_carea' id='block_1_38' title="bbox 187 3566 1733 3641">
    <p class='ocr_par' dir='ltr' id='par_1_38' title="bbox 187 3566 1733 3641">
     <span class='ocr_line' id='line_1_38' title="bbox 187 3566 1733 3641; baseline 0.01 -28"><span class='ocrx_word' id='word_1_257' title='bbox 187 3572 326 3618; x_wconf 86' lang='lat' dir='ltr'><strong>state.</strong></span> <span class='ocrx_word' id='word_1_258' title='bbox 360 3566 508 3622; x_wconf 89' lang='lat' dir='ltr'><strong>Sicut</strong></span> <span class='ocrx_word' id='word_1_259' title='bbox 544 3570 862 3640; x_wconf 82' lang='lat' dir='ltr'><strong>novit,_ipse</strong></span> <span class='ocrx_word' id='word_1_260' title='bbox 887 3573 1200 3641; x_wconf 78' lang='lat' dir='ltr'><strong>provideat,</strong></span> <span class='ocrx_word' id='word_1_261' title='bbox 1228 3588 1326 3627; x_wconf 90' lang='lat' dir='ltr'><strong>nos</strong></span> <span class='ocrx_word' id='word_1_262' title='bbox 1368 3575 1733 3629; x_wconf 85' lang='lat' dir='ltr'><strong>tantummodo</strong></span> 
     </span>
    </p>
   </div>
   <div class='ocr_carea' id='block_1_39' title="bbox 185 3650 1733 3732">
    <p class='ocr_par' dir='ltr' id='par_1_39' title="bbox 185 3650 1733 3732">
     <span class='ocr_line' id='line_1_39' title="bbox 185 3650 1733 3732; baseline 0.01 -30"><span class='ocrx_word' id='word_1_263' title='bbox 185 3650 228 3704; x_wconf 88' lang='lat' dir='ltr'><strong>in</strong></span> <span class='ocrx_word' id='word_1_264' title='bbox 251 3653 572 3722; x_wconf 85' lang='lat' dir='ltr'><strong>depositione</strong></span> <span class='ocrx_word' id='word_1_265' title='bbox 601 3676 706 3714; x_wconf 91' lang='lat' dir='ltr'><strong>non</strong></span> <span class='ocrx_word' id='word_1_266' title='bbox 734 3660 893 3715; x_wconf 87' lang='lat' dir='ltr'><strong>faciat</strong></span> <span class='ocrx_word' id='word_1_267' title='bbox 922 3663 1252 3730; x_wconf 89' lang='lat' dir='ltr'><strong>permisceri.</strong></span> <span class='ocrx_word' id='word_1_268' title='bbox 1285 3663 1434 3729; x_wconf 83' lang='lat' dir='ltr'><strong>Quod</strong></span> <span class='ocrx_word' id='word_1_269' title='bbox 1467 3679 1595 3718; x_wconf 89' lang='lat' dir='ltr'><strong>vero</strong></span> <span class='ocrx_word' id='word_1_270' title='bbox 1621 3663 1733 3732; x_wconf 90' lang='lat' dir='ltr'><strong>ipse</strong></span> 
     </span>
    </p>
   </div>
   <div class='ocr_carea' id='block_1_40' title="bbox 185 3739 1728 3822">
    <p class='ocr_par' dir='ltr' id='par_1_40' title="bbox 185 3739 1728 3822">
     <span class='ocr_line' id='line_1_40' title="bbox 185 3739 1728 3822; baseline 0.008 -28"><span class='ocrx_word' id='word_1_271' title='bbox 185 3739 457 3810; x_wconf 87' lang='lat' dir='ltr'><strong>imperator</strong></span> <span class='ocrx_word' id='word_1_272' title='bbox 495 3747 725 3814; x_wconf 86' lang='lat' dir='ltr'><strong>fecerit,</strong></span> <span class='ocrx_word' id='word_1_273' title='bbox 770 3751 812 3804; x_wconf 85' lang='lat' dir='ltr'><strong>si</strong></span> <span class='ocrx_word' id='word_1_274' title='bbox 844 3753 1161 3806; x_wconf 90' lang='lat' dir='ltr'><strong>canonicum</strong></span> <span class='ocrx_word' id='word_1_275' title='bbox 1202 3761 1306 3818; x_wconf 92' lang='lat' dir='ltr'><strong>est,</strong></span> <span class='ocrx_word' id='word_1_276' title='bbox 1347 3754 1651 3822; x_wconf 90' lang='lat' dir='ltr'><strong>sequimur;</strong></span> <span class='ocrx_word' id='word_1_277' title='bbox 1686 3755 1728 3808; x_wconf 91' lang='lat' dir='ltr'><strong>si</strong></span> 
     </span>
    </p>
   </div>
   <div class='ocr_carea' id='block_1_41' title="bbox 183 3838 1732 3914">
    <p class='ocr_par' dir='ltr' id='par_1_41' title="bbox 183 3838 1732 3914">
     <span class='ocr_line' id='line_1_41' title="bbox 183 3838 1732 3914; baseline 0.01 -31"><span class='ocrx_word' id='word_1_278' title='bbox 183 3844 294 3886; x_wconf 86' lang='lat' dir='ltr'><strong>vero</strong></span> <span class='ocrx_word' id='word_1_279' title='bbox 339 3838 656 3893; x_wconf 88' lang='lat' dir='ltr'><strong>canonicum</strong></span> <span class='ocrx_word' id='word_1_280' title='bbox 687 3855 788 3895; x_wconf 91' lang='lat' dir='ltr'><strong>non</strong></span> <span class='ocrx_word' id='word_1_281' title='bbox 825 3849 928 3903; x_wconf 83' lang='lat' dir='ltr'><strong>est,</strong></span> <span class='ocrx_word' id='word_1_282' title='bbox 978 3843 1028 3896; x_wconf 89' lang='lat' dir='ltr'><strong>in</strong></span> <span class='ocrx_word' id='word_1_283' title='bbox 1062 3850 1318 3911; x_wconf 88' lang='lat' dir='ltr'><strong>quantum</strong></span> <span class='ocrx_word' id='word_1_284' title='bbox 1367 3843 1482 3898; x_wconf 89' lang='lat' dir='ltr'><strong>sine</strong></span> <span class='ocrx_word' id='word_1_285' title='bbox 1511 3853 1732 3914; x_wconf 88' lang='lat' dir='ltr'><strong>peccato</strong></span> 
     </span>
    </p>
   </div>
   <div class='ocr_carea' id='block_1_42' title="bbox 184 3933 1072 4003">
    <p class='ocr_par' dir='ltr' id='par_1_42' title="bbox 184 3933 1072 4003">
     <span class='ocr_line' id='line_1_42' title="bbox 184 3933 1072 4003; baseline 0.01 -28"><span class='ocrx_word' id='word_1_286' title='bbox 184 3933 347 3980; x_wconf 86' lang='lat' dir='ltr'><strong>nostro</strong></span> <span class='ocrx_word' id='word_1_287' title='bbox 381 3944 682 3997; x_wconf 87' lang='lat' dir='ltr'><strong>possumus,</strong></span> <span class='ocrx_word' id='word_1_288' title='bbox 711 3941 1009 4003; x_wconf 88' lang='lat' dir='ltr'><strong>portamus.</strong></span> <span class='ocrx_word' id='word_1_289' title='bbox 1054 3953 1072 3984; x_wconf 71' lang='grc' dir='ltr'><strong>ι</strong></span> 
     </span>
    </p>
   </div>
   <div class='ocr_carea' id='block_1_43' title="bbox 539 4021 1346 4079">
    <p class='ocr_par' dir='ltr' id='par_1_43' title="bbox 539 4021 1346 4079">
     <span class='ocr_line' id='line_1_43' title="bbox 539 4021 1346 4079; baseline 0.006 -5"><span class='ocrx_word' id='word_1_290' title='bbox 539 4021 715 4076; x_wconf 77' lang='lat' dir='ltr'><strong>XLIII.</strong></span> <span class='ocrx_word' id='word_1_291' title='bbox 753 4054 825 4064; x_wconf 98' lang='lat'>—</span> <span class='ocrx_word' id='word_1_292' title='bbox 862 4022 935 4075; x_wconf 90' lang='lat' dir='ltr'><strong>De</strong></span> <span class='ocrx_word' id='word_1_293' title='bbox 971 4027 1346 4079; x_wconf 82' lang='lat' dir='ltr'><strong>communione.</strong></span> 
     </span>
    </p>
   </div>
   <div class='ocr_carea' id='block_1_44' title="bbox 241 4104 1730 4186">
    <p class='ocr_par' dir='ltr' id='par_1_44' title="bbox 241 4104 1730 4186">
     <span class='ocr_line' id='line_1_44' title="bbox 241 4104 1730 4186; baseline 0.009 -28"><span class='ocrx_word' id='word_1_294' title='bbox 241 4104 566 4167; x_wconf 68' lang='lat' dir='ltr'><strong>AUGUSTINUS</strong></span> <span class='ocrx_word' id='word_1_295' title='bbox 596 4113 648 4166; x_wconf 90' lang='lat' dir='ltr'><strong>in</strong></span> <span class='ocrx_word' id='word_1_296' title='bbox 689 4113 1071 4170; x_wconf 78' lang='lat' dir='ltr'><strong>ecclesiasticis</strong></span> <span class='ocrx_word' id='word_1_297' title='bbox 1102 4114 1317 4183; x_wconf 82' lang='lat' dir='ltr'><strong>Regulis</strong></span> <span class='ocrx_word' id='word_1_298' title='bbox 1354 4116 1463 4186; x_wconf 69' lang='grc' dir='ltr'><strong>(Μ)</strong></span> <span class='ocrx_word' id='word_1_299' title='bbox 1493 4132 1612 4186; x_wconf 85' lang='lat' dir='ltr'><strong>cap.</strong></span> <span class='ocrx_word' id='word_1_300' title='bbox 1659 4117 1730 4172; x_wconf 68' lang='lat'><strong>23</strong></span> 
     </span>
    </p>
   </div>
   <div class='ocr_carea' id='block_1_45' title="bbox 184 4200 1730 4275">
    <p class='ocr_par' dir='ltr' id='par_1_45' title="bbox 184 4200 1730 4275">
     <span class='ocr_line' id='line_1_45' title="bbox 184 4200 1730 4275; baseline 0.006 -22"><span class='ocrx_word' id='word_1_301' title='bbox 184 4200 366 4270; x_wconf 81' lang='lat' dir='ltr'><strong>(auctor</strong></span> <span class='ocrx_word' id='word_1_302' title='bbox 393 4203 633 4273; x_wconf 83' lang='lat' dir='ltr'><strong>Dogmat.</strong></span> <span class='ocrx_word' id='word_1_303' title='bbox 659 4205 806 4275; x_wconf 68' lang='grc' dir='ltr'><strong>εδει.)</strong></span> <span class='ocrx_word' id='word_1_304' title='bbox 841 4223 854 4259; x_wconf 89' lang='lat'><strong>:</strong></span> <span class='ocrx_word' id='word_1_305' title='bbox 893 4227 907 4254; x_wconf 85' lang='grc' dir='ltr'><strong>ι</strong></span> <span class='ocrx_word' id='word_1_306' title='bbox 929 4207 1179 4272; x_wconf 80' lang='lat' dir='ltr'><strong>Quotidie</strong></span> <span class='ocrx_word' id='word_1_307' title='bbox 1200 4207 1552 4262; x_wconf 73' lang='lat' dir='ltr'><strong>Eucharistim</strong></span> <span class='ocrx_word' id='word_1_308' title='bbox 1581 4224 1730 4264; x_wconf 86' lang='lat' dir='ltr'><strong>com-</strong></span> 
     </span>
    </p>
   </div>
   <div class='ocr_carea' id='block_1_46' title="bbox 184 4291 1724 4366">
    <p class='ocr_par' dir='ltr' id='par_1_46' title="bbox 184 4291 1724 4366">
     <span class='ocr_line' id='line_1_46' title="bbox 184 4291 1724 4366; baseline 0.007 -26"><span class='ocrx_word' id='word_1_309' title='bbox 184 4291 472 4344; x_wconf 87' lang='lat' dir='ltr'><strong>nmnionem</strong></span> <span class='ocrx_word' id='word_1_310' title='bbox 540 4293 850 4361; x_wconf 79' lang='lat' dir='ltr'><strong>percipere,</strong></span> <span class='ocrx_word' id='word_1_311' title='bbox 911 4309 1009 4347; x_wconf 87' lang='lat' dir='ltr'><strong>nec</strong></span> <span class='ocrx_word' id='word_1_312' title='bbox 1056 4294 1254 4358; x_wconf 70' lang='lat' dir='ltr'><strong>laudo,</strong></span> <span class='ocrx_word' id='word_1_313' title='bbox 1309 4311 1408 4349; x_wconf 85' lang='lat' dir='ltr'><strong>nec</strong></span> <span class='ocrx_word' id='word_1_314' title='bbox 1463 4298 1724 4366; x_wconf 88' lang='lat' dir='ltr'><strong>vitupero.</strong></span> 
     </span>
    </p>
   </div>
   <div class='ocr_carea' id='block_1_47' title="bbox 183 4378 1725 4442">
    <p class='ocr_par' dir='ltr' id='par_1_47' title="bbox 183 4378 1725 4442">
     <span class='ocr_line' id='line_1_47' title="bbox 183 4378 1725 4442; baseline 0.008 -12"><span class='ocrx_word' id='word_1_315' title='bbox 183 4378 422 4436; x_wconf 90' lang='lat' dir='ltr'><strong>Omnibus</strong></span> <span class='ocrx_word' id='word_1_316' title='bbox 467 4391 636 4437; x_wconf 88' lang='lat' dir='ltr'><strong>tamen</strong></span> <span class='ocrx_word' id='word_1_317' title='bbox 683 4384 871 4439; x_wconf 88' lang='lat' dir='ltr'><strong>diebus</strong></span> <span class='ocrx_word' id='word_1_318' title='bbox 903 4385 1194 4440; x_wconf 83' lang='lat' dir='ltr'><strong>Dominicis</strong></span> <span class='ocrx_word' id='word_1_319' title='bbox 1222 4389 1725 4442; x_wconf 85' lang='lat' dir='ltr'><strong>communicandum</strong></span> 
     </span>
    </p>
   </div>
   <div class='ocr_carea' id='block_1_48' title="bbox 1825 571 3398 642">
    <p class='ocr_par' dir='ltr' id='par_1_48' title="bbox 1825 571 3398 642">
     <span class='ocr_line' id='line_1_48' title="bbox 1825 571 3398 642; baseline 0.004 -18"><span class='ocrx_word' id='word_1_320' title='bbox 1825 571 1944 625; x_wconf 92' lang='lat' dir='ltr'><strong>dico</strong></span> <span class='ocrx_word' id='word_1_321' title='bbox 1977 609 1992 634; x_wconf 94' lang='lat'><strong>,</strong></span> <span class='ocrx_word' id='word_1_322' title='bbox 2040 585 2200 640; x_wconf 90' lang='lat' dir='ltr'><strong>quem</strong></span> <span class='ocrx_word' id='word_1_323' title='bbox 2254 572 2503 640; x_wconf 89' lang='lat' dir='ltr'><strong>capitalia</strong></span> <span class='ocrx_word' id='word_1_324' title='bbox 2549 581 2769 642; x_wconf 89' lang='lat' dir='ltr'><strong>peccata</strong></span> <span class='ocrx_word' id='word_1_325' title='bbox 2816 588 2923 627; x_wconf 90' lang='lat' dir='ltr'><strong>non</strong></span> <span class='ocrx_word' id='word_1_326' title='bbox 2970 582 3212 642; x_wconf 76' lang='lat' dir='ltr'><strong>gravant.</strong></span> <span class='ocrx_word' id='word_1_327' title='bbox 3263 572 3398 630; x_wconf 81' lang='lat' dir='ltr'><strong>Nam</strong></span> 
     </span>
    </p>
   </div>
   <div class='ocr_carea' id='block_1_49' title="bbox 1824 661 3397 734">
    <p class='ocr_par' dir='ltr' id='par_1_49' title="bbox 1824 661 3397 734">
     <span class='ocr_line' id='line_1_49' title="bbox 1824 661 3397 734; baseline 0.002 -20"><span class='ocrx_word' id='word_1_328' title='bbox 1824 675 1985 728; x_wconf 88' lang='lat' dir='ltr'><strong>quem</strong></span> <span class='ocrx_word' id='word_1_329' title='bbox 2015 661 2260 715; x_wconf 88' lang='lat' dir='ltr'><strong>mortalia</strong></span> <span class='ocrx_word' id='word_1_330' title='bbox 2300 671 2421 730; x_wconf 87' lang='lat' dir='ltr'><strong>post</strong></span> <span class='ocrx_word' id='word_1_331' title='bbox 2447 662 2772 732; x_wconf 88' lang='lat' dir='ltr'><strong>baptisnmm</strong></span> <span class='ocrx_word' id='word_1_332' title='bbox 2813 664 3100 719; x_wconf 89' lang='lat' dir='ltr'><strong>commissa</strong></span> <span class='ocrx_word' id='word_1_333' title='bbox 3128 673 3397 734; x_wconf 90' lang='lat' dir='ltr'><strong>premunt,</strong></span> 
     </span>
    </p>
   </div>
   <div class='ocr_carea' id='block_1_50' title="bbox 1826 750 3402 821">
    <p class='ocr_par' dir='ltr' id='par_1_50' title="bbox 1826 750 3402 821">
     <span class='ocr_line' id='line_1_50' title="bbox 1826 750 3402 821; baseline 0.005 -19"><span class='ocrx_word' id='word_1_334' title='bbox 1826 750 2015 804; x_wconf 87' lang='lat' dir='ltr'><strong>hortor</strong></span> <span class='ocrx_word' id='word_1_335' title='bbox 2061 751 2291 819; x_wconf 87' lang='lat' dir='ltr'><strong>primum</strong></span> <span class='ocrx_word' id='word_1_336' title='bbox 2343 751 2553 820; x_wconf 90' lang='lat' dir='ltr'><strong>publica</strong></span> <span class='ocrx_word' id='word_1_337' title='bbox 2605 753 2919 820; x_wconf 74' lang='lat' dir='ltr'><strong>pmnitentia</strong></span> <span class='ocrx_word' id='word_1_338' title='bbox 2969 753 3304 821; x_wconf 81' lang='lat' dir='ltr'><strong>satisfacere,</strong></span> <span class='ocrx_word' id='word_1_339' title='bbox 3347 764 3402 810; x_wconf 88' lang='lat' dir='ltr'><strong>et</strong></span> 
     </span>
    </p>
   </div>
   <div class='ocr_carea' id='block_1_51' title="bbox 1826 839 3398 907">
    <p class='ocr_par' dir='ltr' id='par_1_51' title="bbox 1826 839 3398 907">
     <span class='ocr_line' id='line_1_51' title="bbox 1826 839 3398 907; baseline 0.004 -15"><span class='ocrx_word' id='word_1_340' title='bbox 1826 839 1898 892; x_wconf 79' lang='lat' dir='ltr'><strong>ita</strong></span> <span class='ocrx_word' id='word_1_341' title='bbox 1951 840 2248 894; x_wconf 88' lang='lat' dir='ltr'><strong>sacerdotis</strong></span> <span class='ocrx_word' id='word_1_342' title='bbox 2311 840 2517 907; x_wconf 79' lang='lat' dir='ltr'><strong>judicio</strong></span> <span class='ocrx_word' id='word_1_343' title='bbox 2565 842 2968 897; x_wconf 80' lang='lat' dir='ltr'><strong>reconciliatum</strong></span> <span class='ocrx_word' id='word_1_344' title='bbox 3035 845 3398 899; x_wconf 88' lang='lat' dir='ltr'><strong>communioni</strong></span> 
     </span>
    </p>
   </div>
   <div class='ocr_carea' id='block_1_52' title="bbox 1826 929 3398 1000">
    <p class='ocr_par' dir='ltr' id='par_1_52' title="bbox 1826 929 3398 1000">
     <span class='ocr_line' id='line_1_52' title="bbox 1826 929 3398 1000; baseline 0.004 -18"><span class='ocrx_word' id='word_1_345' title='bbox 1826 929 2043 994; x_wconf 87' lang='lat' dir='ltr'><strong>sociari,</strong></span> <span class='ocrx_word' id='word_1_346' title='bbox 2071 930 2115 984; x_wconf 91' lang='lat' dir='ltr'><strong>si</strong></span> <span class='ocrx_word' id='word_1_347' title='bbox 2145 931 2253 983; x_wconf 89' lang='lat' dir='ltr'><strong>vult</strong></span> <span class='ocrx_word' id='word_1_348' title='bbox 2281 945 2384 984; x_wconf 92' lang='lat' dir='ltr'><strong>non</strong></span> <span class='ocrx_word' id='word_1_349' title='bbox 2417 931 2482 984; x_wconf 87' lang='lat' dir='ltr'><strong>ad</strong></span> <span class='ocrx_word' id='word_1_350' title='bbox 2511 931 2768 1000; x_wconf 86' lang='lat' dir='ltr'><strong>judicium</strong></span> <span class='ocrx_word' id='word_1_351' title='bbox 2793 931 2875 986; x_wconf 90' lang='lat' dir='ltr'><strong>vel</strong></span> <span class='ocrx_word' id='word_1_352' title='bbox 2897 934 3398 988; x_wconf 88' lang='lat' dir='ltr'><strong>condemnationem</strong></span> 
     </span>
    </p>
   </div>
   <div class='ocr_carea' id='block_1_53' title="bbox 1827 1021 3399 1092">
    <p class='ocr_par' dir='ltr' id='par_1_53' title="bbox 1827 1021 3399 1092">
     <span class='ocr_line' id='line_1_53' title="bbox 1827 1021 3399 1092; baseline 0.003 -17"><span class='ocrx_word' id='word_1_353' title='bbox 1827 1021 2217 1076; x_wconf 82' lang='lat' dir='ltr'><strong>Eucharistiam</strong></span> <span class='ocrx_word' id='word_1_354' title='bbox 2248 1023 2544 1092; x_wconf 87' lang='lat' dir='ltr'><strong>percipere.</strong></span> <span class='ocrx_word' id='word_1_355' title='bbox 2575 1022 2682 1077; x_wconf 87' lang='lat' dir='ltr'><strong>Sed</strong></span> <span class='ocrx_word' id='word_1_356' title='bbox 2707 1032 2762 1078; x_wconf 89' lang='lat' dir='ltr'><strong>et</strong></span> <span class='ocrx_word' id='word_1_357' title='bbox 2787 1036 2996 1078; x_wconf 87' lang='lat' dir='ltr'><strong>secreta</strong></span> <span class='ocrx_word' id='word_1_358' title='bbox 3025 1024 3399 1080; x_wconf 82' lang='lat' dir='ltr'><strong>satisfactione</strong></span> 
     </span>
    </p>
   </div>
   <div class='ocr_carea' id='block_1_54' title="bbox 1826 1112 3403 1185">
    <p class='ocr_par' dir='ltr' id='par_1_54' title="bbox 1826 1112 3403 1185">
     <span class='ocr_line' id='line_1_54' title="bbox 1826 1112 3403 1185; baseline 0.004 -20"><span class='ocrx_word' id='word_1_359' title='bbox 1826 1112 1957 1166; x_wconf 84' lang='lat' dir='ltr'><strong>solvi</strong></span> <span class='ocrx_word' id='word_1_360' title='bbox 1990 1113 2236 1168; x_wconf 90' lang='lat' dir='ltr'><strong>mortalia</strong></span> <span class='ocrx_word' id='word_1_361' title='bbox 2269 1115 2499 1168; x_wconf 89' lang='lat' dir='ltr'><strong>crimina</strong></span> <span class='ocrx_word' id='word_1_362' title='bbox 2551 1130 2656 1170; x_wconf 90' lang='lat' dir='ltr'><strong>non</strong></span> <span class='ocrx_word' id='word_1_363' title='bbox 2707 1129 3000 1185; x_wconf 79' lang='lat' dir='ltr'><strong>negamus,</strong></span> <span class='ocrx_word' id='word_1_364' title='bbox 3049 1119 3144 1171; x_wconf 89' lang='lat' dir='ltr'><strong>sed</strong></span> <span class='ocrx_word' id='word_1_365' title='bbox 3198 1127 3403 1172; x_wconf 90' lang='lat' dir='ltr'><strong>mutato</strong></span> 
     </span>
    </p>
   </div>
   <div class='ocr_carea' id='block_1_55' title="bbox 1828 1203 3403 1279">
    <p class='ocr_par' dir='ltr' id='par_1_55' title="bbox 1828 1203 3403 1279">
     <span class='ocr_line' id='line_1_55' title="bbox 1828 1203 3403 1279; baseline 0.006 -23"><span class='ocrx_word' id='word_1_366' title='bbox 1828 1205 1978 1272; x_wconf 92' lang='lat' dir='ltr'><strong>prius</strong></span> <span class='ocrx_word' id='word_1_367' title='bbox 2023 1203 2266 1258; x_wconf 76' lang='lat' dir='ltr'><strong>stceulari</strong></span> <span class='ocrx_word' id='word_1_368' title='bbox 2298 1204 2506 1267; x_wconf 88' lang='lat' dir='ltr'><strong>habitu,</strong></span> <span class='ocrx_word' id='word_1_369' title='bbox 2535 1213 2591 1258; x_wconf 94' lang='lat' dir='ltr'><strong>ut</strong></span> <span class='ocrx_word' id='word_1_370' title='bbox 2635 1205 2912 1274; x_wconf 76' lang='lat' dir='ltr'><strong>religionis</strong></span> <span class='ocrx_word' id='word_1_371' title='bbox 2937 1208 3112 1263; x_wconf 88' lang='lat' dir='ltr'><strong>studio</strong></span> <span class='ocrx_word' id='word_1_372' title='bbox 3155 1225 3252 1279; x_wconf 90' lang='lat' dir='ltr'><strong>per</strong></span> <span class='ocrx_word' id='word_1_373' title='bbox 3281 1211 3403 1265; x_wconf 62' lang='lat' dir='ltr'><strong>vita‘</strong></span> 
     </span>
    </p>
   </div>
   <div class='ocr_carea' id='block_1_56' title="bbox 1827 1294 3404 1368">
    <p class='ocr_par' dir='ltr' id='par_1_56' title="bbox 1827 1294 3404 1368">
     <span class='ocr_line' id='line_1_56' title="bbox 1827 1294 3404 1368; baseline 0.003 -17"><span class='ocrx_word' id='word_1_374' title='bbox 1827 1296 2252 1359; x_wconf 83' lang='lat' dir='ltr'><strong>correctionem,</strong></span> <span class='ocrx_word' id='word_1_375' title='bbox 2301 1306 2357 1350; x_wconf 91' lang='lat' dir='ltr'><strong>et</strong></span> <span class='ocrx_word' id='word_1_376' title='bbox 2394 1294 2614 1366; x_wconf 76' lang='lat' dir='ltr'><strong>jugem,</strong></span> <span class='ocrx_word' id='word_1_377' title='bbox 2663 1296 2771 1351; x_wconf 92' lang='lat' dir='ltr'><strong>imo</strong></span> <span class='ocrx_word' id='word_1_378' title='bbox 2815 1307 3129 1368; x_wconf 90' lang='lat' dir='ltr'><strong>perpetuum</strong></span> <span class='ocrx_word' id='word_1_379' title='bbox 3180 1301 3404 1367; x_wconf 89' lang='lat' dir='ltr'><strong>luctum,</strong></span> 
     </span>
    </p>
   </div>
   <div class='ocr_carea' id='block_1_57' title="bbox 1829 1385 3404 1456">
    <p class='ocr_par' dir='ltr' id='par_1_57' title="bbox 1829 1385 3404 1456">
     <span class='ocr_line' id='line_1_57' title="bbox 1829 1385 3404 1456; baseline 0.004 -18"><span class='ocrx_word' id='word_1_380' title='bbox 1829 1385 2118 1438; x_wconf 86' lang='lat' dir='ltr'><strong>miserante</strong></span> <span class='ocrx_word' id='word_1_381' title='bbox 2157 1385 2288 1454; x_wconf 89' lang='lat' dir='ltr'><strong>Deo,</strong></span> <span class='ocrx_word' id='word_1_382' title='bbox 2328 1387 2538 1440; x_wconf 56' lang='lat' dir='ltr'><strong>veniam</strong></span> <span class='ocrx_word' id='word_1_383' title='bbox 2591 1398 2973 1456; x_wconf 85' lang='lat' dir='ltr'><strong>consequatur,</strong></span> <span class='ocrx_word' id='word_1_384' title='bbox 3023 1388 3094 1443; x_wconf 91' lang='lat' dir='ltr'><strong>ita</strong></span> <span class='ocrx_word' id='word_1_385' title='bbox 3145 1390 3404 1445; x_wconf 78' lang='lat' dir='ltr'><strong>dmrtaxat</strong></span> 
     </span>
    </p>
   </div>
   <div class='ocr_carea' id='block_1_58' title="bbox 1827 1476 3406 1550">
    <p class='ocr_par' dir='ltr' id='par_1_58' title="bbox 1827 1476 3406 1550">
     <span class='ocr_line' id='line_1_58' title="bbox 1827 1476 3406 1550; baseline 0.003 -21"><span class='ocrx_word' id='word_1_386' title='bbox 1827 1486 1886 1529; x_wconf 93' lang='lat' dir='ltr'><strong>ut</strong></span> <span class='ocrx_word' id='word_1_387' title='bbox 1919 1476 2190 1530; x_wconf 88' lang='lat' dir='ltr'><strong>contraria</strong></span> <span class='ocrx_word' id='word_1_388' title='bbox 2239 1491 2338 1544; x_wconf 91' lang='lat' dir='ltr'><strong>pro</strong></span> <span class='ocrx_word' id='word_1_389' title='bbox 2366 1477 2451 1530; x_wconf 91' lang='lat' dir='ltr'><strong>his</strong></span> <span class='ocrx_word' id='word_1_390' title='bbox 2499 1492 2619 1546; x_wconf 74' lang='lat' dir='ltr'><strong>qute</strong></span> <span class='ocrx_word' id='word_1_391' title='bbox 2667 1479 2914 1548; x_wconf 76' lang='lat' dir='ltr'><strong>ptenitet,</strong></span> <span class='ocrx_word' id='word_1_392' title='bbox 2966 1494 3072 1534; x_wconf 93' lang='lat' dir='ltr'><strong>non</strong></span> <span class='ocrx_word' id='word_1_393' title='bbox 3113 1479 3237 1550; x_wconf 76' lang='lat' dir='ltr'><strong>(aL,</strong></span> <span class='ocrx_word' id='word_1_394' title='bbox 3266 1481 3406 1536; x_wconf 80' lang='lat' dir='ltr'><strong>deest</strong></span> 
     </span>
    </p>
   </div>
   <div class='ocr_carea' id='block_1_59' title="bbox 1827 1565 3400 1643">
    <p class='ocr_par' dir='ltr' id='par_1_59' title="bbox 1827 1565 3400 1643">
     <span class='ocr_line' id='line_1_59' title="bbox 1827 1565 3400 1643; baseline 0.004 -23"><span class='ocrx_word' id='word_1_395' title='bbox 1827 1565 1957 1636; x_wconf 90' lang='lat' dir='ltr'><strong>non]</strong></span> <span class='ocrx_word' id='word_1_396' title='bbox 1986 1575 2130 1636; x_wconf 83' lang='lat' dir='ltr'><strong>agat,</strong></span> <span class='ocrx_word' id='word_1_397' title='bbox 2155 1575 2208 1620; x_wconf 89' lang='lat' dir='ltr'><strong>et</strong></span> <span class='ocrx_word' id='word_1_398' title='bbox 2238 1566 2631 1639; x_wconf 85' lang='lat' dir='ltr'><strong>Eucharistiam</strong></span> <span class='ocrx_word' id='word_1_399' title='bbox 2667 1570 2918 1625; x_wconf 86' lang='lat' dir='ltr'><strong>omnibus</strong></span> <span class='ocrx_word' id='word_1_400' title='bbox 2950 1571 3243 1628; x_wconf 87' lang='lat' dir='ltr'><strong>Dominicis</strong></span> <span class='ocrx_word' id='word_1_401' title='bbox 3273 1588 3400 1643; x_wconf 83' lang='lat' dir='ltr'><strong>sup-</strong></span> 
     </span>
    </p>
   </div>
   <div class='ocr_carea' id='block_1_60' title="bbox 1828 1655 2881 1729">
    <p class='ocr_par' dir='ltr' id='par_1_60' title="bbox 1828 1655 2881 1729">
     <span class='ocr_line' id='line_1_60' title="bbox 1828 1655 2881 1729; baseline 0.003 -22"><span class='ocrx_word' id='word_1_402' title='bbox 1828 1655 1950 1726; x_wconf 74' lang='lat' dir='ltr'><strong>plcx</strong></span> <span class='ocrx_word' id='word_1_403' title='bbox 1990 1671 2158 1726; x_wconf 88' lang='lat' dir='ltr'><strong>usque</strong></span> <span class='ocrx_word' id='word_1_404' title='bbox 2183 1657 2248 1710; x_wconf 90' lang='lat' dir='ltr'><strong>ad</strong></span> <span class='ocrx_word' id='word_1_405' title='bbox 2279 1668 2506 1712; x_wconf 86' lang='lat' dir='ltr'><strong>mortem</strong></span> <span class='ocrx_word' id='word_1_406' title='bbox 2537 1660 2816 1729; x_wconf 84' lang='lat' dir='ltr'><strong>percipiat.</strong></span> <span class='ocrx_word' id='word_1_407' title='bbox 2865 1678 2881 1710; x_wconf 75' lang='grc' dir='ltr'><strong>ι</strong></span> 
     </span>
    </p>
   </div>
   <div class='ocr_carea' id='block_1_61' title="bbox 1900 1747 3405 1824">
    <p class='ocr_par' dir='ltr' id='par_1_61' title="bbox 1900 1747 3405 1824">
     <span class='ocr_line' id='line_1_61' title="bbox 1900 1747 3405 1824; baseline 0.002 -20"><span class='ocrx_word' id='word_1_408' title='bbox 1900 1749 2194 1819; x_wconf 84' lang='lat' dir='ltr'><strong>Gregorius</strong></span> <span class='ocrx_word' id='word_1_409' title='bbox 2209 1747 2422 1820; x_wconf 78' lang='lat' dir='ltr'><strong>(Gnse.,</strong></span> <span class='ocrx_word' id='word_1_410' title='bbox 2448 1749 2501 1801; x_wconf 80' lang='lat' dir='ltr'><strong>in</strong></span> <span class='ocrx_word' id='word_1_411' title='bbox 2518 1765 2650 1818; x_wconf 80' lang='lat' dir='ltr'><strong>resp.</strong></span> <span class='ocrx_word' id='word_1_412' title='bbox 2677 1767 2706 1804; x_wconf 77' lang='grc' dir='ltr'><strong>ιι</strong></span> <span class='ocrx_word' id='word_1_413' title='bbox 2726 1749 2793 1803; x_wconf 83' lang='lat' dir='ltr'><strong>ad</strong></span> <span class='ocrx_word' id='word_1_414' title='bbox 2814 1752 3062 1821; x_wconf 79' lang='lat' dir='ltr'><strong>interrog.</strong></span> <span class='ocrx_word' id='word_1_415' title='bbox 3081 1751 3405 1824; x_wconf 76' lang='lat' dir='ltr'><strong>Augustini):</strong></span> 
     </span>
    </p>
   </div>
   <div class='ocr_carea' id='block_1_62' title="bbox 1761 1821 3409 1915">
    <p class='ocr_par' dir='ltr' id='par_1_62' title="bbox 1761 1821 3409 1915">
     <span class='ocr_line' id='line_1_62' title="bbox 1761 1821 3409 1915; baseline 0.006 -24"><span class='ocrx_word' id='word_1_416' title='bbox 1761 1827 1805 1886; x_wconf 81' lang='grc' dir='ltr'><strong>Β</strong></span> <span class='ocrx_word' id='word_1_417' title='bbox 1840 1821 2096 1896; x_wconf 65' lang='grc' dir='ltr'>ίὸιιιιεῑω</span> <span class='ocrx_word' id='word_1_418' title='bbox 2119 1841 2514 1896; x_wconf 88' lang='lat' dir='ltr'><strong>communionis</strong></span> <span class='ocrx_word' id='word_1_419' title='bbox 2542 1844 2854 1911; x_wconf 86' lang='lat' dir='ltr'><strong>mysterium</strong></span> <span class='ocrx_word' id='word_1_420' title='bbox 2897 1844 3088 1899; x_wconf 90' lang='lat' dir='ltr'><strong>mulier</strong></span> <span class='ocrx_word' id='word_1_421' title='bbox 3129 1821 3409 1915; x_wconf 79' lang='lat' dir='ltr'><strong>percipere</strong></span> 
     </span>
    </p>
   </div>
   <div class='ocr_carea' id='block_1_63' title="bbox 1831 1937 3410 2007">
    <p class='ocr_par' dir='ltr' id='par_1_63' title="bbox 1831 1937 3410 2007">
     <span class='ocr_line' id='line_1_63' title="bbox 1831 1937 3410 2007; baseline 0.004 -19"><span class='ocrx_word' id='word_1_422' title='bbox 1831 1943 2112 1989; x_wconf 86' lang='lat' dir='ltr'><strong>menstruo</strong></span> <span class='ocrx_word' id='word_1_423' title='bbox 2137 1944 2380 2004; x_wconf 89' lang='lat' dir='ltr'><strong>tempore</strong></span> <span class='ocrx_word' id='word_1_424' title='bbox 2429 1951 2536 1989; x_wconf 90' lang='lat' dir='ltr'><strong>non</strong></span> <span class='ocrx_word' id='word_1_425' title='bbox 2572 1937 2730 1991; x_wconf 84' lang='lat' dir='ltr'><strong>debet</strong></span> <span class='ocrx_word' id='word_1_426' title='bbox 2769 1938 3066 2007; x_wconf 83' lang='lat' dir='ltr'><strong>prohiberi.</strong></span> <span class='ocrx_word' id='word_1_427' title='bbox 3119 1939 3176 1993; x_wconf 86' lang='lat' dir='ltr'><strong>Si</strong></span> <span class='ocrx_word' id='word_1_428' title='bbox 3227 1949 3410 1995; x_wconf 86' lang='lat' dir='ltr'><strong>autem</strong></span> 
     </span>
    </p>
   </div>
   <div class='ocr_carea' id='block_1_64' title="bbox 1828 2025 3414 2096">
    <p class='ocr_par' dir='ltr' id='par_1_64' title="bbox 1828 2025 3414 2096">
     <span class='ocr_line' id='line_1_64' title="bbox 1828 2025 3414 2096; baseline 0.004 -18"><span class='ocrx_word' id='word_1_429' title='bbox 1828 2041 1891 2078; x_wconf 81' lang='lat' dir='ltr'><strong>ex</strong></span> <span class='ocrx_word' id='word_1_430' title='bbox 1928 2025 2275 2079; x_wconf 83' lang='lat' dir='ltr'><strong>veneratione</strong></span> <span class='ocrx_word' id='word_1_431' title='bbox 2299 2041 2488 2096; x_wconf 79' lang='lat' dir='ltr'><strong>magna</strong></span> <span class='ocrx_word' id='word_1_432' title='bbox 2523 2041 2629 2080; x_wconf 91' lang='lat' dir='ltr'><strong>non</strong></span> <span class='ocrx_word' id='word_1_433' title='bbox 2660 2027 2936 2096; x_wconf 65' lang='lat' dir='ltr'><strong>praesumit</strong></span> <span class='ocrx_word' id='word_1_434' title='bbox 2961 2028 3264 2096; x_wconf 89' lang='lat' dir='ltr'><strong>percipere,</strong></span> <span class='ocrx_word' id='word_1_435' title='bbox 3297 2029 3414 2084; x_wconf 86' lang='lat' dir='ltr'><strong>lau-</strong></span> 
     </span>
    </p>
   </div>
   <div class='ocr_carea' id='block_1_65' title="bbox 1829 2116 3413 2186">
    <p class='ocr_par' dir='ltr' id='par_1_65' title="bbox 1829 2116 3413 2186">
     <span class='ocr_line' id='line_1_65' title="bbox 1829 2116 3413 2186; baseline 0.001 -16"><span class='ocrx_word' id='word_1_436' title='bbox 1829 2116 2003 2171; x_wconf 87' lang='lat' dir='ltr'><strong>danda</strong></span> <span class='ocrx_word' id='word_1_437' title='bbox 2023 2125 2124 2172; x_wconf 90' lang='lat' dir='ltr'><strong>est.</strong></span> <span class='ocrx_word' id='word_1_438' title='bbox 2157 2116 2262 2171; x_wconf 89' lang='lat' dir='ltr'><strong>Sed</strong></span> <span class='ocrx_word' id='word_1_439' title='bbox 2286 2117 2328 2170; x_wconf 92' lang='lat' dir='ltr'><strong>si</strong></span> <span class='ocrx_word' id='word_1_440' title='bbox 2360 2117 2684 2186; x_wconf 88' lang='lat' dir='ltr'><strong>perceperit.</strong></span> <span class='ocrx_word' id='word_1_441' title='bbox 2720 2133 2824 2171; x_wconf 92' lang='lat' dir='ltr'><strong>non</strong></span> <span class='ocrx_word' id='word_1_442' title='bbox 2871 2117 3186 2185; x_wconf 88' lang='lat' dir='ltr'><strong>judicanda.</strong></span> <span class='ocrx_word' id='word_1_443' title='bbox 3237 2119 3413 2174; x_wconf 86' lang='lat' dir='ltr'><strong>Boua-</strong></span> 
     </span>
    </p>
   </div>
   <div class='ocr_carea' id='block_1_66' title="bbox 1829 2211 3411 2282">
    <p class='ocr_par' dir='ltr' id='par_1_66' title="bbox 1829 2211 3411 2282">
     <span class='ocr_line' id='line_1_66' title="bbox 1829 2211 3411 2282; baseline -0.001 -16"><span class='ocrx_word' id='word_1_444' title='bbox 1829 2227 1948 2266; x_wconf 91' lang='lat' dir='ltr'><strong>rum</strong></span> <span class='ocrx_word' id='word_1_445' title='bbox 2003 2212 2200 2282; x_wconf 91' lang='lat' dir='ltr'><strong>quippe</strong></span> <span class='ocrx_word' id='word_1_446' title='bbox 2250 2211 2508 2265; x_wconf 89' lang='lat' dir='ltr'><strong>mentium</strong></span> <span class='ocrx_word' id='word_1_447' title='bbox 2556 2219 2638 2265; x_wconf 88' lang='lat' dir='ltr'><strong>est</strong></span> <span class='ocrx_word' id='word_1_448' title='bbox 2674 2211 2743 2264; x_wconf 85' lang='lat' dir='ltr'><strong>ibi</strong></span> <span class='ocrx_word' id='word_1_449' title='bbox 2793 2211 2974 2281; x_wconf 88' lang='lat' dir='ltr'><strong>aliquo</strong></span> <span class='ocrx_word' id='word_1_450' title='bbox 3021 2213 3180 2266; x_wconf 89' lang='lat' dir='ltr'><strong>modo</strong></span> <span class='ocrx_word' id='word_1_451' title='bbox 3225 2211 3411 2280; x_wconf 92' lang='lat' dir='ltr'><strong>culpas</strong></span> 
     </span>
    </p>
   </div>
   <div class='ocr_carea' id='block_1_67' title="bbox 1829 2300 3412 2369">
    <p class='ocr_par' dir='ltr' id='par_1_67' title="bbox 1829 2300 3412 2369">
     <span class='ocr_line' id='line_1_67' title="bbox 1829 2300 3412 2369; baseline -0.003 -13"><span class='ocrx_word' id='word_1_452' title='bbox 1829 2317 1954 2356; x_wconf 89' lang='lat' dir='ltr'><strong>suas</strong></span> <span class='ocrx_word' id='word_1_453' title='bbox 1983 2316 2276 2369; x_wconf 83' lang='lat' dir='ltr'><strong>agnoscere</strong></span> <span class='ocrx_word' id='word_1_454' title='bbox 2313 2300 2402 2354; x_wconf 89' lang='lat' dir='ltr'><strong>ubi</strong></span> <span class='ocrx_word' id='word_1_455' title='bbox 2433 2300 2588 2369; x_wconf 92' lang='lat' dir='ltr'><strong>culpa</strong></span> <span class='ocrx_word' id='word_1_456' title='bbox 2643 2315 2747 2354; x_wconf 91' lang='lat' dir='ltr'><strong>non</strong></span> <span class='ocrx_word' id='word_1_457' title='bbox 2785 2311 2886 2363; x_wconf 90' lang='lat' dir='ltr'><strong>est,</strong></span> <span class='ocrx_word' id='word_1_458' title='bbox 2939 2301 3064 2369; x_wconf 88' lang='lat' dir='ltr'><strong>quia</strong></span> <span class='ocrx_word' id='word_1_459' title='bbox 3114 2315 3253 2369; x_wconf 79' lang='lat' dir='ltr'><strong>szepe</strong></span> <span class='ocrx_word' id='word_1_460' title='bbox 3295 2301 3412 2354; x_wconf 86' lang='lat' dir='ltr'><strong>sine</strong></span> 
     </span>
    </p>
   </div>
   <div class='ocr_carea' id='block_1_68' title="bbox 1828 2391 3408 2463">
    <p class='ocr_par' dir='ltr' id='par_1_68' title="bbox 1828 2391 3408 2463">
     <span class='ocr_line' id='line_1_68' title="bbox 1828 2391 3408 2463; baseline -0.002 -16"><span class='ocrx_word' id='word_1_461' title='bbox 1828 2393 1982 2463; x_wconf 89' lang='lat' dir='ltr'><strong>culpa</strong></span> <span class='ocrx_word' id='word_1_462' title='bbox 2017 2393 2195 2461; x_wconf 83' lang='lat' dir='ltr'><strong>agitur</strong></span> <span class='ocrx_word' id='word_1_463' title='bbox 2219 2393 2360 2462; x_wconf 90' lang='lat' dir='ltr'><strong>quod</strong></span> <span class='ocrx_word' id='word_1_464' title='bbox 2387 2393 2533 2447; x_wconf 85' lang='lat' dir='ltr'><strong>venit</strong></span> <span class='ocrx_word' id='word_1_465' title='bbox 2555 2407 2619 2445; x_wconf 78' lang='lat' dir='ltr'><strong>ex</strong></span> <span class='ocrx_word' id='word_1_466' title='bbox 2649 2392 2826 2460; x_wconf 90' lang='lat' dir='ltr'><strong>culpa.</strong></span> <span class='ocrx_word' id='word_1_467' title='bbox 2874 2391 3024 2446; x_wconf 89' lang='lat' dir='ltr'><strong>Unde</strong></span> <span class='ocrx_word' id='word_1_468' title='bbox 3069 2391 3232 2445; x_wconf 88' lang='lat' dir='ltr'><strong>etiam</strong></span> <span class='ocrx_word' id='word_1_469' title='bbox 3286 2406 3408 2444; x_wconf 90' lang='lat' dir='ltr'><strong>cum</strong></span> 
     </span>
    </p>
   </div>
   <div class='ocr_carea' id='block_1_69' title="bbox 1830 2482 3408 2553">
    <p class='ocr_par' dir='ltr' id='par_1_69' title="bbox 1830 2482 3408 2553">
     <span class='ocr_line' id='line_1_69' title="bbox 1830 2482 3408 2553; baseline -0.003 -14"><span class='ocrx_word' id='word_1_470' title='bbox 1830 2485 2116 2549; x_wconf 91' lang='lat' dir='ltr'><strong>esurinms,</strong></span> <span class='ocrx_word' id='word_1_471' title='bbox 2146 2484 2264 2538; x_wconf 90' lang='lat' dir='ltr'><strong>sine</strong></span> <span class='ocrx_word' id='word_1_472' title='bbox 2307 2484 2461 2553; x_wconf 89' lang='lat' dir='ltr'><strong>culpa</strong></span> <span class='ocrx_word' id='word_1_473' title='bbox 2490 2484 2846 2548; x_wconf 86' lang='lat' dir='ltr'><strong>comedimus,</strong></span> <span class='ocrx_word' id='word_1_474' title='bbox 2896 2483 3090 2552; x_wconf 89' lang='lat' dir='ltr'><strong>quibus</strong></span> <span class='ocrx_word' id='word_1_475' title='bbox 3144 2499 3210 2537; x_wconf 82' lang='lat' dir='ltr'><strong>ex</strong></span> <span class='ocrx_word' id='word_1_476' title='bbox 3256 2482 3408 2550; x_wconf 91' lang='lat' dir='ltr'><strong>culpa</strong></span> 
     </span>
    </p>
   </div>
   <div class='ocr_carea' id='block_1_70' title="bbox 1828 2573 3408 2645">
    <p class='ocr_par' dir='ltr' id='par_1_70' title="bbox 1828 2573 3408 2645">
     <span class='ocr_line' id='line_1_70' title="bbox 1828 2573 3408 2645; baseline -0.001 -17"><span class='ocrx_word' id='word_1_477' title='bbox 1828 2577 1986 2645; x_wconf 89' lang='lat' dir='ltr'><strong>primi</strong></span> <span class='ocrx_word' id='word_1_478' title='bbox 2041 2575 2275 2629; x_wconf 91' lang='lat' dir='ltr'><strong>hominis</strong></span> <span class='ocrx_word' id='word_1_479' title='bbox 2311 2584 2488 2629; x_wconf 91' lang='lat' dir='ltr'><strong>actum</strong></span> <span class='ocrx_word' id='word_1_480' title='bbox 2532 2584 2614 2629; x_wconf 90' lang='lat' dir='ltr'><strong>est</strong></span> <span class='ocrx_word' id='word_1_481' title='bbox 2669 2583 2728 2628; x_wconf 92' lang='lat' dir='ltr'><strong>ut</strong></span> <span class='ocrx_word' id='word_1_482' title='bbox 2772 2575 3095 2629; x_wconf 88' lang='lat' dir='ltr'><strong>esuriamus.</strong></span> <span class='ocrx_word' id='word_1_483' title='bbox 3136 2573 3408 2627; x_wconf 84' lang='lat' dir='ltr'><strong>Menstrua</strong></span> 
     </span>
    </p>
   </div>
   <div class='ocr_carea' id='block_1_71' title="bbox 1829 2663 3403 2733">
    <p class='ocr_par' dir='ltr' id='par_1_71' title="bbox 1829 2663 3403 2733">
     <span class='ocr_line' id='line_1_71' title="bbox 1829 2663 3403 2733; baseline -0.001 -16"><span class='ocrx_word' id='word_1_484' title='bbox 1829 2665 1971 2718; x_wconf 88' lang='lat' dir='ltr'><strong>enim</strong></span> <span class='ocrx_word' id='word_1_485' title='bbox 1997 2665 2328 2719; x_wconf 91' lang='lat' dir='ltr'><strong>consuetudo</strong></span> <span class='ocrx_word' id='word_1_486' title='bbox 2358 2664 2674 2717; x_wconf 89' lang='lat' dir='ltr'><strong>mulieribus</strong></span> <span class='ocrx_word' id='word_1_487' title='bbox 2731 2679 2836 2718; x_wconf 91' lang='lat' dir='ltr'><strong>non</strong></span> <span class='ocrx_word' id='word_1_488' title='bbox 2869 2663 3044 2732; x_wconf 91' lang='lat' dir='ltr'><strong>aliqua</strong></span> <span class='ocrx_word' id='word_1_489' title='bbox 3096 2665 3252 2733; x_wconf 90' lang='lat' dir='ltr'><strong>culpa</strong></span> <span class='ocrx_word' id='word_1_490' title='bbox 3295 2673 3403 2727; x_wconf 89' lang='lat' dir='ltr'><strong>est,</strong></span> 
     </span>
    </p>
   </div>
   <div class='ocr_carea' id='block_1_72' title="bbox 1829 2752 3407 2826">
    <p class='ocr_par' dir='ltr' id='par_1_72' title="bbox 1829 2752 3407 2826">
     <span class='ocr_line' id='line_1_72' title="bbox 1829 2752 3407 2826; baseline -0.001 -19"><span class='ocrx_word' id='word_1_491' title='bbox 1829 2756 2078 2811; x_wconf 84' lang='lat' dir='ltr'><strong>videlicet</strong></span> <span class='ocrx_word' id='word_1_492' title='bbox 2107 2772 2225 2826; x_wconf 75' lang='lat' dir='ltr'><strong>qua:</strong></span> <span class='ocrx_word' id='word_1_493' title='bbox 2261 2755 2579 2809; x_wconf 90' lang='lat' dir='ltr'><strong>naturaliter</strong></span> <span class='ocrx_word' id='word_1_494' title='bbox 2611 2753 2840 2818; x_wconf 90' lang='lat' dir='ltr'><strong>accidit;</strong></span> <span class='ocrx_word' id='word_1_495' title='bbox 2892 2755 2986 2806; x_wconf 83' lang='lat' dir='ltr'><strong>sed</strong></span> <span class='ocrx_word' id='word_1_496' title='bbox 3030 2761 3206 2806; x_wconf 90' lang='lat' dir='ltr'><strong>tamen</strong></span> <span class='ocrx_word' id='word_1_497' title='bbox 3260 2752 3407 2822; x_wconf 73' lang='lat' dir='ltr'><strong>quod</strong></span> 
     </span>
    </p>
   </div>
   <div class='ocr_carea' id='block_1_73' title="bbox 1831 2844 3390 2916">
    <p class='ocr_par' dir='ltr' id='par_1_73' title="bbox 1831 2844 3390 2916">
     <span class='ocr_line' id='line_1_73' title="bbox 1831 2844 3390 2916; baseline -0.003 -16"><span class='ocrx_word' id='word_1_498' title='bbox 1831 2857 2020 2900; x_wconf 91' lang='lat' dir='ltr'><strong>natura</strong></span> <span class='ocrx_word' id='word_1_499' title='bbox 2062 2847 2174 2916; x_wconf 91' lang='lat' dir='ltr'><strong>ipsa</strong></span> <span class='ocrx_word' id='word_1_500' title='bbox 2202 2846 2391 2900; x_wconf 89' lang='lat' dir='ltr'><strong>vitiata</strong></span> <span class='ocrx_word' id='word_1_501' title='bbox 2423 2855 2528 2910; x_wconf 90' lang='lat' dir='ltr'><strong>est,</strong></span> <span class='ocrx_word' id='word_1_502' title='bbox 2553 2845 2800 2899; x_wconf 89' lang='lat' dir='ltr'><strong>utetiam</strong></span> <span class='ocrx_word' id='word_1_503' title='bbox 2830 2845 2946 2898; x_wconf 88' lang='lat' dir='ltr'><strong>sine</strong></span> <span class='ocrx_word' id='word_1_504' title='bbox 2986 2844 3278 2898; x_wconf 86' lang='lat' dir='ltr'><strong>voluntatis</strong></span> <span class='ocrx_word' id='word_1_505' title='bbox 3304 2852 3390 2898; x_wconf 82' lang='lat' dir='ltr'><strong>stu</strong></span> 
     </span>
    </p>
   </div>
   <div class='ocr_carea' id='block_1_74' title="bbox 1829 2933 3410 3006">
    <p class='ocr_par' dir='ltr' id='par_1_74' title="bbox 1829 2933 3410 3006">
     <span class='ocr_line' id='line_1_74' title="bbox 1829 2933 3410 3006; baseline -0.003 -14"><span class='ocrx_word' id='word_1_506' title='bbox 1829 2939 1919 2992; x_wconf 91' lang='lat' dir='ltr'><strong>dio</strong></span> <span class='ocrx_word' id='word_1_507' title='bbox 1945 2938 2190 2992; x_wconf 86' lang='lat' dir='ltr'><strong>videatur</strong></span> <span class='ocrx_word' id='word_1_508' title='bbox 2214 2951 2332 2992; x_wconf 88' lang='lat' dir='ltr'><strong>esse</strong></span> <span class='ocrx_word' id='word_1_509' title='bbox 2355 2936 2578 3006; x_wconf 89' lang='lat' dir='ltr'><strong>polluta,</strong></span> <span class='ocrx_word' id='word_1_510' title='bbox 2614 2951 2680 2989; x_wconf 84' lang='lat' dir='ltr'><strong>ex</strong></span> <span class='ocrx_word' id='word_1_511' title='bbox 2710 2935 2866 3004; x_wconf 89' lang='lat' dir='ltr'><strong>culpa</strong></span> <span class='ocrx_word' id='word_1_512' title='bbox 2903 2935 3049 2990; x_wconf 86' lang='lat' dir='ltr'><strong>venit</strong></span> <span class='ocrx_word' id='word_1_513' title='bbox 3088 2934 3302 3000; x_wconf 87' lang='lat' dir='ltr'><strong>vitium,</strong></span> <span class='ocrx_word' id='word_1_514' title='bbox 3354 2933 3410 2987; x_wconf 94' lang='lat' dir='ltr'><strong>in</strong></span> 
     </span>
    </p>
   </div>
   <div class='ocr_carea' id='block_1_75' title="bbox 1830 3024 3408 3096">
    <p class='ocr_par' dir='ltr' id='par_1_75' title="bbox 1830 3024 3408 3096">
     <span class='ocr_line' id='line_1_75' title="bbox 1830 3024 3408 3096; baseline -0.001 -17"><span class='ocrx_word' id='word_1_515' title='bbox 1830 3043 1936 3096; x_wconf 88' lang='lat' dir='ltr'><strong>quo</strong></span> <span class='ocrx_word' id='word_1_516' title='bbox 1960 3028 2216 3094; x_wconf 88' lang='lat' dir='ltr'><strong>seipsam,</strong></span> <span class='ocrx_word' id='word_1_517' title='bbox 2246 3027 2420 3095; x_wconf 90' lang='lat' dir='ltr'><strong>qualis</strong></span> <span class='ocrx_word' id='word_1_518' title='bbox 2442 3025 2817 3095; x_wconf 87' lang='lat' dir='ltr'><strong>perjudicium</strong></span> <span class='ocrx_word' id='word_1_519' title='bbox 2866 3024 3006 3078; x_wconf 86' lang='lat' dir='ltr'><strong>facta</strong></span> <span class='ocrx_word' id='word_1_520' title='bbox 3055 3024 3125 3079; x_wconf 89' lang='lat' dir='ltr'><strong>sit</strong></span> <span class='ocrx_word' id='word_1_521' title='bbox 3168 3024 3408 3078; x_wconf 88' lang='lat' dir='ltr'><strong>humana</strong></span> 
     </span>
    </p>
   </div>
   <div class='ocr_carea' id='block_1_76' title="bbox 1832 3112 3406 3182">
    <p class='ocr_par' dir='ltr' id='par_1_76' title="bbox 1832 3112 3406 3182">
     <span class='ocr_line' id='line_1_76' title="bbox 1832 3112 3406 3182; baseline -0.002 -14"><span class='ocrx_word' id='word_1_522' title='bbox 1832 3124 2038 3174; x_wconf 87' lang='lat' dir='ltr'><strong>natura,</strong></span> <span class='ocrx_word' id='word_1_523' title='bbox 2070 3115 2368 3182; x_wconf 80' lang='lat' dir='ltr'><strong>cognoscit,</strong></span> <span class='ocrx_word' id='word_1_524' title='bbox 2394 3124 2462 3168; x_wconf 91' lang='lat' dir='ltr'><strong>ut.</strong></span> <span class='ocrx_word' id='word_1_525' title='bbox 2482 3115 2665 3175; x_wconf 89' lang='lat' dir='ltr'><strong>homo,</strong></span> <span class='ocrx_word' id='word_1_526' title='bbox 2701 3112 2790 3182; x_wconf 91' lang='lat' dir='ltr'><strong>qui</strong></span> <span class='ocrx_word' id='word_1_527' title='bbox 2838 3113 3049 3182; x_wconf 91' lang='lat' dir='ltr'><strong>culpam</strong></span> <span class='ocrx_word' id='word_1_528' title='bbox 3076 3120 3266 3182; x_wconf 91' lang='lat' dir='ltr'><strong>sponte</strong></span> <span class='ocrx_word' id='word_1_529' title='bbox 3288 3127 3406 3182; x_wconf 91' lang='lat' dir='ltr'><strong>per-</strong></span> 
     </span>
    </p>
   </div>
   <div class='ocr_carea' id='block_1_77' title="bbox 1835 3203 3410 3275">
    <p class='ocr_par' dir='ltr' id='par_1_77' title="bbox 1835 3203 3410 3275">
     <span class='ocr_line' id='line_1_77' title="bbox 1835 3203 3410 3275; baseline -0.001 -17"><span class='ocrx_word' id='word_1_530' title='bbox 1835 3206 2066 3275; x_wconf 86' lang='lat' dir='ltr'><strong>petravit</strong></span> <span class='ocrx_word' id='word_1_531' title='bbox 2091 3246 2105 3269; x_wconf 91' lang='lat'><strong>,</strong></span> <span class='ocrx_word' id='word_1_532' title='bbox 2148 3214 2356 3259; x_wconf 89' lang='lat' dir='ltr'><strong>reatum</strong></span> <span class='ocrx_word' id='word_1_533' title='bbox 2390 3204 2558 3273; x_wconf 71' lang='lat' dir='ltr'><strong>culpa:</strong></span> <span class='ocrx_word' id='word_1_534' title='bbox 2604 3213 2783 3273; x_wconf 89' lang='lat' dir='ltr'><strong>portet</strong></span> <span class='ocrx_word' id='word_1_535' title='bbox 2815 3203 3033 3257; x_wconf 84' lang='lat' dir='ltr'><strong>invitus.</strong></span> <span class='ocrx_word' id='word_1_536' title='bbox 3088 3203 3264 3272; x_wconf 86' lang='lat' dir='ltr'><strong>Atque</strong></span> <span class='ocrx_word' id='word_1_537' title='bbox 3293 3203 3410 3259; x_wconf 89' lang='lat' dir='ltr'><strong>ideo</strong></span> 
     </span>
    </p>
   </div>
   <div class='ocr_carea' id='block_1_78' title="bbox 1837 3293 3401 3366">
    <p class='ocr_par' dir='ltr' id='par_1_78' title="bbox 1837 3293 3401 3366">
     <span class='ocr_line' id='line_1_78' title="bbox 1837 3293 3401 3366; baseline 0.001 -19"><span class='ocrx_word' id='word_1_538' title='bbox 1837 3295 2046 3350; x_wconf 83' lang='lat' dir='ltr'><strong>feminae</strong></span> <span class='ocrx_word' id='word_1_539' title='bbox 2075 3295 2280 3366; x_wconf 89' lang='lat' dir='ltr'><strong>seipsas</strong></span> <span class='ocrx_word' id='word_1_540' title='bbox 2313 3294 2678 3361; x_wconf 87' lang='lat' dir='ltr'><strong>considerent,</strong></span> <span class='ocrx_word' id='word_1_541' title='bbox 2710 3302 2766 3348; x_wconf 91' lang='lat' dir='ltr'><strong>et</strong></span> <span class='ocrx_word' id='word_1_542' title='bbox 2788 3293 2832 3349; x_wconf 87' lang='lat' dir='ltr'><strong>si</strong></span> <span class='ocrx_word' id='word_1_543' title='bbox 2867 3294 2919 3347; x_wconf 92' lang='lat' dir='ltr'><strong>in</strong></span> <span class='ocrx_word' id='word_1_544' title='bbox 2975 3302 3251 3348; x_wconf 87' lang='lat' dir='ltr'><strong>menstrua</strong></span> <span class='ocrx_word' id='word_1_545' title='bbox 3284 3308 3401 3348; x_wconf 91' lang='lat' dir='ltr'><strong>eon-</strong></span> 
     </span>
    </p>
   </div>
   <div class='ocr_carea' id='block_1_79' title="bbox 1835 3382 3408 3451">
    <p class='ocr_par' dir='ltr' id='par_1_79' title="bbox 1835 3382 3408 3451">
     <span class='ocr_line' id='line_1_79' title="bbox 1835 3382 3408 3451; baseline -0.004 -12"><span class='ocrx_word' id='word_1_546' title='bbox 1835 3385 2121 3439; x_wconf 89' lang='lat' dir='ltr'><strong>suetudine</strong></span> <span class='ocrx_word' id='word_1_547' title='bbox 2172 3385 2238 3438; x_wconf 91' lang='lat' dir='ltr'><strong>ad</strong></span> <span class='ocrx_word' id='word_1_548' title='bbox 2293 3392 2692 3438; x_wconf 87' lang='lat' dir='ltr'><strong>sacramentum</strong></span> <span class='ocrx_word' id='word_1_549' title='bbox 2751 3383 3015 3437; x_wconf 90' lang='lat' dir='ltr'><strong>Dominici</strong></span> <span class='ocrx_word' id='word_1_550' title='bbox 3065 3382 3308 3451; x_wconf 88' lang='lat' dir='ltr'><strong>corporis</strong></span> <span class='ocrx_word' id='word_1_551' title='bbox 3358 3394 3408 3438; x_wconf 88' lang='lat' dir='ltr'><strong>et</strong></span> 
     </span>
    </p>
   </div>
   <div class='ocr_carea' id='block_1_80' title="bbox 1834 3475 3410 3544">
    <p class='ocr_par' dir='ltr' id='par_1_80' title="bbox 1834 3475 3410 3544">
     <span class='ocr_line' id='line_1_80' title="bbox 1834 3475 3410 3544; baseline -0.003 -14"><span class='ocrx_word' id='word_1_552' title='bbox 1834 3475 2112 3542; x_wconf 75' lang='lat' dir='ltr'><strong>sanguinis</strong></span> <span class='ocrx_word' id='word_1_553' title='bbox 2139 3475 2399 3530; x_wconf 86' lang='lat' dir='ltr'><strong>accedere</strong></span> <span class='ocrx_word' id='word_1_554' title='bbox 2449 3489 2553 3528; x_wconf 92' lang='lat' dir='ltr'><strong>non</strong></span> <span class='ocrx_word' id='word_1_555' title='bbox 2605 3482 2954 3544; x_wconf 81' lang='lat' dir='ltr'><strong>praesumant,</strong></span> <span class='ocrx_word' id='word_1_556' title='bbox 3019 3475 3084 3528; x_wconf 91' lang='lat' dir='ltr'><strong>de</strong></span> <span class='ocrx_word' id='word_1_557' title='bbox 3116 3488 3213 3527; x_wconf 85' lang='lat' dir='ltr'><strong>sua</strong></span> <span class='ocrx_word' id='word_1_558' title='bbox 3263 3481 3410 3527; x_wconf 88' lang='lat' dir='ltr'><strong>recta</strong></span> 
     </span>
    </p>
   </div>
   <div class='ocr_carea' id='block_1_81' title="bbox 1835 3563 3383 3652">
    <p class='ocr_par' dir='ltr' id='par_1_81' title="bbox 1835 3563 3383 3652">
     <span class='ocr_line' id='line_1_81' title="bbox 1835 3563 3383 3652; baseline -0.003 -31"><span class='ocrx_word' id='word_1_559' title='bbox 1835 3565 2268 3652; x_wconf 66' lang='lat' dir='ltr'><strong>consideratione</strong></span> <span class='ocrx_word' id='word_1_560' title='bbox 2299 3565 2576 3618; x_wconf 72' lang='lat' dir='ltr'><strong>laudaudze</strong></span> <span class='ocrx_word' id='word_1_561' title='bbox 2599 3573 2758 3627; x_wconf 88' lang='lat' dir='ltr'><strong>sunt;</strong></span> <span class='ocrx_word' id='word_1_562' title='bbox 2786 3563 2913 3617; x_wconf 89' lang='lat' dir='ltr'><strong>dum</strong></span> <span class='ocrx_word' id='word_1_563' title='bbox 2951 3579 3080 3617; x_wconf 89' lang='lat' dir='ltr'><strong>vero</strong></span> <span class='ocrx_word' id='word_1_564' title='bbox 3125 3563 3190 3617; x_wconf 91' lang='lat' dir='ltr'><strong>ad</strong></span> <span class='ocrx_word' id='word_1_565' title='bbox 3235 3565 3383 3632; x_wconf 88' lang='lat' dir='ltr'><strong>perei</strong></span> 
     </span>
    </p>
   </div>
   <div class='ocr_carea' id='block_1_82' title="bbox 1833 3655 3404 3726">
    <p class='ocr_par' dir='ltr' id='par_1_82' title="bbox 1833 3655 3404 3726">
     <span class='ocr_line' id='line_1_82' title="bbox 1833 3655 3404 3726; baseline -0.001 -16"><span class='ocrx_word' id='word_1_566' title='bbox 1833 3656 2085 3726; x_wconf 90' lang='lat' dir='ltr'><strong>piendum</strong></span> <span class='ocrx_word' id='word_1_567' title='bbox 2137 3671 2202 3710; x_wconf 83' lang='lat' dir='ltr'><strong>ex</strong></span> <span class='ocrx_word' id='word_1_568' title='bbox 2249 3657 2510 3726; x_wconf 60' lang='lat' dir='ltr'><strong>religiosae</strong></span> <span class='ocrx_word' id='word_1_569' title='bbox 2557 3657 2681 3710; x_wconf 74' lang='lat' dir='ltr'><strong>vitae</strong></span> <span class='ocrx_word' id='word_1_570' title='bbox 2729 3656 3121 3711; x_wconf 88' lang='lat' dir='ltr'><strong>consuetudine</strong></span> <span class='ocrx_word' id='word_1_571' title='bbox 3162 3655 3404 3723; x_wconf 79' lang='lat' dir='ltr'><strong>ejusdem</strong></span> 
     </span>
    </p>
   </div>
   <div class='ocr_carea' id='block_1_83' title="bbox 1833 3746 3407 3819">
    <p class='ocr_par' dir='ltr' id='par_1_83' title="bbox 1833 3746 3407 3819">
     <span class='ocr_line' id='line_1_83' title="bbox 1833 3746 3407 3819; baseline -0.001 -17"><span class='ocrx_word' id='word_1_572' title='bbox 1833 3749 2071 3819; x_wconf 86' lang='lat' dir='ltr'><strong>mysterii</strong></span> <span class='ocrx_word' id='word_1_573' title='bbox 2107 3763 2292 3802; x_wconf 90' lang='lat' dir='ltr'><strong>amore</strong></span> <span class='ocrx_word' id='word_1_574' title='bbox 2330 3749 2638 3817; x_wconf 86' lang='lat' dir='ltr'><strong>rapiuntur,</strong></span> <span class='ocrx_word' id='word_1_575' title='bbox 2673 3746 3026 3819; x_wconf 65' lang='lat' dir='ltr'><strong>reprimendae</strong></span> <span class='ocrx_word' id='word_1_576' title='bbox 3056 3747 3216 3816; x_wconf 84' lang='lat' dir='ltr'><strong>(sicut</strong></span> <span class='ocrx_word' id='word_1_577' title='bbox 3270 3762 3407 3817; x_wconf 75' lang='lat' dir='ltr'><strong>pra:-</strong></span> 
     </span>
    </p>
   </div>
   <div class='ocr_carea' id='block_1_84' title="bbox 1832 3841 2446 3910">
    <p class='ocr_par' dir='ltr' id='par_1_84' title="bbox 1832 3841 2446 3910">
     <span class='ocr_line' id='line_1_84' title="bbox 1832 3841 2446 3910; baseline -0.003 -16"><span class='ocrx_word' id='word_1_578' title='bbox 1832 3841 2086 3910; x_wconf 78' lang='lat' dir='ltr'><strong>diximus)</strong></span> <span class='ocrx_word' id='word_1_579' title='bbox 2117 3854 2222 3894; x_wconf 91' lang='lat' dir='ltr'><strong>non</strong></span> <span class='ocrx_word' id='word_1_580' title='bbox 2247 3848 2385 3894; x_wconf 91' lang='lat' dir='ltr'><strong>sunt.</strong></span> <span class='ocrx_word' id='word_1_581' title='bbox 2429 3859 2446 3892; x_wconf 78' lang='grc' dir='ltr'><strong>ι</strong></span> 
     </span>
    </p>
   </div>
   <div class='ocr_carea' id='block_1_85' title="bbox 1901 3927 3410 4001">
    <p class='ocr_par' dir='ltr' id='par_1_85' title="bbox 1901 3927 3410 4001">
     <span class='ocr_line' id='line_1_85' title="bbox 1901 3927 3410 4001; baseline -0.002 -16"><span class='ocrx_word' id='word_1_582' title='bbox 1901 3932 1968 3985; x_wconf 86' lang='grc' dir='ltr'>Ει</span> <span class='ocrx_word' id='word_1_583' title='bbox 2002 3931 2160 3985; x_wconf 87' lang='lat' dir='ltr'><strong>infra.</strong></span> <span class='ocrx_word' id='word_1_584' title='bbox 2195 3949 2212 3981; x_wconf 76' lang='grc' dir='ltr'><strong>ι</strong></span> <span class='ocrx_word' id='word_1_585' title='bbox 2244 3930 2496 4001; x_wconf 77' lang='lat' dir='ltr'><strong>V’igilanti</strong></span> <span class='ocrx_word' id='word_1_586' title='bbox 2549 3945 2677 3984; x_wconf 85' lang='lat' dir='ltr'><strong>vero</strong></span> <span class='ocrx_word' id='word_1_587' title='bbox 2723 3937 2901 3984; x_wconf 89' lang='lat' dir='ltr'><strong>mente</strong></span> <span class='ocrx_word' id='word_1_588' title='bbox 2951 3927 3281 3999; x_wconf 88' lang='lat' dir='ltr'><strong>pensandum</strong></span> <span class='ocrx_word' id='word_1_589' title='bbox 3326 3937 3410 3983; x_wconf 88' lang='lat' dir='ltr'><strong>est</strong></span> 
     </span>
    </p>
   </div>
   <div class='ocr_carea' id='block_1_86' title="bbox 1831 4017 3407 4092">
    <p class='ocr_par' dir='ltr' id='par_1_86' title="bbox 1831 4017 3407 4092">
     <span class='ocr_line' id='line_1_86' title="bbox 1831 4017 3407 4092; baseline -0.003 -16"><span class='ocrx_word' id='word_1_590' title='bbox 1831 4022 1971 4092; x_wconf 89' lang='lat' dir='ltr'><strong>quod</strong></span> <span class='ocrx_word' id='word_1_591' title='bbox 2005 4022 2058 4075; x_wconf 92' lang='lat' dir='ltr'><strong>in</strong></span> <span class='ocrx_word' id='word_1_592' title='bbox 2107 4030 2290 4073; x_wconf 90' lang='lat' dir='ltr'><strong>monte</strong></span> <span class='ocrx_word' id='word_1_593' title='bbox 2336 4021 2465 4073; x_wconf 80' lang='lat' dir='ltr'><strong>Sina</strong></span> <span class='ocrx_word' id='word_1_594' title='bbox 2519 4019 2778 4072; x_wconf 87' lang='lat' dir='ltr'><strong>Dominus</strong></span> <span class='ocrx_word' id='word_1_595' title='bbox 2839 4019 3115 4073; x_wconf 86' lang='lat' dir='ltr'><strong>locuturus</strong></span> <span class='ocrx_word' id='word_1_596' title='bbox 3164 4017 3356 4086; x_wconf 86' lang='lat' dir='ltr'><strong>p0pulo</strong></span> <span class='ocrx_word' id='word_1_597' title='bbox 3392 4059 3407 4081; x_wconf 89' lang='lat'><strong>,</strong></span> 
     </span>
    </p>
   </div>
   <div class='ocr_carea' id='block_1_87' title="bbox 1829 4106 3405 4184">
    <p class='ocr_par' dir='ltr' id='par_1_87' title="bbox 1829 4106 3405 4184">
     <span class='ocr_line' id='line_1_87' title="bbox 1829 4106 3405 4184; baseline -0.004 -17"><span class='ocrx_word' id='word_1_598' title='bbox 1829 4114 1982 4184; x_wconf 88' lang='lat' dir='ltr'><strong>prius</strong></span> <span class='ocrx_word' id='word_1_599' title='bbox 2003 4111 2250 4165; x_wconf 89' lang='lat' dir='ltr'><strong>eumdem</strong></span> <span class='ocrx_word' id='word_1_600' title='bbox 2301 4109 2554 4179; x_wconf 83' lang='lat' dir='ltr'><strong>populum</strong></span> <span class='ocrx_word' id='word_1_601' title='bbox 2585 4107 2860 4163; x_wconf 87' lang='lat' dir='ltr'><strong>abstinere</strong></span> <span class='ocrx_word' id='word_1_602' title='bbox 2884 4124 2912 4161; x_wconf 93' lang='lat' dir='ltr'><strong>a</strong></span> <span class='ocrx_word' id='word_1_603' title='bbox 2939 4106 3250 4161; x_wconf 88' lang='lat' dir='ltr'><strong>mulieribus</strong></span> <span class='ocrx_word' id='word_1_604' title='bbox 3275 4120 3405 4176; x_wconf 70' lang='lat' dir='ltr'><strong>pra:-</strong></span> 
     </span>
    </p>
   </div>
   <div class='ocr_carea' id='block_1_88' title="bbox 1829 4196 3410 4272">
    <p class='ocr_par' dir='ltr' id='par_1_88' title="bbox 1829 4196 3410 4272">
     <span class='ocr_line' id='line_1_88' title="bbox 1829 4196 3410 4272; baseline -0.005 -14"><span class='ocrx_word' id='word_1_605' title='bbox 1829 4204 1989 4272; x_wconf 90' lang='lat' dir='ltr'><strong>cepit.</strong></span> <span class='ocrx_word' id='word_1_606' title='bbox 2021 4201 2086 4254; x_wconf 88' lang='lat' dir='ltr'><strong>Et</strong></span> <span class='ocrx_word' id='word_1_607' title='bbox 2114 4201 2157 4254; x_wconf 90' lang='lat' dir='ltr'><strong>si</strong></span> <span class='ocrx_word' id='word_1_608' title='bbox 2190 4200 2400 4253; x_wconf 90' lang='lat' dir='ltr'><strong>illieubi</strong></span> <span class='ocrx_word' id='word_1_609' title='bbox 2435 4198 2694 4252; x_wconf 91' lang='lat' dir='ltr'><strong>Dominus</strong></span> <span class='ocrx_word' id='word_1_610' title='bbox 2726 4213 2821 4267; x_wconf 89' lang='lat' dir='ltr'><strong>per</strong></span> <span class='ocrx_word' id='word_1_611' title='bbox 2865 4206 3169 4252; x_wconf 85' lang='lat' dir='ltr'><strong>creaturam</strong></span> <span class='ocrx_word' id='word_1_612' title='bbox 3227 4196 3410 4251; x_wconf 90' lang='lat' dir='ltr'><strong>subdi-</strong></span> 
     </span>
    </p>
   </div>
   <div class='ocr_carea' id='block_1_89' title="bbox 1830 4288 3405 4359">
    <p class='ocr_par' dir='ltr' id='par_1_89' title="bbox 1830 4288 3405 4359">
     <span class='ocr_line' id='line_1_89' title="bbox 1830 4288 3405 4359; baseline -0.006 -9"><span class='ocrx_word' id='word_1_613' title='bbox 1830 4306 1938 4351; x_wconf 90' lang='lat' dir='ltr'><strong>tam</strong></span> <span class='ocrx_word' id='word_1_614' title='bbox 1990 4291 2299 4348; x_wconf 88' lang='lat' dir='ltr'><strong>homiuibus</strong></span> <span class='ocrx_word' id='word_1_615' title='bbox 2345 4291 2703 4359; x_wconf 90' lang='lat' dir='ltr'><strong>loquebatur,</strong></span> <span class='ocrx_word' id='word_1_616' title='bbox 2761 4298 2909 4343; x_wconf 90' lang='lat' dir='ltr'><strong>tanta</strong></span> <span class='ocrx_word' id='word_1_617' title='bbox 2971 4288 3275 4359; x_wconf 75' lang='lat' dir='ltr'><strong>provisione</strong></span> <span class='ocrx_word' id='word_1_618' title='bbox 3321 4299 3405 4343; x_wconf 87' lang='lat' dir='ltr'><strong>est</strong></span> 
     </span>
    </p>
   </div>
   <div class='ocr_carea' id='block_1_90' title="bbox 1831 4378 3407 4451">
    <p class='ocr_par' dir='ltr' id='par_1_90' title="bbox 1831 4378 3407 4451">
     <span class='ocr_line' id='line_1_90' title="bbox 1831 4378 3407 4451; baseline -0.004 -12"><span class='ocrx_word' id='word_1_619' title='bbox 1831 4384 2092 4440; x_wconf 89' lang='lat' dir='ltr'><strong>munditia</strong></span> <span class='ocrx_word' id='word_1_620' title='bbox 2117 4381 2359 4451; x_wconf 85' lang='lat' dir='ltr'><strong>corporis</strong></span> <span class='ocrx_word' id='word_1_621' title='bbox 2386 4381 2666 4449; x_wconf 90' lang='lat' dir='ltr'><strong>requisita,</strong></span> <span class='ocrx_word' id='word_1_622' title='bbox 2698 4388 2755 4432; x_wconf 92' lang='lat' dir='ltr'><strong>ut</strong></span> <span class='ocrx_word' id='word_1_623' title='bbox 2777 4380 2868 4448; x_wconf 91' lang='lat' dir='ltr'><strong>qui</strong></span> <span class='ocrx_word' id='word_1_624' title='bbox 2898 4380 3062 4434; x_wconf 86' lang='lat' dir='ltr'><strong>verba</strong></span> <span class='ocrx_word' id='word_1_625' title='bbox 3113 4378 3204 4432; x_wconf 91' lang='lat' dir='ltr'><strong>Dei</strong></span> <span class='ocrx_word' id='word_1_626' title='bbox 3269 4378 3407 4433; x_wconf 82' lang='lat' dir='ltr'><strong>reci-</strong></span> 
     </span>
    </p>
   </div>
   <div class='ocr_carea' id='block_1_91' title="bbox 186 4467 3404 4568">
    <p class='ocr_par' dir='ltr' id='par_1_91' title="bbox 186 4467 3404 4568">
     <span class='ocr_line' id='line_1_91' title="bbox 186 4467 3404 4568; baseline 0.001 -47"><span class='ocrx_word' id='word_1_627' title='bbox 186 4467 369 4532; x_wconf 89' lang='lat' dir='ltr'><strong>hortor,</strong></span> <span class='ocrx_word' id='word_1_628' title='bbox 406 4472 453 4525; x_wconf 91' lang='lat' dir='ltr'><strong>si</strong></span> <span class='ocrx_word' id='word_1_629' title='bbox 499 4481 673 4526; x_wconf 89' lang='lat' dir='ltr'><strong>tamen</strong></span> <span class='ocrx_word' id='word_1_630' title='bbox 723 4490 871 4528; x_wconf 89' lang='lat' dir='ltr'><strong>mens</strong></span> <span class='ocrx_word' id='word_1_631' title='bbox 902 4475 952 4529; x_wconf 93' lang='lat' dir='ltr'><strong>in</strong></span> <span class='ocrx_word' id='word_1_632' title='bbox 989 4475 1179 4530; x_wconf 78' lang='lat' dir='ltr'><strong>aﬂ&#39;ectu</strong></span> <span class='ocrx_word' id='word_1_633' title='bbox 1211 4479 1464 4546; x_wconf 87' lang='lat' dir='ltr'><strong>peccandi</strong></span> <span class='ocrx_word' id='word_1_634' title='bbox 1500 4495 1603 4532; x_wconf 88' lang='lat' dir='ltr'><strong>non</strong></span> <span class='ocrx_word' id='word_1_635' title='bbox 1635 4481 1725 4534; x_wconf 90' lang='lat' dir='ltr'><strong>sit.</strong></span> <span class='ocrx_word' id='word_1_636' title='bbox 1758 4508 1805 4568; x_wconf 70' lang='grc' dir='ltr'>ι)</span> <span class='ocrx_word' id='word_1_637' title='bbox 1834 4486 2042 4548; x_wconf 89' lang='lat' dir='ltr'><strong>perent,</strong></span> <span class='ocrx_word' id='word_1_638' title='bbox 2079 4473 2391 4529; x_wconf 84' lang='lat' dir='ltr'><strong>mulieribus</strong></span> <span class='ocrx_word' id='word_1_639' title='bbox 2415 4472 2558 4527; x_wconf 85' lang='lat' dir='ltr'><strong>misti</strong></span> <span class='ocrx_word' id='word_1_640' title='bbox 2589 4488 2692 4525; x_wconf 92' lang='lat' dir='ltr'><strong>non</strong></span> <span class='ocrx_word' id='word_1_641' title='bbox 2723 4481 2929 4534; x_wconf 83' lang='lat' dir='ltr'><strong>essent,</strong></span> <span class='ocrx_word' id='word_1_642' title='bbox 2983 4479 3184 4538; x_wconf 86' lang='lat' dir='ltr'><strong>quanto</strong></span> <span class='ocrx_word' id='word_1_643' title='bbox 3231 4471 3404 4539; x_wconf 74' lang='lat' dir='ltr'><strong>magis</strong></span> 
     </span>
    </p>
   </div>
   <div class='ocr_carea' id='block_1_92' title="bbox 185 4554 1718 4640">
    <p class='ocr_par' dir='ltr' id='par_1_92' title="bbox 185 4554 1718 4640">
     <span class='ocr_line' id='line_1_92' title="bbox 185 4554 1718 4640; baseline 0.01 -33"><span class='ocrx_word' id='word_1_644' title='bbox 185 4554 301 4611; x_wconf 79' lang='lat' dir='ltr'><strong>Nam</strong></span> <span class='ocrx_word' id='word_1_645' title='bbox 329 4560 611 4616; x_wconf 87' lang='lat' dir='ltr'><strong>habentem</strong></span> <span class='ocrx_word' id='word_1_646' title='bbox 645 4564 816 4619; x_wconf 90' lang='lat' dir='ltr'><strong>adlmc</strong></span> <span class='ocrx_word' id='word_1_647' title='bbox 841 4567 1170 4620; x_wconf 86' lang='lat' dir='ltr'><strong>voluntatem</strong></span> <span class='ocrx_word' id='word_1_648' title='bbox 1213 4569 1470 4634; x_wconf 76' lang='lat' dir='ltr'><strong>peccandi</strong></span> <span class='ocrx_word' id='word_1_649' title='bbox 1507 4571 1718 4640; x_wconf 83' lang='lat' dir='ltr'><strong>gravari</strong></span> 
     </span>
    </p>
   </div>
   <div class='ocr_carea' id='block_1_93' title="bbox 187 4649 1718 4730">
    <p class='ocr_par' dir='ltr' id='par_1_93' title="bbox 187 4649 1718 4730">
     <span class='ocr_line' id='line_1_93' title="bbox 187 4649 1718 4730; baseline 0.012 -35"><span class='ocrx_word' id='word_1_650' title='bbox 187 4649 335 4715; x_wconf 77' lang='lat' dir='ltr'><strong>magis</strong></span> <span class='ocrx_word' id='word_1_651' title='bbox 362 4651 482 4705; x_wconf 90' lang='lat' dir='ltr'><strong>dico</strong></span> <span class='ocrx_word' id='word_1_652' title='bbox 519 4652 863 4709; x_wconf 70' lang='lat' dir='ltr'><strong>Eucharistia:</strong></span> <span class='ocrx_word' id='word_1_653' title='bbox 891 4657 1254 4724; x_wconf 89' lang='lat' dir='ltr'><strong>perceptione,</strong></span> <span class='ocrx_word' id='word_1_654' title='bbox 1288 4672 1447 4726; x_wconf 89' lang='lat' dir='ltr'><strong>quam</strong></span> <span class='ocrx_word' id='word_1_655' title='bbox 1483 4661 1718 4730; x_wconf 80' lang='lat' dir='ltr'><strong>purgari.</strong></span> 
     </span>
    </p>
   </div>
   <div class='ocr_carea' id='block_1_94' title="bbox 186 4735 1724 4820">
    <p class='ocr_par' dir='ltr' id='par_1_94' title="bbox 186 4735 1724 4820">
     <span class='ocr_line' id='line_1_94' title="bbox 186 4735 1724 4820; baseline 0.01 -31"><span class='ocrx_word' id='word_1_656' title='bbox 186 4735 242 4790; x_wconf 88' lang='lat' dir='ltr'><strong>Et</strong></span> <span class='ocrx_word' id='word_1_657' title='bbox 267 4739 379 4794; x_wconf 91' lang='lat' dir='ltr'><strong>ideo</strong></span> <span class='ocrx_word' id='word_1_658' title='bbox 401 4781 414 4804; x_wconf 88' lang='lat'><strong>,</strong></span> <span class='ocrx_word' id='word_1_659' title='bbox 446 4747 688 4812; x_wconf 89' lang='lat' dir='ltr'><strong>quamvis</strong></span> <span class='ocrx_word' id='word_1_660' title='bbox 714 4747 833 4815; x_wconf 89' lang='lat' dir='ltr'><strong>quis</strong></span> <span class='ocrx_word' id='word_1_661' title='bbox 857 4757 1082 4816; x_wconf 87' lang='lat' dir='ltr'><strong>peccato</strong></span> <span class='ocrx_word' id='word_1_662' title='bbox 1111 4752 1437 4810; x_wconf 73' lang='lat' dir='ltr'><strong>mordeatur,</strong></span> <span class='ocrx_word' id='word_1_663' title='bbox 1471 4752 1724 4820; x_wconf 87' lang='lat' dir='ltr'><strong>peccandi</strong></span> 
     </span>
    </p>
   </div>
   <div class='ocr_carea' id='block_1_95' title="bbox 186 4825 1728 4901">
    <p class='ocr_par' dir='ltr' id='par_1_95' title="bbox 186 4825 1728 4901">
     <span class='ocr_line' id='line_1_95' title="bbox 186 4825 1728 4901; baseline 0.01 -23"><span class='ocrx_word' id='word_1_664' title='bbox 186 4825 242 4878; x_wconf 83' lang='lat' dir='ltr'><strong>de</strong></span> <span class='ocrx_word' id='word_1_665' title='bbox 267 4839 455 4886; x_wconf 63' lang='lat' dir='ltr'><strong>caetero</strong></span> <span class='ocrx_word' id='word_1_666' title='bbox 494 4849 592 4888; x_wconf 91' lang='lat' dir='ltr'><strong>non</strong></span> <span class='ocrx_word' id='word_1_667' title='bbox 629 4836 818 4891; x_wconf 88' lang='lat' dir='ltr'><strong>haheat</strong></span> <span class='ocrx_word' id='word_1_668' title='bbox 863 4839 1234 4901; x_wconf 87' lang='lat' dir='ltr'><strong>voluntatem,</strong></span> <span class='ocrx_word' id='word_1_669' title='bbox 1280 4849 1334 4892; x_wconf 89' lang='lat' dir='ltr'><strong>et</strong></span> <span class='ocrx_word' id='word_1_670' title='bbox 1363 4843 1728 4896; x_wconf 89' lang='lat' dir='ltr'><strong>communica-</strong></span> 
     </span>
    </p>
   </div>
   <div class='ocr_carea' id='block_1_96' title="bbox 187 4924 1722 4999">
    <p class='ocr_par' dir='ltr' id='par_1_96' title="bbox 187 4924 1722 4999">
     <span class='ocr_line' id='line_1_96' title="bbox 187 4924 1722 4999; baseline 0.01 -30"><span class='ocrx_word' id='word_1_671' title='bbox 187 4924 321 4974; x_wconf 85' lang='lat' dir='ltr'><strong>turus</strong></span> <span class='ocrx_word' id='word_1_672' title='bbox 347 4924 634 4979; x_wconf 86' lang='lat' dir='ltr'><strong>satisfaciat</strong></span> <span class='ocrx_word' id='word_1_673' title='bbox 663 4927 910 4999; x_wconf 86' lang='lat' dir='ltr'><strong>lacrymis</strong></span> <span class='ocrx_word' id='word_1_674' title='bbox 954 4937 1008 4982; x_wconf 92' lang='lat' dir='ltr'><strong>et</strong></span> <span class='ocrx_word' id='word_1_675' title='bbox 1056 4930 1415 4983; x_wconf 90' lang='lat' dir='ltr'><strong>orationibus.</strong></span> <span class='ocrx_word' id='word_1_676' title='bbox 1452 4929 1575 4984; x_wconf 60' lang='lat' dir='ltr'><strong>Haec</strong></span> <span class='ocrx_word' id='word_1_677' title='bbox 1603 4947 1722 4984; x_wconf 88' lang='lat' dir='ltr'><strong>cum</strong></span> 
     </span>
    </p>
   </div>
   <div class='ocr_carea' id='block_1_97' title="bbox 187 5005 1722 5092">
    <p class='ocr_par' dir='ltr' id='par_1_97' title="bbox 187 5005 1722 5092">
     <span class='ocr_line' id='line_1_97' title="bbox 187 5005 1722 5092; baseline 0.01 -31"><span class='ocrx_word' id='word_1_678' title='bbox 187 5005 377 5076; x_wconf 84' lang='lat' dir='ltr'><strong>fecerit,</strong></span> <span class='ocrx_word' id='word_1_679' title='bbox 405 5015 671 5071; x_wconf 83' lang='lat' dir='ltr'><strong>confidens</strong></span> <span class='ocrx_word' id='word_1_680' title='bbox 701 5018 764 5073; x_wconf 92' lang='lat' dir='ltr'><strong>de</strong></span> <span class='ocrx_word' id='word_1_681' title='bbox 807 5019 1022 5074; x_wconf 84' lang='lat' dir='ltr'><strong>Domini</strong></span> <span class='ocrx_word' id='word_1_682' title='bbox 1075 5020 1439 5084; x_wconf 86' lang='lat' dir='ltr'><strong>miseratione,</strong></span> <span class='ocrx_word' id='word_1_683' title='bbox 1478 5022 1566 5090; x_wconf 91' lang='lat' dir='ltr'><strong>qui</strong></span> <span class='ocrx_word' id='word_1_684' title='bbox 1597 5038 1722 5092; x_wconf 86' lang='lat' dir='ltr'><strong>pec-</strong></span> 
     </span>
    </p>
   </div>
   <div class='ocr_carea' id='block_1_98' title="bbox 186 5104 1718 5176">
    <p class='ocr_par' dir='ltr' id='par_1_98' title="bbox 186 5104 1718 5176">
     <span class='ocr_line' id='line_1_98' title="bbox 186 5104 1718 5176; baseline 0.008 -23"><span class='ocrx_word' id='word_1_685' title='bbox 186 5109 290 5154; x_wconf 76' lang='lat' dir='ltr'><strong>cata</strong></span> <span class='ocrx_word' id='word_1_686' title='bbox 323 5104 423 5172; x_wconf 67' lang='lat' dir='ltr'><strong>pia:</strong></span> <span class='ocrx_word' id='word_1_687' title='bbox 463 5107 768 5164; x_wconf 88' lang='lat' dir='ltr'><strong>confessioni</strong></span> <span class='ocrx_word' id='word_1_688' title='bbox 797 5112 1007 5168; x_wconf 88' lang='lat' dir='ltr'><strong>donare</strong></span> <span class='ocrx_word' id='word_1_689' title='bbox 1037 5111 1334 5176; x_wconf 87' lang='lat' dir='ltr'><strong>consuevit,</strong></span> <span class='ocrx_word' id='word_1_690' title='bbox 1385 5111 1606 5166; x_wconf 87' lang='lat' dir='ltr'><strong>accedat</strong></span> <span class='ocrx_word' id='word_1_691' title='bbox 1651 5113 1718 5165; x_wconf 91' lang='lat' dir='ltr'><strong>ad</strong></span> 
     </span>
    </p>
   </div>
   <div class='ocr_carea' id='block_1_99' title="bbox 249 5234 1722 5308">
    <p class='ocr_par' dir='ltr' id='par_1_99' title="bbox 249 5234 1722 5308">
     <span class='ocr_line' id='line_1_99' title="bbox 249 5234 1722 5308; baseline 0.003 -18"><span class='ocrx_word' id='word_1_692' title='bbox 249 5234 352 5308; x_wconf 59' lang='grc' dir='ltr'><strong>μζ»)</strong></span> <span class='ocrx_word' id='word_1_693' title='bbox 398 5234 503 5308; x_wconf 66' lang='lat' dir='ltr'><strong>Pro</strong></span> <span class='ocrx_word' id='word_1_694' title='bbox 529 5243 832 5307; x_wconf 72' lang='lat' dir='ltr'><strong>wgritudine.</strong></span> <span class='ocrx_word' id='word_1_695' title='bbox 880 5244 1047 5298; x_wconf 88' lang='lat' dir='ltr'><strong>Plura</strong></span> <span class='ocrx_word' id='word_1_696' title='bbox 1086 5241 1200 5308; x_wconf 84' lang='lat' dir='ltr'><strong>ejus</strong></span> <span class='ocrx_word' id='word_1_697' title='bbox 1231 5243 1302 5296; x_wconf 89' lang='lat' dir='ltr'><strong>rei</strong></span> <span class='ocrx_word' id='word_1_698' title='bbox 1327 5252 1524 5297; x_wconf 88' lang='lat' dir='ltr'><strong>statuta</strong></span> <span class='ocrx_word' id='word_1_699' title='bbox 1558 5242 1722 5297; x_wconf 89' lang='lat' dir='ltr'><strong>refert</strong></span> 
     </span>
    </p>
   </div>
   <div class='ocr_carea' id='block_1_100' title="bbox 191 5301 1690 5340">
    <p class='ocr_par' dir='ltr' id='par_1_100' title="bbox 191 5301 1690 5340">
     <span class='ocr_line' id='line_1_100' title="bbox 191 5301 1690 5340; baseline 0 0"><span class='ocrx_word' id='word_1_700' title='bbox 191 5301 504 5340; x_wconf 60' lang='lat' dir='ltr'><strong>RI‘I‘D&#39;IQO‘I&#39;IIB</strong></span> <span class='ocrx_word' id='word_1_701' title='bbox 531 5301 589 5340; x_wconf 56' lang='lat' dir='ltr'><strong>:uv</strong></span> <span class='ocrx_word' id='word_1_702' title='bbox 607 5311 942 5340; x_wconf 62' lang='grc' dir='ltr'><strong>ῃηΛιιιιΙκ-..ιηη</strong></span> <span class='ocrx_word' id='word_1_703' title='bbox 979 5313 1049 5340; x_wconf 65' lang='grc' dir='ltr'><strong>ΙῖΙι</strong></span> <span class='ocrx_word' id='word_1_704' title='bbox 1109 5301 1131 5340; x_wconf 68' lang='lat' dir='ltr'><strong>Iv</strong></span> <span class='ocrx_word' id='word_1_705' title='bbox 1174 5328 1268 5340; x_wconf 55' lang='lat' dir='ltr'><strong>nn.‘</strong></span> <span class='ocrx_word' id='word_1_706' title='bbox 1321 5314 1385 5340; x_wconf 83' lang='grc' dir='ltr'>οο</span> <span class='ocrx_word' id='word_1_707' title='bbox 1415 5323 1458 5340; x_wconf 73' lang='grc' dir='ltr'>ι-ιο</span> <span class='ocrx_word' id='word_1_708' title='bbox 1494 5327 1690 5340; x_wconf 68' lang='lat' dir='ltr'><strong>nn..u.n.-</strong></span> 
     </span>
    </p>
   </div>
   <div class='ocr_carea' id='block_1_101' title="bbox 1105 5380 1365 5414">
    <p class='ocr_par' dir='ltr' id='par_1_101' title="bbox 1105 5380 1365 5414">
     <span class='ocr_line' id='line_1_101' title="bbox 1105 5380 1365 5414; baseline 0 0"><span class='ocrx_word' id='word_1_709' title='bbox 1105 5380 1365 5414; x_wconf 58' lang='lat' dir='ltr'><strong>‘Ill&#39;llllllb‘l</strong></span> 
     </span>
    </p>
   </div>
   <div class='ocr_carea' id='block_1_102' title="bbox 1420 5383 1696 5414">
    <p class='ocr_par' dir='ltr' id='par_1_102' title="bbox 1420 5383 1696 5414">
     <span class='ocr_line' id='line_1_102' title="bbox 1420 5383 1696 5414; baseline 0 0"><span class='ocrx_word' id='word_1_710' title='bbox 1420 5384 1540 5414; x_wconf 63' lang='lat' dir='ltr'><strong>nun:</strong></span> <span class='ocrx_word' id='word_1_711' title='bbox 1594 5383 1696 5414; x_wconf 71' lang='grc' dir='ltr'>ρρη</span> 
     </span>
    </p>
   </div>
   <div class='ocr_carea' id='block_1_103' title="bbox 822 5382 1058 5414">
    <p class='ocr_par' dir='ltr' id='par_1_103' title="bbox 822 5382 1058 5414">
     <span class='ocr_line' id='line_1_103' title="bbox 822 5382 1058 5414; baseline 0 0"><span class='ocrx_word' id='word_1_712' title='bbox 822 5382 1058 5414; x_wconf 60' lang='grc' dir='ltr'><strong>ηηηικηίσι</strong></span> 
     </span>
    </p>
   </div>
   <div class='ocr_carea' id='block_1_104' title="bbox 191 5379 770 5414">
    <p class='ocr_par' dir='ltr' id='par_1_104' title="bbox 191 5379 770 5414">
     <span class='ocr_line' id='line_1_104' title="bbox 191 5379 770 5414; baseline 0 0"><span class='ocrx_word' id='word_1_713' title='bbox 191 5379 330 5414; x_wconf 65' lang='lat' dir='ltr'><strong>lthns-</strong></span> <span class='ocrx_word' id='word_1_714' title='bbox 396 5379 506 5414; x_wconf 76' lang='lat' dir='ltr'><strong>llum</strong></span> <span class='ocrx_word' id='word_1_715' title='bbox 553 5391 770 5414; x_wconf 55' lang='lat' dir='ltr'><strong>cnam“..-</strong></span> 
     </span>
    </p>
   </div>
   <div class='ocr_carea' id='block_1_105' title="bbox 1831 4561 3403 4634">
    <p class='ocr_par' dir='ltr' id='par_1_105' title="bbox 1831 4561 3403 4634">
     <span class='ocr_line' id='line_1_105' title="bbox 1831 4561 3403 4634; baseline -0.004 -13"><span class='ocrx_word' id='word_1_716' title='bbox 1831 4567 2105 4625; x_wconf 84' lang='lat' dir='ltr'><strong>mulieres.</strong></span> <span class='ocrx_word' id='word_1_717' title='bbox 2136 4581 2256 4634; x_wconf 69' lang='lat' dir='ltr'><strong>qua:</strong></span> <span class='ocrx_word' id='word_1_718' title='bbox 2283 4579 2479 4632; x_wconf 89' lang='lat' dir='ltr'><strong>corpus</strong></span> <span class='ocrx_word' id='word_1_719' title='bbox 2533 4562 2925 4632; x_wconf 88' lang='lat' dir='ltr'><strong>omnipotentis</strong></span> <span class='ocrx_word' id='word_1_720' title='bbox 2966 4561 3056 4615; x_wconf 87' lang='lat' dir='ltr'><strong>Dei</strong></span> <span class='ocrx_word' id='word_1_721' title='bbox 3109 4561 3403 4630; x_wconf 89' lang='lat' dir='ltr'><strong>accipiunt,</strong></span> 
     </span>
    </p>
   </div>
   <div class='ocr_carea' id='block_1_106' title="bbox 1827 4653 3412 4720">
    <p class='ocr_par' dir='ltr' id='par_1_106' title="bbox 1827 4653 3412 4720">
     <span class='ocr_line' id='line_1_106' title="bbox 1827 4653 3412 4720; baseline -0.005 -8"><span class='ocrx_word' id='word_1_722' title='bbox 1827 4657 2101 4712; x_wconf 88' lang='lat' dir='ltr'><strong>custodire</strong></span> <span class='ocrx_word' id='word_1_723' title='bbox 2128 4657 2178 4708; x_wconf 92' lang='lat' dir='ltr'><strong>in</strong></span> <span class='ocrx_word' id='word_1_724' title='bbox 2211 4672 2271 4712; x_wconf 86' lang='lat' dir='ltr'><strong>se</strong></span> <span class='ocrx_word' id='word_1_725' title='bbox 2293 4655 2615 4708; x_wconf 90' lang='lat' dir='ltr'><strong>munditiam</strong></span> <span class='ocrx_word' id='word_1_726' title='bbox 2654 4655 2837 4709; x_wconf 87' lang='lat' dir='ltr'><strong>carnis</strong></span> <span class='ocrx_word' id='word_1_727' title='bbox 2877 4653 3106 4714; x_wconf 89' lang='lat' dir='ltr'><strong>debent,</strong></span> <span class='ocrx_word' id='word_1_728' title='bbox 3166 4665 3233 4705; x_wconf 87' lang='lat' dir='ltr'><strong>ne</strong></span> <span class='ocrx_word' id='word_1_729' title='bbox 3293 4653 3412 4720; x_wconf 84' lang='lat' dir='ltr'><strong>ipsa</strong></span> 
     </span>
    </p>
   </div>
   <div class='ocr_carea' id='block_1_107' title="bbox 1829 4742 3408 4816">
    <p class='ocr_par' dir='ltr' id='par_1_107' title="bbox 1829 4742 3408 4816">
     <span class='ocr_line' id='line_1_107' title="bbox 1829 4742 3408 4816; baseline -0.004 -14"><span class='ocrx_word' id='word_1_730' title='bbox 1829 4748 2218 4803; x_wconf 68' lang='lat' dir='ltr'><strong>inmstimabilis</strong></span> <span class='ocrx_word' id='word_1_731' title='bbox 2242 4747 2481 4816; x_wconf 81' lang='lat' dir='ltr'><strong>mysterii</strong></span> <span class='ocrx_word' id='word_1_732' title='bbox 2512 4746 2880 4815; x_wconf 86' lang='lat' dir='ltr'><strong>magnitudine</strong></span> <span class='ocrx_word' id='word_1_733' title='bbox 2905 4744 3228 4814; x_wconf 78' lang='lat' dir='ltr'><strong>graventur?</strong></span> <span class='ocrx_word' id='word_1_734' title='bbox 3269 4742 3408 4796; x_wconf 82' lang='lat' dir='ltr'><strong>Hinc</strong></span> 
     </span>
    </p>
   </div>
   <div class='ocr_carea' id='block_1_108' title="bbox 1828 4832 3407 4908">
    <p class='ocr_par' dir='ltr' id='par_1_108' title="bbox 1828 4832 3407 4908">
     <span class='ocr_line' id='line_1_108' title="bbox 1828 4832 3407 4908; baseline -0.005 -14"><span class='ocrx_word' id='word_1_735' title='bbox 1828 4841 1990 4894; x_wconf 90' lang='lat' dir='ltr'><strong>etiam</strong></span> <span class='ocrx_word' id='word_1_736' title='bbox 2025 4841 2090 4894; x_wconf 90' lang='lat' dir='ltr'><strong>ad</strong></span> <span class='ocrx_word' id='word_1_737' title='bbox 2123 4840 2288 4892; x_wconf 88' lang='lat' dir='ltr'><strong>David</strong></span> <span class='ocrx_word' id='word_1_738' title='bbox 2325 4839 2389 4893; x_wconf 91' lang='lat' dir='ltr'><strong>de</strong></span> <span class='ocrx_word' id='word_1_739' title='bbox 2428 4837 2611 4906; x_wconf 90' lang='lat' dir='ltr'><strong>pueris</strong></span> <span class='ocrx_word' id='word_1_740' title='bbox 2657 4837 2774 4892; x_wconf 88' lang='lat' dir='ltr'><strong>suis</strong></span> <span class='ocrx_word' id='word_1_741' title='bbox 2805 4852 2900 4908; x_wconf 91' lang='lat' dir='ltr'><strong>per</strong></span> <span class='ocrx_word' id='word_1_742' title='bbox 2944 4835 3280 4888; x_wconf 87' lang='lat' dir='ltr'><strong>sacerdotum</strong></span> <span class='ocrx_word' id='word_1_743' title='bbox 3327 4832 3407 4886; x_wconf 86' lang='lat' dir='ltr'><strong>di-</strong></span> 
     </span>
    </p>
   </div>
   <div class='ocr_carea' id='block_1_109' title="bbox 1830 4927 3410 4994">
    <p class='ocr_par' dir='ltr' id='par_1_109' title="bbox 1830 4927 3410 4994">
     <span class='ocr_line' id='line_1_109' title="bbox 1830 4927 3410 4994; baseline -0.006 -10"><span class='ocrx_word' id='word_1_744' title='bbox 1830 4931 1970 4984; x_wconf 89' lang='lat' dir='ltr'><strong>citur</strong></span> <span class='ocrx_word' id='word_1_745' title='bbox 1999 4938 2078 4994; x_wconf 91' lang='lat' dir='ltr'><strong>ut,</strong></span> <span class='ocrx_word' id='word_1_746' title='bbox 2109 4929 2154 4982; x_wconf 90' lang='lat' dir='ltr'><strong>si</strong></span> <span class='ocrx_word' id='word_1_747' title='bbox 2182 4945 2210 4982; x_wconf 90' lang='lat' dir='ltr'><strong>a</strong></span> <span class='ocrx_word' id='word_1_748' title='bbox 2243 4929 2560 4983; x_wconf 87' lang='lat' dir='ltr'><strong>mulieribus</strong></span> <span class='ocrx_word' id='word_1_749' title='bbox 2592 4927 2781 4982; x_wconf 90' lang='lat' dir='ltr'><strong>mundi</strong></span> <span class='ocrx_word' id='word_1_750' title='bbox 2811 4933 3011 4987; x_wconf 91' lang='lat' dir='ltr'><strong>essent,</strong></span> <span class='ocrx_word' id='word_1_751' title='bbox 3066 4937 3234 4992; x_wconf 88' lang='lat' dir='ltr'><strong>panes</strong></span> <span class='ocrx_word' id='word_1_752' title='bbox 3279 4938 3410 4991; x_wconf 83' lang='lat' dir='ltr'><strong>pro-</strong></span> 
     </span>
    </p>
   </div>
   <div class='ocr_carea' id='block_1_110' title="bbox 1831 5013 3410 5092">
    <p class='ocr_par' dir='ltr' id='par_1_110' title="bbox 1831 5013 3410 5092">
     <span class='ocr_line' id='line_1_110' title="bbox 1831 5013 3410 5092; baseline -0.006 -18"><span class='ocrx_word' id='word_1_753' title='bbox 1831 5020 2112 5092; x_wconf 89' lang='lat' dir='ltr'><strong>positionis</strong></span> <span class='ocrx_word' id='word_1_754' title='bbox 2143 5020 2475 5088; x_wconf 87' lang='lat' dir='ltr'><strong>acciperent;</strong></span> <span class='ocrx_word' id='word_1_755' title='bbox 2511 5031 2645 5086; x_wconf 90' lang='lat' dir='ltr'><strong>quos</strong></span> <span class='ocrx_word' id='word_1_756' title='bbox 2673 5019 2902 5072; x_wconf 91' lang='lat' dir='ltr'><strong>omnino</strong></span> <span class='ocrx_word' id='word_1_757' title='bbox 2932 5029 3036 5068; x_wconf 91' lang='lat' dir='ltr'><strong>non</strong></span> <span class='ocrx_word' id='word_1_758' title='bbox 3079 5013 3410 5080; x_wconf 88' lang='lat' dir='ltr'><strong>acciperent,</strong></span> 
     </span>
    </p>
   </div>
   <div class='ocr_carea' id='block_1_111' title="bbox 1831 5100 3413 5164">
    <p class='ocr_par' dir='ltr' id='par_1_111' title="bbox 1831 5100 3413 5164">
     <span class='ocr_line' id='line_1_111' title="bbox 1831 5100 3413 5164; baseline -0.006 0"><span class='ocrx_word' id='word_1_759' title='bbox 1831 5110 1934 5164; x_wconf 87' lang='lat' dir='ltr'><strong>nisi</strong></span> <span class='ocrx_word' id='word_1_760' title='bbox 1966 5125 2060 5163; x_wconf 90' lang='lat' dir='ltr'><strong>eos</strong></span> <span class='ocrx_word' id='word_1_761' title='bbox 2088 5109 2253 5162; x_wconf 86' lang='lat' dir='ltr'><strong>David</strong></span> <span class='ocrx_word' id='word_1_762' title='bbox 2278 5107 2509 5162; x_wconf 91' lang='lat' dir='ltr'><strong>mundos</strong></span> <span class='ocrx_word' id='word_1_763' title='bbox 2535 5121 2658 5159; x_wconf 89' lang='lat' dir='ltr'><strong>esse</strong></span> <span class='ocrx_word' id='word_1_764' title='bbox 2699 5107 2984 5163; x_wconf 87' lang='lat' dir='ltr'><strong>fateretur.</strong></span> <span class='ocrx_word' id='word_1_765' title='bbox 3036 5100 3186 5154; x_wconf 84' lang='lat' dir='ltr'><strong>Tunc</strong></span> <span class='ocrx_word' id='word_1_766' title='bbox 3232 5110 3413 5155; x_wconf 89' lang='lat' dir='ltr'><strong>autem</strong></span> 
     </span>
    </p>
   </div>
   <div class='ocr_carea' id='block_1_112' title="bbox 1833 5233 3418 5313">
    <p class='ocr_par' dir='ltr' id='par_1_112' title="bbox 1833 5233 3418 5313">
     <span class='ocr_line' id='line_1_112' title="bbox 1833 5233 3418 5313; baseline -0.002 -15"><span class='ocrx_word' id='word_1_767' title='bbox 1833 5242 2182 5313; x_wconf 80' lang='lat' dir='ltr'><strong>Dogmatibus</strong></span> <span class='ocrx_word' id='word_1_768' title='bbox 2253 5237 2638 5313; x_wconf 82' lang='lat' dir='ltr'><strong>ecclesiasticis</strong></span> <span class='ocrx_word' id='word_1_769' title='bbox 2721 5233 3254 5313; x_wconf 39' lang='lat' dir='ltr'><strong>irrtellig&#39;ttnﬂllc‘lm‘;</strong></span> <span class='ocrx_word' id='word_1_770' title='bbox 3310 5233 3418 5313; x_wconf 51' lang='lat' dir='ltr'><strong>filii</strong></span> 
     </span>
    </p>
   </div>
   <div class='ocr_carea' id='block_1_113' title="bbox 1830 5299 3422 5368">
    <p class='ocr_par' dir='ltr' id='par_1_113' title="bbox 1830 5299 3422 5368">
     <span class='ocr_line' id='line_1_113' title="bbox 1830 5299 3422 5368; baseline 0.001 -30"><span class='ocrx_word' id='word_1_771' title='bbox 1830 5299 1966 5368; x_wconf 50' lang='lat' dir='ltr'><strong>nhs}</strong></span> <span class='ocrx_word' id='word_1_772' title='bbox 2011 5313 2209 5366; x_wconf 60' lang='lat' dir='ltr'><strong>smm‘lo</strong></span> <span class='ocrx_word' id='word_1_773' title='bbox 2258 5309 2648 5340; x_wconf 65' lang='lat' dir='ltr'><strong>‘\n-1n:llnlll1&#39;ﬂ</strong></span> <span class='ocrx_word' id='word_1_774' title='bbox 2710 5323 2743 5340; x_wconf 70' lang='grc' dir='ltr'>α</span> <span class='ocrx_word' id='word_1_775' title='bbox 2804 5299 3067 5340; x_wconf 65' lang='grc' dir='ltr'><strong>ηηιιῖιιιΙΙίοε</strong></span> <span class='ocrx_word' id='word_1_776' title='bbox 3125 5299 3422 5340; x_wconf 68' lang='grc' dir='ltr'><strong>Διισιιαιῖηη</strong></span> 
     </span>
    </p>
   </div>
   <div class='ocr_carea' id='block_1_114' title="bbox 2523 5379 3428 5414">
    <p class='ocr_par' dir='ltr' id='par_1_114' title="bbox 2523 5379 3428 5414">
     <span class='ocr_line' id='line_1_114' title="bbox 2523 5379 3428 5414; baseline 0 0"><span class='ocrx_word' id='word_1_777' title='bbox 2523 5379 2787 5414; x_wconf 69' lang='lat' dir='ltr'><strong>nrnlinne</strong></span> <span class='ocrx_word' id='word_1_778' title='bbox 2820 5379 3101 5414; x_wconf 65' lang='lat' dir='ltr'><strong>ain-ngatus</strong></span> <span class='ocrx_word' id='word_1_779' title='bbox 3129 5380 3212 5414; x_wconf 67' lang='grc' dir='ltr'><strong>ρςι.</strong></span> <span class='ocrx_word' id='word_1_780' title='bbox 3239 5384 3266 5414; x_wconf 72' lang='lat'><strong>9</strong></span> <span class='ocrx_word' id='word_1_781' title='bbox 3296 5379 3428 5414; x_wconf 64' lang='lat' dir='ltr'><strong>vir-ia</strong></span> 
     </span>
    </p>
   </div>
   <div class='ocr_carea' id='block_1_115' title="bbox 1831 5380 2491 5414">
    <p class='ocr_par' dir='ltr' id='par_1_115' title="bbox 1831 5380 2491 5414">
     <span class='ocr_line' id='line_1_115' title="bbox 1831 5380 2491 5414; baseline 0 0"><span class='ocrx_word' id='word_1_782' title='bbox 1831 5384 1967 5414; x_wconf 64' lang='grc' dir='ltr'><strong>ϐ’..ΙρΛ</strong></span> <span class='ocrx_word' id='word_1_783' title='bbox 1993 5381 2257 5414; x_wconf 66' lang='grc' dir='ltr'>αοηνῖιιιιιε</span> <span class='ocrx_word' id='word_1_784' title='bbox 2320 5380 2491 5414; x_wconf 69' lang='grc' dir='ltr'>οἷιιηηι</span> 
     </span>
    </p>
   </div>
  </div>
