3944 5414
522 309 628 367 ιθθ

1542 306 1600 367 S.
1635 308 1925 370 ABBONIS
1964 309 2258 368 ABitATlS
2298 308 2794 371 FLORIACENSIS

3656 319 3745 378 500

520 428 606 480 vir
633 434 753 494 post
779 408 1155 482 admistimtem
1182 425 1443 496 conjugis,
1476 426 1518 480 si
1551 443 1689 496 aqua
1716 426 1857 483 latus
1904 425 2084 488 fuerit.
2118 430 2165 488 Α
2195 426 2440 481 meminit
2482 426 2700 491 vidisse,
2730 436 2906 482 tamen
2937 428 2989 482 in
3014 415 3215 500 vigiliis
3246 431 3490 501 corporis
3528 437 3746 491 meanuit

448 564 449 567 η
527 517 691 570 etiam
749 532 918 571 sacrze
971 518 1369 573 communionis
1409 519 1725 586 mysterium
1772 518 1913 573 valet
1955 516 2097 573 arci-

522 621 671 678 pere,
700 623 817 660 cum
841 607 915 672 ei,
932 607 1082 676 juxta
1109 607 1426 676 praeﬁnitam
1449 608 1799 672 sententiam,
1821 607 1986 661 etiam
2007 622 2097 662 ec-

522 697 740 751 clcsiant
773 696 983 751 licuerit
1010 698 1254 752 introire.
1283 718 1300 743 ι
1351 698 1482 752 Item
1499 699 1565 754 de
1586 698 1880 769 pollutione
1900 696 2097 752 somnii

522 787 682 855 (resp.
713 786 798 853 tt).
836 804 853 837 ι
879 785 1031 841 llnuc
1065 788 1281 857 quidem
1309 786 1719 844 Testamentum
1773 788 1975 843 veteris
2019 786 2099 841 le-

521 876 605 946 gis
623 876 881 945 pollutum
911 877 1063 943 dicit,
1085 886 1159 942 et,
1186 878 1289 933 nisi
1317 877 1483 933 lotum
1513 894 1673 949 aqua,
1707 893 1876 947 usque
1905 877 1973 931 ad
2004 890 2096 931 ve-

522 980 736 1034 speram
774 965 977 1019 intrare
1008 967 1290 1022 ecclesiam
1314 983 1418 1021 non
1452 968 1716 1023 concedit.
1739 966 1891 1034 Quod
1918 974 2097 1021 tamen

519 1055 681 1111 aliter
706 1056 933 1127 populus
962 1057 1259 1126 spirituatis
1293 1058 1615 1129 intelligens,
1669 1058 1770 1114 sub
1794 1057 1982 1114 eodem
2017 1057 2098 1111 in-

525 1148 740 1204 tellectu
791 1150 990 1219 accipit
1023 1168 1034 1202 :
1068 1152 1191 1219 quia
1219 1151 1373 1220 quasi
1407 1165 1506 1221 per
1537 1150 1808 1207 somnium
1854 1149 2099 1207 illudittu‘

522 1244 635 1313 qui,
658 1252 894 1298 tentatus
917 1243 1279 1309 imutunditia,
1303 1244 1456 1300 vanis
1477 1242 1801 1313 imaginibus
1824 1243 1876 1297 in
1895 1243 2098 1313 cogita-

525 1334 673 1390 tione
704 1334 1039 1404 inquinatur.
1080 1333 1185 1389 Sed
1207 1335 1467 1389 lavandus
1496 1344 1580 1390 est
1607 1350 1771 1404 aqua,
1821 1343 1879 1388 ut
1912 1333 2099 1402 culpas

522 1424 866 1495 cogitationis
889 1425 1142 1496 lacrymis
1172 1426 1375 1493 abluat,
1405 1435 1481 1491 et,
1508 1426 1613 1481 nisi
1644 1426 1794 1495 prius
1817 1423 1953 1494 ignis
1982 1431 2100 1478 teu-

523 1515 744 1571 tationis
777 1517 1015 1584 recedat,
1049 1533 1199 1572 reum
1230 1532 1288 1571 se
1316 1517 1470 1586 quasi
1520 1517 1586 1571 ad
1616 1531 1894 1586 vesperam
1946 1529 2092 1569 reco—

522 1614 764 1675 guoseat.
796 1604 901 1662 Sed
928 1616 1012 1662 est
1041 1606 1095 1662 in
1121 1608 1312 1663 eadem
1338 1608 1583 1664 illusione
1611 1608 1768 1663 valde
1793 1606 2098 1663 necessaria

521 1698 800 1765 discretio,
853 1715 1016 1769 quam
1049 1700 1322 1756 subtiliter
1364 1715 1593 1769 pensare
1637 1700 1852 1765 debeas,
1894 1715 1961 1754 ex
1991 1713 2096 1769 qua

2199 517 2250 569 iu
2282 517 2567 585 ingluviem
2586 518 2864 573 cecidisse.
2907 517 3001 572 Sin
3029 533 3158 573 vero
3179 534 3242 573 ex
3274 521 3414 590 turpi
3442 523 3747 591 cogitatione

2200 606 2468 677 vigilantis
2495 608 2669 662 oritur
2698 607 2876 663 illusio
2908 610 3246 673 dormientis,
3274 620 3420 680 patet
3447 612 3623 667 animo
3648 629 3750 668 rea-

2199 706 2285 752 tas
2310 713 2458 752 suus.
2510 697 2666 752 Videt
2723 698 2866 759 enim
2897 713 2927 751 a
2953 714 3058 767 qua
3112 700 3293 754 radice
3340 700 3640 769 inquinatio
3674 704 3747 757 illa

2197 789 2543 861 processerit,
2582 790 2675 860 qui
2700 789 2843 860 quod
2864 791 3124 862 cogitavit
3167 792 3368 859 sciens,
3411 792 3514 849 hoc
3553 796 3750 864 pertulit

2195 881 2463 947 nesciens.

2268 972 2491 1040 Quando
2541 975 2786 1032 monachi
2836 984 2891 1030 et
2956 976 3046 1031 alii
3106 978 3432 1047 pmuitentes
3477 983 3751 1037 communi.

2197 1079 2324 1119 care
2374 1064 2587 1127 debent,
2637 1063 2944 1133 manifestat
3002 1079 3221 1123 sanctus
3276 1070 3578 1126 Eucherius
3613 1071 3747 1141 (-55):

2202 1170 2221 1204 ι
2257 1152 2421 1207 Detur
2449 1154 2765 1222 patuitentia
2789 1155 3054 1221 szeculari,
3083 1150 3234 1225 cujus
3255 1159 3431 1215 adhuc
3458 1163 3640 1216 cervix
3664 1163 3751 1217 Sub

2191 1242 2321 1312 jugo
2344 1242 2607 1312 dependet
2633 1244 2832 1311 seculi,
2865 1255 2918 1301 et
2938 1247 3062 1301 huic
3086 1264 3186 1319 pro
3211 1249 3548 1323 immanitate
3567 1253 3752 1322 peccati

2197 1332 2312 1388 sive
2341 1331 2517 1389 delicti
2557 1334 2881 1389 tertniuctur
2915 1346 3147 1405 tempus,
3190 1339 3280 1406 qui
3312 1339 3491 1395 adhuc
3545 1340 3752 1411 tempori

2198 1422 2385 1476 servit.
2409 1421 2672 1478 Caeterum
2704 1423 3089 1485 abrenuntians
3117 1428 3311 1482 swculo
3330 1437 3382 1483 et
3406 1427 3524 1497 ejus
3548 1430 3752 1496 militia,

2199 1515 2575 1585 Spondensqne
2628 1531 2686 1572 se
2734 1517 2941 1573 cunctis
2987 1518 3174 1576 diebus
3229 1520 3557 1576 serviturum
3614 1521 3751 1590 Deo;

2198 1621 2297 1661 cur
2331 1608 2705 1677 penitentiam
2761 1618 3034 1676 moretur,
3081 1610 3309 1679 quilibet
3354 1611 3583 1668 effectus
3630 1614 3756 1669 velut

2198 1710 2403 1765 onager
2428 1706 2667 1751 sectatur
2717 1698 2885 1752 eremi
2939 1700 3281 1754 vastitatem?
3326 1701 3469 1756 sicut
3510 1702 3589 1763 ait
3628 1701 3753 1765 Job:

521 1804 582 1843 re
624 1790 837 1844 accidat
877 1791 1047 1846 menti
1095 1790 1434 1851 dormientis.
1493 1791 1797 1860 Aliquando
1844 1790 1986 1846 enim
2028 1805 2097 1844 ex
2127 1769 2173 1829 Β
2206 1790 2335 1856 Qui:
2357 1790 2551 1844 dimisit
2572 1806 2823 1859 onagrum
2848 1788 3065 1843 liberum
3090 1792 3143 1844 iu
3173 1791 3415 1845 deserto?
3446 1810 3478 1845 α
3506 1791 3758 1862 (comfor-

518 1881 764 1953 rzrapula,
801 1882 1092 1953 aliquando
1119 1898 1184 1937 ex
1222 1896 1429 1939 natura:
1457 1880 1826 1954 superﬂuitate
1846 1882 1931 1939 vel
1955 1882 2106 1936 infir-

520 1975 734 2038 mitate,
761 1974 1053 2044 aliquando
1076 1991 1144 2031 ex
1174 1976 1500 2047 cogitatione
1548 1977 1835 2047 contingit.
1889 1976 1957 2031 Et
1985 1975 2104 2045 qui-

524 2065 793 2125 dentcum
840 2080 903 2119 ex
960 2073 1170 2120 naturae
1220 2065 1591 2136 superﬂuitate
1647 2066 1732 2122 vel
1789 2065 2104 2121 infirmitate

523 2155 788 2218 everterit,
820 2154 1040 2209 omnino
1071 2156 1185 2210 inec
1213 2155 1392 2213 illusio
1424 2172 1527 2211 non
1557 2164 1641 2211 est
1673 2156 1932 2219 timenda,
1976 2154 2100 2225 quia

523 2245 667 2299 hanc
693 2245 909 2300 animus
937 2245 1187 2300 nesciens
1216 2245 1500 2316 pertulisse
1536 2246 1706 2316 magis
1732 2244 1993 2301 dolendus
2021 2254 2104 2299 est

524 2350 685 2404 quam
714 2335 926 2393 fecisse.
952 2335 1085 2391 Cum
1114 2351 1241 2391 vero
1263 2337 1531 2407 appetitus
1555 2336 1691 2408 gulae
1720 2336 1859 2391 ultra
1885 2335 2099 2392 modum

522 2426 578 2481 in
607 2426 884 2481 sumendis
907 2425 1179 2483 alimentis
1213 2428 1437 2498 rapitur,
1470 2436 1632 2497 atque
1667 2428 1870 2483 idcirco
1908 2428 2101 2483 humo-

524 2533 643 2572 rom
687 2516 1026 2586 receptacula
1064 2529 1379 2589 gravantur,
1432 2519 1595 2574 habet
1644 2520 1839 2574 exinde
1891 2520 2104 2573 animus

524 2607 758 2677 aliquem
791 2620 1023 2672 reatum,
1052 2624 1156 2663 non
1189 2617 1366 2664 tamen
1398 2626 1569 2680 usque
1596 2611 1661 2664 ad
1685 2610 2103 2679 prohibitionem

520 2695 850 2766 percipiendi
883 2698 1055 2752 sancti
1088 2698 1348 2768 mysterii,
1384 2699 1463 2752 vel
1499 2700 1784 2753 missarum
1842 2699 2102 2754 solemnia

523 2786 849 2850 celebrandi,
883 2802 1007 2841 cum
1034 2788 1264 2853 fortasse
1295 2799 1383 2843 aut
1409 2791 1576 2844 festus
1607 2790 1722 2845 dies
1771 2790 1963 2859 exigit,
2011 2798 2104 2844 aut

524 2880 767 2936 exhiberi
800 2882 1143 2953 mysterium,
1169 2896 1269 2952 pro
1289 2897 1353 2937 eo
1382 2883 1524 2952 quod
1566 2883 1819 2937 sacerdos
1868 2881 2005 2937 alius
2047 2883 2101 2937 iu

526 2971 645 3026 luco
672 2973 845 3038 deest,
876 2973 990 3042 ipsa
1019 2974 1316 3028 necessitas
1345 2973 1637 3041 compellit.
1670 2971 1803 3026 Nam
1830 2972 1874 3027 si
1907 2973 2103 3027 adsunt

525 3066 617 3120 alii
645 3065 736 3137 qui
762 3065 983 3135 implere
1009 3066 1367 3121 ministerium
1398 3065 1627 3129 valeant,
1655 3065 1829 3119 illusio
1855 3080 1951 3133 per
1979 3080 2101 3119 cra-

526 3157 707 3224 pulam
732 3156 873 3212 facta
899 3172 927 3209 a
953 3158 1300 3227 perceptione
1324 3157 1468 3211 sacri
1514 3157 1760 3228 mysterii
1812 3157 2104 3226 prohibere

532 3264 639 3304 una
667 3249 847 3313 debet,
873 3250 965 3304 sed
1001 3251 1068 3304 ab
1104 3249 1472 3304 immolatione
1495 3249 1634 3304 sacri
1663 3250 1904 3321 mysterii
1932 3250 2103 3305 absti-

532 3354 685 3401 n:re,
724 3349 778 3393 ut
813 3339 1066 3402 arbitror,
1106 3337 1381 3392 humiliter
1421 3336 1600 3402 debet,
1653 3337 1698 3392 si
1748 3345 1926 3392 tamen
1982 3338 2109 3393 dor.-

537 3429 752 3485 micatis
774 3437 1010 3484 mentem
1062 3428 1234 3497 turpis
1274 3427 1714 3497 imaginationon
1750 3427 2103 3483 concusserit.

530 3520 664 3574 Nam
696 3529 821 3574 sunt
855 3519 1053 3588 quibus
1076 3519 1147 3572 ita
1179 3517 1493 3587 plerumque
1520 3516 1695 3571 illusio
1737 3516 1997 3582 nascitur,
2049 3524 2109 3571 ut

532 3627 718 3668 eorum
751 3612 965 3667 animus
987 3611 1150 3665 etiam
1175 3610 1227 3664 iu
1251 3623 1441 3663 somno
1467 3608 1707 3678 corporis
1726 3592 1943 3677 positus.
1964 3606 2105 3676 turpi

532 3703 916 3775 imaginatione
944 3718 1052 3757 non
1076 3702 1329 3756 foedetur.
1356 3699 1475 3767 Qua
1500 3699 1552 3753 in
1572 3714 1629 3753 re
1649 3714 1813 3755 unum
1830 3699 1901 3753 ibi
1926 3707 2107 3753 osten-

531 3796 698 3860 ditur,
731 3796 872 3865 quod
906 3795 1019 3865 ipsa
1042 3808 1195 3849 mens
1224 3807 1315 3848 rea
1350 3807 1454 3847 non
1492 3793 1561 3846 sit
1590 3800 1739 3857 tunc,
1783 3791 1876 3846 sed
1904 3806 2004 3845 suo
2020 3788 2109 3858 ju-

516 3886 674 3943 dicio
710 3886 1046 3955 libera,cutn
1069 3901 1146 3952 se,
1199 3885 1297 3941 etsi
1345 3884 1631 3941 dormienti
1681 3897 1930 3955 corpore,
1976 3882 2109 3938 nihil

605 4043 719 4113 (45)
744 4042 967 4097 Sanctus
998 4040 1310 4113 Eucherius.
1344 4040 1465 4113 Non
1514 4040 1687 4113 reperi
1741 4040 1884 4095 hunc
1934 4038 2107 4113 locum

531 4114 589 4169 in
618 4111 797 4180 editis
847 4113 1096 4168 Eucherii
1129 4111 1501 4183 Lugdunensis
1557 4111 1792 4183 episcopi
1842 4111 2105 4183 scriptis,

512 4188 707 4252 neque
737 4184 790 4236 in
819 4183 1156 4237 sermonibus
1188 4180 1401 4235 nomine
1428 4181 1642 4252 Eusebii
1677 4181 1954 4250 Emysseui
1995 4180 2107 4233 vul-

535 4250 695 4322 gatis,
749 4267 882 4322 quos
934 4252 1200 4322 Eucherio
1246 4250 1588 4318 Lugdunensi
1635 4251 1947 4322 tribuendos
1987 4266 2108 4322 esse

537 4319 643 4375 iton
676 4319 948 4381 immerito
974 4321 1073 4374 viri
1110 4321 1252 4376 docti
1285 4323 1640 4385 arbitrantur.
1674 4319 1973 4374 Eucherius
2008 4321 2108 4373 huc

537 4391 656 4445 loco
679 4390 968 4444 discrimen
993 4391 1180 4443 statuit
1209 4390 1349 4443 inter
1383 4405 1475 4444 eos
1506 4393 1595 4458 qui
1624 4390 1976 4443 monasticam
2023 4391 2105 4442 vi-

2202 1881 2325 1935 titer
2350 1890 2525 1934 δαῖσαι
2546 1921 2560 1943 ,
2591 1889 2638 1933 et
2665 1878 2931 1934 arentibus
2972 1880 3144 1934 herbis
3174 1881 3362 1948 poculo
3389 1882 3582 1951 exiguo
3602 1882 3760 1938 alatur

2201 1975 2256 2028 iu
2284 1989 2452 2028 eremo
2483 1971 2627 2042 (Job.
2652 1989 2843 2040 χχχιχ,
2878 1975 2955 2042 5).
2984 1974 3170 2045 Erigat
3218 1974 3272 2029 in
3317 1990 3445 2029 aera
3499 1972 3675 2046 caput,
3712 1984 3759 2032 et

2201 2066 2281 2122 sic
2307 2065 2621 2137 ﬂagrantem
2650 2066 2875 2121 nimium
2903 2067 3024 2122 sitis
3048 2068 3299 2121 ardorem
3329 2069 3511 2123 sancti
3545 2067 3760 2138 Spiritus

2201 2173 2331 2213 aura
2368 2158 2720 2228 restringuat,
2772 2173 2858 2222 ne,
2891 2158 3018 2213 dum
3064 2158 3221 2213 valde
3251 2158 3526 2215 desiderat
3572 2175 3760 2228 amoena

2200 2250 2446 2311 virentia,
2486 2249 2670 2303 nimiis
2696 2248 2904 2303 deliciis
2932 2249 3258 2318 praepeditus
3294 2248 3600 2318 periculum
3636 2249 3761 2304 saltt-

2202 2338 2272 2392 tis
2301 2338 2564 2393 incurrat.
2591 2337 2761 2408 Igitur
2782 2337 3186 2393 abrenuntianti
3212 2337 3538 2407 poenitentia
3571 2337 3761 2407 publica

2202 2443 2307 2481 non
2330 2436 2414 2483 est
2439 2427 2775 2493 necessaria,
2806 2427 2934 2496 quia
2957 2441 3254 2483 conversus
3275 2427 3562 2498 ingemuit,
3584 2435 3638 2482 et
3656 2442 3761 2482 cura

2203 2519 2312 2573 Deo
2345 2525 2551 2573 aeterno
2586 2525 2804 2586 pactum
2831 2517 2971 2571 iniit.
3004 2516 3080 2571 Ex
3111 2517 3202 2571 illo
3233 2517 3399 2587 igitur
3425 2518 3513 2572 die
3536 2534 3641 2573 non
3664 2532 3760 2572 nte-

2204 2616 2480 2668 morantur
2503 2607 2619 2677 ejus
2641 2607 2836 2662 delicta
2868 2623 2991 2677 quae
3014 2607 3183 2678 gessit
3208 2608 3262 2660 iu
3292 2607 3515 2674 saeculo,
3575 2623 3639 2662 ex
3666 2622 3760 2676 quo

2204 2697 2754 2766 facturnmjustitiam
2788 2699 2852 2754 de
2874 2699 3082 2768 reliquo
3105 2699 3420 2769 promiserit
3450 2692 3583 2754 Deo.
3639 2700 3762 2767 Ergo

2204 2788 2642 2859 chirographum,
2668 2789 2736 2843 de
2756 2804 2863 2858 quo
2885 2804 2943 2847 se
2970 2788 3269 2843 monachus
3297 2788 3545 2843 debitum
3576 2804 3640 2843 ex
3664 2796 3757 2843 tota

2206 2878 2308 2933 fide
2336 2880 2646 2948 promiserit
2676 2880 2920 2949 implere,
2956 2879 3058 2933 ctsi
3089 2878 3262 2933 tidclis
3319 2878 3496 2934 factus
3543 2879 3766 2949 peccavit

2204 2970 2256 3034 in
2285 2970 2506 3036 saeculo,
2548 2980 2668 3040 post
2697 2970 3223 3039 alit-enuntiationem
3273 2985 3424 3024 suam
3457 2971 3652 3024 itcrutn
3694 2969 3764 3029 la-

2207 3069 2378 3125 etam,
2406 3060 2743 3115 Dominicth
2775 3075 2971 3129 corpus
2994 3076 3098 3115 tton
3122 3058 3332 3117 dubitet
3359 3060 3634 3129 accipere,
3680 3074 3765 3113 nec

2206 3152 2494 3206 occasione
2544 3150 2863 3207 humilitatis
2892 3151 3073 3204 nimia:
3114 3150 3469 3222 prolongetur
3496 3167 3528 3205 a
3561 3166 3765 3221 corpore

2205 3241 2321 3311 eius
2345 3252 2398 3293 et
2426 3240 2705 3310 sanguine,
2738 3241 2822 3296 cui
2858 3239 3131 3308 sejunxit,
3166 3252 3224 3295 ιιι
3248 3257 3411 3299 unum
3443 3258 3646 3313 corpus
3662 3241 3761 3298 efﬁ-

2209 3341 2375 3387 ceret.
2406 3330 2822 3386 Conttnunicare
2848 3347 2976 3400 ergo
3004 3347 3113 3386 non
3143 3332 3381 3397 desinat,
3428 3334 3518 3403 qui
3559 3347 3768 3403 peccare

2207 3410 2438 3492 quievit:
2467 3431 2697 3486 tantum,
2748 3437 2816 3476 ne
2844 3420 2910 3476 de
2941 3421 3150 3491 reliquo
3188 3431 3400 3490 peccet.
3454 3422 3595 3477 Nam
3647 3422 3769 3477 sicut

2209 3514 2349 3583 ignis
2374 3513 2459 3567 ille
2485 3513 2713 3567 visibilis
2744 3513 2877 3566 duas
2904 3512 2956 3565 in
2986 3528 3044 3566 se
3064 3513 3324 3582 quasdam
3371 3512 3639 3567 ellicacias
3681 3513 3766 3566 ha-

2206 3602 2317 3665 bet,
2355 3602 2408 3656 id
2435 3613 2518 3655 est
2544 3601 2864 3656 comburere
2907 3599 3121 3669 fragilia
3169 3610 3224 3655 et
3280 3600 3593 3655 illuminare
3640 3610 3769 3658 tene-

2210 3694 2389 3763 brosa,
2419 3694 2490 3748 ita
2523 3694 2743 3763 ignitum
2776 3692 2904 3746 illud
2934 3693 3269 3748 Dominicum
3295 3708 3513 3762 corpus,
3570 3691 3772 3762 quando

2208 3802 2330 3855 cum
2376 3792 2531 3846 metu
2578 3792 2633 3836 et
2660 3783 2959 3839 reverentia
3012 3783 3202 3852 grandi
3253 3781 3417 3837 fuerit
3467 3790 3767 3849 sumptum,

2208 3876 2451 3947 corporis
2474 3874 2689 3945 quidem
2728 3873 2921 3929 delicta
2952 3874 3240 3938 consumit,
3272 3874 3467 3928 animm
3496 3890 3625 3928 vero
3662 3888 3769 3936 Stli‘

2209 4040 2328 4111 plus
2352 4036 2651 4111 tribuentes
2699 4029 3011 4111 tnonasticm
3068 4027 3265 4111 regula:
3305 4024 3772 4111 quamcxpediatz

2211 4096 2538 4179 quibuslibet
2569 4120 2608 4179 _'._t
2632 4102 2828 4158 sarculo
2857 4096 3235 4179 _veni_entilius,
3256 4170 3266 4179 _
3289 4096 3772 4179 etiamsi‘gravitcr

2210 4170 2342 4249 lapsi
2377 4179 2504 4240 sint,
2536 4174 2693 4228 aliatu
2728 4171 3100 4249 preuitcntiattt
3125 4185 3227 4222 non
3255 4170 3557 4249 imponunt,
3591 4170 3691 4249 nisi
3720 4172 3772 4249 ut

2210 4231 2548 4307 cernimune'm
2616 4231 2930 4296 monasterii
2984 4239 3228 4293 ordinem
3287 4231 3522 4293 servent.
3556 4255 3576 4287 ι
3635 4231 3771 4299 Quod

2210 4318 2423 4388 quidem
2456 4314 2651 4388 Petrus
2673 4312 2942 4388 improbat
2983 4309 3084 4362 ltac
3113 4309 3353 4388 ratione,
3387 4308 3611 4388 "quod:
3635 4317 3767 4388 mur-

2212 4377 2429 4441 murare
2450 4384 2657 4453 possint
2686 4377 2908 4453 ct'justc
2936 4378 3213 4453 conqueri,
3244 4387 3352 4432 tant
3385 4377 3539 4453 iiqui
3572 4377 3626 4453 in
3653 4386 3769 4440 puc-

534 4444 645 4514 ιιιηᾶ
670 4459 953 4528 arripiunt,
991 4469 1041 4513 et
1071 4458 1202 4511 alios
1232 4444 1744 4528 pmttitente.s.quod
1785 4459 1852 4510 ab
1888 4458 1970 4511 his
1995 4473 2105 4527 ραι-
2141 4464 2187 4519 ι)
2216 4458 2295 4510 rili
2329 4444 2509 4528 aetate,
2543 4467 2702 4528 quam
2746 4444 2835 4528 qui
2871 4464 2899 4501 a
2928 4444 3181 4528 gravibus
3233 4447 3485 4528 custoditi
3536 4444 3616 4528 ad
3653 4455 3773 4528 conf»

536 4530 763 4583 nitentia
798 4528 1058 4595 exigenda
1116 4529 1188 4582 sit
1217 4539 1342 4581 ante
1377 4530 1831 4590 communionem,
1886 4544 1990 4579 non
2042 4529 2110 4581 ab

535 4600 664 4653 illis.
690 4598 953 4652 Nimirum
981 4617 998 4649 ι
1027 4598 1428 4653 abrenuntianti
1459 4599 1674 4660 seculo,
1708 4597 1900 4665 inquit.
1939 4598 2111 4664 pecui-

544 4669 715 4724 tetttia
746 4668 953 4738 publica
985 4684 1089 4721 non
1140 4676 1223 4722 est
1272 4668 1598 4729 t.eecssaria,
1646 4668 1769 4737 quia
1820 4682 2112 4738 conversus

540 4734 902 4820 ingemuit._et
929 4737 1190 4820 eumpse
1236 4747 1436 4820 anet-uo
1470 4734 1877 4820 title-tttttthiniit.
1918 4756 1956 4820 ξ.
1980 4734 2110 4820 Cum

535 4805 679 4862 enim
727 4810 793 4862 ad
842 4810 944 4863 hoc
980 4806 1347 4878 potissimum'
1381 4808 1623 4862 instituta
1674 4807 1745 4860 sit
1794 4805 2113 4878 paenitentia

535 4888 663 4932 ante
693 4874 1150 4937 communionem.
1182 4886 1238 4931 ttt
1264 4878 1574 4945 pmnitentis
1620 4878 1877 4944 probetur
1917 4874 2112 4945 volun-

540 4959 644 5009 tas,
678 4963 745 5000 an
772 4947 977 5001 scilicet
1000 4964 1028 5000 a
1059 4944 1315 5016 peccandi
1347 4946 1542 5000 affectu
1565 4946 1741 5000 aliena
1763 4946 1863 5009 sit;
1894 4944 2108 5016 nullum

536 5018 652 5083 ejus
674 5018 750 5071 rei
778 5016 995 5071 dubiuut
1027 5013 1349 5085 relinquitur
1378 5017 1431 5070 in
1459 5016 1563 5069 illis
1590 5017 1704 5083 qui,
1749 5013 1941 5068 sceculu
1974 5028 2111 5085 nun-

537 5082 673 5141 tium
727 5087 1085 5150 remittentes,
1126 5082 1294 5140 ardua
1324 5087 1449 5138 vita:
1493 5082 1801 5138 ntouastica:
1856 5082 2113 5134 exercitia

536 5171 602 5209 ex
627 5156 806 5210 animo
828 5157 1146 5224 profitentur
1167 5156 1217 5208 in
1240 5154 1480 5224 probatis
1503 5152 1733 5224 ctenobii
1837 5152 1927 5224 Sic
1958 5167 2111 5224 naut-

540 5240 644 5291 que
681 5242 797 5279 cum
827 5220 935 5279 Deo
965 5237 1159 5280 (eterna
1188 5220 1398 5292 pdctum
1438 5222 1616 5275 ineunt
1652 5221 1859 5292 _divin:e
1890 5220 2114 5292 justitim

536 5288 772 5363 faciendi
802 5295 934 5348 satis
971 5310 1066 5363 per
1098 5288 1283 5363 totuint‘
1310 5292 1439 5363 qvitze
1471 5304 1582 5344 sua:
1634 5288 1939 5343 decursum.
1982 5307 2000 5337 ι
2034 5289 2112 5363 _Ex

543 5362 636 5414 illo
666 5362 825 5414 igitur
857 5356 1067 5414 dicfait
1094 5361 1423 5414 Eucherius.
1466 5374 1571 5412 non
1600 5368 1970 5410 memorantur
2000 5356 2115 5414 eius

2216 4517 2778 4583 versionemveniunt.—
2794 4520 2837 4570 si
2857 4520 3103 4571 eumdem
3127 4517 3338 4569 vivendi
3364 4517 3577 4568 modum
3605 4523 3772 4563 tenete

2215 4582 2336 4652 cum
2357 4595 2439 4648 his
2469 4594 2558 4661 qui
2591 4589 2909 4661 criminibus
2939 4587 3145 4661 gravati
3170 4595 3314 4646 sunt,
3338 4582 3768 4661 cnntpcllunturi

2215 4655 2639 4721 Attamen-huic
2671 4659 2932 4712 doctrinm
2979 4660 3302 4709 adversatur
3362 4655 3561 4708 factum
3611 4655 3770 4704 sancti

2215 4734 2475 4790 Brruardi
2502 4730 2713 4784 abbatis
2754 4726 3206 4798 Ciarm‘vallettsis,
3261 4722 3603 4798 qui__lt0u.ini
3651 4732 3769 4798 rei).

2216 4804 2473 4859 extremis
2501 4800 2674 4869 pomis
2702 4798 2770 4852 ab
2791 4812 2848 4850 se
2877 4797 3103 4869 liberato
3124 4836 3138 4858 ,
3180 4810 3285 4869 non
3313 4794 3771 4869 alitttttnputltilc‘lt-

2219 4855 2839 4940 tia—ut—impdsuitdluam
2879 4867 3001 4940 vine
3028 4855 3339 4940 monastica:
3381 4865 3436 4916 itt
3487 4855 3771 4940 Claravalle

2214 4935 2625 5013 professionem.
2648 4935 2712 5013 Et
2741 4952 2871 4990 sane
2896 4936 2939 4989 si
2972 4935 3305 5013 in_omt_tihns
3346 4935 3767 5013 tnunasteriisitq

2216 4994 2505 5066 :lssetivita
2536 5009 2778 5062 instituta
2813 5004 3261 5073 quemadmodum
3291 5017 3355 5073 eo
3389 5012 3621 5068 tempore
3642 4994 3769 5062 apud

2216 5080 2675 5139 Clartevallenses,
2715 5072 2995 5144 quibusvis
3046 5072 3459 5144 paenitentibus,
3492 5077 3770 5144 quantum-

2216 5134 2559 5221 visgravitct'
2576 5134 2760 5221 lapsis,
2780 5144 2955 5221 justus
2978 5134 3122 5197 esset
3151 5142 3198 5195 is
3224 5140 3551 5221 poenitentia:
3573 5134 3766 5221 modus.

2216 5206 2401 5289 Neq‘ue
2434 5231 2561 5289 vero
2612 5206 2714 5289 alia
2750 5206 3024 5289 quondam
3069 5206 3514 5289 a_sacerdotih_us
3552 5206 3768 5289 aliisque

2215 5280 2461 5360 personis
2491 5287 2541 5339 in
2569 5280 2816 5360 graviora
2841 5281 3066 5360 crimina
3117 5281 3281 5350 lapsis
3307 5280 3623 5360 paenitentia
3651 5280 3770 5360 est:

2217 5348 2465 5414 nubatur.
2496 5348 2656 5414 quam
2692 5355 2741 5405 iu
2773 5348 3440 5404 monasteriumretrusio.
3485 5348 3600 5399 l-Ltsi
3641 5348 3771 5414 enim
