3944 5414
171 265 255 320 501

1402 286 1780 346 COLLECTIO
1819 293 2170 350 CANONUM.

3287 313 3392 368 502

172 400 275 474 sum
305 383 589 441 iflnruinat.
619 389 683 443 Et
704 390 908 446 idcirco
955 396 1356 450 communicare
1397 399 1731 468 frequentius
1758 413 1799 463 Α
1835 419 2096 471 mensam,
2125 409 2332 478 ﬁngens
2365 425 2424 464 se
2454 413 2719 477 amicum,
2772 415 2980 469 accedit
3013 418 3292 476 inimicus?
3334 419 3390 478 Si
3467 407 3472 416 ’

173 463 329 532 debet.
356 476 413 532 Si
445 495 574 534 vero
599 480 780 548 fuerit,
827 485 966 538 sicut
991 486 1249 554 scriptum
1307 497 1410 551 est,
1463 463 1611 558 lepra
1673 492 1726 545 iu

173 564 313 633 pelle,
340 565 620 621 immunda
660 571 782 633 erit,
827 573 877 624 id
900 583 980 626 est
1010 571 1286 642 peceatum
1339 577 1389 630 iu
1422 580 1686 632 monacho
1710 620 1725 643 ,

173 655 281 722 quia
320 656 514 723 pellem
543 673 664 713 esse
716 662 1038 715 monachum
1092 664 1367 732 Scriptura
1417 668 1726 737 signiﬁcat,

174 745 571 802 mortiﬁcantem
596 751 835 804 membra
866 767 962 806 sua
988 769 1150 823 super
1183 767 1403 810 terram.
1447 757 1596 812 Cinis
1643 773 1730 812 os-

176 831 304 884 sibus
330 834 576 900 adhaesit,
602 851 838 904 caroque
862 840 1179 896 immutalur
1201 855 1421 914 pr0pter
1449 846 1644 900 oleum.
1675 855 1729 900 et

171 920 352 988 jejunio
396 925 726 993 inlinuntur,
761 940 813 983 et
844 947 1017 1001 genua
1048 933 1192 988 velut
1224 935 1402 988 fenum
1452 946 1724 990 arescunt.

177 1011 299 1082 Ergo
325 1014 367 1068 si
398 1016 450 1069 in
483 1019 584 1073 hac
607 1020 746 1087 pelle
766 1023 879 1076 visa
905 1023 1068 1079 fuerit
1099 1026 1266 1095 lepra,
1294 1027 1564 1081 iuunuuda
1601 1029 1726 1093 erit,

177 1112 220 1155 ct
246 1102 337 1156 nisi
376 1103 540 1160 fuerit
563 1107 930 1178 hyacinthina,
955 1123 1049 1167 aut
1075 1103 1234 1170 rubra
1267 1130 1420 1184 pura,
1469 1117 1535 1172 ad
1569 1130 1728 1171 orna-

180 1202 273 1246 tum
304 1195 626 1250 tabernaculi
653 1216 760 1253 non
786 1203 890 1256 erit
919 1213 1059 1271 apta.
1099 1221 1118 1256 ι

237 1281 320 1336 HJ:
353 1295 480 1338 sunt
509 1290 1066 1354 sanctorunEPatrum
1092 1296 1391 1363 sententiae,
1451 1296 1729 1354 discretio-

180 1373 251 1426 nis
270 1372 456 1442 plcnze,
487 1377 684 1447 quibus
723 1393 1009 1438 mouentur
1042 1385 1138 1438 viri
1169 1402 1230 1440 ac
1257 1386 1468 1441 feminae
1514 1389 1729 1458 quando

180 1461 249 1514 vel
269 1463 448 1532 quales
472 1467 675 1522 debent
708 1472 963 1526 accedi-re
1017 1475 1083 1528 ad
1136 1477 1566 1531 communionem
1619 1477 1728 1530 Eu-

182 1551 443 1608 charistim.
473 1555 824 1614 Pcccatorum
843 1563 985 1616 enim
1017 1565 1210 1633 quibus
1262 1567 1534 1621 abstinere
1569 1569 1727 1638 jube-

182 1656 285 1694 tnur
308 1643 371 1697 ab
397 1646 766 1713 Eucharistia,
789 1651 891 1704 alia
943 1667 1041 1706 nos
1077 1655 1296 1708 trahunt
1348 1665 1554 1712 natura:
1601 1658 1728 1713 vitio

1827 495 2246 561 reprehensione
2271 500 2510 568 tangitur
2545 501 2866 570 negligentia
2895 508 3251 576 convivantis,
3285 528 3391 581 qua

1826 598 1982 652 poena
2020 589 2317 655 percutitur
2353 592 2596 644 venditor
2632 593 2940 649 invitantis?
3009 598 3143 664 Quid
3213 613 3391 660 autem

1826 683 1942 726 erat
1973 676 2128 744 panis
2157 679 2398 733 tralitori
2432 681 2608 746 datus,
2639 684 2739 737 nisi
2764 686 3184 755 demonstratio,
3242 697 3396 760 cujus

1825 765 2013 832 gratia:
2045 763 2237 820 fuisset
2266 768 2540 838 ingratus?
2584 772 2806 829 Intravit
2836 792 2963 846 ergo
2991 791 3110 849 post
3139 782 3280 837 hunc
3301 800 3398 853 pa‘

1826 867 1947 906 nem
1979 852 2210 911 Satanas
2239 858 2290 912 in
2323 860 2529 915 Domini
2570 866 2904 933 traditorem,
2949 879 3007 923 ut
3029 871 3128 926 sibi
3152 873 3264 942 jam
3289 852 3397 929 tra-

1827 943 1994 997 ditum
2025 945 2231 1014 plenius
2264 951 2582 1020 possideret,
2619 956 2671 1009 in
2704 971 2860 1026 quem
2907 961 3058 1029 prius
3103 964 3400 1023 intraverat

1828 1042 1884 1086 ut
1915 1034 2206 1106 deciperet.
2241 1058 2258 1090 ι

1827 1123 2007 1203 λιιν.
2024 1127 2355 1203 --‘Qua!iter
2372 1134 2694 1190 sacerdotum
2716 1152 3041 1198 accusatores
3063 1149 3397 1203 examinandi

1895 1196 2018 1259 sint,
2035 1197 2108 1250 cel
2122 1197 2168 1250 si
2178 1202 2383 1268 scriptis
2397 1203 2532 1256 inter
2543 1216 2716 1272 partes
2733 1213 2983 1264 sententia
2997 1196 3323 1271 ieiuniis}.

1896 1282 2203 1343 GRECORIUS
2230 1289 2415 1346 Josusr
2456 1292 2744 1363 defensori,
2779 1298 2920 1355 inter
2952 1312 3146 1359 caztera
3181 1305 3397 1376 (Gneo,

1827 1377 1918 1434 lih.
1948 1397 2009 1444 ιι,
2030 1396 2115 1450 ep.
2153 1383 2239 1454 52)
2271 1403 2282 1437 :

1903 1490 1921 1522 ι
1943 1472 2075 1537 Quia
2099 1474 2266 1544 igitur
2287 1475 2589 1546 Stephanus
2613 1482 2893 1553 episcopus
2912 1485 2962 1540 in
2983 1487 3105 1542 odio
3127 1503 3223 1544 suo
3249 1504 3397 1560 qua:-

1828 1559 1951 1613 dam
1983 1561 2126 1626 ﬁcta,
2154 1571 2208 1616 et
2239 1565 2304 1618 de
2332 1564 2482 1620 falsis
2505 1582 2562 1622 se
2603 1571 2852 1639 capitulis
2882 1576 3125 1642 queritur
3175 1559 3396 1632 accusa-

1829 1657 1962 1714 tum,
1988 1666 2162 1720 neque
2190 1653 2390 1723 aliquid
2417 1657 2790 1716 ordiuabiliter
2812 1662 3032 1729 factum,
3083 1667 3176 1720 sed
3207 1667 3402 1736 injuste

181 1733 318 1786 etiam
366 1737 588 1805 invitos,
641 1741 744 1795 alia
791 1743 1143 1799 voluntarius,
1204 1745 1337 1800 Nam
1383 1747 1583 1804 invitus
1616 1748 1730 1819 lege
1764 1757 1806 1815 Β
1834 1755 1892 1796 SB
1920 1743 2114 1798 asserit
2137 1745 2572 1813 condemnatum,
2619 1751 2904 1820 diligenter
2937 1758 3280 1823 qumrcndum
3321 1769 3404 1813 est

180 1832 712 1900 peccati-ducebatur,
745 1838 837 1906 qui
867 1839 1222 1908 ingemiscens
1243 1850 1606 1908 querebatur:
1647 1842 1730 1897 i’i-

181 1922 261 1974 deo
280 1925 444 1991 utique
467 1927 630 1979 alium
652 1926 811 1996 legem
834 1929 887 1980 in
914 1929 1155 1982 membris
1177 1930 1326 1993 meis,
1353 1943 1728 2001 repugnantem

176 2011 456 2080 tegimentis
486 2032 636 2079 ntere,
683 2027 729 2071 et
757 2019 1096 2086 captivantem
1141 2036 1220 2074 me
1265 2021 1320 2074 in
1362 2021 1468 2092 lege
1514 2025 1729 2091 peccati,

180 2117 276 2167 qua:
306 2112 374 2156 est
402 2105 454 2157 in
490 2108 736 2160 membris
757 2109 881 2160 meis
911 2107 1086 2177 (Rom.
1113 2111 1335 2179 “1.23).
1364 2110 1512 2167 Unde
1531 2114 1732 2183 Grego-

185 2190 298 2255 rius,
325 2193 668 2249 dist-retionis
685 2204 738 2248 et
764 2195 1087 2265 eloquentiae
1113 2199 1458 2269 singulariter
1485 2203 1733 2272 magniﬁ-

185 2295 278 2341 cus,
309 2281 635 2352 indulgendo
665 2285 965 2339 iuﬁrrnitati
1003 2287 1271 2352 humanas,
1315 2305 1592 2344 accessum
1637 2306 1730 2346 cc-

187 2370 336 2423 clesiaa
380 2380 434 2424 et
481 2375 918 2428 communionem
981 2375 1336 2431 Eucharistiae
1391 2379 1585 2434 talibus
1639 2381 1727 2434 tri-

188 2458 348 2524 buens,
377 2461 645 2518 dolentem
683 2465 1020 2531 consolatur,
1053 2468 1176 2535 quia
1206 2468 1496 2537 aliquando
1527 2470 1730 2525 invitus

189 2559 233 2602 et
263 2552 336 2604 vir
368 2552 626 2620 polluitur
683 2565 948 2609 nocturno
1005 2558 1246 2621 somnio,
1304 2568 1359 2613 et
1395 2559 1588 2613 mulier
1636 2576 1732 2614 suo

190 2651 454 2698 menstruo.
510 2644 674 2714 Cujus
728 2647 1046 2700 auctoritate
1097 2649 1354 2703 discimus
1397 2651 1540 2718 quod
1587 2650 1731 2704 solus

192 2731 272 2785 sibi
294 2736 531 2789 conscius
562 2735 613 2788 in
645 2738 847 2806 peccati
871 2753 1056 2807 opere,
1103 2739 1249 2793 solus
1287 2741 1386 2794 sibi
1411 2742 1516 2794 erit
1545 2739 1728 2807 judex,

193 2822 329 2875 etiam
355 2833 471 2891 post
517 2827 912 2881 confessionem
939 2867 952 2890 ,
1005 2828 1060 2881 in
1092 2829 1433 2898 percipienda
1487 2832 1734 2899 corporis

195 2923 238 2965 et
259 2917 518 2982 sanguinis
545 2919 746 2972 Christi
772 2921 1169 2974 communione.
1233 2921 1332 2987 Qui
1365 2936 1493 2975 vero
1521 2922 1731 2990 peccati

196 3006 292 3076 lege
311 3009 636 3064 voluntarius
671 3013 896 3081 rapitur,
922 3015 1065 3068 hunc
1100 3025 1442 3084 peccatorum
1485 3017 1734 3071 recorda-

1834 1838 2088 1906 primum,
2135 1839 2177 1893 si
2201 1837 2458 1906 judicium
2489 1843 2861 1900 ordinabiliter
2885 1857 2967 1901 est
2995 1849 3254 1913 habitum,
3311 1861 3405 1906 aut

1833 1930 1878 1982 si
1912 1929 1998 1983 alii
2024 1940 2366 1987 accusatores
2386 1925 2440 1986 et
2460 1933 2546 1987 alii
2574 1945 2736 1990 testes
2764 1935 2980 1992 fuerint.
3035 1940 3235 1996 Deinde
3271 1956 3404 1996 cau-

1834 2031 2017 2071 sarum
2053 2019 2287 2088 qualitas
2307 2031 2390 2074 est
2416 2023 2790 2088 examinanda,
2815 2026 2858 2079 si
2885 2027 3040 2096 digna
3082 2029 3271 2084 exsilio
3316 2030 3400 2084 vel

1833 2107 2166 2176 depositione
2192 2109 2310 2172 fuit,
2336 2119 2428 2164 aut
2457 2112 2500 2165 si
2529 2125 2593 2164 eo
2615 2124 2874 2181 praesente
2894 2113 3242 2186 jurejurando
3265 2133 3396 2175 con-

1835 2206 1916 2250 tra
1941 2211 2063 2250 eum
2097 2197 2460 2252 testirnouiurn
2485 2200 2685 2254 dictum
2716 2211 2820 2266 est,
2853 2219 2946 2258 seu
2978 2207 3191 2275 scriptis
3219 2217 3402 2263 actum

1835 2293 1937 2351 est,
1963 2285 2046 2340 vel
2073 2286 2119 2340 si
2148 2287 2260 2356 ipse
2295 2287 2566 2343 licentiam
2598 2293 2953 2361 respondendi
3001 2306 3056 2350 et
3083 2295 3404 2354 defendendi

1834 2391 1892 2431 se
1923 2377 2126 2431 habuit.
2152 2378 2257 2432 Sed
2286 2388 2340 2433 et
2361 2379 2428 2435 de
2452 2382 2696 2450 personis
2725 2387 3091 2441 accusantium
3115 2398 3168 2444 et
3208 2391 3403 2445 testiﬁ-

1833 2468 2071 2522 cantiurn
2101 2468 2369 2524 subtiliter
2419 2473 2765 2540 quaerendum
2794 2485 2875 2531 est
2905 2477 3058 2546 cujus
3086 2482 3406 2542 conditionis

1835 2558 2054 2628 cujusve
2064 2560 2347 2628 opinionis,
2364 2571 2529 2617 autne
2546 2564 2728 2634 inopes
2741 2565 3039 2632 sint,autnc
3054 2571 3406 2641 forteaiiquas

1835 2658 2022 2703 contra
2055 2650 2364 2720 episcopum
2394 2651 2702 2709 inimicitias
2727 2656 3036 2711 habuissent
3065 2699 3080 2722 ,
3128 2668 3183 2713 ct
3224 2673 3402 2715 utrum

1836 2740 2201 2793 testimonium
2231 2753 2296 2793 ex
2311 2741 2491 2795 auditu
2525 2742 2784 2808 dixerint,
2811 2752 2903 2805 aut
2933 2754 3080 2801 certe
3103 2747 3407 2816 specialiter

1835 2844 1895 2884 se
1919 2830 2058 2884 scire
2091 2831 2267 2884 testati
2291 2833 2414 2894 sint,
2452 2833 2534 2886 vel
2562 2834 2606 2887 si
2636 2835 2852 2904 scriptis
2896 2836 3188 2906 judicatum
3217 2849 3318 2904 est,
3351 2849 3406 2894 et

1836 2921 2078 2987 partibus
2108 2922 2463 2990 prmsentibus
2487 2926 2752 2979 sententia
2781 2927 3124 2983 recitataest.
3185 2930 3337 2997 Quod
3358 2933 3403 2986 si

1837 3012 1976 3068 forte
2021 3014 2134 3068 haec
2171 3016 2494 3076 solemnitcr~
2525 3028 2643 3074 acta
2687 3036 2792 3077 non
2832 3033 2977 3089 sunt,
3026 3041 3199 3094 neque
3242 3042 3406 3082 causa

199 3095 260 3148 tio
293 3112 386 3150 non
432 3108 638 3152 tantum
686 3103 970 3156 contristat
1007 3114 1264 3172 quantum
1316 3104 1547 3159 delectat
1571 3120 1583 3159 :
1609 3107 1730 3174 quia
1762 3099 1805 3160 C
1838 3103 2059 3173 probata
2091 3115 2175 3159 est
2229 3123 2348 3176 qua:
2396 3109 2588 3163 exsilio
2620 3110 2701 3163 vel
2735 3111 3071 3181 depositione
3116 3115 3274 3184 digna
3304 3116 3404 3179 sit,

197 3199 248 3238 es
270 3201 513 3242 consensu
539 3207 760 3259 peccare
791 3193 1068 3248 deliberat.
1103 3197 1177 3250 Ac
1203 3197 1426 3261 idcirco,
1453 3198 1592 3251 sicut
1615 3197 1730 3252 Au-

198 3277 412 3342 gustinus
470 3279 646 3333 dicit:
689 3301 704 3332 ι
741 3280 1127 3338 Communione
1177 3285 1528 3340 Eucharistiae
1566 3287 1737 3354 magis

200 3366 487 3421 credendum
524 3378 607 3423 est
633 3372 842 3438 gravari
865 3387 1024 3440 quam
1055 3375 1294 3441 purgari,
1325 3395 1342 3426 ι
1401 3376 1737 3444 quandoqui-

200 3453 297 3506 dem
318 3464 451 3510 totus
481 3458 534 3510 in
558 3457 747 3512 affectu
773 3461 1025 3529 peccandi
1055 3463 1321 3517 consistit.
1385 3463 1550 3516 Omne
1599 3467 1734 3518 enim

199 3557 428 3611 peccaturi:
450 3550 786 3620 quodcunque
812 3552 985 3619 fecerit
1014 3558 1189 3618 homo,
1212 3565 1356 3608 castra
1380 3573 1568 3625 corpus
1615 3566 1688 3610 est
1717 3574 1733 3618 ,-

201 3635 272 3702 ιιιιὶ
292 3649 449 3690 autem
483 3640 789 3705 fornicatur,
837 3643 889 3695 in
920 3660 1105 3713 corpus
1137 3661 1287 3697 suum
1317 3657 1490 3714 peccat
1537 3646 1586 3717 (I
1612 3645 1733 3698 Cur.

202 3739 264 3787 vr,
296 3728 392 3798 l8).
430 3730 714 3786 Sciendqu
761 3735 942 3804 itaque
991 3745 1075 3789 cst
1123 3738 1188 3791 de
1225 3752 1288 3791 eo
1315 3739 1407 3807 qui
1453 3738 1535 3791 vel
1575 3738 1626 3791 in
1679 3756 1737 3795 se

204 3819 273 3872 vel
299 3822 346 3873 in
373 3824 593 3877 alterum
622 3839 804 3894 peccat
835 3827 1082 3893 libenter,
1122 3832 1260 3899 quod
1291 3849 1319 3886 a
1359 3834 1737 3890 communione

205 3913 350 3965 arceri
383 3913 554 3978 debet,
580 3932 640 3969 ne
680 3917 952 3973 videamur
995 3923 1314 3991 margaritas
1357 3933 1570 3978 nostras
1612 3934 1736 3979 ante

206 4011 368 4064 porcos
397 4018 611 4070 ponere,
635 4020 752 4061 esse
783 4011 1072 4080 participes
1102 4022 1154 4064 et
1177 4014 1494 4082 perditionis
1521 4014 1732 4069 alierne.

208 4089 259 4141 At
276 4098 433 4145 tamen
458 4094 651 4149 Christi
681 4099 983 4167 exemplum
1008 4103 1264 4166 occurrit,
1303 4104 1393 4172 qui
1426 4103 1576 4157 Judze
1609 4120 1732 4174 pro-

209 4177 339 4230 ditori
366 4181 635 4236 intinctum
663 4201 848 4253 panem
903 4191 1137 4256 porrexit
1160 4230 1172 4252 ,
1218 4191 1285 4246 de
1335 4207 1442 4260 quo
1471 4194 1732 4261 scriptum

209 4271 424 4338 estquia
481 4285 593 4340 post
635 4261 912 4332 bnccel.’am
957 4281 1183 4334 introivit
1234 4285 1288 4335 in
1339 4299 1454 4336 eum
1505 4283 1734 4337 Satanas

211 4359 358 4422 (Joan.
391 4378 503 4425 xm,
542 4363 652 4432 27).
682 4365 783 4421 Sed
808 4369 913 4432 ille,
945 4378 1006 4423 ut
1050 4380 1383 4426 secretorum
1432 4387 1540 4426 non
1587 4373 1736 4443 igua-

214 4463 304 4510 rus,
330 4453 387 4502 ad
412 4455 762 4511 ostensiouem
808 4460 996 4528 perditi
1043 4460 1312 4530 discipuli,
1364 4477 1554 4532 panem
1606 4479 1731 4533 por-

217 4539 358 4601 rexit;
384 4557 474 4594 nos
495 4557 640 4608 vero,
662 4557 1000 4612 peccatorum
1035 4557 1345 4602 nostrorum
1370 4552 1598 4615 conscii,
1625 4569 1731 4607 non

218 4625 269 4674 al
293 4629 654 4693 ostensionem,
686 4634 772 4686 sed
801 4636 869 4687 ob
899 4639 1468 4700 commemorationem
1510 4639 1731 4706 Christi,

220 4710 572 4769 Eucltaristiam
621 4720 938 4786 praebeamus
992 4723 1165 4777 fratri.
1215 4723 1364 4780 Unde
1405 4725 1735 4794 Augustinus

223 4800 321 4864 (tra:
339 4809 369 4853 t.
403 4803 457 4856 61
491 4805 541 4856 in
562 4803 762 4877 Jortin):
788 4831 803 4860 ι
822 4811 956 4876 Quid
980 4812 1220 4879 miraris,
1245 4815 1286 4868 si
1310 4814 1465 4868 datus
1485 4826 1560 4869 est
1587 4816 1736 4871 Jndie

223 4892 351 4954 panis
370 4885 579 4956 Christi,
608 4910 696 4962 per
721 4915 874 4967 quem
907 4902 1313 4970 manciparctur
1337 4905 1570 4971 diabolo,
1611 4921 1732 4960 cum

225 4977 715 5039 vidcasccontrar-io
758 4990 936 5046 datum
991 4991 1156 5045 Paulo
1212 4995 1460 5063 angelum
1514 4995 1731 5061 diaboli,

228 5081 307 5134 per
327 5085 465 5138 quem
495 5075 824 5142 perficeretur
845 5084 898 5135 in
928 5081 1186 5136 Christo?
1214 5083 1288 5137 lta
1337 5094 1391 5138 et
1446 5085 1587 5138 malo
1638 5084 1736 5140 b0-

230 5173 330 5210 uum
349 5162 521 5224 obfuit,
545 5173 598 5215 et
626 5163 753 5220 bono
775 5171 968 5224 malum
1001 5169 1223 5238 profuit.
1283 5171 1555 5244 Scriptum
1595 5185 1676 5228 cst
1715 5192 1727 5227 :

231 5243 491 5319 Quicunque
513 5252 878 5312 manducauerit
912 5275 1123 5328 panem,
1154 5270 1242 5314 aut
1289 5262 1471 5318 biberit
1519 5261 1730 5314 calicem

231 5337 402 5392 Domini
433 5343 652 5411 indigne,
682 5362 788 5402 reus
812 5354 908 5405 erit
940 5351 1175 5414 corporis
1227 5362 1273 5405 et
1320 5353 1591 5414 sanguinis
1625 5353 1733 5406 Ι)οο

1765 4424 1810 4483 D

1837 3194 1890 3250 in
1921 3195 2203 3250 ecclesiam
2226 3212 2374 3251 suam
2405 3199 2575 3253 modis
2593 3202 2844 3255 omnibus
2874 3211 3183 3268 revocetur;
3205 3206 3254 3258 hi
3281 3221 3407 3260 vero

1836 3287 1926 3354 qui
1952 3300 2074 3339 eum
2112 3295 2299 3340 contra
2350 3288 2444 3342 Dei
2494 3289 2740 3344 timorem
2783 3300 2839 3345 et
2882 3300 3080 3346 statuta
3137 3308 3404 3348 canonum

1836 3377 2361 3440 condemuaveruut,
2429 3381 2881 3437 excommunicati
2919 3383 2972 3436 in
3012 3386 3398 3440 monasterium

1837 3463 1901 3516 ad
1931 3465 2192 3534 agendam
2233 3467 2604 3534 pmniteutiam
2636 3469 2688 3522 in
2713 3485 2803 3524 sex
2839 3473 3113 3527 mensibus
3137 3483 3261 3528 sunt
3284 3477 3407 3528 mit-

1837 3557 2002 3621 tendi,
2033 3557 2103 3611 ita
2129 3573 2258 3613 sane
2300 3568 2375 3623 ut,
2411 3559 2456 3614 si
2511 3560 2595 3614 cui
2641 3576 2826 3617 eorum
2881 3565 3068 3620 mortis
3118 3567 3407 3636 contigerit

1837 3647 2118 3704 imminere
2149 3652 2456 3716 discrimen,
2482 3653 2661 3707 viatici
2685 3655 2988 3710 benedictio
3022 3673 3125 3711 nou
3159 3669 3400 3728 negetur.

1834 3737 1954 3807 Ipse
1975 3747 2149 3794 autem
2199 3742 2291 3810 qui
2344 3757 2408 3796 eo
2459 3743 2668 3797 vivente
2723 3744 2894 3798 locum
2949 3745 3065 3813 ejus
3122 3749 3407 3802 temerarie

1835 3828 2044 3890 ambiit.
2078 3830 2318 3898 privatus
2347 3831 2671 3896 sacerdotio,
2705 3833 2772 3886 ab
2801 3835 2946 3887 omni
2978 3835 3280 3890 ministerio
3319 3852 3404 3889 cc-

1835 3918 2140 3974 clesiastico
2171 3920 2480 3988 repellatur,
2513 3930 2671 3991 atque
2701 3923 2872 3976 cidem
2913 3925 3264 3980 dilectissimo
3292 3927 3402 3980 fta-

1839 4008 1905 4061 tri
1936 4015 1991 4064 ct
2016 4008 2334 4077 coepiscopo
2377 4019 2558 4062 nostro
2606 4011 2868 4075 tradatur,
2915 4021 3114 4066 uteum
3155 4013 3410 4068 ecclesia-

1834 4096 1971 4152 stico
1992 4095 2194 4164 judicio
2232 4105 2324 4149 aut
2365 4098 2476 4165 ipse
2505 4097 2570 4151 ad
2605 4114 2701 4152 nos
2731 4102 3077 4165 transmittat,
3129 4111 3222 4156 aut
3264 4105 3405 4174 apud

1835 4201 1894 4242 se
1934 4188 1985 4240 in
2012 4187 2312 4240 custodiam
2351 4187 2566 4242 haheat.
2599 4188 2846 4259 Episcopi
2871 4206 2996 4245 vero
3017 4192 3107 4261 qui
3152 4208 3274 4247 eum
3319 4209 3410 4248 or-

1836 4279 2022 4334 dinare
2037 4288 2508 4348 praesumpscrunt,
2528 4280 2609 4335 vel
2634 4297 2894 4351 perversa:
2907 4283 3226 4338 ordiuatioui
3245 4285 3411 4355 ipsius

1835 4372 2114 4439 prazbuere
2156 4385 2511 4435 consensum;
2562 4373 2939 4426 communione
2987 4373 3179 4442 privati
3228 4375 3281 4428 in
3315 4389 3410 4428 sex

1839 4461 2111 4516 mensibus
2147 4461 2213 4515 ad
2263 4463 2526 4529 agendam
2566 4463 2936 4531 paenitentiam
2989 4465 3041 4519 in
3084 4465 3410 4524 monasterio

1840 4550 2181 4619 deputentur.
2239 4549 2296 4605 Si
2346 4559 2523 4606 autem
2568 4554 2806 4623 episcopi
2839 4555 2890 4607 in
2923 4555 3234 4624 pra-judicio
3284 4572 3412 4609 cnn-

1841 4638 2197 4693 demnationis
2221 4639 2302 4692 vel
2333 4639 2682 4708 depositionis
2725 4644 3012 4712 memorati
3043 4643 3300 4713 Stephani
3354 4658 3413 4696 se

1843 4737 1986 4781 metu
2031 4726 2226 4794 judicis
2271 4730 2633 4794 consensisse,
2689 4746 2770 4790 ac,
2796 4731 2919 4784 talia
2960 4731 3150 4784 fecisse
3181 4747 3285 4784 non
3317 4746 3410 4783 sua

1843 4826 2033 4885 Sponte
2063 4816 2292 4886 professi
2339 4817 2556 4880 fuerint,
2607 4828 2814 4890 tempus
2858 4821 2937 4874 cis
2989 4819 3412 4873 abhrcviamlunt

1839 4915 1942 4970 est,
1986 4917 2041 4962 et
2069 4909 2256 4963 modus
2279 4910 2608 4977 poenitentiae
2637 4911 3036 4980 temperandus.
3065 4927 3084 4958 ›

1909 4995 2037 5050 Item
2059 5036 2074 5060 ,
2100 4996 2163 5049 de
2185 4999 2411 5064 quodam
2434 4997 2683 5064 episcopo
2706 4997 2758 5050 in
2798 4997 3020 5050 crimine
3059 5000 3336 5059 accusata,
3362 5003 3417 5047 ct

1841 5095 2016 5139 tttrum
2043 5094 2233 5139 noceat
2285 5087 2330 5140 si
2352 5087 2419 5140 sit
2445 5092 2656 5139 extorta
2681 5085 2964 5139 confessio.

1908 5174 2220 5228 GBEGORIUS
2283 5175 2623 5229 CONSTANTIO
2684 5169 3066 5228 Mediolauensi
3116 5169 3241 5238 (lib.
3299 5185 3417 5238 vui,

1837 5280 1922 5334 ep.
1952 5265 2042 5332 50)
2074 5281 2086 5316 :

1915 5371 1934 5404 ε
1981 5353 2219 5408 Retectis
2265 5357 2507 5414 cnistolis
2559 5367 2696 5414 quas
2735 5353 2801 5406 ad
2848 5369 2942 5406 nos
2987 5364 3081 5414 per
3121 5349 3423 5407 Marianum
