3944 5414
553 350 659 407 503

1557 351 1637 415 ,S.
1679 351 1970 408 ABBONIS
2005 352 2295 410 ABBATIS
2333 350 2828 408 FLORIACENSIS

3681 353 3774 408 5οι

549 462 694 531 peio,
728 463 822 534 qui
858 463 1035 519 adhuc
1076 463 1150 519 ita
1199 461 1556 518 nominanlus
1597 469 1710 526 est,
1735 444 2107 531 pervenerint,
2139 466 2186 525 Α
2216 471 2360 529 tero,
2394 477 2675 533 personam
2704 477 2823 516 cum
2869 459 3117 515 mandato
3144 455 3388 530 legaliter
3414 455 3555 516 facto
3587 470 3674 518 tua
3718 479 3773 519 ac

549 553 892 609 dissimulare
938 554 1160 608 minime
1200 552 1516 621 pertulistis.
1565 552 1672 608 Sed
1709 554 1756 608 si
1796 554 1968 624 qualis
2011 553 2111 608 fuit

542 641 602 701 in
656 645 1004 714 requisitione
1047 660 1214 710 cura,
1266 645 1384 700 talis
1431 641 1613 699 fuisset
1673 646 1726 699 in
1779 647 2110 700 discussione

542 735 815 792 subtilitas
838 777 854 802 ,
882 734 1016 791 nihil
1049 750 1115 790 ex
1145 752 1210 790 eo
1234 735 1372 805 quod
1411 737 1475 792 de
1504 751 1569 792 eo
1597 737 1796 792 dictum
1833 747 1946 802 est,
1973 736 2105 791 fuis-

539 837 620 882 set
652 826 956 895 ambiguum
983 843 999 892 ;
1034 826 1126 882 sed
1157 835 1334 880 utrum
1363 841 1580 892 verum,
1609 843 1676 880 an
1721 837 1865 880 esset
1892 841 2108 895 compo-

539 916 700 970 situm
727 953 746 982 ,
775 916 1058 985 patuisset,
1090 915 1213 984 quia
1250 915 1358 985 iam
1395 924 1579 970 contra
1619 916 1789 983 ipsum
1817 915 2014 969 dudum
2049 911 2103 967 in

539 1004 720 1060 Sicilia
759 1005 895 1074 apud
937 1005 1242 1060 reverenda:
1286 1005 1555 1060 memoriw
1599 1000 1819 1059 fratrem
1862 1014 2102 1058 nostrum

538 1095 917 1150 Maximianum
974 1097 1096 1151 talis
1149 1096 1402 1165 quaestio,
1447 1104 1505 1149 ut
1542 1097 1922 1164 cognovimus.
1957 1106 2100 1150 mota

537 1197 639 1243 est.
680 1187 784 1240 Sed
813 1186 937 1256 quia
961 1201 1124 1242 causa
1154 1186 1320 1254 ipsius
1351 1185 1529 1239 subtili
1555 1186 1776 1240 omnino
1820 1186 2103 1256 investiga-

536 1279 681 1333 tione
715 1278 936 1347 qumsita
974 1285 1076 1342 est,
1110 1278 1356 1332 inventus
1377 1286 1458 1331 est
1495 1278 1746 1332 innocens
1772 1319 1784 1341 ,
1808 1278 1896 1346 qui
1928 1279 2102 1330 fuerat

533 1375 820 1422 accusatus
861 1367 915 1420 in
963 1366 1207 1420 crimine.
1261 1366 1412 1422 Nunc
1455 1366 1655 1436 igitur,
1705 1366 1959 1434 quoniam
2010 1366 2098 1419 illa

533 1471 652 1525 qua:
687 1463 872 1510 contra
905 1469 1024 1508 eum
1054 1456 1192 1508 dicta
1230 1465 1372 1520 sunt,
1409 1472 1512 1510 non
1547 1455 1644 1508 sub
1669 1455 1754 1508 illa
1784 1470 1902 1522 quae
1922 1455 2102 1508 decuit

531 1546 866 1601 districtione
887 1546 1110 1615 quaesita
1149 1556 1269 1601 sunt
1288 1548 1321 1611 ;‘
1341 1555 1396 1600 et
1425 1555 1570 1615 gesta
1594 1561 1712 1615 quae
1737 1546 1929 1600 exinde
1961 1547 2102 1616 apud

529 1635 928 1690 fraternitatem
951 1645 1183 1692 vestram
1224 1635 1466 1691 confecta
1497 1645 1646 1697 sunt,
1680 1651 1849 1705 neque
1876 1637 1941 1691 ad
1972 1653 2100 1691 con-

530 1727 956 1793 demnationem,
998 1741 1170 1796 neque
1223 1726 1290 1780 ad
1353 1726 1740 1782 absolutionem
1806 1726 1920 1794 ejus
1972 1743 2096 1798 pro-

2212 553 2649 622 presbyterorum
2687 567 2780 606 seu
2821 552 3166 607 diaconorum
3207 560 3260 607 et
3309 552 3520 607 testium
3552 553 3773 610 subscri-

2209 641 2480 710 ptionibus
2501 643 2774 704 roborato.
2791 643 3064 714 gestisque
3087 657 3151 697 ex
3167 657 3313 697 more
3337 643 3500 697 indito
3514 645 3773 699 transmit-

2210 731 2340 796 tite,
2374 741 2434 786 ut
2461 733 2718 804 quidquid
2750 749 2847 804 pro
2879 749 2938 790 re
2985 742 3166 788 actum
3209 732 3372 788 fuerit
3397 774 3412 799 ,
3455 735 3630 806 possit
3665 735 3772 805 jure

2207 821 2520 876 subsistere.
2549 821 2678 876 Nam
2707 839 2803 878 nos
2836 838 2940 878 non
2968 823 3140 877 solum
3175 823 3302 887 tibi,
3337 824 3431 878 sed
3463 825 3628 879 etiam
3664 838 3768 880 om-

2205 913 2752 982 nibus,quo.ljustum
2775 915 3173 986 legitimumque
3193 917 3372 981 fuerit,
3389 917 3563 984 parati
3579 931 3769 980 sumus,

2204 1001 2312 1058 Deo
2340 1002 2592 1071 juvante,
2632 1021 2728 1074 per
2761 1007 2938 1060 omnia
2985 1005 3286 1070 custodire,
3340 1016 3551 1060 tantum
3593 1015 3653 1060 ut
3693 1015 3771 1062 tu:

2202 1094 2344 1162 quod
2375 1094 2492 1164 lege
2519 1095 2858 1165 praecipitur,
2887 1095 3066 1152 facere
3094 1112 3198 1152 non
3226 1097 3466 1151 omittas.
3508 1115 3530 1148 ι

2272 1185 2426 1252 Item,
2459 1186 2766 1242 Gaecomus
2807 1188 3075 1242 (ἶΑςτοιιιο
3108 1190 3318 1243 notario
3351 1197 3406 1244 et
3451 1187 3770 1242 chartulario

2201 1273 2469 1330 Ravennae
2501 1276 2613 1345 (lib.
2643 1293 2740 1341 νη,
2770 1291 2855 1346 ep.
2881 1278 2969 1342 8l,
2997 1278 3105 1333 ind.
3133 1278 3188 1348 εὶ)
3223 1297 3236 1332 :
3271 1296 3290 1329 ‹
3331 1279 3606 1344 Quantum
3637 1279 3769 1334 credi

2201 1365 2296 1421 tibi
2338 1382 2366 1419 a
2405 1367 2590 1430 nobis,
2617 1377 2671 1422 et
2719 1369 3054 1424 necessarias
3095 1369 3247 1424 vides
3295 1383 3487 1422 causas
3541 1368 3768 1440 injungi,

2203 1465 2353 1510 tanto
2387 1466 2438 1512 te
2483 1458 2654 1526 magis
2679 1466 2956 1513 strenuum
2988 1460 3150 1514 debes
3187 1469 3240 1513 et
3295 1459 3588 1514 sollicitum
3629 1459 3768 1515 exhi-

2200 1546 2350 1602 bere.
2413 1545 2644 1602 Proinde
2695 1549 2737 1602 si
2802 1548 3064 1603 Maximus
3138 1549 3487 1603 Salonitanus
3548 1549 3773 1619 praestita

2201 1649 2540 1695 sacramento
2566 1639 2943 1695 lit'rnavcritse
2979 1641 3499 1707 simoniacabaercsi
3546 1657 3649 1696 non
3699 1650 3768 1697 te-

2201 1728 2355 1795 neri;
2386 1739 2550 1799 atque
2576 1729 2642 1784 de
2672 1730 2791 1783 aliis
2835 1739 2960 1785 ante
2983 1745 3175 1800 corpus
3218 1733 3391 1787 sancti
3435 1732 3767 1801 Apollinaris,

527 1816 730 1871 bantur
764 1832 922 1886 posse
947 1816 1220 1872 sullicerc:
1259 1832 1365 1871 non
1400 1817 1532 1872 levis
1574 1832 1660 1870 res
1687 1818 1894 1887 agitur,
1922 1828 1978 1872 ut
2014 1819 2094 1873 in-
2124 1811 2169 1870 B
2201 1819 2570 1874 tantummodo
2630 1821 2918 1888 requisitus
2939 1861 2952 1886 ,
2983 1821 3256 1876 innoxium
3304 1837 3372 1878 se.
3410 1823 3766 1892 responderit;

529 1915 686 1961 caute
713 1907 794 1961 vel
821 1907 873 1960 in
914 1916 1220 1962 transcursu
1273 1907 1464 1961 debeat
1493 1907 1725 1964 deﬁniri.
1755 1907 1887 1962 Nam
1936 1925 2098 1978 grave

529 1999 770 2054 estsatis
809 2008 864 2053 et
895 2000 1177 2064 indecens,
1220 1999 1357 2053 utin
1394 2015 1453 2053 re
1491 1999 1650 2054 dubia
1697 2010 1842 2055 certa
1887 2001 2099 2057 dicatur

554 2089 815 2144 ententia.
863 2091 929 2144 Et
973 2091 1086 2146 hanc
1126 2091 1340 2160 quidem
1377 2101 1522 2161 gesta
1579 2108 1696 2148 esse
1735 2103 1980 2162 prterunt
2028 2095 2096 2150 ad

529 2179 890 2236 definiendum
931 2182 1117 2238 idonea
1137 2223 1151 2245 ,
1174 2182 1218 2236 si
1242 2185 1475 2238 accusati
1504 2198 1567 2238 ea
1600 2184 1870 2240 confessio
1907 2201 2096 2256 seque-

526 2285 720 2330 retur:
771 2276 814 2329 si
867 2283 1044 2330 tamen
1087 2277 1337 2332 eamdem
1393 2277 1785 2332 confessionem
1827 2279 2096 2335 subtilitas

526 2367 944 2421 examinationis
983 2382 1048 2421 ex
1087 2367 1312 2422 occultis
1358 2367 1605 2429 eliceret,
1636 2379 1690 2422 et
1735 2384 1838 2423 nor:
1879 2368 2095 2424 alllictio

522 2457 818 2512 vehemens
880 2466 1262 2524 extorqueret;
1305 2472 1421 2524 qum
1478 2456 1791 2526 frequenter
1840 2460 1941 2512 hoc
1985 2459 2096 2525 agit

522 2557 583 2602 ut
635 2549 822 2603 noxios
853 2563 910 2603 se
947 2546 1103 2601 fateri
1147 2556 1408 2616 c0gantur
1467 2548 1628 2602 etiam
1680 2549 1907 2604 innoxii.
1959 2549 2090 2603 Nam

519 2649 805 2710 postquam
844 2638 1099 2708 praefatus
1141 2638 1456 2708 episcopus,
1486 2647 1543 2692 ut
1579 2640 1802 2705 dicitttr,
1858 2641 2091 2695 cruciari

521 2732 764 2788 custodia
791 2733 1126 2802 cremarique
1159 2731 1298 2786 fame.
1332 2748 1388 2786 se
1411 2733 1634 2796 asserit,
1663 2732 1803 2786 scire
1851 2733 2086 2795 debetis,

518 2819 568 2875 si
601 2821 672 2875 ita
703 2830 813 2883 est,
842 2829 1018 2875 utrum
1078 2831 1269 2876 noceat
1305 2822 1348 2875 si
1388 2821 1466 2876 sic
1515 2819 1672 2876 fuerit
1709 2830 1919 2876 extorta
1964 2837 2092 2876 con-

519 2910 704 2967 fessio.
763 2911 1014 2982 Nunquid
1065 2912 1278 2981 quando
1334 2913 1657 2967 sententiam
1717 2914 1850 2966 tales
1913 2929 2090 2968 causae

516 3003 848 3071 suscipiunt,
891 3013 945 3056 et
995 3003 1060 3056 ad
1109 3002 1288 3057 sedem
1345 3004 1692 3072 apostolicam
1753 3004 2086 3073 appellatur,

518 3107 699 3146 nonne
754 3101 807 3146 et
841 3107 1070 3161 persona
1114 3108 1232 3161 qum
1268 3091 1540 3161 judicatur
1566 3134 1578 3157 ,
1614 3109 1850 3163 priesens
1875 3102 1983 3158 est;
2033 3102 2087 3148 et

519 3183 914 3243 districtis-sime
937 3193 1098 3253 atque
1121 3183 1188 3237 ab
1209 3184 1352 3238 ornni
1383 3183 1552 3238 latere
1580 3185 1778 3239 veritas
1808 3185 2085 3253 quaeritur,

515 3282 577 3326 ut
624 3281 750 3327 tunc
793 3273 836 3326 si
883 3274 1072 3328 debeat
1113 3288 1331 3327 manere
1383 3274 1675 3336 sententia,
1729 3275 2090 3328 decernatur?

520 3360 738 3417 Necnon
771 3370 825 3415 ct
851 3362 893 3415 si
921 3363 1208 3431 praedictus
1236 3363 1517 3432 episcopus
1549 3363 1612 3415 ad
1644 3364 1823 3418 sedem
1871 3373 2089 3432 aposto-

520 3451 677 3506 licam
715 3451 980 3521 appcllare
1028 3451 1286 3517 voluerit,
1329 3466 1484 3505 causa
1548 3453 1714 3520 ipsius
1760 3454 1982 3507 interius
2036 3461 2089 3505 et

521 3557 644 3596 cum
669 3543 817 3598 omni
846 3543 1120 3613 diligentia
1149 3551 1230 3596 est
1256 3545 1659 3611 perscrutanda.
1691 3544 1756 3598 Et
1784 3544 1900 3599 illeo
1939 3554 2088 3614 post-

518 3647 678 3702 quam
717 3641 773 3687 ct
824 3649 1048 3702 persona
1080 3633 1273 3688 absens
1301 3644 1418 3699 est,
1445 3642 1495 3686 et
1539 3642 1685 3701 gesta
1716 3650 1836 3703 qua:
1875 3636 1940 3688 ad
1991 3649 2090 3688 nos

520 3724 898 3789 transmisisti,
955 3725 1137 3790 nobis,
1173 3724 1309 3778 sicut
1366 3723 1570 3792 pr:cfati
1627 3737 1847 3789 sumus,
1901 3723 2088 3777 idonee

520 3813 837 3870 satisfacere
859 3830 963 3868 non
994 3813 1268 3878 videntur,
1301 3823 1502 3868 temere
1528 3813 1728 3882 aliquid
1758 3813 1824 3868 de
1852 3813 2085 3882 episcopi

521 3921 752 3974 persona
802 3908 1092 3960 decernere
1147 3921 1250 3958 non
1306 3905 1592 3964 debemus.
1624 3919 1721 3961 nec
1771 3920 2082 3974 possumus,

523 4012 588 4050 nc
618 3996 780 4067 (quod
819 3997 1012 4067 absit!)
1047 3995 1492 4066 reprchcnsibiles
1531 3996 1870 4051 inveniamur
1899 3996 1950 4049 in
1994 4010 2088 4048 no-

517 4088 672 4153 stris,
714 4087 906 4158 quibus
929 4087 1153 4143 aliorum
1199 4087 1320 4156 jure
1346 4087 1599 4156 competit
1634 4095 1927 4142 rctraclarc
1966 4101 2086 4140 sen-

512 4179 728 4234 tentias.
769 4198 788 4229 ι

585 4269 749 4332 ltem,
791 4268 856 4323 de
903 4270 1153 4338 episc0po
1213 4284 1371 4338 quem
1427 4268 1731 4338 redarguit,
1784 4267 1924 4336 quod
1977 4282 2082 4320 non

512 4359 674 4414 utiles
692 4359 838 4414 viros
862 4360 913 4412 in
938 4375 1152 4414 causam
1185 4375 1337 4414 suam
1372 4360 1608 4424 miserit,
1638 4367 1689 4413 et
1723 4358 1865 4428 quod
1897 4373 2088 4414 sacra-.

512 4457 695 4504 mento
724 4449 964 4517 prmstito
985 4449 1036 4502 in
1078 4451 1303 4518 gratiam
1331 4449 1512 4502 rediit.

577 4537 884 4595 Gneconws
937 4537 1435 4606 Mnranepiscopo
1483 4536 1792 4592 Salonitano
1849 4537 1965 4606 (lib.
2019 4553 2080 4602 ll,

509 4643 594 4698 ep.
654 4628 782 4697 13):
829 4647 858 4686 ι,
883 4627 999 4679 Alia
1051 4626 1267 4694 quidem
1318 4627 1516 4694 scripta
1570 4627 1636 4680 ad
1687 4626 2078 4681 fraternitatem

507 4731 658 4774 tuam
698 4727 853 4772 antea
880 4717 1212 4781 feceramus,
1243 4717 1336 4772 sed
1365 4726 1418 4770 et
1446 4715 1684 4786 tempore
1707 4733 1812 4785 quo
1833 4717 2080 4772 homines

507 4817 655 4870 tuos,
685 4822 824 4875 quos
848 4807 912 4860 ad
953 4822 1050 4861 nos
1088 4807 1308 4871 misisti,
1335 4807 1579 4860 relaxare
1617 4807 1912 4871 voluimus,
1944 4807 2078 4861 scri-

505 4899 678 4968 psi‘sse
717 4908 768 4953 te
801 4900 1118 4968 quibusdam
1160 4901 1360 4955 nostris
1385 4901 1657 4970 comperio
1678 4941 1693 4965 ,
1725 4901 1866 4970 quod
1915 4901 2075 4956 Vete-

505 5005 696 5044 ranum
751 4989 1154 5061 presbyterum,
1205 4999 1363 5059 atque
1422 4990 1673 5061 Optatum
1738 4990 2074 5046 defensorem

502 5086 632 5132 tunc
664 5079 879 5132 minimc
909 5079 959 5132 in
988 5094 1148 5134 causa
1177 5081 1616 5145 transmiseritis;
1645 5089 1699 5134 et
1752 5080 1955 5134 idcirco
2009 5095 2072 5133 ea

503 5181 624 5200 num
649 5183 767 5202 nuru
801 5169 927 5202 ἷηοῖο
953 5180 1068 5204 ηηιη
1099 5179 1220 5204 cnnl
1269 5186 1372 5206 nnn
1401 5170 1598 5206 (Inltorn
1625 5169 1930 5208 cnlxciclm‘n.

2200 1920 2252 1963 et
2285 1910 2350 1963 de
2379 1910 2737 1965 inobedientia
2783 1927 2874 1966 sua
2927 1912 3330 1980 ptenitentiam,
3366 1913 3512 1968 sicut
3564 1913 3768 1982 deputa-

2198 1999 2404 2063 vimus,
2445 2001 2645 2070 egerit:
2688 2001 2932 2056 volumus
2959 2009 3039 2065 ut,
3076 2002 3142 2055 ad
3196 2002 3585 2057 consolandum
3637 2017 3766 2066 eum,

2196 2089 2476 2158 epistolam
2525 2106 2684 2160 quam
2740 2091 2806 2145 ad
2846 2107 2968 2146 eum
2992 2091 3336 2162 scripsimus,
3362 2093 3455 2146 ubi
3485 2093 3536 2146 ei
3564 2100 3616 2148 et
3660 2108 3767 2162 gra-

2199 2181 2328 2234 tiam
2361 2189 2601 2236 nostram
2641 2190 2695 2235 et
2724 2181 3158 2236 communionem
3185 2197 3284 2236 nos
3312 2181 3582 2236 redidisse
3606 2181 3766 2248 signa-

2196 2268 2402 2334 vimus,
2432 2269 2768 2338 experientia
2801 2279 2889 2323 tua
2937 2269 3067 2325 dare
3108 2269 3328 2336 debeat;
3357 2271 3487 2339 quia
3547 2270 3681 2324 sicut
3721 2270 3764 2322 in

2195 2360 2536 2414 contumacia
2563 2360 2976 2429 persistentibus
3000 2375 3218 2417 severos
3243 2376 3362 2416 esse
3387 2376 3488 2415 nos
3506 2361 3763 2425 convenit,

2193 2451 2273 2506 sic
2299 2453 2491 2506 iterum
2523 2452 2817 2507 bumiliatis
2843 2461 2899 2506 et
2938 2454 3329 2522 pmnitentibus
3368 2469 3572 2524 negare
3605 2453 3770 2511 locum.

2196 2541 2363 2595 venia:
2390 2557 2492 2596 non
2523 2540 2801 2596 debemus.
2835 2561 2854 2594 ι

2263 2631 2490 2698 Quidam
2521 2631 2802 2701 episcopus
2829 2645 2924 2702 per
2973 2637 3370 2686 sacramentum
3425 2631 3677 2700 purgavit
3709 2647 3759 2685 se

2191 2719 2419 2774 crimine
2451 2729 2578 2774 ante
2604 2735 2801 2790 corpus
2855 2721 2995 2774 beati
3025 2721 3192 2802 ljetri.
3240 2719 3554 2775 GREGOBIUS
3577 2721 3640 2773 ad
3683 2718 3763 2776 Ju-

2191 2825 2478 2865 s'rtxtittvntt
2533 2810 2649 2881 [al.,
2692 2809 2978 2882 Jus'ruvuuj
3021 2810 3134 2880 (lib.
3185 2826 3246 2876 tt,
3293 2825 3380 2880 ep.
3412 2811 3506 2879 23)
3539 2827 3553 2865 :
3592 2829 3611 2864 ι
3644 2809 3760 2864 Pro—

2191 2901 2366 2971 prium
2397 2903 2500 2957 hoc
2521 2902 2683 2956 habet
2713 2902 2916 2971 antiqui
2968 2902 3141 2957 hostis
3171 2901 3404 2967 invidia,
3431 2909 3494 2955 ut
3545 2916 3675 2970 quos
3715 2902 3762 2954 in

2189 3008 2478 3062 pravorum
2506 2993 2904 3062 perpetratione
2933 2993 3042 3047 Deo
3067 2992 3169 3046 sibi
3200 2992 3490 3047 resistente
3532 2990 3766 3060 decipere

2193 3099 2300 3137 non
2329 3083 2502 3148 valet,
2529 3083 2808 3152 Opinioues
2831 3098 3016 3137 eorum
3055 3083 3187 3138 falsa
3213 3084 3279 3138 ad
3310 3097 3556 3152 prmsens
3604 3083 3760 3138 simne

2114 3151 2163 3216 ο
2196 3175 2355 3229 laudo
2409 3175 2687 3229 dilaceret.
2739 3175 3002 3240 Quoniam
3062 3174 3223 3244 igitur
3277 3151 3549 3243 quadam,
3591 3183 3757 3228 contra

2193 3266 2523 3321 sacerdotale
2539 3266 2901 3335 pr0positum,
2926 3266 2992 3320 dc
3018 3263 3196 3320 Leone
3213 3264 3378 3319 fratre
3389 3273 3443 3319 et
3456 3265 3762 3335 coepiscopo

2197 3369 2312 3410 nos:
2325 3372 2382 3410 ro
2426 3357 2646 3410 sinister
2675 3371 2857 3410 rumor
2878 3363 3210 3425 asperserat,
3238 3364 3575 3408 utrum-vera
3599 3362 3760 3409 essent

2195 3448 2442 3502 districta
2473 3447 2676 3501 diutius
2704 3446 2932 3500 fecimus
2968 3445 3316 3514 inquisitione
3347 3445 3686 3514 perquirere;
3711 3451 3762 3496 et

2193 3540 2394 3593 nullam
2425 3541 2476 3593 in
2497 3539 2664 3603 co,de
2688 3539 2772 3591 his
2795 3553 2914 3606 qua:
2940 3537 3082 3591 dicta
3112 3536 3352 3599 fuerant,
3375 3535 3593 3605 culpam
3626 3534 3756 3589 inve-

2193 3629 2389 3682 nimus.
2419 3628 2523 3682 Sed
2547 3643 2614 3681 ne
2643 3628 2769 3695 quid
2798 3627 3068 3680 videretur
3097 3625 3355 3680 omissum
3374 3665 3389 3690 ,
3413 3624 3562 3694 quod
3589 3634 3756 3678 nostro

2191 3718 2455 3787 potuisset
2507 3717 2653 3771 cordi
2691 3715 2909 3770 dubium
2960 3729 3270 3778 remanere,
3321 3720 3390 3767 ad
3435 3713 3581 3768 beati
3630 3710 3754 3765 Petri

2192 3807 2618 3863 sacratissimum
2649 3821 2842 3875 corpus
2879 3805 3107 3859 fecimus
3139 3813 3474 3858 sacramenta
3508 3803 3750 3872 praebere.

2190 3897 2394 3964 Quibus
2430 3897 2682 3968 przestitis
2730 3912 2922 3966 magna
2959 3911 3146 3950 sumus
3177 3893 3540 3948 exsultatione
3569 3891 3750 3964 gavisi,

2190 3990 2332 4058 quod
2372 3989 2672 4056 bujusmodi
2729 3988 3094 4057 experimento
3147 3986 3454 4041 innocentia
3503 3985 3620 4052 ejus
3651 3984 3751 4037 evi-

2191 4080 2381 4134 denter
2407 4078 2618 4133 enituit.
2659 4079 2762 4133 Pro
2796 4093 2900 4146 qua
2938 4093 2994 4132 re
3027 4077 3196 4148 gloria
3227 4085 3410 4131 vestra
3450 4075 3751 4145 przedicturn

2188 4169 2363 4223 virum
2409 4183 2530 4224 cum
2579 4167 2725 4222 omni
2763 4168 3028 4222 charitate
3071 4166 3369 4235 suscipiat,
3405 4180 3472 4219 ac
3522 4179 3751 4220 reveren-

2188 4260 2317 4312 tiam
2373 4258 2453 4321 ci,
2488 4257 2702 4327 qualem
2760 4257 3026 4312 sacerdoti
3086 4258 3269 4320 decet,
3333 4256 3630 4311 exhibeat:
3667 4267 3751 4308 nec

2191 4348 2435 4417 qumdam
2471 4347 2620 4401 cordi
2655 4355 2936 4400 remaneat
2968 4345 3035 4399 de
3061 4345 3177 4410 his,
3210 4360 3328 4414 quae
3353 4353 3582 4414 purgata
3611 4352 3748 4405 sunt,

2187 4438 2457 4502 dubietas;
2489 4437 2582 4491 sed
2621 4437 2693 4490 ita
2720 4436 3084 4505 suprascripto
3118 4451 3214 4490 vos
3255 4435 3508 4505 episcopo
3533 4433 3747 4488 devotis-

2111 4495 2161 4555 θ
2188 4528 2322 4582 sime
2362 4534 2573 4594 oportet
2608 4526 2886 4580 adhmrere
2924 4526 2978 4579 in
3023 4525 3295 4589 omnibus,
3326 4532 3382 4576 ut
3414 4537 3650 4594 congrue
3670 4522 3750 4575 de-

2186 4626 2479 4684 centerque
2511 4616 2677 4671 Deum
2710 4615 2761 4668 in
2801 4615 2919 4683 ejus
2956 4628 3186 4684 persona
3241 4614 3567 4678 videamini,
3613 4611 3748 4683 cujus

2188 4709 2434 4762 minister
2461 4717 2543 4763 est
2567 4748 2583 4774 ,
2614 4708 2904 4763 honorare.
2942 4725 2962 4758 ι

2190 4817 2349 4885 XLV.
2377 4848 2448 4860 --
2474 4817 2552 4872 De
2607 4817 2858 4888 episwpis
2895 4817 2951 4870 in
2974 4815 3238 4897 judicium
3281 4816 3563 4870 testimonii
3605 4828 3748 4868 causa

2849 4897 3094 4942 evocans.

2254 4979 2331 5033 Ex
2367 4977 2750 5033 constitutione
2776 4991 2895 5044 cap.
2933 4977 2968 5031 9
3007 4997 3020 5030 ι
3061 4993 3078 5026 ί
3124 4975 3314 5031 Nullus
3337 4975 3622 5045 episcopus
3663 4987 3743 5027 co-

2183 5080 2341 5139 gatur
2367 5071 2432 5124 ad
2457 5069 2717 5138 judicium
2753 5070 2938 5125 venire
2972 5069 3180 5123 dicendi
3231 5069 3524 5123 testimonii
3567 5078 3740 5124 causa.

2182 5165 2275 5210 sed
2324 5162 2484 5210 iudex
2517 5162 2583 5210 ad
2611 5163 2923 5210 enisnnnnm
2953 5160 3135 5210 mittat
3182 5160 3465 5210 ministros
3493 5173 3639 5210 suos.
3662 5161 3740 5210 ut.
