3944 5414
163 363 242 417 ῢθξ

1357 370 1735 427 COLLECTIO
1781 373 2131 432 CANONUM.

3263 387 3367 444 506

164 479 343 536 civilem
372 479 484 533 sive
519 480 802 534 militarem
823 521 837 545 ,
863 481 1189 548 perlucatur
1224 483 1302 536 vel
1333 487 1650 538 cxbibeatnr
1679 524 1693 548 ,
1727 490 1771 545 Α
1803 503 2000 544 ramus.
2039 511 2057 543 ι
2091 491 2254 560 Cujus
2286 493 2361 547 rei
2401 494 2701 564 exemplum
2748 496 2889 551 idern
2943 497 3133 554 doctor
3179 504 3367 560 subin-

163 571 246 625 nisi
271 570 552 638 imperialis
582 569 754 637 jussio
781 574 1118 640 prece-serit.
1177 573 1514 644 Magistratus
1559 578 1702 630 enim

163 661 234 729 qui
258 660 350 714 hoc
377 661 568 730 julrere
597 678 760 715 ausus
785 661 942 716 fuerit
963 705 976 726 ,
1008 665 1294 718 amiSsioae
1331 667 1524 736 ciuguli
1556 678 1608 721 ει
1637 684 1702 721 xx

164 753 394 806 librarum
449 753 567 806 auri
622 755 1070 809 eondcmnatiouc
1119 756 1421 826 plectatur,
1478 768 1534 811 nt
1591 761 1705 813 ista:

163 857 219 894 xx
243 841 377 894 librae
415 843 658 896 ecclesia:
714 844 1031 897 addicantur
1071 847 1222 915 cujus
1264 848 1545 916 cpiscopus
1584 864 1702 917 pro-

162 932 264 986 duci
285 931 362 984 vel
387 933 634 986 exhiberi
679 933 862 1001 jussus
901 944 1002 988 est.
1043 935 1176 989 Litis
1213 947 1388 990 autem
1420 948 1706 991 exsecutor

160 1031 259 1093 post
299 1023 488 1091 cinguli
525 1025 868 1079 amissionem
930 1029 1213 1082 tormentis
1265 1018 1611 1096 subjiciat-ur,
1652 1037 1704 1083 ct

163 1115 205 1167 in
229 1112 459 1168 exsilium
488 1115 755 1167 mittatur.
804 1136 820 1167 ›

160 1217 334 1274 XLVII.
357 1251 424 1258 —
453 1221 529 1274 De
551 1223 631 1274 his
669 1224 756 1292 qui
800 1237 978 1278 contra
1016 1227 1306 1295 epicoyutn
1345 1226 1530 1279 Ιιίιί-εηι
1581 1243 1703 1278 can-

847 1312 976 1348 sunt.

217 1382 329 1452 Cap.
366 1382 475 1436 ὅτε
537 1402 555 1434 ι
593 1383 650 1438 Si
693 1384 917 1439 clericus
959 1387 1038 1440 vel
1081 1387 1126 1441 si
1173 1388 1293 1457 quis
1345 1388 1480 1442 alius
1514 1397 1699 1442 contra

161 1475 432 1542 episcopum
493 1484 716 1544 propter
768 1476 1194 1545 qualemcunque
1247 1493 1466 1532 causam
1525 1479 1698 1532 audiri

163 1563 407 1628 maluerit,
458 1566 612 1631 prius
665 1566 1108 1635 n‘tetropolitanus
1158 1581 1343 1620 eorum
1403 1569 1697 1622 secundum

163 1663 346 1706 sanctas
377 1656 588 1722 regulas
615 1665 669 1708 ct
699 1667 910 1710 nosn'as
942 1658 1082 1726 leges
1110 1656 1398 1720 discernat;
1430 1667 1484 1711 et
1505 1658 1548 1712 si
1577 1658 1698 1726 quis

160 1741 372 1810 iudicatis
395 1746 822 1809 contradixerit,
854 1748 918 1799 ad
955 1747 1314 1815 patriarcbam
1345 1747 1487 1801 illius
1524 1749 1699 1818 regio-

162 1832 230 1884 nis
253 1846 326 1884 res
350 1831 615 1886 referatur
640 1875 653 1898 ,
682 1845 735 1888 et
765 1835 848 1888 ille
872 1834 1162 1889 secundum
1189 1851 1424 1890 canones
1449 1847 1502 1890 et
1525 1836 1693 1906 legem
1728 1823 1768 1880 Β

164 1920 294 1974 ﬁnem
337 1923 382 1976 ei
426 1925 683 1989 praebeat.
715 1923 770 1978 Si
801 1934 983 1978 contra
1033 1925 1499 1994 metropolitanum
1547 1927 1694 1982 adire

163 2013 389 2082 quispiam
418 2014 578 2082 velit,
611 2016 842 2082 regionis
879 2016 1018 2068 illius
1068 2016 1375 2084 patriarcha
1418 2017 1695 2071 discernat

163 2102 416 2168 negotium.
443 2102 761 2172 Quicunque
792 2105 1072 2174 episcopus
1121 2106 1259 2174 apud
1289 2109 1532 2174 quemvis
1553 2108 1695 2176 judi-

163 2205 257 2244 cem
275 2201 584 2257 accusatur,
615 2195 832 2248 omnino
873 2194 1070 2247 nullam
1097 2193 1492 2261 titlejussionem
1523 2213 1699 2284 neque

165 2283 537 2350 promissionem
590 2299 687 2352 pro
735 2285 902 2354 litigio
954 2284 1130 2340 facere
1187 2288 1570 2357 compellatur,
1619 2283 1698 2345 sie

165 2382 313 2426 tamen
355 2383 410 2427 nt
450 2391 675 2444 operam
707 2378 794 2432 det
819 2377 1148 2433 iutensiones
1175 2391 1223 2432 et
1256 2396 1449 2436 causas
1499 2383 1698 2436 actoris

164 2461 438 2518 dissolvere.
474 2485 491 2516 ι

339 2553 566 2609 ΧΙΝΗΙ.
596 2588 664 2596 -
695 2557 766 2612 De
801 2561 1105 2616 testimoniis
1155 2563 1484 2617 clericorum.

218 2639 330 2710 Cap.
355 2643 440 2697 55.
479 2663 495 2694 ι
541 2646 828 2717 Presbyter
858 2659 911 2702 ct
942 2651 1199 2706 diaconus
1246 2653 1296 2705 in
1327 2668 1489 2708 causa
1539 2668 1700 2723 pecu-

171 2731 308 2784 niaria
336 2733 375 2787 si
402 2734 601 2789 falsum
633 2738 990 2793 testimonium
1019 2741 1277 2805 dixerint,
1309 2743 1360 2796 in
1417 2745 1700 2800 tormentis

165 2837 247 2881 non
289 2825 670 2895 subiiciantur,
701 2830 792 2883 sed
826 2846 920 2900 per
967 2843 1075 2886 tres
1104 2849 1273 2888 annos
1311 2844 1629 2903 separentur
1668 2850 1698 2888 a

164 2914 313 2971 divino
358 2920 693 2986 ministerio,
725 2931 778 2976 et
831 2925 1156 2978 monasterio
1225 2927 1524 2979 tradantur.
1595 2926 1700 2979 Pro

165 3005 494 3063 criminalibus
542 3012 718 3065 causis
746 3012 787 3066 si
817 3010 1003 3066 falsum
1033 3014 1396 3070 testimonium
1427 3016 1696 3078 dixerint,

164 3092 407 3151 clericatus
442 3099 650 3154 honore
677 3101 857 3155 nudati
901 3102 1151 3171 legitimis
1191 3106 1366 3174 poenis
1400 3104 1694 3174 subiician-

167 3191 250 3239 tur.
287 3185 462 3244 C;e:eri
514 3201 694 3245 autem
755 3194 805 3247 in
852 3195 1056 3250 minore
1112 3198 1279 3265 gradu
1327 3199 1541 3268 clerici,
1594 3216 1692 3268 pro

165 3286 436 3348 quocunque
490 3281 633 3336 falso
694 3285 1044 3350 testimonio,
1093 3289 1280 3342 ordine
1329 3290 1691 3347 ecclesiastico

167 3361 352 3424 nudati,
400 3366 657 3435 legitimis
715 3374 1130 3428 coercitionibus
1194 3378 1568 3448 subjiciuntur.
1634 3380 1691 3434 Si

169 3453 264 3520 quis
300 3469 476 3513 contra
517 3462 811 3528 clericum,
845 3467 926 3520 vel
977 3471 1328 3535 monachum,
1376 3473 1460 3527 vel
1513 3473 1692 3528 diaco-

167 3540 358 3610 nissam,
387 3550 465 3602 vel
513 3555 923 3620 monasterium,
972 3557 1050 3609 vel
1097 3559 1692 3616 archisteriumbabeat

166 3632 356 3702 aliquam
376 3641 668 3705 actionem,
698 3645 854 3698 adeat
889 3646 1036 3715 ptius
1080 3648 1538 3719 religiosissimum
1579 3653 1693 3721 epi-

167 3734 377 3790 S'opum,
415 3731 494 3782 cui
524 3746 713 3785 eorum
753 3737 1119 3806 unusquisque
1142 3739 1411 3808 subjectus
1440 3751 1526 3794 est
1565 3759 1576 3794 :
1604 3743 1690 3797 ille

167 3822 311 3865 autem
345 3831 446 3870 rem
470 3820 522 3872 in
556 3821 702 3888 ipsos
731 3822 1003 3877 decernat.
1039 3826 1190 3892 Quod
1224 3829 1268 3880 si
1301 3845 1437 3883 unus
1459 3844 1524 3883 ex
1576 3831 1689 3884 liti-

167 3903 398 3988 gatoribus
451 3909 840 3964 contradixerit
881 3913 1168 3982 judicatis,
1217 3926 1271 3970 et
1310 3933 1378 3971 ex
1427 3919 1688 3988 imperiali

168 3987 231 4038 vel
253 3989 469 4058 iudiciali
503 3999 746 4066 jussione
779 4003 1062 4071 episcopus
1094 4006 1304 4072 videat,
1335 4008 1402 4060 ad
1461 4010 1690 4078 impera—

171 4082 303 4131 torem
331 4083 654 4150 veljudieem
679 4091 764 4158 qui
792 4088 972 4158 jussit,
1005 4092 1286 4149 referatur.
1315 4097 1368 4149 Si
1401 4097 1466 4151 de
1487 4099 1690 4166 judicio

170 4167 488 4233 ecclesiastico
544 4180 682 4234 idem
732 4185 988 4238 canonica
1038 4202 1198 4241 causa
1249 4190 1552 4253 etnerserit,
1584 4207 1688 4244 non

169 4263 508 4334 magistratus,
566 4272 656 4325 sed
711 4275 989 4344 religiosus
1041 4281 1325 4348 episcopus
1395 4282 1690 4335 secundum

169 4360 317 4442 factos
338 4371 564 4415 canones
591 4363 827 4432 imponat
853 4370 1062 4436 negotio
1100 4371 1278 4425 liuent.
1315 4391 1334 4423 ι

170 4433 318 4528 XLlX.
344 4476 408 4485 ——
439 4448 702 4513 Quantum
749 4457 908 4523 prosit
926 4433 1173 4528 vl'requens
1198 4461 1390 4514 oblatio
1419 4462 1685 4527 sacriﬁcii.

222 4527 478 4602 Gregorius
506 4539 557 4592 in
582 4541 791 4596 ltomilia
817 4546 882 4599 57
916 4547 1324 4618 Evangeliorutn
1355 4570 1368 4605 :
1402 4572 1418 4602 ι
1438 4553 1689 4620 Pensale,

171 4612 357 4709 iratres,
382 4642 535 4694 quant
567 4631 849 4701 benignum
873 4636 967 4700 sit,
994 4639 1132 4704 quod
1159 4639 1202 4692 is
1231 4640 1320 4709 qui
1345 4641 1571 4695 adventu
1595 4658 1694 4698 suo

170 4703 280 4760 ιιιΙει
325 4717 645 4783 opprimere,
679 4724 848 4778 tardat
879 4703 1081 4780 venire.
1110 4703 1382 4784 Mittamus
1431 4733 1498 4786 ad
1547 4734 1694 4789 hunc

171 4790 442 4885 legationem
484 4819 698 4866 notram
721 4813 911 4882 ﬂendo,
939 4819 1245 4885 tribuendo,
1270 4838 1456 4877 sacras
1489 4825 1692 4880 hostias

172 4883 415 4945 ollerendo.
466 4897 814 4968 Singttlat'iter
870 4922 1100 4975 namque
1169 4883 1240 4962 ad?
1298 4913 1690 4970 absolutionem

175 4986 394 5072 Nostram,
421 4986 594 5041 oblata
624 5006 740 5044 cum
773 4994 1022 5067 lacrymis
1048 5007 1100 5052 et
1124 5000 1445 5069 benignitate
1470 5005 1683 5072 mentis,

174 5068 282 5121 sacri
306 5071 474 5130 altaris
501 5079 675 5135 hostia
727 5086 1078 5156 suffragatur,
1111 5090 1233 5157 quia
1261 5068 1333 5146 iis
1387 5095 1476 5164 qui
1532 5095 1583 5147 in
1628 5068 1686 5150 se

173 5167 414 5252 _5“"80tlsa
463 5172 688 5226 mortuis
735 5174 844 5242 jam
900 5194 1010 5232 non
1052 5180 1307 5246 moritur,
1363 5185 1539 5238 adhuc
1589 5201 1687 5252 per

173 5242 282 5294 hanc.
299 5251 344 5294 in
372 5271 462 5294 cum
490 5267 737 5294 ΜυοΙΛ-ἶη
765 5285 856 5294 κ...-
891 5270 1046 5294 “ALL.
1073 5271 1258 5294 :-......---
1293 5291 1314 5294 _
1335 5276 1417 5294 -.-.
1447 5291 1456 5293 μ
1481 5291 1491 5294 -
1552 5275 1576 5294 ιι

1119 5285 1205 5294 Α...-

1809 580 1958 646 tulit,
1987 596 2106 635 cum
2150 584 2214 638 de
2239 584 2466 652 quodam
2497 586 2546 640 in
2575 589 2884 658 captivitate
2927 591 3138 656 vincto,
3162 595 3372 662 quoties

1806 669 2120 736 solveretur,
2147 674 2431 741 expressit.
2466 675 2608 744 Ejus,
2643 678 2830 747 inquit,
2851 695 3006 745 uxor,
3030 694 3224 751 putans
3247 699 3370 739 eum

1805 775 1926 815 esse
1971 771 2273 828 mortuum,
2303 765 2525 836 singulis
2557 768 2977 826 hebdomadibus
3002 787 3098 840 pro
3129 789 3194 828 eo
3239 774 3372 828 olfe-

1807 853 1960 907 rebat
2003 855 2360 920 sacriﬁcium;
2419 865 2514 923 et,
2571 868 2631 912 ιιι
2683 861 2795 928 ipse
2850 862 3064 917 domum
3121 880 3373 921 reversus

1807 942 2143 1010 postmodum
2190 946 2433 1015 agnovit,
2480 948 2637 1001 toties
2679 950 2989 1005 solvebatur
3025 954 3236 1022 quoties
3272 968 3373 1026 pro

1806 1031 1920 1101 ipso
1950 1031 2198 1086 salutaris
2226 1033 2400 1088 hostia
2428 1035 2770 1089 offerebatur.
2815 1057 2833 1089 ι

2248 1121 2310 1175 L.
2339 1153 2407 1162 —
2438 1122 2514 1176 De
2542 1125 2902 1180 militantibus.

1873 1211 2225 1280 Augustinus,
2250 1213 2314 1267 de
2337 1213 2516 1267 verbis
2545 1213 2775 1280 Domini,
2798 1218 3014 1273 homilia
3046 1219 3106 1273 l9
3131 1238 3141 1272 :
3174 1238 3192 1270 ι
3231 1219 3368 1276 Mili-

1805 1309 1917 1355 tare
1942 1316 2045 1356 non
2075 1312 2156 1356 est
2179 1302 2425 1357 delictum
2445 1343 2461 1367 ,
2492 1307 2582 1359 sed
2613 1315 2831 1376 propter
2858 1310 3089 1377 prazdam
3119 1311 3368 1379 militare,

1802 1399 2077 1459 peccatum
2111 1399 2209 1444 cst.
2236 1390 2345 1445 Nec
2377 1394 2755 1460 rempublicam
2793 1411 2979 1466 gerere
3021 1398 3374 1457 criminosum

1801 1488 1911 1544 est;
1944 1481 2034 1534 sed
2064 1481 2182 1534 ideo
2211 1495 2367 1551 agere
2389 1482 2772 1551 rempublicam
2817 1493 2873 1537 ut
2903 1499 3012 1538 rem
3053 1485 3372 1544 familiarem

1801 1571 1982 1638 potius
2020 1585 2247 1640 augeas,
2278 1571 2491 1624 videtur
2538 1585 2655 1626 esse
2708 1574 3031 1628 damnabile.
3086 1575 3374 1645 Propterea

1800 1669 1978 1714 autem
2004 1661 2338 1729 prot'identia
2369 1661 2601 1730 quadam
2633 1662 2983 1717 militantibus
3008 1674 3131 1718 sunt
3171 1666 3374 1735 stipen-

1801 1753 1886 1807 dia
1931 1753 2253 1818 constituta,
2282 1769 2368 1818 ne,
2393 1755 2518 1808 dum
2557 1765 2801 1826 sumptus
2848 1759 3136 1826 quaeritur,
3188 1761 3369 1828 przeda

1797 1852 2090 1912 grassetur.
2111 1841 2240 1896 Illud
2260 1851 2438 1896 autem
2467 1843 2848 1916 qualeest,[si]
2877 1862 2998 1900 cum
3029 1848 3097 1901 ob
3123 1862 3366 1902 errorem

1795 1934 2027 2003 aliquem
2059 1950 2088 1986 a
2119 1935 2420 1989 senioribus
2445 1943 2770 2005 arguuntur,
2794 1945 2849 1990 et
2880 1937 3174 2005 imputatur
3199 1937 3368 1992 alicui

1796 2026 1860 2080 de
1897 2027 1998 2081 illis
2043 2044 2140 2082 cur
2169 2028 2353 2082 ebrius
2400 2027 2589 2092 fuerit,
2623 2045 2720 2084 cur
2753 2045 2838 2084 res
2866 2031 3072 2086 alienas
3117 2047 3371 2101 pervase-

1797 2114 1896 2178 rit,
1931 2116 2131 2170 caedem
2163 2132 2260 2170 cur
2307 2117 2644 2176 turbulentus
2703 2119 3022 2186 admiserit,
3061 2124 3240 2174 statim
3291 2136 3380 2178 re-

1800 2204 2109 2273 spondeat:
2143 2204 2278 2273 Quid
2331 2207 2602 2262 habebant
2654 2207 2836 2265 facere
2891 2211 3050 2265 homo
3104 2211 3378 2268 saecularis

1798 2304 1849 2349 et
1887 2296 2039 2351 miles
2085 2296 2104 2349 ?
2141 2296 2392 2366 Nunquid
2431 2297 2750 2352 monachum
2781 2314 2899 2353 sum
2951 2299 3223 2368 professus
3283 2309 3378 2355 aut

1796 2386 2094 2440 clericum?
2124 2388 2289 2455 Quasi
2342 2389 2522 2443 omnis
2568 2389 2659 2458 qui
2709 2388 2938 2444 clericus
2995 2405 3099 2443 non
3153 2398 3238 2444 est
3278 2399 3370 2442 aut

1799 2477 2123 2541 monachus,
2150 2478 2324 2546 possit
2359 2477 2407 2532 ei
2439 2478 2602 2533 licere
2627 2478 2768 2548 quod
2801 2494 2906 2532 non
2941 2479 3084 2533 licet.
3122 2498 3141 2531 ι

2170 2566 2251 2620 ιιι.
2276 2597 2346 2608 -
2373 2566 2449 2620 De
2471 2567 2738 2637 stipendiis
2762 2567 3003 2620 militum.

1875 2675 1893 2707 ι
1919 2653 2123 2711 Dicitur
2159 2655 2452 2710 secundum
2492 2655 2874 2724 Evangelium:
2905 2655 3380 2724 lnterrogaverunt

1799 2744 2060 2800 Joannem
2089 2755 2142 2800 et
2178 2745 2413 2800 milites:
2448 2745 2588 2810 Quid
2609 2745 2862 2815 faciemus
2901 2755 2948 2798 et
2977 2746 3118 2800 nos?
3155 2746 3229 2800 ait
3270 2744 3378 2800 illis

1798 2834 2034 2889 Joannes
2083 2850 2096 2886 :
2159 2834 2434 2888 Neminem
2487 2835 2826 2900 concutiatis,
2858 2852 3018 2905 neque
3057 2835 3377 2888 calumniam

1799 2924 2041 2993 faciatis,
2072 2924 2161 2978 sed
2202 2925 2426 2977 contenti
2457 2933 2615 2977 estote
2665 2925 2934 2994 stipendiis
2988 2926 3171 2979 vestris
3219 2925 3373 2995 (Luc.

1801 3039 1884 3088 ιιι,
1914 3022 2024 3092 li).
2067 3021 2168 3077 llic
2211 3021 2324 3092 jam
2357 3037 2682 3092 cognoscere
2720 3037 2779 3076 se
2814 3023 2971 3078 debet
3026 3023 3115 3092 qui
3161 3023 3374 3077 militat.

1800 3114 1916 3169 Non
1967 3116 2110 3180 enim
2169 3123 2377 3169 tantum
2434 3115 2500 3169 de
2547 3116 2631 3170 bis
2687 3115 3039 3170 militantibus
3099 3116 3378 3185 Scriptura

1797 3204 2057 3275 loquitur,
2089 3205 2182 3275 qtti
2209 3209 2417 3259 armata
2442 3206 2633 3259 militia
2663 3204 2992 3270 detinentur,
3017 3206 3109 3259 sed
3136 3206 3380 3274 quisquis

1793 3297 1999 3352 militiae
2051 3312 2164 3352 sua:
2231 3298 2448 3366 cingulo
2496 3297 2694 3362 utitur,
2742 3297 3017 3366 dignitatis
3068 3312 3179 3351 sua:
3227 3296 3380 3350 miles

1792 3385 2104 3440 aseribitur.
2153 3389 2329 3456 Atque
2363 3387 2476 3440 [nec
2526 3386 2796 3440 sententia
2843 3395 3021 3456 potest
3072 3386 3199 3451 diei,
3228 3386 3378 3441 verbi

1789 3474 1984 3546 gratia,
2026 3475 2312 3538 militibus,
2347 3476 2763 3544 protectoribus,
2805 3476 3122 3544 cunctisque
3152 3475 3378 3530 rectori-

1791 3568 1911 3622 bus.
1943 3567 2262 3636 Quieunque
2290 3567 2432 3620 enim
2478 3566 2744 3634 stipendia
2776 3566 2876 3619 sibi
2907 3566 3122 3634 publice
3155 3565 3372 3619 decreta

1792 3659 2176 3727 consequitur,
2217 3656 2260 3710 si
2294 3655 2523 3723 amplius
2543 3655 2767 3724 quierit,
2797 3663 3050 3723 tanquam
3080 3652 3380 3708 calumnia-

1793 3757 1878 3802 ιοπ
1932 3756 1986 3802 ει
2031 3763 2327 3803 CODCIISSOI'
2375 3745 2598 3801 Joannis
2652 3745 2916 3800 sententia
2965 3745 3374 3800 condemnatur.

1792 3837 1974 3906 Usque
2027 3840 2162 3892 adeo
2213 3847 2392 3891 autem
2448 3839 2551 3892 hoc
2605 3839 2852 3892 insolevit
2909 3838 3134 3902 tnalum,
3165 3846 3222 3890 ut
3263 3837 3379 3905 jam

1789 3928 1940 3996 quasi
1993 3945 2058 3982 ex
2102 3930 2490 3982 consuetudine
2546 3929 2849 3983 vendantur
2895 3929 3076 3997 leges,
3113 3943 3368 3982 corrum-

1793 4017 2151 4090 panturjura,
2181 4019 2446 4073 sententia
2480 4019 2591 4088 ipsa
2623 4020 2828 4074 venalis
2863 4020 2953 4084 sit,
2985 4027 3039 4072 et
3085 4018 3229 4072 nulla
3262 4018 3377 4089 jam

1792 4124 1952 4163 causa
1983 4110 2152 4179 possit
2190 4125 2310 4163 esse
2339 4111 2457 4164 sine
2487 4126 2672 4164 causa.
2712 4129 2730 4160 ι

1791 4198 1897 4252 Lll.
1920 4227 1990 4237 —-
2017 4198 2092 4252 De
2117 4198 2460 4253 militantibus
2512 4200 2712 4253 clericis
2735 4241 2748 4264 ,
2771 4209 2818 4253 et
2845 4217 3023 4254 eorum
3072 4201 3369 4270 stipendiis.

1869 4309 1887 4340 ι
1909 4289 2032 4344 Πωο
2074 4290 2338 4344 sententia
2360 4331 2374 4356 ,
2403 4306 2522 4360 qum
2564 4293 2629 4344 ad
2663 4293 2857 4345 milites
2888 4291 3152 4360 loquitur,
3201 4302 3378 4362 potest

1767 4380 1954 4435 ’etiam
1978 4381 2044 4434 ad
2071 4380 2298 4437 clericos
2328 4384 2653 4452 retorqueri,
2679 4384 2828 4452 quia,
2854 4383 3064 4436 etiamsi
3096 4399 3198 4438 non
3232 4384 3374 4436 mili-

1798 4480 1913 4526 tare
1962 4469 2244 4524 videantur
2295 4472 2526 4536 saeculo,
2571 4483 2747 4526 tamen
2786 4473 2896 4528 Deo
2923 4473 3191 4538 militant,
3233 4475 3376 4530 sicut

1796 4561 1870 4615 ait
1915 4562 2204 4632 Apostolus
2235 4580 2249 4616 :
2282 4560 2451 4618 Nemo
2481 4565 2712 4618 militans
2745 4564 2850 4618 Deo
2875 4564 3104 4633 implicat
3133 4582 3188 4618 se
3216 4582 3376 4634 nego-

1793 4653 1879 4707 tiis
1909 4653 2248 4708 swcularibus
2279 4653 2362 4725 (II
2407 4653 2541 4708 Tim.
2577 4670 2637 4719 tt,
2683 4656 2762 4724 4).
2822 4655 3094 4722 Videntur,
3132 4657 3376 4726 inquam,

1794 4763 1900 4801 non
1960 4748 2215 4812 militare,
2250 4747 2497 4801 remissis
2547 4763 2610 4802 ac
2665 4747 2956 4803 ﬂuentibus
3002 4748 3248 4803 tunicis:
3283 4749 3379 4802 sed

1795 4839 2056 4894 habemus
2096 4840 2299 4895 militite
2328 4851 2527 4894 nostra:
2555 4840 2856 4908 cingulum,
2888 4855 2993 4910 quo
3047 4839 3380 4893 castimonia}

1796 4933 2055 4988 interiora
2105 4935 2558 5005 constringamus.
2606 4933 2680 4986 De
2711 4949 2820 5002 quo
2873 4932 3084 5000 cingulo
3116 4930 3381 4985 Dominus

1795 5025 1872 5078 ait
1903 5043 1915 5078 :
1955 5024 2067 5079 Sint
2095 5025 2254 5077 lumbi
2279 5025 2431 5078 vestri
2474 5023 2764 5093 prwcincti,
2791 5033 2836 5076 et
2879 5021 3103 5074 lacerum
3138 5019 3378 5073 ardentes

1795 5116 1849 5168 in
1889 5115 2130 5168 manibus
2159 5115 2334 5168 vestris
2365 5112 2522 5182 (Luc.
2551 5128 2648 5177 xu,
2679 5113 2798 5183 35).
2832 5110 2964 5164 Nam
2994 5117 3049 5160 et
3075 5105 3385 5162 catholicus

1794 5205 2022 5260 clericus
2059 5205 2162 5259 bac
2201 5204 2470 5258 sententia
2511 5204 2796 5257 retinetur.
2827 5199 2883 5252 Si
2917 5197 3060 5250 enim
3095 5211 3206 5250 non
3253 5208 3385 5248 eou-
