3944 5414
177 279 271 336 509

1216 271 1377 328 VlTA
1413 272 1469 328 S.
1512 270 1863 328 EADMUNDI
1907 269 2105 325 REGIS
2141 266 2346 324 ANCL.

3297 257 3403 312 550

177 393 356 465 saepius
400 390 537 446 bello
564 387 834 453 lacessiti,
884 401 940 441 se
985 394 1038 440 et
1063 401 1188 439 suos
1239 384 1582 440 defensarent
1629 383 1732 437 for-
1761 397 1805 452 Α
1841 393 2006 435 talum
2039 391 2121 435 est
2166 379 2348 433 divino
2396 384 2560 438 nutu;
2613 372 2866 443 quoniam
2909 385 3044 440 puer
3091 377 3202 424 toto
3240 383 3403 426 t‘Ona-

177 489 326 550 liter;
357 483 429 540 illi
459 499 586 536 vero
625 481 847 550 ignavia:
873 492 1090 549 operam
1133 477 1323 530 dantes
1349 517 1362 538 ,
1386 477 1536 544 quasi
1564 473 1738 544 prole-

186 577 297 631 tari
344 575 406 628 ad
434 575 602 627 solam
642 573 968 640 voluptatem
1001 568 1144 621 domi
1194 567 1528 628 residerent,
1562 564 1642 618 fisi
1672 564 1736 617 de

179 668 361 721 invicta
411 663 734 717 fortitudine
785 659 1260 729 stipendiariorutn
1323 656 1551 710 militum
1602 669 1737 724 quos

179 757 267 812 sibi
319 756 722 814 conduxerant,
778 765 924 818 ipsos
979 749 1202 802 miseros
1252 746 1527 814 indigenas
1581 744 1738 798 domo

179 847 442 916 patriaque
520 846 721 914 pellere
775 841 1112 900 deliberant,
1159 849 1484 908 pactumque
1534 844 1652 889 est:
1684 844 1739 888 et

182 939 396 994 exclusis
427 935 736 990 Britonibus
785 942 1027 987 statuunt
1051 933 1189 985 inter
1219 943 1277 983 se
1306 927 1545 982 dividere
1569 927 1739 979 vieto-

182 1045 259 1084 res
279 1028 586 1097 alienigena:
634 1023 859 1079 insulam
888 1064 903 1087 ,
951 1022 1107 1077 bonis
1147 1020 1396 1073 omnibus
1423 1013 1740 1071 fecundissi-

182 1138 207 1173 t:
229 1135 342 1182 am;
393 1119 672 1186 indignum
718 1113 1024 1182 judicantcs
1059 1128 1176 1165 eam
1222 1111 1534 1179 ignavorum
1565 1104 1737 1159 domi-

181 1211 258 1264 nio
305 1207 570 1268 detineri,
626 1221 743 1274 qn;e
789 1201 852 1255 ad
910 1201 1274 1255 defensionem
1329 1214 1479 1252 Sllztll
1533 1193 1740 1249 idoneis

183 1317 274 1369 pos.
295 1309 347 1354 et
402 1297 642 1368 pra-bere
683 1293 1032 1348 sufﬁcientem
1086 1287 1391 1342 alimoniam
1441 1295 1494 1337 et
1523 1282 1742 1352 optimis

183 1390 316 1443 \it'is.
383 1387 498 1452 Qua
550 1385 830 1439 occasione
897 1379 1131 1442 inducti,
1188 1374 1504 1430 orientalem
1573 1372 1741 1441 ipsius

185 1477 353 1530 insula:
409 1485 614 1544 partem
638 1514 652 1538 ,
700 1487 818 1541 qua:
853 1485 1022 1538 usque
1055 1467 1211 1522 hodie
1237 1467 1414 1534 lingua
1445 1462 1739 1530 Anglorum

183 1566 447 1635 Eastcttgle
505 1573 745 1626 vocatur,
813 1561 1008 1614 sortito
1062 1558 1276 1612 nomine
1326 1555 1568 1608 Saxones
1616 1557 1742 1604 sunt

182 1658 370 1726 adepti,
401 1655 540 1710 Jatis
562 1666 614 1708 et
636 1652 817 1721 Anglis
846 1652 912 1704 ad
941 1651 1040 1703 alia
1069 1646 1409 1703 tendentibus
1429 1685 1443 1709 ,
1469 1645 1518 1698 in
1548 1643 1740 1711 quibus

1838 472 1981 525 mine
2029 470 2244 522 virtutis
2280 465 2510 534 arripuit
2542 463 2798 533 gradum,
2829 477 2988 530 quem
3020 461 3198 514 divina
3230 460 3404 530 pietas

1837 562 2154 633 pra-sciebat
2183 558 2442 628 martyrio
2471 555 2782 609 finiendum.

1905 651 1992 705 IV.
2032 648 2231 702 Nactus
2257 662 2386 700 vero
2425 645 2637 698 culmen
2678 642 2978 712 regiminis,
3004 649 3219 710 quanta:
3243 639 3406 695 fuerit

1838 741 1888 796 in
1926 737 2193 804 subjectos
2221 734 2596 802 benignitatis,
2631 741 2844 800 quanta:
2893 732 2946 784 itt
2982 745 3266 800 perversos
3294 729 3407 784 dis-

1840 831 2149 894 tinctionis;
2184 843 2288 883 non
2325 837 2407 882 cst
2443 834 2640 880 nostrzr
2682 825 2956 879 facultatis
3000 824 3279 888 evolvere,
3311 822 3403 893 qui

1837 925 1954 994 ejus
1985 923 2224 984 tninima,
2258 935 2365 987 quo
2393 918 2711 972 conveniret
2755 930 3027 981 sermone,
3063 931 3170 968 non
3215 929 3408 983 possu-

1839 1031 1957 1068 mus
1979 1013 2254 1082 expedire.
2280 1010 2336 1064 Si
2360 1010 2574 1079 quidem
2599 1009 2670 1062 ita
2701 1007 3021 1061 columbina:
3043 1004 3407 1073 simplicitatis

1839 1103 2252 1157 mansuetudine
2318 1101 2637 1169 temperavit
2704 1099 3030 1167 set-pentina;
3095 1095 3406 1151 calliditatis

1839 1193 2115 1255 astutiam,
2153 1200 2211 1243 ιιι
2241 1205 2336 1244 nec
2367 1189 2575 1257 antiqui
2609 1189 2780 1242 hostis
2811 1188 3150 1256 deciperetur
3179 1184 3403 1240 simula-

1840 1282 1984 1334 tione
2028 1279 2393 1339 fraudulenta,
2427 1293 2524 1332 nec
2573 1277 2926 1345 malignorum
2955 1266 3231 1330 hominum
3265 1275 3406 1330 rec-i-

1839 1382 1989 1441 peret
2015 1380 2200 1424 contra
2228 1370 2496 1438 justitiam
2524 1369 2838 1430 sententias,
2876 1383 2985 1420 rem
3011 1383 3172 1437 quam
3200 1368 3408 1421 nescio-

1838 1465 1970 1528 bat,
2025 1463 2435 1532 diligentissime
2489 1461 2839 1536 investigatis,
2897 1461 3254 1530 gradiensque
3321 1459 3405 1512 via

1840 1553 2004 1622 regia,
2039 1569 2139 1606 ttec
2166 1552 2466 1606 declinabat
2497 1553 2562 1604 ad
2593 1552 2894 1613 dexteram,
2921 1549 3228 1603 extollendo
3259 1565 3316 1601 se
3341 1550 3407 1601 de

1842 1644 2070 1709 meritis,
2113 1660 2209 1698 nec
2245 1645 2310 1697 ad
2356 1645 2664 1704 sinistram,
2710 1643 3108 1696 succumbendo
3139 1641 3283 1694 vitiis
3311 1641 3409 1693 hn-

183 1764 279 1802 sua:
311 1747 473 1800 sortis
517 1743 746 1798 funiculo
794 1743 1124 1810 potirentur,
1157 1754 1223 1792 ne.
1251 1745 1394 1791 esset
1423 1750 1542 1787 cum
1577 1733 1735 1786 soda-
1773 1730 1811 1786 ii
1843 1751 2014 1789 mana:
2062 1734 2385 1805 fragilitatis.
2443 1734 2569 1786 Erat
2603 1749 2812 1802 quoque
2857 1733 3141 1800 egentibus
3185 1731 3409 1800 (lilpallls

184 1837 306 1888 libus
342 1835 512 1887 ullum
540 1835 602 1886 de
646 1831 986 1901 possessione
1017 1828 1275 1896 litigium,
1322 1825 1516 1892 quibus
1545 1834 1736 1891 suppe-

187 1933 307 1978 teret
340 1922 628 1992 amplitudo
678 1931 832 1974 terrm
878 1919 943 1970 ad
991 1916 1251 1985 regnandi
1295 1913 1735 1967 emolumentum.

188 2013 328 2068 ane
349 2013 566 2081 contig't
587 2019 674 2075 ut,
709 2025 803 2079 per
829 2009 1075 2076 regiones
1103 2014 1156 2060 et
1198 2003 1503 2074 provincias
1530 2002 1698 2056 divisa
1721 2041 1735 2063 ,

188 2103 400 2171 piatum
461 2103 712 2163 ducibus,
771 2099 963 2152 deinde
1039 2097 1254 2166 regibus
1309 2092 1574 2148 sufﬁceret
1633 2107 1737 2145 una

188 2195 462 2261 cadentque
493 2191 785 2245 Britannia.

246 2282 308 2338 ll.
345 2284 409 2338 At
439 2283 689 2352 praedicta
737 2279 1013 2333 orientalis
1063 2294 1224 2348 pars,
1275 2293 1395 2331 cum
1447 2275 1595 2340 aliis,
1628 2282 1737 2326 tum

163 2387 246 2449 _eo
268 2371 453 2425 nobilis
493 2371 720 2424 habetur
765 2368 907 2437 quod
951 2367 1105 2435 aquis
1155 2382 1290 2435 pene
1321 2365 1556 2432 undique
1588 2361 1742 2414 allui-

195 2471 268 2512 tur
304 2480 316 2513 :
346 2461 587 2527 quoniam
616 2477 644 2512 a
672 2459 960 2512 subsidatto
983 2466 1036 2509 et
1060 2455 1200 2510 Euro
1227 2455 1459 2523 cingitur
1481 2452 1695 2506 Oceano
1721 2466 1734 2513 ;

193 2551 251 2617 ab
285 2550 537 2618 Aquilone
593 2563 750 2611 vero,
784 2548 1172 2601 immensarum
1217 2544 1469 2612 paludum
1502 2541 1738 2617 uligine;

195 2656 298 2706 cur.
350 2641 646 2692 cxorientes
679 2647 896 2707 pr0pter
924 2633 1284 2704 mqualitatem
1315 2645 1474 2686 terra:
1515 2647 1544 2683 a
1574 2628 1741 2683 rnedi-

198 2730 329 2781 tallio
389 2729 556 2781 ferae
612 2729 773 2781 totius
833 2726 1157 2788 Britanniae,
1206 2739 1302 2790 per
1343 2732 1501 2776 centu
1528 2739 1556 2771 ιι
1587 2729 1640 2773 et
1677 2735 1741 2772 ea

199 2819 402 2886 amplius
433 2819 590 2871 nillia
609 2859 623 2881 ,
651 2833 770 2871 cum
801 2817 1047 2869 maximis
1073 2815 1385 2868 [luminibus
1416 2813 1744 2866 descendunt

199 2910 241 2960 ia
269 2925 421 2962 mare.
463 2910 540 2962 Ab
565 2925 627 2961 ca
659 2918 832 2961 autem
865 2918 1014 2976 parte
1051 2923 1154 2976 qua
1186 2906 1262 2960 sol
1297 2906 1532 2976 vergitur
1567 2906 1618 2957 in
1651 2921 1742 2958 oc-

199 3017 359 3053 casum
381 3042 395 3063 ,
439 3002 546 3070 ipsa
579 3001 851 3070 provincia
882 3000 1100 3067 reliquae
1124 2997 1308 3052 insula:
1337 3007 1419 3051 est
1450 2998 1704 3050 eonzinua
1725 3037 1738 3060 ,

1837 1827 2155 1891 liberaliter,
2187 1824 2401 1897 pupillis
2433 1835 2486 1880 et
2520 1825 2692 1879 viduis
2735 1823 3188 1878 clementissimus
3233 1833 3407 1892 pater,

1838 1925 2053 1987 Semper
2085 1919 2292 1972 habens
2335 1934 2444 1987 prie
2477 1917 2648 1970 oculis
2686 1917 2885 1969 dictum
2919 1915 3046 1968 illud
3098 1914 3406 1982 Sapientis:

1845 2030 1861 2060 ι
1889 2010 2187 2079 Ρι·ξιιοὶι)ριιι
2214 2019 2262 2062 te
2287 2007 2713 2062 eonstitucrunt?
2741 2007 2842 2059 noli
2868 2006 3070 2062 extolli.
3101 2006 3193 2059 sed
3218 2015 3332 2058 esto
3355 2004 3410 2058 in

1839 2100 1945 2153 illis
1984 2099 2138 2168 quasi
2180 2113 2318 2152 unus
2343 2113 2409 2151 ex
2442 2097 2547 2150 illis
2575 2095 2763 2164 (Eccli.
2800 2111 2974 2158 xxxn,
3008 2094 3080 2163 1).
3116 2115 3132 2146 ›
3170 2094 3412 2160 Cumque

1843 2199 1948 2243 tam
1986 2188 2312 2257 conspicuus
2343 2187 2396 2240 in
2427 2186 2643 2240 Christo
2669 2195 2724 2240 et
2754 2185 2991 2238 Ecclesia
3024 2185 3282 2238 emineret
3319 2184 3412 2236 bo-

1783 2331 1788 2336 .
1841 2297 2030 2336 norum
2079 2290 2297 2334 actuum
2333 2279 2698 2342 ornamentis,
2732 2279 2847 2343 ejus
2890 2276 3226 2346 patientiam.
3273 2275 3414 2328 sicut

1841 2385 1893 2428 et
1923 2373 2097 2428 sancti
2141 2371 2263 2436 Job,
2310 2387 2595 2441 aggressus
2641 2381 2722 2424 cst
2757 2370 2992 2439 experiri
3033 2368 3286 2421 inimicus
3317 2369 3414 2421 hu-

1843 2464 1984 2516 mani
2015 2464 2226 2532 generis
2253 2479 2264 2513 :
2303 2464 2392 2530 qui
2425 2478 2489 2515 eo
2521 2463 2674 2515 bonis
2712 2461 2829 2530 plus
2861 2460 3080 2525 invidet,
3114 2475 3218 2528 quo
3249 2473 3415 2527 appa-

1847 2557 1948 2606 ritn
1977 2556 2093 2624 (sic)
2122 2555 2274 2608 bona:
2301 2554 2598 2607 voluntatis
2623 2561 2793 2606 caret.

1916 2645 1977 2698 ν.
2020 2644 2284 2709 Quocirca
2320 2659 2483 2696 unum
2518 2658 2583 2695 ex
2615 2642 2728 2695 suis
2772 2640 3029 2694 membris
3070 2640 3117 2694 ei
3159 2639 3416 2695 adversa-

1844 2735 1982 2787 rium
2017 2735 2262 2796 immisit,
2291 2734 2402 2802 qui,
2429 2733 2676 2786 omnibus
2703 2748 2821 2802 qua:
2873 2731 3133 2785 habuerat
3179 2732 3413 2800 undique

1843 2825 2102 2887 sublatis,
2151 2825 2217 2878 ad
2265 2825 2697 2894 impatientiam,
2753 2824 2798 2875 si
2859 2831 3074 2891 posset,
3131 2839 3414 2892 erumpere

1843 2925 2079 2983 cogeret,
2116 2923 2194 2978 ιιι,
2227 2913 2539 2980 desperans,
2572 2912 2679 2965 Deo
2707 2912 2758 2964 itt
2807 2912 2996 2965 faciem
3045 2911 3411 2968 benediceret.

1844 3008 1962 3060 Fuit
2003 3017 2177 3058 autem
2222 3006 2358 3057 idem
2399 3005 2770 3067 adversarius,
2800 3003 3003 3073 lngtmr
3039 3005 3298 3058 vocabulo
3334 3007 3416 3058 di-

199 3103 242 3143 οι
281 3093 341 3143 0b
379 3092 426 3144 ίίι
467 3093 674 3159 Perii“;
705 3093 798 3144 ἐρα
847 3106 914 3144 “(‘-
953 3092 1144 3144 Cl‘Cl'm
1181 3091 1474 3157 “Tulllione
1510 3089 1738 3142 ίιοδιίιηη
1771 3095 1813 3155 C
1845 3109 1962 3151 ctus
1987 3115 2001 3150 ι
2030 3098 2262 3166 quicum
2295 3097 2464 3148 altero
2497 3095 2682 3149 llnbha
2719 3095 2968 3166 (Stubba)
3000 3099 3242 3160 nomine,
3271 3098 3415 3167 ejus-

204 3194 496 3244 incursetur,
531 3197 720 3251 aggere
748 3182 811 3233 ad
843 3181 1010 3233 instar
1035 3179 1239 3232 altioris
1263 3180 1398 3232 muri
1419 3179 1556 3231 fossa
1583 3178 1742 3230 lnnno

203 3273 546 3336 ιιικυιιιιιιιίιιιν.
611 3272 836 3324 Interius
880 3273 1044 3323 ubere
1093 3270 1264 3341 (fuit,
1314 3271 1517 3338 uberis)
1578 3269 1744 3338 gleba:

201 3359 314 3412 satis
355 3363 633 3413 admodum
666 3361 780 3413 beta
803 3403 817 3425 ,
845 3361 1122 3413 hortorum
1153 3373 1547 3425 nemorumque
1579 3373 1744 3412 ama:-

204 3450 344 3503 nitate
390 3451 718 3520 gratissima,
747 3452 984 3504 ferarum
1018 3449 1306 3502 venatione
1354 3448 1599 3516 insignis,
1629 3461 1745 3514 pas-

204 3539 296 3593 cuis
324 3531 577 3606 pecorum
604 3549 655 3591 ct
681 3540 1046 3606 jumentorum
1077 3552 1181 3590 non
1207 3536 1550 3588 mediocriter
1596 3533 1745 3586 ferti-

205 3630 271 3682 lis.
307 3632 374 3684 De
421 3632 646 3700 piscosis
699 3632 1008 3684 fluminibus
1067 3631 1388 3689 reticeams,
1437 3644 1557 3681 cum
1618 3628 1743 3680 hinc

204 3735 318 3783 ctuti,
358 3733 412 3773 ut
452 3723 651 3774 dictum
696 3731 800 3785 est,
851 3722 1034 3790 lingua
1093 3721 1258 3773 maris
1292 3721 1550 3780 allatubit,
1601 3718 1740 3781 inde,

205 3809 456 3875 ptlttdibns
480 3811 747 3868 dilatatis.
777 3821 1094 3878 stagnorum
1124 3810 1189 3861 ad
1215 3809 1317 3862 duo
1342 3808 1421 3860 vel
1457 3808 1553 3860 tria
1580 3807 1744 3860 millia

207 3899 531 3964 spatiosorum
587 3901 996 3953 innumerabilis
1068 3900 1356 3953 multitudo
1408 3897 1741 3968 pneterfhtit.

206 3991 311 4054 ιιιω
339 3993 556 4059 paludes
585 3993 826 4059 praebent
877 3991 1114 4060 pluribus
1147 3991 1531 4043 monachorum
1566 3989 1743 4057 gregi-

203 4078 506 4148 busoptazos
556 4078 814 4133 solitaria:
850 4081 1276 4134 conversationis
1329 4080 1506 4142 sinus,
1553 4080 1745 4148 quibus

200 4167 362 4221 inclusi
408 4187 508 4223 non
559 4170 835 4238 indigeant
868 4172 1152 4225 solitudine
1201 4173 1392 4235 eremi,
1439 4188 1502 4224 ex
1552 4171 1745 4238 qubus

201 4267 305 4312 sunt
342 4261 508 4315 sancti
556 4263 940 4315 monachorum
990 4265 1159 4332 patris
1211 4264 1482 4317 Benedicti
1527 4263 1744 4316 caililies

203 4351 480 4413 emnoliitte,
510 4350 563 4404 in
605 4352 728 4407 loco
759 4351 951 4406 celebri
977 4354 1076 4407 hac
1106 4363 1438 4420 tempestate.

1847 3189 1965 3242 dem
2014 3187 2383 3256 perversitatis
2415 3187 2657 3248 homine,
2691 3187 2790 3238 nisi
2843 3188 3019 3238 divina
3066 3187 3420 3255 impediretur

1847 3281 2220 3343 miseratione,
2259 3290 2484 3332 conatus
2513 3289 2590 3332 est
2647 3279 2699 3331 in
2741 3279 3123 3331 exterminium
3151 3279 3418 3332 adducere

1848 3372 2012 3422 totius
2051 3370 2184 3423 lines
2216 3369 2528 3423 Britanni-.2.
2583 3367 2690 3422 Nec
2741 3369 2957 3430 tnirum,
3001 3384 3122 3421 cmn
3171 3370 3420 3421 venerint

1848 3462 2079 3515 indurati
2115 3461 2315 3530 frigore
2361 3477 2470 3512 sum
2515 3461 2732 3513 maliti:e
2764 3460 2831 3512 ab
2871 3460 2961 3512 illo
2991 3469 3148 3512 terra:
3191 3460 3416 3524 vertice,

1845 3569 1952 3620 quo
1976 3553 2155 3605 Scdem
2182 3568 2333 3604 suam
2363 3552 2540 3618 posuit
2590 3550 2680 3618 qui
2713 3566 2806 3618 per
2828 3551 3113 3602 elationem
3140 3550 3418 3602 Altissimo

1847 3641 2036 3694 similis
2066 3656 2184 3694 esse
2209 3642 2540 3708 concupivit.
2577 3642 2814 3708 Denique
2843 3649 3077 3703 constat,
3106 3639 3256 3705 juxta
3293 3655 3419 3706 pro-

1848 3733 2020 3800 pheta)
2075 3733 2406 3795 vatitininm,
2458 3733 2597 3799 quod
2652 3733 2718 3784 ah
2765 3731 3027 3799 Aquilone
3078 3733 3220 3785 venit
3260 3746 3419 3783 omne

1847 3823 2080 3884 malum,
2121 3822 2259 3874 sicut
2308 3822 2423 3889 plus
2461 3838 2613 3887 inquo
2660 3822 2896 3875 didicere
2938 3837 3222 3887 perperam
3273 3822 3416 3887 passi

1847 3913 2298 3981 adversosjactus
2341 3912 2581 3964 cadentis
2614 3921 2848 3972 tesscrze,
2896 3926 3001 3976 quo
3033 3910 3416 3978 aquilonalium

1846 4003 2083 4070 gentium
2139 4001 2344 4068 experti
2394 4010 2519 4053 sunt
2566 4001 2852 4060 saevitiam;
2908 4013 3042 4067 quas
3086 4009 3291 4051 certum
3336 4006 3420 4050 est

1846 4095 1981 4146 adeo
2011 4093 2256 4146 crudeles
2299 4107 2418 4145 csse
2463 4092 2694 4144 naturali
2725 4090 3027 4152 ferocitate,
3075 4098 3133 4142 ut
3176 4091 3420 4141 nesciant

1849 4184 2006 4238 malis
2038 4184 2314 4236 hominum
2356 4183 2673 4235 mitescere:
2716 4181 2928 4249 quando
2955 4180 3168 4248 quidem
3198 4178 3421 4247 quidam

1844 4288 1909 4324 ex
1935 4273 2013 4324 eis
2056 4272 2232 4339 populi
2278 4280 2572 4324 vescuntur
2607 4272 2854 4324 immanis
2897 4269 3181 4330 carnibus,
3223 4268 3314 4336 qui
3350 4283 3444 4324 ex.

1848 4361 1989 4414 facto
2027 4363 2212 4417 Gra'ca
2258 4362 2615 4431 appellatione
2663 4360 3086 4428 Ant/trepoplmgi
3134 4371 3417 4414 vocantur.

259 4437 330 4492 Ill.
369 4439 470 4494 Sed
508 4450 566 4494 ut
594 4443 662 4494 ad
696 4446 1018 4510 prepositum
1054 4453 1408 4506 resertamnr,
1451 4445 1576 4498 huic
1614 4459 1738 4511 pro-

1846 4451 2107 4520 Taiesquo
2133 4462 2377 4504 nattones
2404 4452 2678 4504 abundant
2707 4450 2945 4518 plurima:
2971 4449 3109 4501 infra
3136 4449 3417 4518 Scythiam

205 4529 367 4596 vincia:
394 4542 496 4585 tam
522 4531 694 4586 feroci
720 4531 832 4603 [rex
857 4534 996 4606 fuit],
1014 4551 1077 4588 ex
1102 4537 1445 4603 an;iqn0rum
1478 4551 1740 4590 saxonum

208 4619 346 4671 nobili
372 4623 615 4690 prosapia
642 4623 915 4683 oriundus,
941 4643 967 4677 a
996 4626 1253 4694 pritnzcvo
1276 4641 1385 4677 sine
1411 4627 1588 4678 artatis
1612 4635 1743 4679 tern-

209 4714 494 4770 porec.;ltor
517 4714 899 4766 veracissimus
925 4717 1046 4768 tidci
1078 4715 1420 4769 Christiantc.
1448 4714 1548 4781 Qui
1573 4717 1747 4770 atavis

211 4801 398 4867 trgibus
422 4803 621 4865 editus,
651 4820 770 4856 cum
796 4805 944 4860 bonis
971 4807 1198 4876 polleret
1223 4808 1480 4870 moribus,
1507 4808 1743 4860 omnium

213 4894 713 4958 comprovincialium
757 4898 988 4950 unanimi
1025 4898 1209 4951 favore
1231 4915 1334 4951 non
1361 4907 1566 4951 tantum
1591 4898 1744 4966 eligi-

217 4986 290 5031 tur
316 4997 373 5034 ιιι
402 4985 614 5048 generis
645 4988 996 5054 successione,
1035 4998 1292 5056 quantum
1326 4991 1554 5057 rapitur,
1579 4999 1635 5042 ut
1664 4991 1743 5043 eis

217 5082 440 5133 praeesset
465 5074 789 5141 sceptrigera
815 5087 1093 5143 potestate.
1124 5077 1254 5132 Nam
1299 5091 1418 5135 erat
1447 5079 1497 5132 ei
1535 5082 1744 5148 species

217 5154 350 5219 digna
390 5161 631 5228 imperio,
677 5177 826 5228 quam
859 5167 1188 5220 sercttissinti
1219 5171 1399 5224 cordis
1424 5168 1628 5238 jugiter
1657 5185 1744 5222 ve-

218 5251 439 5303 ItUstabat
482 5253 766 5320 tranquilla
813 5259 1042 5313 devotio.
1084 5259 1212 5312 Erat
1256 5263 1504 5316 onmibus
1546 5259 1742 5316 blando

219 5335 404 5404 elaquio
448 5340 695 5404 affabilis,
746 5345 1062 5402 hmnilitatis
1111 5351 1280 5414 gratia
1329 5350 1641 5414 praelarus,
1691 5359 1746 5404 et

1845 4558 2010 4611 prope
2058 4543 2433 4611 Hyperboreos
2464 4552 2705 4603 uirtutes,
2755 4555 2873 4608 qua:
2920 4541 3331 4601 anticltristunt,
3363 4546 3422 4590 ut

1845 4633 2091 4698 legimus.
2119 4644 2385 4685 secuturae
2409 4642 2532 4684 sunt
2554 4641 2678 4682 ante
2701 4646 2887 4684 omnes
2911 4620 3114 4695 gentes,
3144 4638 3202 4678 nt
3221 4629 3422 4693 absque

1847 4719 1955 4770 ulla
2009 4719 2357 4772 miseratione
2402 4729 2692 4788 pascantur
2743 4718 3016 4772 hominum
3068 4713 3420 4775 cruciatibus,

1848 4809 1938 4875 qui
1991 4809 2367 4862 characterem
2418 4810 2606 4862 bestiae
2659 4808 2935 4861 noluerint
2985 4805 3338 4856 circumlerre
3371 4801 3422 4852 in

1849 4897 2140 4950 frontibus.
2176 4895 2328 4950 Unde
2363 4898 2473 4965 jam
2509 4897 2862 4962 inquietanth
2903 4891 3278 4950 Christicolas,
3329 4903 3425 4957 pa-

1847 5004 1962 5042 rem
1991 5003 2113 5042 cum
2140 4988 2219 5040 eis
2248 4989 2444 5042 habere
2479 4998 2791 5056 nequeunt:
2828 4983 3056 5038 maxime
3082 4980 3238 5040 Dani,
3267 4977 3428 5032 Occi-

1847 5081 2029 5134 dentis
2062 5079 2374 5147 regionibus
2405 5078 2629 5131 nimium
2662 5076 2849 5137 vicini,
2880 5071 3133 5140 quoniam
3163 5071 3307 5123 circa
3339 5083 3433 5122 eas

1849 5171 2133 5239 piraticam
2167 5177 2424 5222 exercent
2467 5167 2845 5235 frequentibus
2887 5158 3208 5214 latrociniis.
3237 5157 3313 5212 Ex
3344 5172 3436 5210 eo-

1850 5276 1966 5312 rum
2000 5271 2130 5325 crgo
2172 5273 2370 5325 genere
2400 5255 2641 5327 prwdicti
2691 5258 2858 5309 duces
2904 5251 3091 5317 Inguar
3142 5259 3200 5302 et
3250 5248 3434 5302 llnbba

1849 5347 2425 5403 Nordanhuntbrorum
2463 5339 3029 5414 (Nordanimhrorunt)
3063 5340 3319 5406 primitus
3346 5355 3438 5407 ago
