3944 5414
542 284 640 342 5!!

1571 294 1624 349 S.
1669 294 1958 352 ABBONlS
1994 295 2274 351 ABBATIS
2309 294 2796 353 FLORIACENSIS

3672 297 3781 356 5i?

543 399 675 468 quin
704 401 1066 458 multarentur
1091 405 1281 460 merita
1319 423 1565 476 superine
1610 409 1993 481 indignationis
2020 407 2188 478 ira,A
2217 405 2462 473 indiguus
2495 407 2824 477 illllicuberis
2859 416 2914 463 el
2941 424 3123 480 regno.
3156 409 3223 463 Ει
3251 407 3374 478 (Illis
3411 417 3488 472 ω,
3528 416 3586 462 υι
3619 417 3781 464 lanii!!-

541 502 739 561 agente
787 495 1034 550 ministro
1082 497 1384 566 iniquitatis
1429 497 1620 554 llubba
1674 515 1688 552 :
1737 517 1894 569 quem
1943 502 2125 572 praeda

545 584 688 640 facta
728 587 922 658 lngnar
970 589 1187 658 reliquit
1230 591 1300 646 ibi
1343 591 1678 647 crudelitatis
1725 594 1960 660 socium,
2000 604 2058 652 et
2089 609 2124 650 a

564 675 766 731 boreali
806 687 957 746 parte
997 678 1244 733 orientali
1294 679 1470 732 subito
1518 688 1705 732 astans
1752 695 1874 732 cum
1923 696 2113 746 magna

561 766 731 820 classe
756 767 821 820 ad
849 767 961 835 ejus
985 769 1269 835 quamdam
1293 769 1568 822 civitatem
1613 769 1841 822 latenter
1885 770 2111 839 appulit.

561 855 730 922 Quam
758 857 955 926 ignaris
981 859 1190 914 civibus
1221 859 1603 928 introgressus,
1634 860 1843 929 ignibus
1872 875 2116 914 creman-

559 945 680 999 dam
725 947 889 1012 dedit;
918 963 1131 1016 pueros,
1155 962 1332 1012 senes,
1365 964 1484 1002 cum
1514 949 1817 1018 junioribus
1845 949 1897 1001 in
1927 948 2117 1018 plateis

558 1034 790 1090 civitatis
814 1037 1024 1090 obviam
1055 1039 1223 1092 factos
1252 1036 1490 1104 jugulat,
1533 1047 1587 1092 et
1629 1039 1978 1092 matronalem
2022 1053 2115 1092 seu

557 1122 870 1192 virginalem
901 1125 1213 1195 pudicitiam
1256 1127 1489 1181 ludibrio
1517 1127 1833 1181 tradendum
1876 1127 2114 1181 mandat.

558 1211 780 1268 Maritus
817 1230 935 1269 cum
963 1215 1187 1285 conjuge
1214 1227 1307 1270 aut
1339 1228 1582 1272 mortuus
1624 1227 1718 1272 aut
1766 1219 2116 1273 moribundus

550 1301 768 1371 jacebat
798 1305 850 1358 in
880 1305 1063 1361 limine
1091 1322 1104 1360 :
1133 1309 1313 1364 infans
1343 1320 1526 1380 raptus
1555 1327 1584 1365 a
1615 1313 1804 1366 matris
1841 1313 2114 1377 uberibus,

562 1399 622 1445 ut
648 1393 820 1462 major
843 1404 986 1448 esset
1003 1394 1255 1462 ejulatus,
1281 1399 1842 1454 trneidabaturcoram
1861 1401 2119 1456 maternis

557 1481 850 1537 obtutibus.
898 1483 935 1535 F
941 1486 1126 1538 urebat
1165 1487 1358 1556 impius
1393 1489 1545 1544 miles
1585 1489 1808 1545 lustrata
1853 1492 1984 1545 urbe
2027 1507 2116 1545 ar-

557 1569 730 1624 deudo
777 1571 841 1624 ad
891 1572 1177 1641 ﬂagitium,
1225 1591 1330 1645 quo
1379 1587 1555 1646 posset
1600 1578 1813 1647 placere
1864 1588 2115 1650 tyranno,

556 1658 648 1726 qui
711 1660 825 1714 solo
884 1663 1215 1720 crudelitatis
1274 1668 1451 1721 studio
1513 1667 1749 1736 jusserat
1798 1672 1974 1740 perire
2035 1671 2116 1724 in-

555 1764 762 1805 IIOXIOS.

631 1839 712 1896 Vl.
755 1843 1119 1914 Cumquejam
1145 1847 1482 1904 multitudine
1506 1850 1911 1907 interfectorum
1937 1853 2125 1908 Acinc-

556 1933 788 1988 nmniam
834 1937 1033 1991 rabiem
1076 1955 1179 1993 non
1225 1949 1431 1995 tantum
1484 1952 1856 1998 cxsaturasset
1885 1985 1900 2012 ,
1949 1961 2122 2014 quatt-

562 2032 672 2077 tum
702 2025 953 2096 fatigatus
999 2028 1049 2081 in
1089 2037 1360 2098 posterum
1392 2031 1712 2099 distulisset,
1741 2043 1930 2089 evocat
1961 2050 2126 2106 quos-

558 2116 681 2169 dam
707 2117 960 2186 plebeios,
986 2136 1119 2188 quos
1145 2136 1242 2174 suo
1269 2121 1444 2191 gladio
1465 2124 1694 2178 credidit
1713 2139 1833 2178 esse
1857 2125 2122 2195 indignos,

557 2220 623 2258 ac
673 2205 759 2259 ubi
808 2221 903 2261 rex
951 2222 1133 2261 eorum
1188 2218 1312 2264 tunc
1359 2212 1617 2280 temporis
1670 2212 1835 2266 vitam
1868 2213 2123 2282 degeret,

559 2295 820 2351 sollicitus
859 2310 1228 2366 perserutator
1275 2302 1600 2372 investigare
1644 2305 1846 2358 studet.
1897 2304 2030 2358 Nam
2058 2305 2124 2359 ad

561 2400 682 2440 eum
712 2385 854 2441 fama
886 2400 1210 2457 pervenerat
1245 2393 1385 2460 quod
1434 2393 1574 2446 idem
1608 2410 1701 2448 rex
1731 2394 2015 2463 gloriosus,
2046 2397 2128 2449 vi-

560 2477 750 2533 delicet
781 2478 1144 2545 Eadmundus,
1191 2483 1400 2536 ﬂorenti
1433 2493 1591 2537 tetate
1637 2494 1691 2537 et
1720 2484 1958 2539 robustis
1992 2484 2126 2538 viri-

560 2570 680 2635 bus,
734 2570 871 2625 bello
916 2586 1010 2639 per
1061 2573 1241 2626 omnia
1290 2582 1435 2628 esset
1484 2583 1772 2630 strenuus:
1823 2585 1877 2630 et
1929 2576 2128 2632 idcirco

562 2658 851 2716 festinabat
895 2663 1093 2731 passim
1144 2663 1258 2717 neci
1313 2664 1524 2720 tradere
1597 2680 1730 2734 quos
1774 2665 2128 2722 cirtumcirca

561 2759 773 2818 poterat
825 2751 1078 2820 reperire.
1129 2768 1196 2806 ne
1245 2754 1470 2823 stipatus
1522 2755 1748 2808 militum
1801 2757 2014 2825 agmine
2063 2758 2131 2812 ad

564 2843 930 2898 defensionem
978 2861 1193 2900 suorum
1238 2857 1421 2916 posset
1452 2864 1546 2902 rex
1582 2849 1683 2903 sibi
1737 2849 2005 2913 resistere,
2037 2849 2129 2919 qui

565 2933 878 2988 morabatur
926 2949 992 2991 eo
1045 2945 1285 3006 tempore
1323 2939 1391 2991 ab
1436 2939 1568 2994 urbe
1616 2939 1825 3010 longius
1877 2940 1930 2994 in
1981 2940 2129 3006 villa,

566 3041 682 3094 quae
715 3025 890 3096 lingua
919 3042 1106 3082 eorum
1145 3028 1458 3098 llagislidun
1504 3031 1700 3084 dicitur
1731 3030 1890 3100 (aqua
1917 3041 1967 3085 et
1997 3033 2130 3086 silva

2213 497 2465 564 potentiae
2515 495 2806 552 insolenter
2857 498 3056 552 audeas
3105 496 3521 552 contradicere?
3558 496 3767 551 Matina:

2215 586 2546 655 tempestatis
2564 587 2792 654 procella
2822 589 3020 642 nostris
3047 589 3210 643 servit
3232 588 3490 658 remigiis,
3519 603 3614 642 nec
3637 587 3766 658 [nos]

2216 683 2452 728 removet
2479 690 2506 726 a
2531 676 2804 743 proposito
2832 677 3046 731 directae
3079 675 3426 731 intentionis:
3451 675 3646 744 quibus
3679 691 3770 732 nec

2216 761 2404 830 ingens
2456 765 2689 832 mugitus
2734 763 2875 828 coeli,
2931 780 3028 818 nec
3074 764 3249 818 crebri
3287 765 3467 834 jactus
3502 763 3767 816 ﬂuminum

2214 866 2448 919 unquam
2494 861 2825 916 nocuerunt,
2881 854 3091 907 favente
3149 855 3318 924 gratia
3367 854 3765 908 elementorum.

2216 941 2343 995 Esto
2369 940 2548 1010 itaque
2577 957 2698 996 cum
2745 943 2851 996 tuis
2893 943 3144 997 erunibus
3173 943 3272 998 sub
3309 943 3414 999 hoc
3457 944 3770 1012 imperatore

2217 1031 2481 1096 maximo,
2511 1032 2597 1086 cui
2651 1032 2977 1089 famulantur
3021 1032 3284 1086 elementa
3324 1047 3423 1102 pro
3470 1032 3574 1087 sibi
3603 1032 3769 1086 innata

2217 1124 2523 1190 clementia;
2557 1127 2808 1194 quoniam
2833 1128 2980 1180 novit
3009 1127 3280 1196 piissimus
3309 1129 3359 1180 in
3385 1126 3534 1182 omni
3573 1128 3784 1198 negotio.

2216 1228 2443 1283 parcere
2467 1215 2722 1282 subjectis
2747 1223 2801 1269 et
2831 1215 3100 1270 debellare
3130 1217 3412 1286 superbos.
3449 1235 3468 1266 ι

2293 1301 2418 1355 \‘lll.
2449 1301 2566 1368 Quo
2590 1303 2774 1356 audito
2808 1318 2898 1357 rex
2929 1303 3296 1358 sanctissimus
3337 1304 3449 1358 alto
3489 1303 3668 1358 cordis
3694 1315 3774 1358 uo-

2218 1393 2331 1448 lore
2361 1395 2653 1464 ingemuit,
2675 1404 2750 1460 et,
2791 1395 2966 1450 accito
2999 1410 3104 1450 uno
3138 1411 3204 1450 ex
3230 1396 3344 1450 suis
3373 1395 3662 1464 episcopis,
3696 1395 3775 1464 qui

2219 1484 2268 1538 ei
2300 1492 2413 1538 erat
2446 1499 2475 1538 a
2519 1487 2743 1540 secretis
2767 1527 2781 1548 ,
2831 1486 2958 1555 quid
2991 1501 3152 1555 super
3186 1486 3272 1540 his
3321 1486 3651 1556 respondere
3693 1485 3770 1538 de-

2219 1573 2371 1628 beret
2397 1575 2646 1630 consulit.
2670 1576 2911 1646 Cumque
2954 1575 3065 1641 ille,
3125 1575 3344 1630 timidus
3367 1591 3464 1645 pro
3494 1575 3606 1628 vita
3632 1575 3775 1647 regis,

2220 1667 2287 1720 ad
2325 1668 2764 1722 consentiendum
2795 1667 2960 1738 pluris
2999 1668 3306 1723 hortaretur
3349 1656 3646 1736 exemplis,
3676 1682 3774 1729 rex,

2154 1744 2438 1826 Bobstipo
2496 1759 2672 1827 capite
2726 1758 2962 1829 defigens
3008 1757 3209 1812 lumina
3260 1768 3456 1822 terrm,
3523 1756 3778 1827 paululum

2226 1847 2527 1912 conticuit,
2559 1857 2610 1902 et
2641 1849 2719 1904 sic
2765 1849 2977 1903 demum
3019 1864 3111 1903 ora
3153 1848 3408 1907 resolvit:
3445 1847 3487 1904 Ο
3525 1849 3792 1918 episcopo.

2228 1937 2332 1991 vivi
2358 1939 2424 1992 ad
2454 1937 2505 1991 id
2528 1939 3044 2008 pervenimus,quod
3071 1955 3339 2009 nunquam
3382 1939 3540 1992 veriti
3575 1937 3777 1990 sumus!

2224 2031 2362 2086 Ecce
2392 2033 2656 2087 barbarus
2683 2034 2886 2087 advena
2909 2032 3155 2088 districto
3177 2047 3306 2087 ense
3329 2031 3607 2086 veteribus
3630 2030 3792 2084 nostri-

2229 2122 2376 2188 regni
2412 2121 2618 2177 colonis
2656 2122 2940 2186 imminet,
2975 2130 3030 2178 et
3067 2123 3336 2191 quondam
3369 2121 3496 2176 felix
3551 2122 3782 2193 indigena

2226 2211 2546 2282 suspirando
2585 2227 2805 2282 gemens
2858 2220 3016 2266 tacet.
3061 2212 3125 2266 Et
3153 2212 3358 2268 utinam
3404 2212 3780 2280 imprtesentia-

2226 2319 2346 2360 rum
2376 2305 2604 2360 vivendo
2655 2305 2854 2375 quique
2899 2313 3209 2375 gemerent,
3257 2319 3324 2358 ne
3375 2313 3607 2358 cruenta
3656 2305 3781 2358 cede

2227 2397 2513 2467 perirent:
2547 2407 2813 2467 quatenus
2859 2395 3046 2466 patria:
3095 2395 3342 2450 dulcibus
3388 2395 3538 2449 arvis
3565 2435 3581 2459 ,
3637 2396 3780 2447 etiam

2230 2502 2316 2542 me
2361 2488 2734 2552 occumbente,
2775 2487 3096 2557 superstites
3127 2487 3347 2550 ﬂerent,
3381 2496 3438 2540 et
3464 2487 3530 2540 ad
3563 2487 3783 2556 pristina:

2230 2578 2498 2635 felicitatis
2518 2579 2740 2649 gloriam
2763 2577 3099 2646 postmodum
3124 2577 3358 2632 redirent
3378 2578 3390 2630 !
3408 2595 3424 2626 ι
3455 2575 3557 2631 Cui
3588 2577 3780 2645 epist-o-

2229 2684 2365 2738 pus:
2410 2668 2593 2734 «Quos
2614 2707 2628 2732 ,
2656 2667 2858 2736 inquit,
2879 2675 3033 2737 optas
3072 2681 3194 2722 esse
3240 2667 3564 2736 superstites
3597 2668 3780 2732 patrne,

2231 2775 2354 2816 cum
2380 2760 2493 2830 jam
2528 2759 2741 2815 hostilis
2783 2759 2995 2829 gladius
3021 2759 3108 2814 vix
3152 2757 3387 2828 aliquem
3426 2758 3706 2827 reliquerit
3738 2757 3781 2810 in

2233 2851 2390 2921 plena
2425 2850 2594 2906 urbe?
2623 2851 2900 2906 llebetatis
2947 2849 3231 2905 securibus
3261 2858 3475 2904 tuorum
3519 2849 3781 2904 cadaveri-

2231 2941 2354 3004 bus,
2377 2949 2428 2994 te
2455 2941 2769 2996 destitutmn
2799 2940 2988 3006 milite,
3013 2939 3388 2998 veniuntiloris
3409 2939 3780 3008 constringere.

2241 3032 2713 3100 Quaproter,‘rex,
2762 3031 3043 3086 dimidium
3089 3032 3284 3087 anima:
3332 3046 3488 3097 meae,
3537 3031 3640 3086 nisi
3669 3031 3783 3098 fuga:

565 3117 740 3171 vicina
768 3119 955 3172 eodem
987 3121 1202 3174 nomine
1235 3096 1510 3191 vocatur);
1531 3121 1847 3176 existimans
1876 3123 2130 3192 impiissi-
2162 3096 2206 3157 (δ
2239 3121 2488 3190 prtesidio
2529 3130 2621 3176 aut
2656 3120 2945 3177 deditionis
2975 3122 3211 3176 infausto
3259 3120 3562 3191 patrocinio
3602 3133 3781 3190 praten-

565 3219 706 3270 mus,
731 3215 789 3260 ut
816 3223 874 3262 se
904 3209 978 3262 rei
1013 3210 1208 3265 veritas
1251 3210 1517 3274 habebat,
1564 3213 1688 3280 quia
1726 3223 1956 3280 quantos
2001 3230 2131 3268 suus

568 3292 811 3348 funestus
856 3295 1069 3351 satelles
1119 3309 1518 3368 prmoccuparet
1568 3301 1634 3353 ad
1681 3301 1957 3355 interitum
2005 3319 2128 3372 per-

569 3385 786 3450 ducere,
814 3395 1011 3455 tantos,
1041 3387 1086 3442 si
1109 3389 1443 3445 dimicandus
1465 3401 1630 3457 esset,
1659 3393 1840 3463 regius
1876 3409 2133 3449 occursus

571 3475 622 3528 in
679 3475 920 3531 exercitu
977 3479 1323 3534 contraheret
1385 3481 1579 3535 minus.
1629 3481 1867 3536 Classem
1917 3499 2133 3554 quoque

569 3566 773 3634 absque
820 3566 995 3622 valida
1042 3584 1200 3622 manu
1250 3584 1355 3624 non
1409 3571 1636 3627 audebat
1672 3573 1954 3641 deserere;
2003 3591 2135 3647 quo-

569 3655 737 3720 niam,
764 3656 911 3710 velut
933 3657 1073 3726 Inpis
1111 3661 1428 3728 vespertinis
1469 3677 1586 3717 mos
1629 3671 1734 3728 est,
1780 3665 2024 3719 clanculo
2067 3666 2134 3719 ad

570 3745 727 3812 plana
761 3747 1109 3814 descendere,
1147 3750 1388 3818 repetitis
1429 3753 1751 3820 quantocius
1790 3754 1932 3809 notis
1974 3755 2136 3809 silva-

569 3851 688 3890 rum
733 3837 969 3893 latibulis
997 3879 1012 3903 ,
1077 3840 1155 3894 sic
1197 3843 1476 3895 etmsuevit
1525 3844 1714 3896 eadem
1767 3845 2037 3898 Danornm
2081 3852 2138 3898 et

569 3927 862 3983 Alanorum
895 3930 1079 3995 natio;
1115 3947 1235 3985 cmn
1264 3947 1475 4002 semper
1505 3933 1715 3996 studeat
1746 3945 1898 4004 rapto
1933 3935 2136 4000 vivere,

571 4033 841 4090 nunquam
866 4027 1040 4077 tamen
1079 4020 1277 4076 indicta
1307 4039 1480 4092 pugna
1512 4023 1686 4094 palam
1710 4025 1987 4080 contendit
2015 4041 2136 4079 cum

572 4109 744 4174 hoste,
779 4112 880 4167 nisi
909 4124 1174 4182 prazventa
1204 4115 1436 4180 insidiis,
1466 4116 1642 4171 ablata
1685 4132 1781 4187 spe
1823 4117 1889 4170 ad
1920 4125 2136 4186 portum

570 4201 781 4254 navium
813 4204 1108 4257 remeandi.

641 4290 749 4346 VH.
776 4293 1111 4364 Quapropter
1151 4297 1574 4367 circumspectus
1618 4298 1927 4368 plurimum,
1967 4297 2140 4352 accito

574 4397 680 4437 uno
705 4397 770 4437 ex
794 4385 1247 4440 commilitonibus
1271 4427 1285 4451 ,
1329 4401 1452 4441 eum
1484 4387 1549 4441 ad
1598 4403 1798 4455 regem,
1830 4388 2133 4455 hujusmodi

571 4485 822 4525 curarum
853 4473 1164 4528 tumultibus
1189 4476 1518 4544 expeditum,
1541 4477 1746 4545 dirigit,
1777 4477 1867 4546 qui
1895 4479 2136 4546 exploret

574 4579 693 4631 qua:
722 4563 794 4617 sit
833 4564 880 4618 ei
919 4580 1126 4618 summa
1168 4567 1242 4620 rei
1285 4567 1592 4633 familiaris,
1636 4568 1986 4637 improvisum
2011 4611 2026 4636 ,
2076 4581 2136 4625 ut

572 4655 816 4724 contigit,
847 4671 1092 4724 qurerens
1117 4658 1402 4728 subjugare
1429 4661 1728 4725 tormentis,
1761 4663 1805 4716 si
1828 4661 1943 4731 ejus
1968 4664 2136 4720 nollet

570 4747 944 4817 obtemperare
983 4747 1240 4804 feralibus
1292 4751 1502 4807 edictis.
1559 4753 1674 4822 lpse
1727 4770 1885 4820 eum,
1945 4758 2134 4825 grandi

571 4839 827 4894 comitatu
877 4843 1324 4903 suecenturiatus,
1370 4843 1515 4898 lento
1565 4847 1696 4914 pede
1748 4847 2131 4914 subsequitur,

570 4939 624 4986 et
652 4931 849 5002 iniquae
876 4932 1163 5002 legationis
1202 4935 1379 5003 bajulo
1409 4936 1636 5005 imperat
1675 4945 1762 5001 ut,
1811 4937 2021 4992 timoris
2046 4952 2134 5005 pe,-

570 5024 739 5079 riculo
762 5025 954 5090 nudus,
983 5025 1054 5080 ita
1085 5026 1356 5082 incautum
1407 5028 1686 5082 adoriatur
1717 5048 1729 5082 :
1773 5047 1790 5078 ι
1811 5029 1981 5083 Terra
2030 5043 2139 5080 ma-

571 5115 723 5182 rique
770 5117 1084 5170 ntetuendus
1131 5116 1378 5174 dominus
1431 5131 1614 5174 noster
1661 5121 1880 5190 lnguar,
1922 5135 2012 5172 rex
2056 5119 2137 5171 in-

573 5206 916 5271 victissimus,
949 5208 1189 5264 diversas
1221 5219 1397 5264 terras
1441 5209 1775 5278 subjicienda
1817 5210 1917 5264 sibi
1946 5208 2130 5272 armis,

575 5295 640 5347 ad
671 5293 826 5362 hujus
852 5297 1138 5364 provincia:
1184 5308 1422 5368 optatum
1461 5301 1613 5355 littus
1655 5315 1776 5354 cum
1811 5298 1991 5351 multis
2037 5314 2134 5350 na-

579 5385 728 5414 I':'|II1‘
763 5386 1087 5414 '|:A-‘\nlnn_.-n
1131 5393 1326 5414 A......--':l
1351 5411 1360 5414 _
1395 5402 1514 5414 -l.__-
1537 5409 1545 5414 .
1604 5393 1650 5414 ξ..
1673 5392 1803 5414 ,ξμαΛη
1837 5406 1954 5414 ..ιι-ιιι
1983 5392 2044 5414 ,ΔΙ
2079 5397 2131 5414 ιι.

2231 3227 2382 3278 veas,
2405 3213 2493 3268 hic
2519 3213 2700 3268 statim
2712 3214 2939 3268 aderunt
2955 3222 3446 3282 tortores,quorum
3469 3209 3785 3267 nefandoob-

2231 3306 2418 3374 sequio
2432 3321 2619 3376 poenas
2635 3307 2770 3362 lues.
2785 3327 2804 3360 ι
2821 3307 2900 3361 Ad
2917 3308 3029 3363 hate
3047 3323 3136 3363 rex
3156 3307 3519 3363 beatissimus:
3542 3307 3682 3363 «ιιορ
3695 3315 3784 3369 est,

2237 3397 2332 3461 ait,
2357 3398 2500 3467 quod
2526 3397 2794 3463 desidero,
2821 3399 2964 3468 quod
2989 3400 3238 3454 omnibus
3262 3399 3400 3453 votis
3425 3408 3710 3467 antepono,
3730 3412 3786 3450 ne

2238 3487 2502 3556 supersim
2528 3487 2662 3542 meis
2688 3488 3027 3543 charissimis
3050 3487 3466 3557 tidelibus,quos
3480 3502 3606 3542 cum
3623 3485 3784 3541 liberis

2233 3587 2288 3632 et
2325 3577 2578 3632 uxoribus
2609 3578 2662 3632 in
2688 3577 2825 3633 lecto
2852 3592 3040 3633 eorum
3069 3579 3278 3633 animas
3315 3577 3549 3635 furando
3577 3575 3795 3648 perdidit.

2233 3669 2406 3737 pirata
2442 3669 2796 3723 truculentus.
2835 3669 2902 3723 Et
2923 3669 3049 3739 quid
3085 3668 3354 3739 suggeris?
3377 3677 3436 3723 ut
3466 3669 3521 3722 in
3552 3665 3785 3721 extremis

2235 3760 2378 3822 vitae,
2413 3759 2689 3814 desolatus
2712 3774 2832 3813 meo
2870 3759 3123 3822 satellite,
3156 3757 3408 3828 fugiendo
3447 3757 3675 3812 inferam
3701 3754 3786 3808 cri-

2236 3865 2355 3904 men
2380 3859 2576 3903 nostraa
2603 3849 2814 3920 glorite!
2860 3849 3087 3919 Semper
3124 3848 3396 3904 delatoritc
3450 3843 3785 3903 accusationis

2238 3938 2561 3992 calumniam
2591 3939 2810 4003 evitavi,
2843 3953 3117 4008 nunquam
3146 3938 3344 3994 relicta:
3375 3937 3582 3991 militia:
3612 3935 3784 4006 probra

2235 4029 2489 4093 sustinui,
2532 4044 2596 4083 eo
2624 4029 2768 4098 quod
2813 4029 3095 4084 honestum
3145 4029 3274 4083 mihi
3308 4037 3454 4084 esset
3496 4043 3596 4098 pro
3635 4023 3785 4096 patria

2236 4118 2372 4172 mori
2423 4135 2434 4170 :
2477 4127 2532 4172 et
2561 4133 2703 4172 nunc
2735 4132 2831 4171 cro
2885 4119 2988 4172 mei
3041 4118 3377 4173 voluntarius
3405 4118 3670 4187 proditor,
3711 4110 3785 4168 cui

2237 4223 2335 4276 pro
2387 4209 2676 4263 amissione
2731 4209 3048 4275 charorum,
3104 4211 3220 4279 ipsa
3275 4207 3368 4262 lux
3410 4219 3496 4264 est
3549 4203 3783 4264 fastidio!

2235 4299 2586 4370 Omnipotens
2626 4316 2803 4355 rerum
2845 4301 3050 4356 arbiter
3079 4301 3234 4355 testis
3276 4299 3483 4354 assistit
3521 4299 3664 4369 quod
3714 4311 3785 4350 Ine

2238 4405 2330 4446 seu
2358 4390 2534 4444 vivum
2571 4404 2663 4446 seu
2705 4398 2977 4445 mortuum
3013 4389 3189 4444 nullus
3247 4389 3524 4458 separabit
3564 4404 3595 4441 a
3633 4385 3784 4441 chari-

2244 4488 2352 4533 tate
2373 4477 2763 4547 Christi,cujus
2795 4479 2847 4532 in
2873 4478 3210 4534 confessione
3241 4477 3582 4547 baptismatis
3601 4473 3782 4541 suscepi

2241 4569 2494 4623 annulum
2546 4570 2709 4633 ﬁdei,
2757 4569 3144 4625 abrenuntians
3195 4567 3411 4622 Satanae
3461 4578 3517 4621 et
3562 4565 3786 4622 erunibus

2239 4663 2461 4732 pompis-
2507 4661 2642 4730 ejus.
2710 4659 2826 4727 Qua
2902 4659 3289 4715 ahreuuntians
3341 4659 3568 4729 contigit
3621 4666 3676 4710 ut
3729 4653 3783 4706 ad

2239 4754 2452 4808 laudem
2479 4763 2533 4807 et
2561 4753 2782 4822 gloriam
2813 4761 3028 4807 aeterna:
3056 4750 3336 4807 Trinitatis
3369 4751 3531 4805 tertio
3572 4757 3784 4802 mererer

2239 4845 2569 4910 consecrari,
2592 4844 2862 4899 delibutus
2891 4844 2960 4899 ob
3003 4843 3376 4912 compendium
3405 4839 3656 4910 perennis
3679 4836 3784 4889 vita:

2243 4934 2564 4990 sanctificati
2593 4933 2903 4988 chrismatis
2933 4933 3305 5003 perunctione.
3346 4929 3527 4984 Primo
3568 4926 3778 4996 quidem,

2241 5036 2460 5095 accepta
2493 5027 2628 5080 stola
2650 5026 2845 5081 lavacri
2876 5025 3157 5089 salutaris;
3198 5022 3454 5087 secundo,
3479 5036 3575 5090 per
3606 5016 3780 5073 conlit-

2240 5120 2526 5173 mationem
2549 5117 2842 5173 exhibitam
2871 5117 3168 5187 majuseulo
3189 5113 3478 5185 pontificali
3501 5106 3778 5181 signaculo;

2241 5211 2435 5274 tertio,
2492 5210 2582 5264 ubi
2630 5216 2813 5263 vestra
2865 5218 2921 5263 et
2973 5207 3136 5262 totius
3190 5205 3369 5277 populi
3424 5201 3782 5259 acclamatione

2239 5315 2368 5355 usus
2409 5316 2525 5354 sum
2574 5300 2676 5354 hoc
2722 5299 2871 5368 regni
2899 5298 3261 5367 perfunctoria
3292 5303 3576 5366 potestate.
3611 5293 3792 5359 Sicque-

3665 5387 3676 5394 υ

2241 5401 2508 5414 .ι-ι..·ιΔ--.Α
2561 5389 2799 5414 ηιισΑΙὲιιΜ
2860 5389 3272 5414 ΛΑ-ιΑΑΔ“Λ.²ιιιιέη
3336 5387 3616 5414 ...ζιιΙζιηῖΙΛ-
3664 5395 3780 5414 unm.
