3944 5414
166 321 256 378 εςιδ

1178 316 1333 370 \"lT.\
1372 316 1428 370 S.
1467 311 1823 369 EADMUNDI
1858 312 2058 367 REGIS
2098 311 2300 368 ANGL.

3274 318 3377 375 5N

162 438 231 492 dit
266 430 489 489 callidus
539 445 648 486 sua:
696 429 1109 486 machinationis
1160 428 1511 500 mnscipnlam
1534 469 1547 491 ,
1606 442 1709 497 qua
1743 433 1786 488 Α
1820 425 2044 478 tiaturus
2081 425 2232 479 miles
2262 425 2450 495 pedem
2481 426 2638 481 domo
2666 428 2954 495 extulerat,
2986 444 3108 485 cum
3141 444 3267 487 ecce
3297 432 3387 487 Ιιι-

162 537 358 580 servum
385 521 583 575 Christi
608 521 823 575 irretire
848 520 1128 581 deliberat,
1160 518 1393 572 maxime
1436 534 1558 571 cum
1595 534 1717 587 pro-

154 616 327 676 mittit,
361 616 506 683 quod
539 613 693 667 nobis
720 611 941 682 largitas
967 625 1199 681 superna
1226 610 1514 665 concessit.
1542 608 1716 662 Vitam

151 696 419 775 indulget,
470 718 575 773 qua
613 703 838 757 necdum
890 717 1085 766 careo;
1134 714 1356 771 regnum
1406 699 1714 769 promittit,

161 797 283 863 quod
310 795 514 858 habeo;
544 807 676 864 opes
711 792 960 847 conferre
997 792 1173 861 cupit,
1197 790 1389 860 quibus
1416 806 1519 844 non
1562 805 1713 859 egeo.

162 883 253 939 Pro
274 884 353 938 his
390 898 522 953 ergo
552 897 693 936 nunc
723 882 975 952 incipiam
1017 882 1224 936 servire
1246 881 1453 935 duobus
1487 881 1718 934 dominis

161 974 238 1043 qui
276 987 359 1026 me
393 974 496 1027 sub
538 973 755 1027 Christo
799 972 911 1026 solo
936 972 1146 1037 vivere,
1194 972 1295 1026 sub
1347 971 1562 1026 Christo
1601 971 1717 1027 solo

160 1077 386 1133 regnare,
420 1062 781 1130 przeseutibus
810 1061 1062 1131 palatinis
1094 1060 1422 1116 devoverim.
1474 1079 1493 1112 ι

221 1154 304 1207 IX.
346 1153 499 1209 Tunc
547 1168 843 1209 conversus
888 1153 953 1206 ad
980 1168 1102 1207 eum
1150 1152 1265 1222 qui,
1314 1154 1380 1206 de
1412 1151 1717 1207 conditione

159 1247 291 1317 regni
315 1246 612 1313 locuturus,
638 1246 707 1300 ab
731 1246 1045 1315 impiissimo
1064 1246 1258 1316 lnguar
1279 1245 1453 1299 fuerat
1478 1247 1673 1299 missus
1698 1262 1712 1298 :

166 1355 182 1386 ι
208 1335 554 1400 Madefaetus,
598 1335 793 1403 inquit,
830 1348 1021 1389 cruore
1052 1350 1324 1401 meorum,
1373 1335 1563 1389 mortis
1594 1350 1722 1403 sup.

158 1426 299 1498 plicio
318 1427 511 1497 dignus
523 1428 843 1491 cxstiteras;
870 1427 983 1490 sed,
1012 1426 1167 1497 plane
1188 1426 1387 1482 Christi
1413 1427 1514 1482 mei
1541 1443 1718 1482 exem-

158 1514 282 1583 plum
308 1525 546 1579 secutus,
580 1515 705 1568 nolo
731 1530 893 1584 puras
931 1513 1325 1569 commaculare
1360 1530 1547 1569 manus
1574 1556 1587 1577 ,
1625 1514 1715 1584 qui

159 1620 239 1671 pro
271 1604 382 1673 ejus
409 1604 647 1667 nomine,
681 1604 725 1659 si
756 1605 829 1658 ita
856 1604 1177 1675 contigerit,
1225 1603 1456 1660 libenter
1497 1613 1717 1673 paratus

158 1708 257 1746 sum
284 1694 477 1747 vestris
518 1692 638 1747 telis
672 1693 1013 1747 occumbere.
1052 1692 1177 1747 ideo
1204 1692 1409 1762 pernici
1442 1694 1608 1763 gradu
1639 1708 1717 1747 re-

1818 528 1951 582 gnar
2000 512 2191 566 obvius
2223 511 2376 579 jubet
2418 514 2752 585 breviloquio
2797 528 3016 583 utatur,
3048 518 3121 573 illi
3145 522 3387 589 pandens

1820 616 1915 669 per
1942 602 2119 655 omnia
2147 615 2343 655 arcana
2375 604 2515 673 regis
2553 606 2759 661 ultima.
2794 608 2921 675 Qua:
2957 609 3045 665 ille
3074 611 3199 665 dum
3228 626 3387 667 exse-

1817 691 2020 759 quitur,
2040 691 2267 759 imperat
2290 701 2545 762 tyrannus
2562 695 2916 751 circumfundi
2939 712 3151 752 onmem
3177 701 3386 757 turbam

1817 796 2036 835 suorum
2068 782 2313 846 interius,
2343 782 2622 854 solumque
2655 802 2828 857 regem
2867 790 3055 854 teneri,
3087 805 3245 859 quem
3275 794 3389 848 suis

1818 868 2023 939 legibus
2053 869 2308 926 rebellem
2337 869 2448 939 jam
2484 888 2828 946 cognoverat.
2858 877 3006 933 'l'nne
3037 891 3256 936 sanctus
3293 898 3389 938 rex

1819 958 2165 1016 Eadmundus
2208 962 2260 1015 in
2298 962 2499 1032 palatio
2546 974 2601 1019 ut
2639 967 2936 1022 membrum
2976 970 3218 1038 Christi,
3263 988 3391 1043 pro-

1811 1048 1972 1119 jectis
2019 1052 2184 1107 armis
2207 1054 2441 1123 capitur,
2468 1065 2521 1109 et
2546 1057 2775 1113 vinculis
2803 1060 3125 1116 aretioribus
3152 1072 3390 1120 arctatzrs

1815 1142 2224 1211 constringitur,
2255 1153 2417 1215 atque
2448 1146 2705 1202 innocens
2744 1150 2955 1204 sistitur
3001 1162 3124 1207 ante
3165 1155 3389 1225 impium

1818 1231 2006 1287 ducem
2027 1274 2040 1297 ,
2073 1237 2223 1302 quasi
2254 1235 2500 1291 Christus
2530 1248 2654 1293 ante
2689 1239 2915 1295 Pilatum
2955 1245 3257 1310 prmsidcm,
3292 1261 3390 1300 cn-

1817 1323 1970 1393 pieus
2000 1324 2116 1393 ejus
2164 1328 2314 1394 sequi
2348 1328 2599 1397 vestigia,
2642 1330 2731 1398 qui
2768 1345 2865 1399 pro
2906 1332 3056 1385 nobis
3087 1332 3393 1389 immolatus

1816 1421 1901 1466 est
1938 1413 2109 1467 hostia
2151 1432 2162 1466 :

1817 1520 1882 1559 ac
1914 1507 2157 1571 tandem,
2200 1506 2486 1578 fustigatus
2516 1511 2627 1565 acri
2666 1511 2946 1576 instantia,
2984 1513 3293 1581 perducitur
3326 1518 3392 1570 ad

1818 1596 2104 1665 quamdam
2154 1598 2403 1651 arborem
2443 1600 2695 1654 vicinam.
2768 1600 2849 1654 Ad
2896 1617 3059 1671 quam
3096 1602 3392 1674 religatus,

1817 1683 2000 1755 flagris
2041 1686 2325 1741 dirissimis
2362 1687 2663 1743 diutissime
2698 1700 2945 1755 vexatur,
2998 1706 3097 1745 nec
3135 1691 3391 1758 vincitur,

156 1783 287 1837 diens
307 1783 553 1845 festinus,
578 1783 795 1839 domino
822 1793 913 1839 tuo
933 1783 1044 1838 haec
1066 1798 1319 1854 responsa
1352 1784 1527 1853 perfer
1548 1799 1714 1853 quan-
1749 1778 1788 1837 Β
1817 1791 2031 1844 semper
2050 1777 2322 1831 Christum
2348 1778 2644 1833 invocando
2662 1778 2929 1835 flebilibus
2950 1782 3189 1836 vocibus.
3214 1782 3394 1850 Quare

159 1874 497 1928 tocius:Bene
530 1874 671 1928 illius
700 1873 895 1929 diaboli
927 1881 1133 1942 patrem
1164 1881 1312 1926 tuum
1335 1872 1713 1941 imitaris,qni,

156 1965 495 2033 superhiendo
526 1964 1057 2029 intttmescens,cmlo
1082 1966 1307 2029 corruit,
1330 1974 1382 2021 et
1402 1966 1715 2036 ,mendacio

157 2070 241 2105 suo
278 2054 574 2107 humanum
617 2070 783 2125 genus
826 2054 1095 2109 involvere
1134 2055 1369 2124 gestiens
1395 2095 1409 2120 ,
1454 2054 1715 2125 plurimos

157 2157 250 2195 sua:
274 2158 443 2212 ptume
484 2144 746 2198 obnoxios
778 2142 923 2198 fecit.
955 2141 1118 2210 Cujus
1149 2153 1385 2198 sectator
1415 2145 1715 2215 przecipuus

159 2249 230 2287 tne
259 2249 352 2287 nec
396 2234 564 2288 minis
595 2243 795 2288 terrere
825 2233 1111 2302 przevales,
1146 2248 1247 2289 nec
1291 2234 1499 2290 blanda:
1538 2234 1715 2303 perdi-

159 2324 295 2377 tionis
324 2325 607 2379 leuociniis
639 2324 868 2379 illectum
914 2325 1149 2393 decipies
1174 2364 1187 2389 ,
1218 2342 1378 2395 quem
1408 2341 1474 2382 ex
1516 2326 1714 2381 Christi

160 2415 396 2469 institutis
442 2416 702 2469 inermem
744 2414 997 2484 reperies.
1049 2414 1355 2470 Thesauros
1396 2425 1452 2470 et
1499 2415 1715 2472 divitias

161 2518 277 2572 quas
304 2504 459 2558 nobis
498 2506 756 2559 hactenus
793 2504 1017 2559 contulit
1048 2505 1276 2573 propitia
1311 2505 1591 2571 divinitas,
1626 2522 1715 2561 su—

163 2604 284 2659 mat,
312 2604 596 2650 consumat
634 2604 722 2649 tua
764 2594 1081 2649 insatiabilis
1125 2595 1390 2660 aviditas;
1421 2596 1708 2664 quoniam,

163 2685 247 2737 etsi
279 2685 376 2739 hoc
402 2700 602 2755 corpus
629 2685 887 2739 caducum
924 2693 979 2738 et
1010 2684 1198 2755 fragile
1231 2684 1540 2755 confringas
1571 2685 1712 2740 velut

164 2790 242 2829 vas
267 2776 453 2838 fictile,
490 2792 614 2831 vera
639 2776 855 2832 libertas
884 2777 1049 2830 animi
1094 2793 1366 2846 nunquam
1406 2778 1499 2831 tibi
1534 2778 1613 2832 vel
1644 2778 1711 2832 ad

162 2876 466 2920 momentum
510 2868 732 2921 suberit.
771 2866 1056 2922 Honestius
1097 2869 1237 2921 enim
1270 2878 1354 2922 est
1398 2878 1710 2938 perpetuam

164 2953 428 3010 defendere
457 2956 782 3021 libertatem,
815 2956 862 3010 si
890 2972 996 3011 non
1026 2957 1214 3019 armis,
1256 2958 1444 3013 saltem
1470 2957 1669 3029 iugulis
1693 2998 1708 3021 ,

162 3059 299 3110 quam
331 3061 615 3115 reposcere
662 3048 910 3101 amissam
960 3048 1275 3118 lacrymosis
1318 3050 1705 3117 querimoniis;

1815 1867 2110 1921 adversarii
2153 1868 2205 1920 in
2240 1868 2475 1923 furorem
2514 1870 2693 1935 versi,
2735 1871 2889 1939 quasi
2924 1871 3176 1936 ludendo,
3226 1874 3292 1926 ad
3323 1874 3394 1928 si-

1815 1972 2002 2025 gnum,
2030 1972 2153 2012 eum
2179 1967 2290 2013 toto
2313 1974 2542 2027 corpore
2570 1960 2884 2030 sagittarum
2913 1962 3033 2017 telis
3056 1962 3395 2031 confodiunt,

1816 2049 2231 2119 multiplicantes
2261 2051 2607 2107 acerbitatem
2641 2052 2913 2108 cruciatus
2961 2054 3239 2109 crebribus
3267 2055 3389 2125 (sic)

1815 2138 1991 2192 lorum
2031 2139 2258 2203 ictibus,
2299 2140 2551 2208 quoniam
2585 2140 2809 2195 vulnera
2858 2141 3167 2197 vulneribus
3205 2143 3394 2212 impri-

1816 2230 2058 2296 ruebant,
2104 2230 2230 2284 dum
2273 2229 2449 2299 jacula
2482 2231 2673 2300 jaculis
2709 2231 2885 2287 locum
2928 2233 3148 2288 dabant.
3194 2233 3393 2304 Sicque

1816 2319 2016 2375 factum
2044 2328 2128 2375 est
2170 2329 2226 2375 ut
2255 2322 2583 2391 spiculorum
2616 2323 2901 2379 terebratis
2930 2324 3133 2380 aculeis
3158 2325 3395 2395 circum-

1814 2412 1990 2468 fossus
2018 2413 2284 2483 palpitans
2324 2416 2599 2482 horreret,
2632 2417 2777 2471 velut
2809 2431 2969 2487 asper
2996 2417 3265 2484 hericius,
3299 2426 3394 2472 aut

1813 2503 1982 2572 spinis
2011 2503 2184 2558 hirtus
2210 2504 2461 2567 carduus,
2494 2504 2544 2557 in
2572 2504 2822 2574 passione
2851 2505 3043 2561 similis
3071 2504 3393 2561 Sebastiano

1812 2593 2029 2663 egregio
2072 2592 2319 2663 martyri.
2369 2593 2612 2662 Cumque
2659 2609 2758 2649 nec
2800 2594 2879 2650 sic
2930 2596 3126 2663 lnguar
3170 2595 3394 2650 furcifer

1813 2698 1934 2737 cum
1971 2682 2179 2737 lanistis
2214 2699 2497 2738 assensum
2534 2685 2775 2753 praebere
2815 2686 3188 2755 conspiceret,
3237 2686 3393 2741 Chri-

1810 2783 1953 2828 stum
1994 2774 2373 2829 inclamantem
2411 2774 2636 2843 jugiter,
2668 2773 2846 2829 lictori
2892 2778 3111 2830 mandat
3147 2776 3390 2845 protinus

1812 2870 1870 2916 ιιι
1904 2871 2144 2933 amputet
2184 2872 2343 2932 caput
2374 2863 2508 2933 ejus.
2559 2862 2652 2918 llle
2692 2864 3053 2929 seminecem,
3095 2867 3181 2921 cui
3214 2867 3389 2923 adhuc

1810 2954 1987 3008 vitalis
2008 2953 2159 3009 calor
2180 2954 2477 3024 palpitabat
2505 2956 2558 3010 in
2590 2956 2768 3026 tepido
2796 2966 3036 3026 pectore,
3069 2968 3126 3014 ut
3152 2960 3241 3014 vix
3266 2975 3390 3030 pos‘

1814 3056 1897 3101 set
1924 3048 2238 3113 subsistere,
2272 3049 2460 3104 avellit
2488 3058 2713 3103 cruento
2744 3050 2924 3120 stipite
2958 3049 3207 3117 festinus,
3237 3052 3390 3106 avul-

161 3138 386 3200 quouiam
437 3154 533 3207 pro
564 3139 730 3193 altero
762 3139 1050 3210 gloriosum
1083 3150 1163 3195 est
1208 3142 1371 3206 mori,
1416 3157 1513 3210 pro
1541 3142 1710 3196 altero
1738 3121 1782 3182 (ἶ
1816 3154 2060 3210 sumque,
2099 3142 2316 3195 retectis
2344 3150 2614 3197 cosmrum
2639 3140 2878 3208 latebris,
2904 3143 3390 3212 prmpunctiouibns

160 3238 272 3277 vero
322 3229 611 3296 opponitur
662 3230 992 3283 contumacia
1056 3230 1300 3295 servilis,
1356 3232 1553 3301 quippe
1606 3248 1713 3287 scr-

159 3327 302 3375 vunt,
360 3332 707 3385 quascunque
780 3319 978 3373 domini
1055 3321 1391 3375 conditiones
1462 3324 1706 3391 accepit,

156 3408 338 3462 servire
386 3411 656 3464 convenit.
696 3409 749 3465 Si
793 3426 886 3466 eas
931 3411 1195 3480 quaslibet
1238 3412 1448 3481 iniquas
1482 3415 1707 3482 respuit,

158 3510 263 3549 rens
344 3498 641 3566 majestatis
731 3498 1067 3568 adjndicatur
1138 3501 1422 3557 servilibus
1497 3503 1701 3572 suppli-

159 3587 258 3638 ciis.
290 3588 391 3642 Sed
422 3598 537 3644 esto
559 3629 574 3654 ,
613 3591 788 3661 gravis
827 3601 909 3645 cst
954 3591 1111 3660 hujus
1140 3593 1412 3647 servitutis
1446 3609 1610 3657 usus;
1653 3603 1709 3646 at

160 3678 349 3744 gravior
402 3680 661 3734 ulceratio
685 3697 801 3751 qua:
832 3682 966 3737 solet
1004 3684 1152 3737 nasci
1184 3700 1249 3740 ex
1285 3682 1587 3752 lmjusmodi
1620 3686 1702 3738 in-

160 3768 395 3825 fortunio.
441 3773 751 3841 Siquidem,
819 3783 877 3827 ut
924 3785 1187 3829 noverunt
1237 3776 1327 3846 qui
1373 3776 1706 3846 frequentius

160 3861 501 3914 ratiorinando
542 3864 844 3918 forensibus
874 3865 1054 3919 causis
1095 3865 1389 3931 intersunt,
1438 3882 1504 3920 ex
1543 3883 1702 3936 repu-

158 3951 423 4015 gnantibus
458 3952 592 4005 facta
625 3953 1010 4021 complexionis
1040 3957 1455 4024 consequentia,
1492 3967 1701 4009 certum

157 4039 399 4106 estquia,
448 4043 487 4094 si
519 4041 740 4094 libertas
775 4044 995 4111 petitur,
1037 4042 1218 4111 procul
1249 4044 1411 4097 dubio
1447 4044 1704 4101 Dominus

158 4142 242 4180 suo
274 4140 569 4200 contemptu
600 4132 826 4187 laeditur.
860 4134 1063 4189 Idcirco
1107 4150 1199 4190 seu
1235 4144 1457 4204 sponte,
1497 4152 1591 4192 seu
1620 4137 1702 4192 in-

159 4218 284 4273 vitus
321 4222 387 4274 de
426 4237 640 4277 carcere
677 4238 774 4278 suo
818 4239 969 4278 meus
1010 4224 1079 4279 ad
1116 4224 1308 4279 cmlum
1354 4224 1527 4280 evolet
1568 4226 1703 4281 liber

159 4309 377 4377 spiritus,
435 4314 582 4367 nullae.
636 4315 1079 4384 emancipationis
1137 4325 1232 4370 aut
1288 4317 1701 4375 abalienationis

158 4405 317 4468 specie
344 4407 764 4468 contaminatus;
791 4407 910 4475 quia
936 4407 1467 4478 regem,dimiuutum
1501 4409 1697 4479 capite,

1814 3230 2058 3295 crebris,
2109 3244 2172 3284 ac
2201 3229 2247 3284 si
2276 3238 2488 3299 raptum
2509 3230 2741 3300 equuleo
2787 3241 2879 3286 aut
2920 3233 3077 3287 saevis
3124 3241 3388 3288 tortorum

1812 3320 2044 3388 ungulis,
2070 3318 2226 3387 jubet
2263 3329 2425 3391 caput
2452 3322 2772 3388 extendere,
2801 3324 2945 3393 quod
2971 3338 3182 3393 semper
3214 3324 3390 3379 fuerat

1812 3407 2021 3476 insigne
2047 3408 2214 3477 regali
2239 3408 2559 3465 diademate.
2588 3410 2831 3482 Cumque
2853 3420 3023 3467 staret
3048 3414 3384 3479 mitissimus,

1809 3504 1869 3549 ut
1897 3497 2038 3552 aries
2067 3498 2132 3551 de
2184 3506 2297 3553 toto
2347 3514 2506 3569 grege
2549 3499 2780 3565 electus,
2816 3501 2997 3557 volens
3042 3502 3182 3558 felici
3236 3520 3386 3559 corn-

1808 3590 2011 3643 mercio
2040 3600 2251 3645 mutare
2279 3591 2441 3644 vitam
2489 3590 2704 3655 saeculo,
2720 3589 2916 3645 divinis
2948 3591 3185 3647 intentus
3216 3592 3383 3647 bene-

1808 3678 1976 3744 ﬁciis,
2011 3680 2122 3747 jam
2166 3681 2512 3736 rccreabatur
2546 3681 2753 3736 visione
2805 3682 3033 3736 interna:
3074 3683 3234 3748 lucis,
3277 3699 3383 3753 qua

1808 3770 1857 3823 in
1886 3785 2055 3840 agone
2080 3772 2304 3838 positus,
2321 3772 2508 3825 satiari
2530 3771 3051 3840 cupiebatattentius
3069 3789 3082 3836 ;
3103 3774 3265 3837 unde,
3292 3773 3379 3827 in-

1808 3866 1889 3913 ter
1911 3861 2069 3914 verba
2099 3861 2381 3925 orationis,
2404 3876 2523 3914 eum
2555 3871 2771 3929 arrepto
2814 3863 3044 3930 pugione
3086 3862 3381 3930 spiculator

1802 3965 1911 4003 uno
1954 3950 2064 4004 ictu
2104 3950 2457 4018 decapitando
2510 3951 2614 4004 hac
2661 3951 2779 4004 luce
2806 3952 3058 4020 privavit.
3095 3951 3270 4021 Atque
3306 3953 3380 4007 ita

1803 4040 2118 4095 duodecimo
2166 4039 2436 4094 Kalendas
2473 4040 2782 4095 Decembris
2835 4038 2945 4094 Deo
3002 4040 3374 4109 gratissimum

1802 4133 2170 4188 holocaustum
2196 4133 2554 4200 Eadmundus,
2580 4132 2995 4204 ignelpassionis
3014 4132 3375 4200 exanimatus,

1802 4240 1922 4280 cum
1954 4224 2129 4294 palma
2156 4225 2399 4279 victoriae
2429 4235 2483 4279 et
2510 4240 2707 4279 corona
2732 4224 2958 4294 justitia:
2981 4264 2996 4287 ,
3040 4239 3135 4278 rex
3161 4232 3215 4278 et
3237 4239 3381 4278 mar-

1801 4325 1887 4387 tyr
1933 4316 2156 4370 intravit
2183 4324 2430 4370 senatum
2462 4316 2625 4370 curia:
2665 4314 2919 4370 cmlestis.

1872 4409 1963 4463 XI.
2006 4409 2232 4478 Talique
2274 4411 2422 4465 exitu
2470 4408 2649 4465 crucis
2682 4406 3188 4470 mortificationem,
3217 4419 3379 4475 quam

160 4507 413 4562 nunquam
445 4496 618 4549 Danus
647 4469 851 4551 videbit
876 4500 940 4551 ad
974 4469 1297 4566 triumphum
1332 4469 1693 4568 supervivere.
1730 4469 1777 4526 θ
1797 4500 2001 4571 jugiter
2041 4499 2093 4553 in
2133 4469 2231 4553 suo
2252 4514 2476 4567 corpore
2517 4515 2609 4554 rex
2650 4498 2866 4567 pertulit
2888 4539 2901 4560 .
2934 4497 3136 4553 Christi
3166 4498 3378 4553 Domini

161 4581 406 4637 Sollicitas
448 4601 527 4638 me
571 4601 664 4655 spe
693 4588 867 4656 regni,
907 4587 1204 4641 interfectis
1236 4590 1486 4643 onmibus
1520 4589 1654 4642 meis
1681 4627 1694 4652 ,

160 4685 213 4725 ac
246 4675 287 4726 si
327 4674 455 4728 mihi
488 4686 591 4730 tam
624 4678 737 4731 dira
776 4679 845 4732 sit
872 4680 1064 4749 cupido
1103 4678 1400 4747 regnandi,
1448 4686 1509 4733 ut
1541 4678 1696 4733 velim

161 4776 370 4829 prmesse
428 4766 663 4822 domibus
699 4769 882 4823 vacuis
918 4769 1223 4823 habitatore
1270 4769 1431 4824 nobili
1479 4778 1536 4824 et
1576 4783 1699 4838 pre-

166 4851 281 4904 tiosa
309 4854 639 4923 supellectili.
671 4857 740 4913 Ut
767 4859 925 4930 cmpit
956 4868 1045 4913 tua
1071 4873 1213 4913 saeva
1244 4858 1446 4921 feritas,
1470 4867 1590 4929 post
1618 4856 1697 4912 fa-

162 4941 311 4997 tnulos
332 4960 509 5015 regem
532 4948 661 5002 solio
684 4949 918 5019 diripiat,
935 4952 1138 5016 trahat,
1162 4950 1695 5021 conspuat,colaphis

163 5034 328 5100 “id”.
354 5037 422 5091 ad
443 5037 677 5095 ultimum
698 5040 1052 5114 jugulet.Rex
1079 5058 1267 5114 regum
1299 5045 1397 5099 ista
1428 5046 1694 5099 miserans

163 5122 282 5164 ἲίιὶρι
332 5137 381 5164 AI
415 5143 594 5164 conum

660 5141 708 5164 111
749 5139 902 5164 Inoan
956 5142 1306 5164 σιηηῇησιιιοιιηὶ
1338 5136 1400 5164 ιιι.
1429 5148 1690 5164 ΜιΛο-ιηηιι

1803 4591 1884 4646 sui
1912 4597 2129 4643 secutus
2155 4588 2381 4658 vestigia
2409 4589 2823 4642 consummavit.
2858 4586 2950 4641 ille
2970 4588 3188 4657 quidem
3212 4603 3380 4659 purus

1801 4679 2051 4742 sceleris,
2068 4679 2119 4731 in
2133 4676 2383 4732 columna
2403 4678 2468 4730 ad
2498 4692 2659 4745 quam
2682 4678 2895 4732 vinctus
2921 4677 3039 4743 fuit,
3059 4679 3377 4748 sanguinem

1800 4784 1905 4823 non
1919 4782 2016 4838 pro
2028 4784 2105 4831 se,
2119 4766 2211 4821 sed
2224 4783 2322 4836 pro
2334 4766 2488 4821 nobis
2502 4764 2801 4838 [fundens],
2815 4765 3139 4834 flagellorum
3154 4780 3376 4820 suorum

1799 4861 1952 4929 signa
1995 4859 2251 4928 reliquit;
2295 4859 2400 4914 iste
2428 4871 2528 4927 pro
2572 4858 2913 4927 adipiscenda
2954 4858 3121 4927 gloria
3151 4858 3380 4912 immar-

1800 4943 2035 5001 cessibili
2071 4956 2353 5003 curentato
2394 4946 2577 5014 stipite
2617 4945 2824 5001 similes
2855 4960 3039 5014 pinnas
3084 4944 3256 5000 dedit.
3288 4944 3381 4999 ille

1801 5038 2009 5105 integer
2041 5037 2194 5102 vitae,
2222 5038 2291 5091 ob
2321 5037 2699 5105 detergendam
2741 5036 3043 5103 rubiginem
3070 5043 3381 5091 nostrorum

1802 5128 2100 5164 fnninncnm
2171 5129 2425 5164 cunctim-il
2468 5126 2879 5164 Imnimiicciunnc
2923 5122 3238 5164 immanium
3275 5126 3386 5164 nia.

2205 1415 2415 1471 vinctus
2469 1418 2647 1485 itaque
2695 1419 2878 1474 multis
2917 1422 3089 1476 modis
3133 1421 3391 1485 ilhnlitur.
3472 1442 3475 1445 ·
