3944 5414
509 215 613 271 M5

1535 209 1594 266 s.
1638 205 1927 266 annexis
1960 178 2773 263 saeuisseomacsxsis

3658 201 3766 260 518

508 326 817 396 linquentes
837 364 852 389 ,
885 339 1007 378 cum
1037 336 1135 378 suo
1163 328 1385 377 auctore
1414 319 1570 383 Dani,
1600 318 1835 375 ministri
1864 317 2087 382 diaboli,
2116 325 2164 383 Λ
2193 315 2546 370 manifestans
2579 316 2631 370 in
2659 331 2720 372 se
2758 316 3070 389 Verbigcnte
3114 314 3405 389 magaaha,
3431 316 3523 388 qui
3555 314 3771 374 rut'enti

511 416 639 474 illud
682 424 845 485 caput
893 422 1134 469 sanetum
1191 412 1331 480 quod
1362 426 1466 465 nou
1497 410 1924 481 impinguaverat
1966 423 2091 478 pec-

514 505 714 562 catoris
750 504 925 559 oleum
951 542 966 567 ,
997 503 1088 558 sed
1129 502 1261 556 certi
1303 501 1543 571 mysterii
1573 508 1991 559 sacramentum,
2036 498 2088 552 in

512 594 684 657 silva,
736 592 823 646 cui
873 590 1190 647 vocabulum
1236 597 1317 643 est
1362 589 1728 658 Ilagdesdum,
1778 587 2091 642 recedentes

512 692 950 755 asportaveruut,
982 697 1047 736 ac
1076 682 1216 735 inter
1259 681 1422 735 densa
1453 679 1694 749 veprium
1733 677 1931 733 fruteta
1979 677 2093 731 lou-

509 776 630 849 gius
656 776 954 847 projectum
997 774 1371 838 occuluerunt,
1403 773 1455 827 id
1484 773 1629 827 omni
1669 772 1964 842 sagacitate
1988 770 2095 824 cla-

510 866 769 924 borantes
822 880 892 920 ne
938 880 967 918 a
1006 864 1364 926 Christianis,
1400 879 1535 933 quos
1595 863 1681 916 vix
1726 877 1927 932 paucos
1971 861 2095 915 reli-

512 966 763 1028 querant,
788 958 1218 1012 sacratissimum
1244 972 1441 1026 corpus
1472 956 1729 1027 martyris
1760 971 1882 1009 cum
1916 954 2093 1024 capite

511 1066 610 1120 pro
640 1049 1017 1104 tumnlautium
1050 1047 1262 1103 modulo
1293 1049 1531 1102 bouestze
1570 1048 1872 1101 traderetur
1911 1045 2093 1115 sepul-

514 1153 667 1197 turae.
702 1141 837 1195 lluic
867 1149 1046 1195 autem
1093 1139 1400 1209 spectaculo
1434 1151 1540 1193 tam
1590 1138 1833 1194 horribili
1876 1138 2092 1208 quidam

512 1246 712 1290 nostrae
728 1235 1000 1304 religionis
1022 1233 1384 1288 delitescendo
1407 1231 1669 1295 interfuit,
1692 1231 2095 1299 qucm,subtra-

513 1338 686 1390 etum,
726 1336 785 1380 ut
811 1326 1112 1389 credimus,
1155 1338 1485 1394 paganorum
1517 1322 1727 1391 gladiis,
1758 1322 1934 1374 divina
1977 1335 2097 1390 pro—

514 1408 751 1474 videntia
809 1419 873 1471 ad
928 1415 1383 1471 manifestandum
1435 1411 1594 1482 hujus
1648 1412 1724 1466 rei
1786 1412 2093 1481 indaginem

514 1510 830 1569 reservavit,
860 1508 989 1562 licet
1030 1507 1250 1561 omnino
1304 1503 1632 1575 iguoraverit
1667 1502 1795 1571 quid
1825 1502 1890 1555 de
1918 1501 2097 1569 capite

515 1601 716 1656 factum
743 1608 914 1661 esset,
948 1599 1049 1652 nisi
1077 1597 1220 1668 quod
1245 1612 1367 1651 cum
1395 1610 1461 1649 eo
1492 1593 1770 1649 carnifices
1815 1593 1991 1647 Dunos
2016 1592 2099 1645 in-

515 1692 771 1745 teriorem
803 1688 995 1743 silvam
1025 1696 1209 1756 petere
1242 1684 1631 1754 conspexisset.

584 1780 1073 1849 Xll.Quamobrem
1102 1776 1576 1847 quanmlacunque
1605 1774 1813 1829 reddita
1840 1773 2098 1829 Ecclesiis

513 1890 650 1947 pace
696 1880 976 1943 cmperunt
1021 1869 1314 1926 Christiani
1363 1868 1429 1923 de
1460 1866 1704 1921 latibulis
1744 1879 2094 1935 consurgere,

514 1964 753 2034 diligenti
797 1962 1146 2032 inquisitione
1185 1969 1495 2031 satagentes
1535 1966 1593 2011 ut
1643 1968 1804 2027 caput
1833 1957 1914 2011 sui
1955 1957 2099 2028 regis

512 2068 566 2111 et
591 2054 843 2126 rnar'yris
871 2054 1146 2107 inventum
1170 2052 1388 2120 corpori
1419 2050 1656 2114 unirent,
1687 2059 1742 2103 et
1762 2050 1917 2119 juxta
1942 2063 2094 2102 suam

516 2146 824 2202 facultatem
856 2145 1126 2214 condigne
1152 2144 1357 2197 honore
1400 2143 1775 2197 reconderent.
1808 2141 2093 2212 Siquidem

515 2236 738 2307 paganis
788 2234 1130 2298 abeuntibus,
1187 2241 1241 2285 ct
1296 2230 1693 2301 depopulationi
1748 2230 1828 2303 (in
1880 2232 2097 2302 regione

515 2327 725 2380 scilicet
777 2322 1242 2393 Estraugulorum)
1297 2335 1512 2390 quoquo
1578 2320 1816 2375 locorum
1874 2336 2097 2391 operam

514 2417 767 2471 dantibus
815 2416 942 2470 illud
970 2429 1166 2483 corpus
1203 2413 1628 2475 sanctissimum,
1674 2411 1847 2467 adlmc
1886 2414 1986 2466 sub
2009 2413 2097 2467 dio

515 2509 770 2577 positum,
796 2506 1053 2561 facillime
1078 2514 1162 2559 est
1188 2514 1460 2574 repertmn
1494 2503 1545 2557 in
1573 2504 1759 2558 eodem
1785 2518 1976 2574 campo
2005 2504 2094 2558 ubi

516 2617 612 2656 rex
655 2600 932 2660 oceulmit,
964 2597 1234 2666 completo
1262 2611 1423 2652 cursu
1454 2596 1534 2650 sui
1572 2595 1909 2649 certaminis.
1956 2595 2095 2661 Quo,

515 2701 739 2762 propter
761 2689 1038 2759 antiquam
1070 2686 1456 2743 beneficiorum
1493 2685 1836 2748 memoriam,
1862 2694 1916 2738 et
1951 2684 2099 2754 inge-

518 2785 687 2839 nitam
735 2782 881 2852 regis
930 2780 1299 2842 clementiam,
1352 2778 1528 2849 populi
1578 2777 1812 2845 untdique
1864 2775 2100 2845 gratuito

515 2875 874 2935 confluentes,
909 2878 1191 2941 eruperunt
1219 2878 1413 2924 maesto
1447 2868 1629 2923 animo
1678 2867 1917 2935 graviter
1956 2866 2099 2920 ferre

519 2960 665 3030 quod
707 2961 1013 3014 caruissent
1056 2969 1204 3013 tanta
1251 2959 1495 3029 corporis
1543 2959 1809 3027 portione.
1855 2955 2095 3022 Quorum

2192 407 2371 462 asella:
2395 408 2626 463 humana
2658 411 2930 479 compegit
2968 410 3154 474 verba,
3202 418 3263 464 ut.
3298 410 3605 480 increparet
3646 426 3776 481 pro-

2189 499 2365 569 phetae
2409 498 2793 569 insipientiam.
2826 499 2925 555 Cui
2972 501 3230 555 miraculo
3278 515 3459 556 rerum
3510 500 3778 557 Conditor

2191 588 2336 642 aliud
2361 592 2618 645 anuexuit
2637 591 2762 645 dum
2786 590 2992 646 coalcsti
3020 594 3273 646 thesauro
3300 593 3577 647 insolitum
3600 602 3780 647 custo-

2192 683 2313 737 dem
2357 684 2525 740 dedit.
2566 683 2775 755 Quippe
2821 686 3074 741 immanis
3118 686 3275 756 lupus
3319 701 3386 741 eo
3440 686 3541 741 loci
3593 686 3777 741 divina

2194 776 2547 832 miseratione
2590 787 2673 832 est
2722 787 2985 847 repertus,
3035 779 3124 848 qui
3176 779 3305 833 illud
3350 794 3568 834 sacrum
3612 785 3779 847 caput

2191 864 2335 920 inter
2363 866 2581 921 brachia
2609 867 2939 937 complexus,
2969 870 3362 938 procumbebat
3392 870 3565 932 humi,
3607 884 3776 924 excu-

2193 956 2312 1009 bias
2339 957 2622 1013 intendens
2644 960 2891 1029 martyri.
2919 957 3026 1014 Nec
3050 960 3151 1013 sibi
3181 959 3486 1028 depositum
3520 957 3780 1029 permisit

2193 1046 2390 1102 laedere
2419 1049 2728 1120 quampiam
2777 1052 3095 1115 bestiarum,
3131 1051 3275 1122 quod
3297 1050 3634 1112 inviolabile,
3662 1051 3782 1105 solo

2196 1151 2689 1213 tenusprostratus,
2714 1145 2879 1199 oblita
2906 1146 3204 1200 voracitate
3223 1145 3778 1200 servuhatattcutins.

2196 1235 2349 1302 Quod
2382 1235 2674 1305 stupefacti
2707 1237 2950 1292 videntes
2976 1238 3066 1306 qui
3106 1236 3498 1301 conﬂuxerant,
3528 1236 3781 1291 beatissi-
3822 1242 3827 1249 '

2198 1343 2343 1381 mum
2390 1342 2571 1398 regem
2629 1336 2684 1381 et
2747 1339 3036 1397 martyrem
3086 1327 3461 1381 Eaduumdum
3519 1326 3595 1379 illi
3650 1339 3784 1379 vero

2197 1420 2588 1475 desideriorum
2602 1418 2983 1473 indicaverunt
3010 1419 3215 1472 meritis
3242 1417 3787 1486 similem,qui,ir.ter

2196 1511 2553 1565 esurientium
2599 1511 2768 1564 rictus
2817 1510 3055 1574 leonum,
3105 1509 3302 1563 illa-sus
3352 1507 3551 1577 sprevit
3605 1505 3785 1560 minas

2200 1601 2594 1655 insidiantium.

2126 1697 2172 1758 Β
2270 1690 2405 1745 Xill.
2448 1691 2803 1746 Assumcntcs
2835 1706 2965 1763 ergo
3001 1690 3242 1745 unanimi
3284 1688 3571 1744 devotione
3613 1701 3783 1756 quam

2200 1780 2516 1835 invenerant
2570 1780 2963 1836 inaestimabilis
3014 1780 3174 1851 pretii
3228 1780 3606 1849 margaritam,
3654 1793 3786 1833 cum

2197 1870 2433 1940 profusis
2478 1888 2589 1942 pra:
2648 1874 2847 1943 gaudio
2886 1873 3248 1943 lacrymarum
3293 1872 3559 1926 imbribus
3588 1870 3792 1926 retule-

2198 1971 2323 2016 runt
2353 1963 2419 2015 ad
2447 1977 2602 2016 suum
2637 1980 2853 2033 corpus,
2880 1963 3262 2018 benedicentes
3290 1961 3461 2015 Deum
3487 1961 3541 2014 in
3572 1960 3792 2030 hymnis

2197 2062 2253 2108 et
2291 2052 2559 2118 laudibus,
2590 2065 2951 2123 prosequente
2994 2069 3166 2124 usque
3208 2054 3275 2106 ad
3322 2052 3503 2106 locum
3546 2050 3789 2122 sepulcri

2198 2143 2343 2214 lupo,
2368 2145 2682 2198 earumdem
2702 2143 3068 2213 reliquiarum
3094 2143 3320 2199 custode
3346 2149 3402 2197 et
3434 2141 3637 2209 bajulo.
3680 2140 3787 2207 Qui

2197 2237 2278 2291 eis
2305 2252 2335 2289 a
2370 2246 2522 2306 tergo
2549 2237 2857 2301 imminens,
2896 2245 2951 2292 et
2989 2236 3144 2305 quasi
3186 2250 3282 2305 pro
3312 2235 3529 2303 perdito
3561 2233 3792 2303 pignore

2198 2329 2386 2402 lugens
2417 2371 2432 2393 ,
2501 2344 2623 2383 cum
2682 2329 2950 2384 nemiuem
3001 2327 3166 2381 etiam
3220 2327 3465 2380 irritatus
3522 2324 3787 2387 lmderet,

2198 2424 2397 2478 nemini
2427 2423 2765 2492 importunus
2788 2422 3071 2484 existeret,
3096 2428 3221 2473 nota
3242 2418 3450 2472 dilectae
3469 2416 3689 2472 solitudi
3715 2415 3787 2470 iis

2197 2525 2406 2571 secreta
2443 2515 2642 2569 illzt‘sus
2688 2512 2931 2582 repetiit;
2977 2524 3077 2564 nec
3124 2509 3349 2563 ulterius
3397 2508 3451 2561 in
3498 2507 3606 2561 illis
3649 2505 3786 2562 locis

2198 2605 2374 2677 lupus,
2429 2604 2609 2674 specie
2634 2613 2743 2657 tam
2796 2602 3077 2665 terribilis,
3110 2600 3376 2670 apparuit.
3411 2598 3532 2666 Quo
3572 2597 3787 2652 tandem

2205 2697 2513 2759 recedente,
2542 2711 2665 2751 cum
2703 2709 2910 2749 summa
2937 2693 3212 2763 diligentia
3254 2699 3309 2745 et
3338 2691 3486 2745 omni
3520 2689 3791 2761 sagacita-

2201 2789 2271 2843 tis
2296 2788 2477 2842 studio
2518 2794 2794 2858 aptantes,
2825 2785 3020 2854 quibus
3048 2784 3315 2838 creditum
3345 2791 3446 2844 est,
3478 2792 3643 2851 caput
3665 2797 3792 2836 cor-

2202 2880 2319 2950 pori
2355 2887 2565 2942 sancto,
2595 2892 2694 2947 pro
2718 2886 2956 2947 tempore
2984 2875 3325 2929 tradiderunt
3360 2883 3656 2943 utrumque
3693 2890 3793 2943 pa-

2198 2968 2587 3040 riteriunctum
2616 2966 2939 3037 competenti
2966 2967 3260 3020 mausoleo.
3312 2965 3431 3031 Quo
3458 2965 3581 3018 loco
3608 2965 3793 3028 etiam,

519 3051 718 3106 animis
752 3066 983 3120 superna
1016 3050 1300 3121 inspiravit
1321 3051 1647 3119 benignitas,
1680 3057 1965 3118 postquam
2008 3063 2102 3101 au-

2206 3061 2471 3115 :edilicata
2529 3058 2619 3112 vili
2656 3073 2819 3128 opere
2850 3058 3081 3127 desuper
3119 3056 3363 3116 basil’ca,
3410 3054 3599 3108 multis
3642 3055 3795 3107 annis

523 3147 744 3201 dierunt
791 3145 937 3200 illius
978 3147 1143 3200 verba
1191 3144 1342 3200 utilia
1400 3144 1491 3214 qui
1540 3152 1704 3198 tanta:
1746 3142 1996 3204 visionis,
2042 3149 2102 3194 ut

521 3238 725 3294 dictum
753 3248 856 3299 est.
886 3239 1157 3309 particeps
1184 3239 1455 3301 astiterat;
1480 3245 1560 3301 ut,
1587 3235 1809 3290 collecta
1838 3235 2101 3305 plurimo.

524 3343 643 3383 rum
672 3327 1038 3393 multitudine,
1065 3343 1276 3398 quaqua
1309 3342 1524 3382 versum
1549 3342 1646 3397 per
1673 3326 1814 3379 invia
1844 3324 2099 3379 silvarum

523 3420 903 3490 experirentur
927 3420 973 3474 si
999 3420 1065 3473 ad
1116 3420 1167 3473 id
1197 3421 1298 3474 loci
1332 3418 1586 3473 devenire
1626 3417 1969 3487 contingeret
1996 3430 2104 3486 quo

525 3512 631 3566 viri
658 3513 831 3567 sancti
867 3520 1031 3580 caput
1066 3509 1295 3578 jaceret.
1333 3509 1440 3564 Pro
1479 3516 1631 3564 certo
1665 3508 1809 3563 enim
1852 3508 2106 3562 omnibus

525 3617 652 3657 vere
681 3602 1014 3671 sapientibus
1041 3602 1216 3654 inerat
1245 3600 1385 3669 quod
1431 3600 1618 3655 aliena:
1650 3607 1816 3654 secta:
1844 3598 2104 3663 cultores,

525 3693 816 3748 invidendo
848 3702 1047 3748 nostra:
1074 3691 1214 3755 fidei,
1254 3691 1595 3746 sustulissent
1635 3700 1799 3762 caput
1829 3690 2107 3760 martyris,

524 3784 669 3857 quod
710 3800 816 3840 non
842 3784 1053 3853 longius
1084 3784 1219 3837 intra
1252 3782 1575 3837 densitatem
1599 3782 1769 3837 saluis
1797 3780 2113 3837 abscondis-

525 3887 667 3943 sent,
710 3886 806 3931 aut
838 3877 930 3931 vili
961 3876 1164 3945 cespite
1209 3874 1485 3938 obrutum,
1523 3883 1618 3927 aut
1656 3876 1847 3929 avibus
1887 3882 1944 3928 et
1977 3871 2111 3927 feris

526 3968 915 4023 devorandum.
971 3964 1215 4034 Cumque
1270 3964 1406 4018 inito
1466 3963 1694 4018 consilio
1752 3977 1943 4019 omnes
1993 3961 2108 4032 pari

527 4060 721 4115 all‘ectu
772 4060 838 4114 ad
890 4060 942 4114 id
983 4066 1393 4120 concurrerent,
1435 4066 1497 4111 ut
1540 4056 1797 4112 cornibus
1841 4056 1925 4111 vel
1969 4056 2115 4111 tubis

529 4152 822 4205 duetilibus
850 4150 1043 4221 singuli
1071 4149 1305 4204 contenti
1335 4159 1535 4212 essent,
1565 4159 1854 4218 quatenus,
1878 4149 2115 4203 cireum-

531 4243 677 4295 rirca
723 4250 1099 4308 pervagantes.
1163 4239 1386 4293 vocibus
1442 4247 1538 4292 aut
1582 4237 1833 4292 tubarum
1883 4237 2111 4306 strepitu

532 4330 635 4383 sibi
679 4337 865 4382 mutuo
904 4329 1212 4391 innuerent,
1260 4342 1327 4381 ne
1375 4337 1468 4379 aut
1514 4326 1742 4380 lustrata
1783 4336 2110 4395 repeterent,

2205 3149 2475 3219 requievit
2505 3148 2779 3211 humatus,
2807 3146 3001 3209 detrec,
3029 3146 3231 3200 sedatis
3264 3144 3489 3198 oruuino
3528 3144 3793 3198 bellorum

2208 3242 2479 3296 incendiis
2511 3248 2566 3294 ct
2613 3239 2787 3293 valida
2826 3245 3145 3308 tempestate
3178 3235 3601 3306 persecutionis,
3633 3235 3798 3302 cmpit

2203 3333 2474 3402 respirare
2507 3330 2754 3400 religiosa
2780 3329 2954 3399 pietas
2973 3327 3233 3389 tilelium,
3262 3335 3444 3397 erepta
3475 3326 3543 3378 de
3577 3341 3796 3393 pressu-

2207 3426 2283 3480 ris
2332 3423 2763 3478 tribulationum.
2824 3421 2950 3488 Qure
3017 3420 3105 3473 ubi
3159 3428 3368 3491 tempus
3424 3427 3792 3488 Opportunum

2204 3520 2430 3583 invenit,
2457 3519 2796 3573 devotionem
2841 3532 3001 3586 quam
3038 3532 3162 3586 erga
3192 3514 3572 3569 beatissimum
3619 3529 3795 3585 regem

2207 3618 2260 3665 et
2299 3617 2589 3679 martyrem
2627 3606 3000 3660 Eadmundum
3059 3603 3266 3666 habuit,
3320 3617 3547 3672 cperam
3584 3604 3795 3659 exhibi-

2211 3701 2356 3754 tione
2385 3698 2751 3768 multipliciter
2778 3695 3101 3766 propalavit.
3128 3694 3271 3749 Idem
3302 3709 3541 3763 namque
3573 3706 3794 3750 sanctus

2210 3790 2311 3845 sub
2333 3788 2421 3842 vili
2456 3787 2669 3859 tugurio
2693 3785 3045 3841 sauetificatae
3070 3783 3281 3850 domus,
3306 3781 3459 3850 cujus
3487 3792 3639 3839 esset
3660 3784 3794 3853 apud

2217 3880 2385 3935 Deum
2445 3878 2645 3940 meriti.
2701 3876 2907 3933 crebris
2963 3874 3343 3929 manifestabat
3401 3873 3793 3929 miraculorum

2212 3971 2400 4042 signis.
2450 3969 2656 4037 Quibus
2710 3968 2868 4021 rebus
2918 3975 3161 4036 permota
3212 3963 3451 4035 ejusdem
3499 3963 3795 4034 providebo

2214 4059 2519 4122 multitudo,
2552 4071 2657 4110 non
2686 4055 2856 4110 solum
2888 4054 3052 4124 vulgi,
3086 4054 3178 4107 sed
3217 4053 3380 4107 etiam
3422 4051 3711 4114 nobilium,
3743 4050 3794 4103 in

2213 4148 2340 4202 villa
2386 4148 2532 4216 regia
2577 4160 2699 4216 quae
2766 4144 2945 4215 lingua
2991 4143 3286 4214 Anglorum
3336 4142 3797 4211 Bcdriccsgueord

2215 4233 2713 4309 (Beodriclteswort)
2761 4233 2997 4297 dicitur,
3050 4232 3240 4287 Latina
3281 4246 3410 4287 vero
3468 4231 3796 4302 (Beodrics)

2220 4325 2428 4380 Bedrici
2478 4325 2649 4378 curtis
2695 4330 2964 4386 vocatur,
3044 4322 3350 4376 construxit
3403 4320 3796 4390 permaximam

532 4427 629 4472 aut
669 4431 774 4470 non
805 4417 1031 4470 lustrata
1068 4415 1405 4470 desererent.
1458 4411 1611 4480 Quod
1657 4422 1717 4467 ut
1759 4413 1966 4467 factum
2006 4422 2111 4479 est,
2145 4398 2191 4456 ί)
2221 4416 2360 4470 miro
2397 4414 2575 4483 ligneo
2601 4411 2839 4466 tabulato
2887 4410 3192 4473 ecclesiam,
3243 4410 3308 4464 ad
3347 4424 3510 4479 quam
3546 4424 3698 4476 eum,
3742 4416 3799 4463 ut

536 4520 627 4560 res
680 4504 828 4560 dictu
878 4502 1142 4557 mirabilis
1206 4509 1263 4555 et
1313 4502 1523 4557 szeculis
1569 4501 1810 4556 inaudita
1867 4502 2112 4571 contigit.

534 4595 745 4666 Quippe
785 4604 949 4664 caput
991 4595 1162 4649 sancti
1202 4594 1347 4662 regis
1387 4593 1599 4664 longius
1638 4602 1904 4648 remotum
1944 4608 1975 4647 a
2016 4609 2116 4648 suo

538 4700 788 4757 corpore,
824 4686 1073 4756 prorupit
1103 4685 1154 4740 iu
1193 4699 1325 4739 voce
1361 4685 1564 4755 absque
1596 4684 1852 4739 librarum
1883 4682 2117 4754 opitula-

544 4779 710 4840 tione,
739 4785 835 4828 aut
862 4772 1186 4829 arteriarum
1213 4773 1547 4844 praecordiuli
1578 4786 1823 4828 munere.
1854 4772 2117 4842 Vespillo-

539 4885 669 4925 num
713 4882 846 4923 sane
891 4882 1043 4922 more
1089 4868 1332 4938 pluribus
1375 4866 1703 4938 pedetentim
1752 4867 1894 4920 invia
1938 4865 2117 4936 perlu-

542 4961 858 5026 strantibus;
886 4974 1012 5015 eum
1030 4960 1140 5031 jam
1169 4970 1355 5028 posset
1380 4959 1555 5012 audiri
1581 4957 1827 5028 loquens,
1863 4959 1930 5011 ad
1958 4972 2122 5012 voces

542 5064 601 5105 se
629 5051 898 5106 invincem
921 5049 1339 5114 cohortandum,
1364 5036 1637 5118 et,utpote
1663 5047 1873 5103 sociiad
1888 5048 2117 5109 socium,

544 5143 852 5199 alternatim
897 5143 1247 5199 clamantium
1291 5143 1378 5197 ubi
1422 5144 1517 5198 es.’
1560 5142 1687 5197 illud
1733 5142 2116 5210 respondebat,

545 5234 875 5303 designanda
903 5234 1105 5298 locum,
1135 5233 1312 5304 patria
1342 5233 1522 5303 lingua
1554 5232 1739 5285 dicens
1778 5249 1790 5284 :
1829 5228 1959 5296 Her,
2006 5232 2115 5293 her,

548 5324 674 5388 her;
711 5328 855 5394 quod
893 5326 1307 5396 interpretatum
1346 5326 1574 5402 Latinus
1614 5339 1793 5379 sermo
1820 5324 2118 5393 exprimit:

2222 4506 2445 4560 decebat
2472 4545 2487 4569 ,
2516 4502 2785 4559 transtuiit
2807 4518 2929 4558 cum
2959 4519 3149 4571 magna
3182 4502 3371 4572 gloria.

2293 4596 2570 4661 XlV.Sed,
2609 4597 2805 4650 mirum
2834 4596 3006 4650 dictu!
3039 4611 3160 4650 cum
3195 4595 3323 4649 illud
3357 4595 3655 4666 pretiosum
3684 4612 3800 4651 cor-

2221 4704 2322 4760 pus
2360 4688 2614 4759 martyris
2657 4685 3021 4756 putrefactum
3064 4694 3347 4755 putaretur
3384 4684 3797 4743 obdiutumum

2221 4779 2454 4849 spatium
2485 4777 2744 4832 transueti
2778 4777 3059 4846 temporis,
3087 4776 3160 4828 ita
3190 4790 3380 4829 sanum
3406 4782 3491 4829 est
3526 4784 3798 4843 repertum

2219 4870 2586 4932 etincolume,
2618 4876 2678 4921 ut
2721 4882 2829 4921 non
2858 4867 3033 4920 dicam
3080 4873 3241 4934 caput
3281 4865 3706 4934 redintegratum
3746 4870 3801 4918 et

2221 4960 2656 5031 compaginatum
2683 4956 2917 5027 corpori,
2954 4956 3048 5011 sed
3076 4956 3301 5010 omnino
3346 4956 3399 5008 in
3430 4968 3496 5009 eo
3527 4955 3658 5008 nihil
3688 4952 3803 5006 vul-

2221 5054 2390 5114 neris,
2423 5049 2557 5105 nihil
2588 5049 2859 5105 cicatricis
2908 5049 3241 5120 appanrerit.
3274 5047 3471 5116 Sicque
3498 5061 3619 5100 cum
3648 5059 3805 5102 reve-

2223 5143 2394 5196 rentia
2438 5139 2797 5195 nominandus
2826 5149 3049 5193 sanctus
3077 5153 3169 5191 rex
3200 5148 3255 5191 et
3284 5146 3492 5207 martyr
3531 5135 3805 5190 Eadmun-

2222 5236 2344 5298 dus,
2389 5233 2621 5301 integer,
2665 5240 2722 5285 et
2761 5231 2962 5284 viventi
3005 5229 3336 5291 simillimus,
3379 5228 3448 5281 ad
3490 5226 3802 5294 pnetlictuzn

2224 5324 2397 5378 locum
2423 5330 2507 5376 est
2552 5320 2867 5383 translatus,
2894 5321 2980 5373 ubi
3009 5319 3184 5373 adhuc
3214 5319 3268 5371 in
3295 5318 3485 5371 eadem
3515 5314 3687 5370 forma
3714 5328 3805 5367 ex-
