3944 5414
182 311 274 364 517

1191 306 1347 364 ἮΤᾹ
1381 307 1441 365 S.
1475 303 1828 366 EADMUNDX
1868 301 2066 358 RBG-i3
2099 302 2305 360 ANGL.

3294 299 3400 356 5l8

181 429 286 478 erat
335 425 486 476 solita
537 420 783 490 qnmdam
833 421 1004 476 beate
1056 420 1446 474 recordationis
1494 417 1724 476 femina,
1755 423 1799 479 Α
1831 411 2036 464 remisit
2097 413 2163 465 ad
2223 412 2436 481 propria
2466 451 2480 476 ,
2543 410 2727 464 dicens
2781 409 2890 480 regi
2951 407 3148 464 volenti
3213 423 3403 477 percu-

172 505 369 568 Ὀεαυεη
404 513 658 567 vocabulo
688 513 829 567 dicta
859 527 874 564 :
903 528 1023 580 qua:
1052 511 1208 579 paulo
1245 521 1369 564 ante
1409 511 1521 562 ha‘c
1549 517 1729 560 nostra

183 604 416 656 moderaa
449 612 687 671 tempora
719 604 857 670 apud
894 599 1010 669 ejus
1041 610 1439 654 sacrosanctum
1473 598 1732 652 lttlltttitltl‘l

179 691 374 758 jejuniis
410 702 465 745 et
507 692 844 745 orationibus
874 707 1092 752 vacans,
1143 689 1308 742 multa
1341 688 1599 755 transegit
1643 701 1736 737 an-

183 779 671 836 norum'curricula.
701 779 796 834 Cui
826 778 1116 833 venerabili
1149 777 1385 840 feniinte,
1421 785 1513 828 aut
1555 774 1735 828 divina

186 871 489 926 revelatioue
521 880 614 924 aut
663 871 825 924 nimia
877 870 1180 932 devotione,
1229 883 1346 922 mos
1397 867 1614 919 inolevit
1657 873 1736 929 ut,

187 959 432 1029 patefacto
457 960 596 1013 beati
631 960 888 1029 martyris
917 955 1185 1027 sepulcro,
1212 956 1500 1025 quotannis
1537 960 1589 1008 in
1639 955 1740 1006 Do-

189 1051 360 1103 miniea
393 1048 555 1102 Carna
602 1048 720 1115 ejus
747 1047 1072 1102 attondendo
1103 1043 1414 1116 prtecidcrct
1441 1045 1662 1113 capdlos
1688 1051 1742 1096 et

187 1152 391 1203 ungues.
437 1139 566 1204 Quze
612 1139 790 1192 omnia
823 1139 1103 1207 diligenter
1131 1137 1406 1206 colligens,
1439 1145 1489 1188 et
1523 1135 1574 1187 in
1619 1147 1743 1201 rap-

187 1227 298 1281 sella
341 1228 660 1292 recondens,
683 1243 786 1280 non
831 1228 1088 1294 neglexit,
1119 1227 1356 1295 quandiu
1389 1225 1543 1286 vixit,
1586 1236 1744 1276 cxco-

188 1317 286 1368 lere
308 1317 436 1368 mira
462 1315 770 1379 affectione,
797 1317 968 1384 posita
1005 1331 1166 1383 super
1196 1315 1364 1367 altare
1390 1312 1624 1380 ejusdem
1657 1325 1744 1362 ec-

190 1405 367 1468 clesize,
401 1406 488 1459 ubi
534 1405 711 1458 adlme
764 1414 1109 1458 reservantur
1155 1403 1334 1456 debita
1375 1400 1742 1455 veneratione.

249 1495 354 1551 XV.
395 1496 500 1551 Sed
527 1505 582 1550 et
607 1496 779 1550 beata:
805 1496 1076 1549 memoria:
1106 1493 1477 1554 Theodredus,
1507 1490 1744 1559 ejusdem

190 1590 460 1658 provincite
499 1589 788 1659 religiosus
828 1589 1130 1658 episcopus.
1162 1586 1252 1655 qui
1284 1595 1502 1655 propter
1529 1582 1748 1634 merito-

193 1696 295 1732 rum
331 1681 739 1749 prrerogativam
768 1677 944 1730 Bonus
976 1677 1365 1746 appellabatur,
1405 1673 1544 1742 quod
1570 1673 1634 1726 de
1671 1671 1750 1723 in-

1836 512 1948 556 tere
1994 505 2156 567 illico,
2187 508 2327 574 quod
2370 523 2474 560 non
2507 521 2599 559 cos
2623 507 2850 574 cepisset
2887 505 2938 558 in
2983 504 3159 573 gladio
3189 513 3243 556 et
3272 517 3400 556 arcu

1833 609 1930 647 suo
1959 595 2007 662 (1
2024 593 2061 644 V
2080 595 2200 663 Reg.
2219 597 2416 663 “.22).
2443 597 2680 665 Apostoli
2706 597 2866 648 etiam
2893 603 3238 663 praeceptum,
3261 593 3402 660 quod

1835 687 1961 739 dicit
1993 700 2007 738 :
2039 686 2328 740 Strculuria
2361 689 2562 754 negotia
2593 689 2636 738 si
2665 687 2970 748 habueritis,
3003 685 3407 753 contemptibiles

1835 776 1921 843 qui
1963 785 2080 826 sunt
2120 776 2172 826 in
2204 774 2456 839 Ecclesia,
2503 775 2552 829 id
2593 785 2694 839 est,
2728 777 2872 828 viros
2905 774 3188 827 saecularcs
3217 775 3410 828 consti-

1837 863 1964 914 tuite
2006 862 2073 914 ad
2104 863 2449 930 judicandum
2495 864 2542 930 (1
2580 863 2702 917 Cor.
2743 880 2816 928 vt,
2852 865 2930 934 4).
2963 863 3111 918 Unde
3141 880 3409 919 canonum

1838 954 2135 1006 auctoritas
2178 955 2435 1022 prohibet
2475 971 2540 1008 ne
2580 957 2699 1024 quis
2731 957 3032 1024 cpiscopus,
3064 967 3154 1008 aut
3185 957 3412 1023 quilibet

1841 1040 1906 1094 de
1948 1041 2112 1106 clero,
2160 1043 2416 1096 delatoris
2465 1045 2716 1113 fungazur
2745 1045 3233 1113 ollicio;qnnniam
3279 1047 3413 1099 satis

1841 1131 2065 1185 dedecet
2095 1133 2369 1186 ministros
2402 1135 2520 1186 vita-
2561 1135 2820 1195 caelestis,
2865 1152 3140 1190 assensum
3175 1139 3412 1206 prmlrere

1842 1221 1896 1275 in
1931 1232 2152 1276 mortem
2199 1223 2484 1290 cujuslibet
2515 1226 2768 1282 hominis.
2792 1227 2906 1291 Quo
2936 1228 3080 1279 circa
3126 1230 3412 1296 praedictus

1845 1312 2124 1381 episcopus
2155 1314 2206 1367 in
2250 1329 2308 1368 se
2356 1331 2604 1368 reversus
2635 1318 2871 1384 graviter
2903 1317 3147 1381 indoluit,
3185 1329 3262 1382 cl,
3309 1321 3412 1373 srbi

1847 1403 2218 1470 pamitentiam
2262 1403 2524 1468 indicens,
2557 1406 2754 1457 diutius
2795 1407 3046 1474 gravibus
3076 1409 3322 1460 lamentLS
3355 1422 3415 1459 se

1848 1493 2013 1546 dedit.
2047 1493 2160 1558 Qua
2193 1494 2408 1548 tandem
2459 1505 2673 1564 peracta
2711 1499 3046 1564 .pmnitentia,
3078 1501 3283 1567 populis
3309 1515 3417 1552 sua:

1849 1581 2144 1636 ditnccseos
2178 1583 2419 1647 mandat,
2445 1587 2746 1639 mandando
2772 1597 3050 1650 convocat,
3078 1590 3418 1642 convocanda

1848 1671 2162 1740 suppliciter
2203 1674 2487 1740 persuadet.
2529 1685 2585 1728 ut
2637 1676 2889 1728 triduano
2925 1676 3131 1746 jejunio
3163 1696 3192 1730 a
3240 1696 3296 1730 se
3341 1680 3421 1742 di-

191 1768 518 1836 corruptione
549 1767 721 1821 sancti
753 1767 893 1837 regis
920 1766 1174 1828 diximus,
1207 1763 1294 1816 tali
1325 1764 1513 1816 ordine
1547 1770 1628 1816 est
1657 1775 1749 1812 ex-
1779 1753 1824 1811 Β
1855 1760 1989 1812 vina:
2042 1761 2424 1830 indignationis
2472 1763 2807 1817 iracundiam
2856 1775 3200 1832 removeant,
3251 1782 3423 1820 remo-

191 1863 372 1928 ‘pertus.
402 1859 564 1921 Cium,
588 1867 647 1911 ut
673 1873 894 1912 narrare
921 1858 1097 1910 adorsi
1128 1870 1332 1916 sumus,
1359 1853 1582 1923 prmfato
1612 1853 1748 1916 loco,

193 1952 425 2021 martyris
461 1949 799 2003 tttmulationi
832 1963 1086 2017 congruo,
1135 1964 1161 1999 a
1194 1947 1496 2015 quibusque
1543 1944 1754 2013 religio-

192 2038 256 2091 sis
305 2039 466 2091 nmlla
518 2037 896 2091 con-ferrentur
938 2037 1192 2098 donaria,
1237 2045 1292 2089 et
1337 2043 1653 2087 ornamenta
1700 2033 1752 2086 in

193 2142 310 2180 auro
361 2135 410 2180 et
476 2137 703 2196 argento
755 2126 1182 2195 pretiosissima,
1237 2120 1453 2193 quidam
1510 2123 1754 2192 maligna:

196 2215 370 2267 mentis
408 2215 682 2279 homines,
727 2214 903 2268 omnis
951 2213 1074 2266 boni
1125 2214 1488 2276 immemores,
1519 2211 1754 2282 aggressi

195 2315 303 2356 sunt
327 2307 423 2359 sub
454 2317 723 2358 nocturno
747 2305 958 2359 silentio
986 2304 1226 2357 eamdem
1254 2303 1542 2374 infringere
1573 2302 1756 2357 basili-

195 2411 298 2448 cam
341 2396 697 2449 latrocinandi
729 2396 922 2450 studio.
977 2393 1216 2447 Fuerunt
1247 2403 1423 2448 autem
1471 2404 1613 2460 octo,
1638 2394 1751 2463 qui,

197 2485 380 2555 abSque
409 2487 521 2539 ulla
573 2485 867 2539 reverentia
912 2486 1106 2546 sancti,
1150 2485 1502 2538 decreverant
1542 2485 1759 2540 satisfae

197 2591 304 2629 cere
334 2591 442 2629 sua:
469 2591 689 2629 vesana:
723 2575 1002 2637 voluntati,
1053 2575 1309 2642 rapiendo
1348 2574 1530 2626 furtim
1575 2575 1756 2628 omnia

199 2681 515 2735 qurecunque
575 2667 898 2720 invenissent
962 2665 1063 2720 sibi
1116 2665 1264 2716 utilia
1316 2665 1454 2717 intra
1514 2663 1754 2732 ejusdem

199 2759 492 2812 monasterii
525 2765 696 2824 septa.
724 2755 893 2821 Unde,
919 2756 1146 2825 sumptis
1175 2755 1438 2810 machinis
1465 2763 1519 2809 ct
1542 2755 1760 2824 quibus-

201 2846 313 2900 libet
356 2845 706 2900 ustensilibus
757 2846 951 2914 quibus
1009 2848 1075 2898 ad
1133 2845 1185 2898 id
1239 2843 1622 2914 perliciendum
1666 2844 1761 2896 ba-

201 2938 570 3006 bebautopus,
601 2937 828 3006 quadam
873 2943 1028 2990 nocte
1072 2937 1453 3006 aggrediuntur
1480 2934 1761 3004 prae-medi-

204 3037 353 3080 tatmn
397 3027 629 3088 facinus,
673 3037 750 3088 et,
785 3035 990 3079 stantes
1014 3026 1066 3079 in
1097 3026 1235 3079 atrio
1262 3027 1521 3085 eiclesitt'.
1551 3026 1762 3079 diverso

1853 1850 2024 1902 vendo
2062 1859 2341 1915 avertant;
2375 1861 2661 1920 quatenus,
2693 1852 2958 1908 sacrificio
2987 1855 3206 1922 spiritus
3227 1857 3424 1910 contri-

1853 1939 2018 1994 bulati
2049 1941 2314 2009 placatus,
2350 1942 2605 1996 Dominus
2650 1945 2722 1996 illi
2769 1961 2920 1998 suam
2971 1950 3195 2015 gratiam
3236 1965 3426 2004 conce-

1853 2028 2020 2090 deret,
2056 2045 2160 2099 qua
2191 2043 2385 2098 corpus
2427 2032 2566 2085 beati
2608 2035 2862 2104 martyris
2903 2045 3121 2106 tangere
3157 2049 3210 2093 et
3249 2039 3427 2093 levare

1855 2119 2228 2189 auderet,qui,
2260 2121 2383 2175 licet
2409 2124 2569 2175 tantis
2595 2125 2875 2178 virtutibus
2899 2126 3180 2181 llorerctia
3205 2131 3425 2192 mundo,

1854 2208 1945 2260 vili
1973 2219 2150 2262 tamen
2187 2219 2240 2264 et
2277 2211 2375 2264 sibi
2407 2213 2700 2282 incongrue
2730 2216 3103 2270 continebatur
3133 2220 3424 2284 mausoleo;

1853 2293 2160 2366 factumque
2186 2308 2267 2354 est
2295 2317 2308 2353 :
2337 2309 2388 2354 et
2411 2301 2537 2355 illud
2563 2305 2884 2357 sanctissimi
2915 2307 3053 2375 regis
3071 2319 3428 2376 corpu3,aute

1855 2387 2203 2442 dilaceratum
2231 2399 2284 2444 et
2313 2393 2705 2458 truncum,.ita,
2746 2403 2802 2446 ut
2835 2394 2946 2463 jam
2979 2395 3281 2462 retulimus,
3315 2400 3430 2452 uui-

1858 2490 1969 2532 tum
1998 2490 2052 2534 et
2086 2482 2454 2550 incorruptum
2489 2484 2706 2550 reperit,
2736 2485 2930 2556 tetigit,
2958 2485 3106 2548 lavit,
3133 2496 3187 2540 et
3217 2503 3429 2541 rursum

1856 2571 2010 2627 novis
2056 2581 2108 2626 et
2157 2573 2375 2642 optimis
2420 2575 2660 2627 vestibus
2733 2575 2974 2629 iadutmn
3023 2576 3197 2647 ligneo
3245 2579 3433 2632 locello

1858 2660 2119 2728 reposuit,
2135 2661 2460 2717 benedicens
2479 2663 2663 2725 Deum,
2679 2663 2767 2730 qui
2789 2664 3039 2718 mirabilis
3059 2677 3132 2718 est
3155 2667 3207 2718 in
3237 2670 3433 2719 sanctis

1853 2748 1988 2812 suis,
2033 2759 2080 2802 et
2127 2750 2384 2818 gloriosus
2429 2752 2484 2802 in
2527 2750 2763 2804 omnibus
2811 2753 3048 2820 operibus
3100 2755 3208 2807 suis
3257 2753 3430 2825 (l’sal.

1857 2855 2043 2894 vant.
2290 2910 2294 2914 Ι

1935 2926 2069 2983 1Y3.
2111 2929 2226 2982 i‘ion
2271 2929 2413 2999 piget
2441 2931 2641 2986 referre
2666 2932 2731 2988 de
2758 2935 2986 3005 quodam
3017 2951 3218 3007 magum
3247 2947 3431 3007 poten-

1865 3019 1950 3072 tiie
1981 3020 2116 3084 viro,
2159 3019 2483 3076 Leofustano
2522 3024 2796 3086 vocabulo,
2833 3029 2946 3096 qui,
2985 3027 3237 3098 juvenilis
3264 3031 3440 3084 aetatis

199 3127 381 3168 conatu
418 3118 788 3184 unusquisque
825 3116 988 3169 instat
1019 3126 1288 3184 concepta:
1320 3117 1587 3184 netprltise.
1619 3117 1760 3182 Quo-
1789 3095 1832 3154 (ἶ
1870 3109 2125 3178 impetum
2173 3127 2278 3164 non
2333 3113 2614 3166 refrenans
2635 3157 2651 3182 ,
2703 3119 2768 3170 ad
2801 3117 2850 3171 id
2878 3117 3061 3187 ﬂagitii
3113 3119 3440 3174 lascivicudo

205 3222 309 3258 rum
333 3207 467 3260 alius
497 3207 692 3262 scalam
722 3208 963 3275 postibus
991 3207 1239 3276 applicat,
1274 3216 1331 3260 ut
1377 3220 1472 3276 per
1505 3207 1760 3260 insertam

209 3293 487 3349 fenestram
545 3311 602 3350 se
649 3297 886 3365 ingerat;
936 3295 1074 3349 alius
1125 3311 1244 3349 cum
1293 3294 1415 3347 lima
1448 3303 1541 3348 aut
1583 3295 1761 3350 fabrili

208 3386 384 3440 malleo
415 3387 580 3440 instat
631 3402 762 3440 serae
809 3396 900 3440 aut
928 3385 1178 3456 pessulo;
1213 3384 1302 3438 alii
1347 3400 1468 3438 cum
1494 3386 1679 3452 vangis
1710 3391 1766 3439 et

207 3475 459 3544 ligonibus
493 3474 865 3529 suﬂ‘ossionem
897 3475 1114 3544 parietis
1143 3474 1540 3528 tuaehinantur.
1571 3475 1768 3541 Sicque

211 3567 456 3635 disposito
481 3581 665 3636 opere,
698 3582 818 3620 cum
863 3565 1052 3636 singuli
1099 3565 1345 3619 certatim
1378 3565 1628 3622 insudant
1670 3581 1768 3634 pro

209 3658 388 3710 virium
435 3657 718 3723 facultate,
747 3666 964 3711 sanctus
995 3665 1200 3726 martyr
1240 3671 1334 3709 eos
1377 3655 1502 3726 ligat
1548 3658 1600 3710 in
1653 3657 1768 3726 ipso

204 3764 297 3802 suo
338 3749 644 3811 conamine,
689 3757 749 3801 ut
792 3764 860 3802 ne
902 3748 1085 3818 pedem
1131 3747 1246 3801 loco
1274 3757 1494 3815 possent
1532 3762 1770 3814 movere,

214 3852 300 3891 nec
326 3847 605 3906 arreptum
631 3836 867 3891 ofﬁcium
892 3838 1171 3902 deserere;
1219 3838 1314 3891 sed
1354 3837 1490 3894 alius
1530 3854 1648 3892 cum
1675 3855 1772 3893 sua

210 3926 337 3978 scala
367 3927 627 3995 penderet
665 3926 909 3980 sublimis
937 3929 987 3978 in
1029 3940 1176 3990 aere,
1205 3927 1342 3980 alius
1381 3927 1554 3996 palam
1592 3927 1774 3981 incur-

214 4030 302 4067 vus
326 4013 505 4068 fossor
537 4014 700 4075 ﬁeret,
729 4015 821 4083 qui
861 4015 928 4067 ad
955 4015 1002 4066 id
1037 4017 1213 4085 operis
1256 4015 1484 4069 furtivus
1515 4017 1770 4070 venisset.

213 4101 407 4157 Interea
431 4103 652 4172 quidam
681 4103 1188 4170 matriculariorum,
1217 4107 1308 4176 qui
1331 4107 1470 4161 intra
1499 4107 1772 4161 basilicam

209 4190 429 4257 jaeebat,
471 4208 663 4248 somno
706 4193 996 4259 excitatus,
1027 4196 1167 4251 lecto
1213 4199 1598 4267 procumbebat
1642 4199 1778 4253 invi-

216 4291 311 4343 tus,
355 4297 520 4350 quem
564 4283 812 4353 martyris
853 4284 1093 4351 potentia
1136 4299 1232 4338 suo
1275 4297 1470 4340 conatu
1510 4287 1775 4353 vinxerat,

214 4386 296 4435 ne,
322 4374 401 4426 sui
432 4374 623 4428 obvius
646 4372 806 4429 factis
837 4357 1198 4438 mirabilibus,
1218 4392 1380 4431 sonus
1407 4377 1634 4455 fragoris
1662 4394 1778 4433 cre-

1866 3202 2134 3270 pturnpit,
2165 3209 2222 3254 ut
2263 3203 2362 3257 sibi
2393 3205 2621 3278 quadam
2654 3208 2938 3279 singularis
2973 3212 3223 3281 potentia:
3258 3221 3441 3266 auclo-

1869 3290 2029 3344 ritatc
2087 3293 2407 3362 [inciperet
2459 3298 2665 3350 ostendi
2724 3313 2918 3369 corpus
2969 3303 3102 3356 tanti
3162 3305 3434 3373 martyris.

1868 3381 2106 3449 Cumque
2163 3382 2495 3439 inhiberetur
2559 3402 2587 3438 a
2631 3387 2916 3455 pluribus,
2980 3391 3208 3444 maxime
3263 3400 3439 3446 tamen

1867 3487 1896 3524 a
1938 3482 2047 3526 sets
2076 3471 2337 3534 ﬁdelibus,
2369 3475 2648 3544 praevaluit
2675 3478 2954 3546 imperium
2986 3478 3129 3547 ejus;
3159 3486 3438 3548 quon'ata,

1869 3573 2089 3628 propter
2116 3564 2482 3632 arrogantiam
2526 3579 2636 3618 sum
2679 3567 2993 3632 nobilitatis,
3035 3570 3283 3624 omnibus
3325 3581 3443 3625 erat

1872 3650 2086 3701 terrori.
2113 3648 2374 3705 lieserato
2401 3669 2528 3723 ergo
2559 3653 2763 3721 locello,
2795 3659 2984 3721 astitit,
3013 3661 3240 3727 aspexit,
3273 3672 3325 3714 et
3349 3677 3444 3715 eo-

1871 3739 1992 3791 dem
2031 3751 2300 3795 momento
2352 3743 2406 3796 in
2446 3746 2734 3799 amentiam
2778 3762 2990 3802 versum
3034 3751 3252 3803 tradidit
3294 3752 3441 3807 if'lum

1869 3826 2012 3880 Deus
2053 3829 2105 3880 in
2151 3831 2421 3897 reprobum
2465 3849 2672 3886 remum
2715 3835 2890 3904 (Rom.
2929 3854 2968 3902 ι,
3011 3838 3142 3909 28):
3182 3856 3243 3894 ac
3284 3857 3440 3910 put-na

1873 3934 1968 3973 sua
2015 3919 2200 3974 didicit
2260 3921 2384 3989 quia
2431 3929 2860 3993 prtesumpsisset
2924 3928 3064 3996 quod
3115 3945 3216 3983 non
3268 3931 3437 3988 licuit.

1944 4011 2094 4075 Quod
2121 4012 2342 4066 audiens
2367 4023 2523 4081 pater
2546 4015 2684 4084 ejus,
2711 4018 2790 4070 vir
2819 4019 3098 4088 religiosus
3123 4022 3429 4088 admodum,

1876 4101 1962 4153 cui
2023 4110 2143 4154 erat
2191 4102 2438 4172 Aligarus
2495 4107 2852 4173 vocabulum,
2907 4111 3188 4164 exhorruit
3238 4113 3445 4170 facinus

1878 4191 2351 4262 ﬂagitiosissimum
2376 4235 2389 4260 ,
2423 4185 2486 4249 ac
2519 4199 2743 4268 martyri
2769 4202 2970 4269 gratias
3001 4203 3203 4269 retulit,
3241 4204 3440 4261 filium-

1877 4299 1979 4351 que
2009 4301 2036 4337 a
2064 4300 2121 4339 se
2147 4287 2394 4340 removit.
2419 4287 2517 4354 Qui
2550 4291 2785 4355 tandem,
2805 4294 2870 4345 ad
2901 4309 3168 4348 summam
3204 4297 3439 4367 inopiam

1882 4378 2188 4445 perductus,
2241 4378 2442 4446 judicio
2489 4379 2580 4434 Dei
2631 4383 2794 4437 vitam
2846 4383 3038 4450 finivit,
3093 4402 3120 4440 a
3173 4390 3449 4443 vermibus

219 4461 307 4514 ber
351 4464 595 4519 custodis
645 4466 887 4536 pulsaret
915 4481 1072 4520 aures
1104 4467 1346 4522 interius.
1401 4451 1504 4524 Sed
1544 4471 1670 4539 quid
1702 4472 1782 4524 di-
1885 4479 2248 4540 consumptus.
2277 4471 2472 4541 Sicque
2501 4484 2716 4528 sanctus
2747 4491 2839 4530 rex
2863 4487 2916 4529 et
2950 4487 3153 4548 martyr
3181 4479 3450 4533 Eadmua-

218 4553 359 4606 eam?
380 4570 484 4608 non
509 4569 660 4623 posse
692 4571 932 4626 surgere,
963 4557 1176 4627 quando
1206 4573 1303 4611 nec
1334 4559 1384 4612 in
1412 4575 1594 4614 vocem
1631 4570 1781 4630 pote-

221 4650 296 4692 rat
343 4647 664 4713 erumpere?
709 4646 947 4700 Tandem
1013 4662 1168 4700 mane
1215 4649 1390 4703 adhuc
1434 4652 1783 4718 persistentes

221 4724 352 4782 fures
391 4730 444 4782 in
494 4744 668 4800 ca'plo
711 4748 892 4802 opere,
923 4736 1295 4804 comprehensi
1337 4755 1365 4792 a
1406 4739 1645 4808 pluribus
1675 4751 1785 4796 tra-

223 4816 412 4872 duntur
439 4821 665 4877 vinculis
693 4826 1034 4888 arctioribus,
1064 4837 1116 4879 et
1147 4828 1359 4882 tandem
1393 4831 1628 4898 praedicti
1663 4849 1784 4888 san-

225 4909 288 4962 cti
323 4912 883 4980 cpiscopincodredi
927 4915 1132 4984 judicio
1173 4920 1488 4975 subdantur.
1541 4920 1638 4988 Qui
1689 4925 1787 4978 im-

224 5000 612 5062 prrmeditatus
638 5005 956 5058 sententiam
983 5004 1151 5069 dedit,
1176 5021 1335 5075 quam
1363 5025 1420 5064 se
1444 5008 1654 5067 dedisse
1694 5029 1788 5081 po-

226 5097 329 5126 ‘IM
366 5093 510 5126 noun:
555 5103 790 5126 Incnnnna
826 5094 952 5126 virm
996 5109 1105 5126 cum
1146 5097 1386 5126 nn...1o..h
1445 5098 1572 5126 Μηνι.
1603 5117 1785 5126 ..κη-..-

1884 4559 1984 4614 dus
2013 4562 2260 4616 omnibus
2309 4563 2535 4618 innotuit
2577 4581 2682 4619 non
2727 4581 2783 4621 se
2826 4584 2946 4623 esse
3002 4569 3308 4625 inferiorem
3339 4589 3450 4629 me-

1885 4651 2005 4704 ritis
2032 4651 2304 4729 Laurentii
2339 4655 2481 4708 beati
2523 4653 2696 4710 levita:
2741 4667 2794 4712 et
2838 4660 3120 4728 martyris,
3153 4660 3303 4728 cujus
3332 4679 3453 4715 cor-

1885 4755 2004 4810 pus,
2035 4750 2091 4794 ut
2119 4742 2282 4797 refert
2321 4745 2512 4799 beatus
2559 4754 2711 4814 pater
2740 4747 3050 4815 Gregorius,
3081 4766 3203 4804 cum
3232 4751 3448 4818 quidam

1890 4845 1983 4884 seu
2015 4831 2156 4900 digni
2202 4847 2294 4885 seu
2327 4834 2528 4903 indigni
2559 4835 2738 4890 levare
2786 4838 3026 4890 volentes
3051 4839 3454 4907 conspicerent,

1889 4922 2111 4989 contigit
2141 4931 2195 4973 ut
2227 4935 2432 4992 septem
2463 4939 2529 4978 ex
2559 4926 2636 4978 eis
2664 4926 2862 4981 ibidem
2895 4927 3072 4979 subita
3105 4936 3282 4981 morte
3312 4929 3456 4996 peri-

1893 5019 2029 5064 rent.
2060 5011 2102 5066 Ο
2127 5025 2328 5080 quanta
2362 5015 2666 5068 reverentia
2695 5016 2844 5071 locus
2872 5015 2961 5069 ille
3007 5015 3206 5082 dignus
3235 5020 3461 5082 exstitit,

1894 5101 1980 5126 ’.ηε
2033 5104 2124 5126 -.-1-
2178 5106 2350 5126 -..-_!-
2407 5105 2717 5126 J,s--_-:-_-2-
2775 5115 2978 5126 .-,,.--..-
3016 5101 3224 5126 P|._2-.'
3279 5115 3462 5126 ι-...-,.-
