3944 5414
453 342 559 394 εἳῦ

1457 332 1515 386 S.
1556 326 1844 385 A880le
1885 323 2178 380 ABBATIS
2218 321 2715 377 FLORIACENSIS

3608 314 3723 370 εει

519 454 917 524 Umnipotentia
967 452 1160 507 divina:
1216 447 1517 517 maiestatis
1541 487 1555 511 ,
1610 460 1731 514 quae
1787 451 2029 512 tempora
2060 451 2099 500 Α
2132 439 2272 494 sicut
2294 437 2512 507 quitiam
2546 436 2751 498 volunt,
2775 435 2870 505 qui
2903 441 3093 504 putant
3115 445 3180 486 ea
3209 429 3441 487 derivari
3471 444 3501 482 a
3532 431 3728 484 verbis

447 554 620 600 nmtat
647 552 703 598 et
729 543 963 607 ordinat,
992 556 1081 595 me
1115 540 1182 595 ab
1209 536 1413 593 ineunti
1440 544 1620 602 aetate,
1649 540 1809 605 prout
1835 531 2021 593 voluit,

454 635 805 692 multifariam
830 644 886 688 et
915 632 1099 687 multis
1124 629 1299 685 modis
1329 628 1524 683 tentari
1555 624 1821 697 permisit,
1845 621 2024 692 quoad

446 725 700 798 juvenilis
729 723 905 779 relatis
935 721 1100 775 robur
1122 717 1540 774 adversitatibus
1562 721 1916 775 assuesceret,
1939 709 2027 766 cui

453 816 522 869 ad
557 811 828 869 cumulum
870 809 1085 864 virtutis
1131 807 1350 862 tandem
1384 812 1755 861 succresceret
1797 799 2028 858 intortu-

454 905 603 958 nium
632 900 826 956 oblata:
851 897 1325 971 peregrinationis.
1353 895 1525 963 Quam
1551 894 1652 950 etsi
1676 894 1817 947 inter
1844 898 1924 946 tot
1946 903 2031 943 rev

455 995 658 1066 ligiosae
687 993 810 1047 vitae
857 991 1024 1056 viros,
1073 990 1185 1046 Deo
1218 996 1439 1042 auctore
1465 1024 1482 1050 ,
1524 982 1762 1055 perfero,
1804 981 1895 1052 qui
1947 993 2033 1034 me

456 1084 609 1156 quasi
643 1084 852 1153 seipsos
883 1080 1150 1150 diligunt,
1179 1086 1240 1132 ut
1267 1077 1381 1146 ipsa
1410 1090 1468 1128 re
1493 1072 1723 1142 eonjicio
1749 1089 1765 1137 ;
1815 1085 1923 1126 non
1950 1079 2034 1121 ta-

2126 530 2377 585 secundae
2421 525 2836 597 coniugationis,
2883 539 2914 578 a
2960 523 3199 578 secunda
3243 521 3453 576 scilicet
3479 534 3726 589 persona

2130 620 2431 694 imperativi
2464 619 2609 675 modi
2646 632 2767 689 qum
2809 625 2894 671 est
2923 615 3204 687 producta,
3237 622 3296 667 ut
3340 622 3511 675 teneo,
3554 620 3726 674 tenes,

2130 725 2267 781 tene,
2304 713 2560 777 tenebrae;
2610 709 2766 775 lateo,
2811 708 2962 774 lates,
3007 707 3132 771 late,
3167 705 3397 760 latebrae.
3444 704 3731 757 Accentus

2132 805 2296 876 igitur
2342 813 2468 858 ante
2511 801 2860 874 penultimam
2906 812 3013 854 non
3060 806 3315 852 mutatur.
3361 794 3455 850 Sic
3497 792 3661 847 etiam
3691 806 3728 844 a

2132 895 2312 951 verbis
2342 894 2529 965 prima:
2555 889 2947 961 conjugationis
2974 888 3245 944 aestimant
3283 885 3419 948 fieri,
3450 883 3593 947 ιαυο,
3640 881 3723 934 la-

2134 1001 2244 1049 vas,
2268 985 2410 1049 lava,
2433 983 2719 1046 lavacrum,
2748 989 3007 1046 aratrum,
3028 978 3402 1045 ventilabrum;
3430 985 3484 1031 et
3505 990 3537 1029 a
3566 973 3732 1028 tertia

2136 1074 2519 1147 conjugatioue
2553 1072 2831 1135 terebram,
2870 1078 2926 1125 et
2958 1070 3003 1125 si
3035 1084 3140 1138 qua
3168 1077 3293 1123 sunt
3314 1050 3515 1121 similia
3554 1078 3570 1118 :
3601 1076 3729 1132 qua:

460 1191 582 1231 me"
612 1173 721 1230 νοεῖ
756 1174 929 1242 impos
948 1212 963 1238 ι
1000 1171 1117 1225 Siue
1149 1168 1336 1224 (10101⁸⁸
1368 1163 1644 1222 recordari
1684 1161 1858 1229 V3130.
1890 1158 2037 1230 lluml
2137 1172 2304 1226 etiam
2329 1169 2533 1238 absque
2555 1167 2658 1221 ulla
2681 1165 2888 1237 regula,
2908 1179 3001 1220 seu
3023 1162 3209 1219 Graeca
3232 1161 3342 1216 sint
3382 1174 3479 1215 seu
3507 1157 3735 1219 Latina,

461 1268 606 1324 illius
635 1265 738 1322 mei
770 1263 1030 1336 spiritalis
1055 1260 1258 1317 alumni
1291 1261 1343 1315 in
1389 1256 1801 1326 praesentiarum
1845 1266 2039 1321 corpo-

2141 1262 2329 1318 eodem
2375 1258 2536 1314 modo
2586 1256 2962 1327 pronuntiant,
3007 1263 3068 1308 ut
3114 1252 3394 1313 theatrum,
3450 1248 3736 1319 feretrum,

465 1359 563 1412 rali
598 1355 885 1428 praesentia
918 1353 1138 1408 minime
1159 1350 1426 1421 perlruor,
1464 1362 1584 1418 qute
1603 1344 1891 1415 aliquando
1918 1355 2042 1411 per-

2169 1337 2425 1415 iltaretra,
2469 1346 2738 1401 cathedra.
2786 1345 3026 1412 Quorum
3071 1341 3308 1397 omnium
3355 1338 3639 1394 nominum
3681 1345 3741 1389 et

462 1448 663 1504 l‘tueuti
695 1457 814 1501 erat
841 1444 949 1499 vita
977 1443 1092 1514 ipsa
1124 1439 1355 1495 dulcior.
1384 1436 1538 1491 Nune
1559 1435 1687 1505 quia
1712 1435 1785 1488 ita
1816 1430 2043 1500 contigit

463 1554 562 1608 per
602 1533 993 1598 obedientiam,
1024 1545 1144 1601 qua:
1173 1529 1363 1585 melior
1397 1536 1479 1584 est
1505 1524 1739 1580 victimis
1765 1563 1779 1588 ,
1822 1536 1929 1577 non
1960 1534 2047 1575 so-

466 1644 578 1700 ptm
610 1626 837 1680 fratrum
867 1639 989 1678 cum
1032 1620 1228 1692 quibus
1259 1633 1444 1673 moror
1490 1614 1731 1686 imperiis
1775 1610 2050 1668 deservire

465 1719 658 1787 gestio,
691 1730 881 1771 verum
907 1714 1068 1770 etiam
1105 1710 1408 1783 quibusque
1453 1708 1615 1778 hujus
1662 1704 1850 1761 insula:
1894 1700 2047 1772 juxta

2146 1442 2480 1512 reliquorum
2528 1437 2784 1495 similium
2811 1477 2829 1505 ,
2877 1436 2923 1492 si
2962 1433 3273 1506 penultimae
3320 1443 3517 1488 natura
3561 1430 3742 1497 longa:

2148 1541 2293 1599 sunt,
2319 1545 2419 1587 nec
2444 1529 2608 1585 etiam
2638 1529 2694 1584 in
2720 1538 2894 1583 metro
2920 1526 3153 1582 breviari
3182 1534 3426 1595 possunt.
3460 1521 3570 1578 Sed
3600 1531 3747 1575 teste

2150 1626 2360 1681 Donato
2394 1622 2589 1678 falsum
2619 1630 2704 1677 est
2735 1620 2879 1691 quod
2908 1617 3204 1691 praecedit;
3240 1615 3435 1671 falsum
3477 1628 3616 1683 ergo
3654 1620 3744 1667 est

2151 1725 2206 1771 et
2229 1713 2373 1785 quod
2398 1712 2660 1782 sequitur.
2693 1710 2786 1765 illa
2815 1723 2942 1765 vero
2968 1708 3055 1764 his
3086 1706 3280 1763 similia
3311 1719 3433 1776 qua:
3472 1718 3573 1773 per
3606 1717 3745 1772 syn-

469 1785 744 1866 niodulttm
794 1822 926 1862 mea:
960 1803 1246 1876 parvitatis
1284 1801 1530 1856 desidero
1569 1798 1862 1869 prodesse,
1911 1809 2045 1864 quo-

2169 1819 2339 1877 :opam
2371 1804 2603 1875 perdunt
2628 1816 2788 1857 unam
2813 1799 3069 1863 litteram,
3097 1811 3310 1865 semper
3329 1801 3575 1859 servant,
3606 1800 3748 1847 teste

471 1904 616 1958 niam
647 1915 754 1956 non
779 1898 896 1953 sine
939 1896 1123 1951 divino
1167 1901 1379 1950 constat
1424 1888 1793 1945 moderamine
1836 1893 2046 1956 gestum

470 1992 612 2062 quod
643 2032 658 2057 ,
690 1990 892 2046 sedatis
922 1986 1171 2041 ﬂuctibus
1201 1987 1424 2039 marina:
1473 1978 1832 2050 tempestatis,
1880 1975 1946 2029 ad
1996 1973 2047 2026 id

471 2084 663 2139 deveni
710 2081 887 2137 exsilii
934 2095 1055 2135 cum
1118 2076 1257 2132 mira
1315 2073 1704 2144 tranquillitate
1758 2080 1866 2124 tam
1910 2067 2048 2122 vasti

468 2174 744 2246 aequoris;
790 2172 879 2226 ubi
932 2170 1058 2226 dum
1103 2164 1427 2239 quibusdam
1466 2162 1767 2219 studiorum
1822 2169 2052 2226 occupa-

472 2244 711 2322 tionibus
766 2263 1048 2326 detineor,
1104 2258 1274 2313 levior
1330 2255 1400 2309 sit
1454 2249 1781 2308 calamitatis
1834 2244 2051 2302 miseria

473 2372 638 2432 quam
695 2353 907 2418 tolero,
957 2347 1391 2421 quandoquidem
1442 2340 1819 2400 benevolentia
1864 2349 2052 2392 eorum

474 2425 600 2505 cum
626 2445 823 2517 quibus
858 2441 1042 2500 habito
1071 2439 1141 2496 ad
1170 2436 1223 2494 id
1252 2450 1339 2493 me
1368 2431 1643 2504 compellit
1666 2440 1724 2485 ut
1745 2443 1851 2484 non
1878 2425 2052 2482 solum

474 2556 573 2609 pro
613 2551 772 2608 posse
801 2533 963 2590 velim
995 2529 1247 2587 fraternis
1275 2521 1689 2583 necessitatibus
1715 2531 2053 2580 succurrere,

479 2630 574 2683 sed
602 2628 766 2683 etiam
799 2624 939 2680 ultra
977 2621 1123 2677 vires
1165 2618 1321 2674 velle.
1364 2615 1628 2683 Quocirca
1653 2611 1894 2668 omnium
1916 2609 2057 2677 apud

477 2719 705 2791 Anglos,
719 2715 809 2771 ubi
823 2714 912 2769 ubi
926 2711 1222 2784 positorum
1236 2706 1463 2778 objectis
1480 2703 1802 2776 respondere
1820 2696 2057 2765 decrevi,

482 2818 752 2880 quatenus
794 2802 1060 2866 habeatis,
1108 2796 1449 2866 charissimi,
1497 2794 1680 2863 aliqua
1728 2791 2060 2847 monimenta

478 2898 649 2955 vestri
694 2893 934 2960 exsulis,
983 2891 1180 2962 quibus
1228 2886 1456 2943 valeatis
1509 2882 1788 2941 intendere
1832 2892 2059 2935 acumen

476 2990 790 3046 exercitatae
818 2984 1039 3041 mentis.
1076 2980 1188 3037 Nec
1218 2978 1508 3034 fraudabor
1534 2991 1632 3032 vos
1676 2971 2062 3046 quaestionibus

481 3079 771 3152 expeditis,
803 3089 940 3146 quas
971 3073 1055 3130 vel
1088 3069 1346 3126 tentando
1386 3067 1473 3123 vel
1520 3065 1750 3123 dicendo
1797 3062 2065 3132 objiciunt

482 3174 684 3243 quique
700 3167 945 3225 studiosi.
973 3163 1073 3219 Cui
1099 3161 1202 3217 etsi
1221 3160 1290 3216 ab
1320 3159 1501 3230 aliquo
1524 3165 1828 3229 epponatur
1845 3153 2060 3219 remulo,

484 3242 539 3318 in
579 3260 768 3317 silvam
806 3273 873 3311 ne
900 3256 1047 3326 ligna
1078 3252 1241 3317 feras,
1274 3258 1483 3305 certum
1505 3258 1686 3303 tamen
1723 3242 1896 3300 habeo
1923 3242 2065 3313 quod

484 3351 652 3408 vestri
688 3346 888 3419 ingenii
929 3342 1188 3401 sterilitas
1223 3340 1309 3396 vel
1343 3337 1524 3410 inepia
1564 3335 1670 3391 mei
1726 3348 1835 3389 non
1870 3331 1942 3387 sit
1986 3330 2069 3386 in-

487 3447 647 3515 digna
692 3437 924 3496 convivii
956 3435 1132 3506 copia,
1164 3447 1285 3505 quae
1319 3431 1424 3487 hoc
1450 3427 1608 3485 modo
1633 3440 1693 3483 se
1718 3425 1932 3481 habeat.

558 3540 613 3592 ‘2.
637 3536 693 3591 In
715 3533 1014 3605 quaestione
1033 3530 1208 3601 prima
1230 3525 1515 3598 quaesitum
1532 3531 1615 3579 est
1633 3521 1860 3577 salubris
1886 3517 2072 3589 penul-

493 3629 622 3683 tima
672 3630 946 3695 correpta,
990 3635 1059 3675 an
1106 3618 1369 3690 producta
1402 3613 1507 3671 diei
1548 3611 1742 3669 debeat
1767 3607 1852 3665 vel
1880 3621 2107 3664 conve-r

493 3722 627 3774 niat.
677 3715 885 3785 Quibus
932 3726 1033 3782 ego
1086 3707 1341 3781 proposui
1398 3719 1519 3779 quas
1572 3703 1629 3760 in
1682 3700 1919 3771 antiquis
1969 3697 2074 3754 La-

495 3815 622 3868 tina:
657 3807 855 3881 lingua:
891 3801 1200 3860 auctoribus
1228 3813 1316 3856 me
1344 3798 1536 3870 legisse
1570 3808 1669 3867 pro
1707 3800 1858 3849 certo
1886 3790 2072 3854 habui,

493 3913 549 3958 et
606 3917 675 3955 ue
725 3879 911 3953 vestra
966 3891 1228 3950 memoria
1272 3888 1620 3952 laberentur,
1670 3882 1833 3939 etiam
1883 3879 2077 3935 litteris

498 3990 715 4063 digessi.
767 3987 826 4043 ln
877 3984 1065 4056 primis
1107 3982 1345 4037 Donatus
1387 3976 1518 4032 dicit
1561 3973 1706 4046 quod
1751 3971 1796 4028 si
1840 3971 1893 4027 in
1949 3969 2072 4025 tris-

497 4060 718 4157 syllahis
757 4088 814 4137 et
860 4071 1223 4147 tetrasyllabis
1254 4080 1311 4127 et
1349 4068 1602 4137 deinceps
1626 4107 1643 4134 ,
1698 4065 1743 4121 si
1784 4060 2082 4136 penultima

500 4154 767 4247 positione
787 4171 946 4243 longa
970 4166 1153 4233 fuerit,
1176 4164 1290 4235 ipsa
1314 4169 1558 4226 acuetur,
1580 4165 1634 4215 et
1654 4154 2077 4227 antepenultima

504 4245 655 4341 gravi
684 4272 908 4323 accentu
938 4256 1396 4331 pronuntiabitur,
1418 4262 1481 4308 ut
1500 4249 1732 4306 Catellus
1748 4289 1764 4317 ,
1796 4245 2077 4303 Metellus:

506 4336 583 4414 ita
612 4368 790 4413 tamen
821 4354 867 4408 si
900 4349 1167 4421 positione
1193 4347 1373 4419 longa,
1400 4357 1506 4400 non
1536 4357 1605 4398 ex
1626 4349 1774 4395 muta
1802 4347 1855 4395 et
1882 4336 2083 4408 liquida

506 4449 709 4513 luerit;
749 4458 877 4499 nam
922 4438 1155 4497 mutabit
1197 4447 1501 4501 accentum,
1547 4441 1607 4488 ut
1651 4428 1862 4485 latebra:
1887 4468 1903 4495 ,
1946 4437 2088 4482 tene-
2111 4461 2164 4519 Β

510 4544 637 4596 brm.

580 4632 698 4697 Quo
720 4628 840 4683 loco
861 4624 1052 4680 inoluit
1074 4620 1199 4695 quia
1219 4618 1267 4677 si
1295 4604 1582 4689 cujuslibet
1599 4615 1772 4688 partis
1790 4611 2084 4685 penultima

511 4720 717 4796 syllaba
747 4716 961 4774 desinat
984 4715 1037 4770 in
1072 4720 1319 4782 correpta
1350 4707 1541 4774 vocali,
1571 4720 1692 4777 quae
1717 4703 2020 4774 excipiatur
2055 4718 2086 4754 a

513 4813 723 4871 duobus
747 4804 1192 4883 consonantibus,
1222 4814 1448 4873 quarum
1469 4799 1541 4854 sit
1565 4796 1716 4868 prior
1736 4804 1883 4851 muta
1911 4801 1966 4848 et
2003 4806 2092 4848 se-

519 4919 693 4975 quens
723 4897 925 4971 liquida
972 4894 1065 4961 sit,
1096 4907 1369 4964 nunquam
1417 4890 1508 4946 illa
1548 4902 1676 4961 pars
1703 4885 1976 4958 trisyllaba
2004 4882 2091 4938 vel

451 4979 459 4986 ’
519 4990 865 5064 tetrasyllaba
909 4995 1134 5041 acuetur
1178 4983 1232 5039 in
1271 4981 1599 5052 penultima,
1645 4978 1738 5035 sed
1769 4985 1975 5033 mutato
2004 4989 2093 5031 ae-

523 5095 684 5140 centu
711 5075 890 5151 potius
909 5076 964 5131 in
988 5069 1434 5144 antepennltima,
1458 5068 1584 5125 licet
1608 5069 1663 5124 in
1693 5067 1872 5124 medio
1898 5074 2095 5121 utrum-

522 5192 627 5248 que
661 5174 778 5231 lieri
802 5171 983 5237 liceat,
1011 5174 1173 5239 prout
1199 5163 1363 5220 fuerit
1393 5171 1566 5234 poetae
1584 5160 1851 5218 voluntas.
1890 5158 2024 5214 Nam
2050 5157 2096 5214 si

522 5269 633 5322 sint
653 5263 891 5320 verbalia
924 5256 1168 5316 feminini
1195 5255 1429 5328 generis,
1459 5254 1543 5309 vel
1563 5252 1668 5307 alia
1691 5265 1914 5322 quaeque
1937 5257 2096 5305 natu-

530 5354 714 5386 ...κορι-
734 5351 952 5386 νηιΛΑηΙιΙ
968 5365 994 5386 α
1048 5357 1269 5386 n-nnmr
1286 5354 1489 5386 mnsam
1511 5355 1561 5386 at
1589 5342 1844 5396 “nitidam
1863 5340 2098 5396 breviaﬁ

2149 1894 2435 1958 Martiano,
2482 1891 2536 1946 in
2583 1890 2772 1946 eadem
2801 1888 3005 1960 syllaba
3049 1894 3334 1941 accentum
3376 1898 3541 1954 quem
3593 1880 3749 1951 prius

2153 1985 2494 2047 habuerant,
2538 1989 2598 2035 ut
2643 1976 2984 2045 manipulus,
3029 1973 3336 2046 maaiplus,
3382 1970 3702 2027 venabulum
3729 2008 3748 2034 ,

2151 2072 2444 2131 venablum.
2487 2070 2728 2141 Denique
2756 2069 2824 2125 de
2872 2068 2958 2123 his
3007 2081 3127 2138 quae
3157 2083 3187 2122 a
3223 2063 3534 2121 nominibus
3587 2061 3748 2124 tiunt,

2153 2174 2346 2221 auctor
2391 2169 2476 2218 est
2538 2159 2850 2215 Priscianus
2892 2157 3039 2228 quod
3095 2155 3430 2213 nominativo
3478 2150 3750 2223 primitivi

2156 2252 2444 2323 aliquando
2496 2250 2684 2305 ultima
2732 2248 3094 2316 subtrahitur,
3139 2256 3196 2303 et
3239 2247 3457 2302 additur
3507 2242 3637 2306 bris,
3694 2249 3753 2293 ut

2155 2344 2328 2417 poSsit
2351 2358 2473 2399 esse
2503 2340 2717 2409 mulier,
2742 2340 3032 2408 muliebris,
3062 2348 3116 2395 et
3144 2338 3310 2401 salus,
3327 2336 3584 2400 salubris,
3604 2333 3753 2403 quod

2156 2439 2320 2493 etiam
2344 2433 2737 2490 nominativum
2757 2431 2969 2489 saluber
2992 2430 3282 2502 protulisse
3304 2439 3520 2484 veteres
3566 2432 3752 2480 osten-

2158 2527 2306 2583 ditur
2334 2526 2438 2581 hoc
2465 2538 2622 2579 versu
2655 2542 2668 2578 :

2284 2641 2472 2692 Phoebe
2495 2637 2696 2690 saluber
2718 2638 2855 2689 sdes.

2162 2749 2315 2808 Unde
2335 2745 2625 2819 conjicitur
2644 2745 2786 2815 quod
2809 2743 2942 2799 satis
2960 2739 3281 2813 regulariter
3301 2738 3417 2810 ejus
3440 2734 3748 2808 penultima

2162 2840 2500 2912 producitur,
2530 2836 2657 2892 dum
2690 2835 2755 2890 de
2796 2831 3129 2889 nominativo
3156 2829 3421 2902 producto
3451 2827 3633 2897 ipsum
3662 2840 3753 2880 so-

2164 2931 2275 2986 lum
2302 2927 2552 2985 habetur.
2582 2924 2719 2979 Nam
2761 2923 3022 2995 syllabam
3066 2920 3386 2976 naturaliter
3431 2918 3756 2988 productam

2167 3035 2431 3092 nusquam
2465 3018 2520 3073 in
2565 3026 2739 3072 metro
2784 3023 3087 3085 correptam
3127 3026 3214 3067 me
3259 3010 3457 3082 legisse
3504 3009 3755 3071 memini,

2090 3127 2135 3189 ρ
2165 3112 2269 3168 nisi
2298 3125 2393 3182 per
2436 3109 2664 3181 ﬁguram
2710 3106 2985 3178 systolen;
3038 3113 3263 3174 excepto
3305 3101 3522 3173 quoties
3552 3098 3760 3155 vocalis

2166 3213 2291 3258 ante
2311 3200 2551 3257 vocalem
2568 3198 2907 3268 producitur,
2929 3204 2989 3251 ut
3004 3194 3169 3260 illius,
3187 3195 3365 3257 unius,
3382 3192 3511 3255 diei,
3527 3188 3720 3261 speciei
3740 3204 3758 3250 ;

2166 3289 2434 3361 siquidem
2454 3287 2696 3343 verbalia
2726 3285 2968 3342 leininini
3009 3283 3222 3354 generis
3250 3282 3537 3353 producta,
3564 3287 3629 3334 ut
3661 3293 3759 3332 su-

2166 3396 2265 3453 pra
2293 3380 2426 3448 dixi,
2470 3378 2618 3435 nullo
2648 3378 2809 3434 modo
2852 3375 3136 3433 invenietis
3170 3373 3370 3444 corripi
3414 3386 3608 3428 eorum
3662 3386 3762 3426 ex-

2172 3484 2343 3528 trema
2376 3471 2601 3544 syllaba,
2646 3469 2942 3541 quoniamt
2971 3468 3174 3524 habent
3200 3474 3328 3521 ante
3357 3465 3443 3519 ria:
3495 3460 3762 3535 praeteriti

2173 3562 2445 3633 participii
2472 3559 2772 3617 desinentis
2795 3560 2848 3614 in
2871 3569 2978 3613 tus.

2244 3654 2299 3710 4.
2339 3652 2384 3707 Α
2410 3653 2608 3722 quibus
2635 3650 2899 3705 oriuntur
2921 3650 3023 3704 ista
3048 3647 3312 3713 verbalia,
3338 3646 3626 3703 ostendam
3673 3662 3766 3701 vo-

2175 3744 2259 3800 bis
2304 3742 2537 3815 regulas.
2585 3741 2837 3813 Exceptis
2868 3752 3102 3811 quatuor
3131 3742 3445 3811 participiis,
3487 3756 3613 3812 qua:
3640 3753 3766 3795 sunt

2176 3844 2345 3899 satus,
2371 3842 2538 3898 ratus,
2568 3840 2756 3898 status,
2788 3832 2966 3897 datus,
3000 3830 3205 3901 reliqua
3238 3831 3420 3885 omnia
3451 3830 3706 3886 habentia
3734 3848 3767 3882 α

2180 3935 2303 3981 ante
2331 3934 2414 3979 tus
2454 3925 2507 3978 in
2534 3922 2810 3993 prmterito
2832 3922 3227 3992 producuntur,
3270 3930 3328 3975 ut
3354 3931 3588 3988 amatus,
3623 3922 3765 3974 unde

2180 4025 2405 4082 amator,
2435 4015 2683 4070 amatrix.

2251 4104 2604 4160 Inveniuntur
2646 4103 2906 4175 producta
2953 4100 3260 4172 participia,
3306 4116 3427 4171 qua:
3480 4100 3688 4157 habent
3737 4118 3767 4154 ε

2183 4204 2310 4251 ante
2330 4206 2434 4261 tus,
2466 4202 2524 4249 ut
2554 4202 2863 4247 recenselus.
2889 4188 3042 4248 Unde
3066 4190 3395 4251 Prudentius
3423 4191 3479 4246 in
3509 4192 3765 4262 passione

2185 4283 2422 4357 Hypoliti
2453 4282 2710 4352 martyris
2734 4298 2748 4335 :

2259 4415 2491 4486 Cumque
2514 4413 2785 4469 recensetis
2821 4423 3085 4469 constaret
3112 4415 3349 4486 partibus
3376 4414 3484 4469 ille.

2261 4527 2319 4582 Si
2349 4541 2477 4581 vero
2497 4526 2515 4579 ξ
2536 4532 2659 4581 ante
2686 4533 2770 4579 tus
2790 4523 3069 4590 habuerit,
3102 4525 3300 4595 ubique
3323 4526 3624 4596 penultima
3648 4543 3769 4582 eor-

2188 4618 2403 4688 ripitur,
2434 4616 2538 4671 nisi
2569 4617 2753 4671 veniat
2778 4614 3012 4672 averbis
3037 4626 3245 4685 quarta:
3266 4615 3686 4688 conjugationis,
3718 4626 3772 4669 ut

2189 4711 2365 4774 domo,
2412 4706 2592 4761 domas
2618 4745 2636 4775 ,
2670 4705 2941 4773 domitus;
2973 4723 3155 4761 moneo
3176 4747 3191 4772 ,
3237 4723 3414 4762 mones
3438 4748 3453 4774 ,
3499 4709 3771 4769 monitus,-

2190 4800 2390 4865 audio,
2437 4797 2615 4863 audis,
2656 4797 2907 4863 auditus;
2957 4798 3125 4851 condo
3151 4837 3166 4861 ,
3216 4796 3439 4861 condis,
3487 4796 3771 4851 conditus:

2191 4888 2335 4945 unde
2364 4884 2657 4943 masculina
2684 4885 2933 4952 domitor,
2966 4886 3216 4951 monitor,
3244 4886 3479 4950 auditor,
3511 4884 3773 4940 conditor.

2194 4981 2275 5036 Ex
2305 4979 2390 5035 his
2415 4976 2677 5034 feminina
2696 4976 2966 5042 domitrix,
3004 4977 3276 5041 mouitrix,
3305 4975 3566 5042 audiuit,
3597 4975 3774 5031 cond.“-

2197 5072 2323 5127 trix.
2346 5069 2725 5127 Producuntur
2747 5068 2802 5122 in
2826 5067 2985 5123 tertia
3004 5067 3383 5139 conjugatione
3406 5068 3624 5136 oblitus,
3645 5079 3775 5139 quc-

2198 5163 2352 5227 situs,
2375 5160 2554 5224 tritus,
2580 5159 2767 5228 petitus
2785 5166 2841 5215 et
2859 5158 3087 5228 cupitus,
3110 5167 3168 5213 et
3192 5173 3315 5229 qua:
3349 5174 3417 5213 ex
3446 5159 3533 5216 bis
3560 5174 3774 5230 compo-

2200 5258 2424 5309 nuntur.
2472 5247 2778 5303 Notandum
2806 5256 2987 5306 tamen
3012 5251 3156 5321 quod
3198 5252 3392 5306 oblitus
3414 5292 3431 5318 ,
3478 5252 3583 5307 sia
3618 5252 3778 5307 verbo

2201 5343 2540 5386 onmnnnilnr
2561 5343 2702 5386 nnan
2741 5352 2821 5386 est
2868 5343 2974 5386 limi
3048 5346 3342 5386 anni-tim:-
3397 5348 3457 5386 Fr
3494 5347 3549 5386 in
3593 5360 3777 5386 nitaris.
