3944 5414
242 346 349 399 ξἰὅ

1351 336 1809 408 ρυίῖετιοχες
1848 323 2399 391 εῐξΑιιΑ-ιιριιιιεε..

3374 340 3480 393 826
3504 358 3505 363 ‘

225 456 525 526 penultima
557 454 615 508 lit
643 454 843 518 brevis,
872 452 914 508 si
937 468 965 504 a
996 450 1159 507 verba
1190 466 1285 503 rue
1316 450 1665 518 compositum
1698 446 1811 502 {.ie-
1840 453 1885 511 Α
1916 444 1991 500 De
2026 460 2091 500 eo
2127 447 2266 513 quod
2319 458 2397 500 est
2432 449 2610 500 radiro
2638 488 2651 507 .
2702 448 2976 502 sciendum
3033 458 3115 503 est
3154 449 3292 518 quod
3343 453 3483 509 sicut

227 547 320 611 rit;
371 555 433 599 ut
481 560 631 608 eruo,
678 552 905 607 erutus;
956 541 1139 605 abruo,
1189 540 1425 592 obrutus.
1474 538 1533 592 In
1588 536 1808 605 reliquis

225 638 599 707 producitur,
656 645 715 690 ut
762 636 966 700 induo,
1022 634 1285 695 indutus;
1345 648 1517 694 exuo,
1577 643 1807 690 exutus;

222 728 448 795 adjut'o,
486 727 728 794 adjutus,
758 724 901 778 unde
924 724 1136 791 adjutor
1164 731 1218 775 et
1246 722 1499 790 adjutrix.
1526 720 1676 787 Quod
1706 720 1750 772 si
1778 736 1807 771 ο

227 826 357 870 ante
388 826 475 870 tus
502 816 796 879 exstiterit,
829 829 1039 883 semper
1067 814 1171 867 erit
1192 813 1372 882 longa,
1403 821 1458 865 ut
1484 827 1679 874 moveo,
1702 826 1809 863 mo.

225 919 346 969 rus;
371 906 543 974 faveo,
573 906 757 973 fatus;
786 906 918 969 lara,
950 905 1105 967 lotus,
1150 904 1292 972 quod
1338 910 1388 957 et
1436 901 1613 955 lautus
1662 901 1806 954 facit.

200 996 474 1051 ‘Tandem
517 1013 582 1051 ex
620 994 920 1062 huiusmodi
972 995 1168 1064 regulis
1211 994 1352 1047 scire
1397 993 1619 1062 potestis
1668 992 1809 1059 quod

212 1085 554 1139 naturaliter
610 1085 901 1153 productas
948 1082 1179 1154 syllabas
1224 1082 1545 1151 penultimas
1587 1091 1808 1151 propter

218 1186 433 1230 mutam
476 1186 529 1230 et
570 1176 829 1245 liquidam
874 1175 1017 1228 nulla
1056 1176 1351 1229 necessitas
1376 1175 1532 1229 metri
1562 1173 1805 1242 corripit,

218 1284 346 1321 cum
398 1283 591 1323 omnes
640 1268 774 1322 tales
812 1267 1130 1322 naturaliter
1152 1276 1413 1336 correpta:
1440 1268 1658 1335 produci
1689 1281 1808 1335 pos-

208 1361 347 1415 sint.
384 1361 729 1431 Quapmpter
767 1359 955 1413 Donati
995 1359 1074 1413 vel
1104 1358 1362 1413 Prisciani
1393 1359 1572 1427 potius
1609 1358 1808 1428 regulis

217 1451 353 1503 dare
376 1465 602 1519 operam
632 1451 853 1515 suadeo,
895 1465 1056 1518 quam
1088 1448 1380 1503 audacibus
1406 1448 1680 1518 juniorum
1722 1448 1804 1501 in-

214 1542 404 1594 ventis
432 1556 498 1594 ex
536 1540 847 1610 improviso,
890 1550 944 1594 ct
985 1540 1164 1594 dicere
1212 1541 1265 1595 in
1309 1555 1465 1609 prosa
1516 1539 1805 1608 penultima

215 1641 501 1700 correpta,
551 1631 948 1693 candelabrum,
991 1632 1291 1696 delubrum,
1346 1642 1621 1696 aratrum,
1664 1630 1805 1685 lava-

208 1737 365 1773 crum
397 1729 453 1774 et
482 1721 525 1774 si
557 1735 662 1789 qua
695 1730 819 1773 sunt
846 1721 1064 1787 similia,
1110 1731 1307 1789 praeter
1352 1720 1439 1775 illa
1487 1736 1605 1791 qua:
1650 1736 1806 1775 exce-

1912 536 2048 591 llunt
2076 536 2237 590 verba
2267 552 2331 589 ex
2360 536 2577 607 obliqua
2604 553 2731 592 casu
2763 538 2995 592 nominis
3032 540 3207 594 neutri
3246 532 3479 610 generis,

1910 633 1968 677 ut
2015 641 2204 678 manus
2232 666 2246 690 ,
2288 628 2514 678 muneris
2542 667 2556 690 ,
2590 644 2803 681 munera
2830 669 2844 689 ,
2886 646 3159 694 muneras,
3203 646 3256 684 et
3300 634 3475 695 decus,

1910 715 2132 777 decoris,
2160 715 2368 778 decoro,
2402 718 2615 770 decoras
2638 737 2657 778 ;
2698 720 2838 772 unde
2864 720 3089 775 Flaccus
3116 739 3128 773 :
3346 714 3359 724 ’

2036 829 2105 877 Ae
2124 830 2254 877 bene
2279 836 2574 878 nummatum
2594 829 2790 879 decorat
2813 830 3009 880 suadela
3036 829 3319 893 Venusque.

1912 934 1988 987 sic
2016 934 2178 986 etiam
2207 934 2381 997 index,
2405 934 2590 988 indicis
2612 951 2629 999 ;
2651 935 2844 1001 indica,
2884 937 3087 990 indicas
3109 953 3128 1000 ;
3150 937 3346 1004 fornix,
3374 937 3486 1005 for-

1910 1022 2038 1075 uicis
2050 1039 2069 1087 ;
2088 1022 2312 1089 [ornico,
2336 1023 2604 1091 farnicar;
2627 1024 2828 1087 cornix,
2846 1026 3099 1089 cornicis;
3117 1027 3347 1091 cornice,
3369 1040 3485 1078 car-

1911 1113 2101 1176 nicar;
2133 1115 2272 1167 unde
2310 1113 2527 1169 Persius
2557 1132 2570 1167 :

2033 1220 2209 1270 Nescio
2229 1223 2344 1283 quid
2370 1231 2529 1272 tecum
2552 1236 2704 1285 grave
2729 1224 2989 1273 corniearis
3011 1225 3208 1286 inepte;

1905 1336 1961 1381 et
1989 1329 2162 1391 radix,
2188 1330 2379 1383 radicis
2401 1347 2421 1392 ,'
2462 1331 2663 1394 radico,
2690 1332 2930 1385 radicas:
2953 1331 3094 1385 unde
3116 1340 3201 1386 est
3227 1331 3353 1385 illud
3377 1348 3391 1382 :

2037 1436 2240 1489 Radicet
2256 1438 2366 1488 altis
2386 1441 2629 1490 sensibus.

1908 1534 2001 1590 Est
2026 1537 2169 1590 enim
2193 1538 2423 1593 dimeter
2445 1539 2725 1601 iambicus,
2760 1541 2850 1609 qui
2888 1542 2941 1595 in
2970 1540 3342 1597 Ambrosianis
3365 1542 3483 1613 (48)

1908 1627 2082 1696 primo
2104 1627 2221 1683 loco
2250 1643 2465 1698 semper
2495 1630 2672 1685 iambo
2695 1632 2776 1685 vel
2800 1632 3052 1701 spondan
3073 1642 3156 1688 est
3179 1642 3482 1689 contentus.

1910 1715 1981 1771 Ut
2007 1718 2455 1787 vero‘penultima
2479 1720 2676 1790 corripi
2705 1730 2940 1789 putetur,
2972 1721 3166 1778 Phocea
3192 1723 3487 1777 auctoritas

213 1818 304 1877 μ]
340 1819 504 1874 sunt,
554 1783 609 1864 et
657 1827 820 1865 unum
863 1827 1058 1866 nomen
1088 1813 1311 1876 october,
1343 1822 1403 1867 ut
1436 1822 1557 1884 post
1586 1814 1801 1867 modum
1835 1783 1878 1842 Β
1904 1809 2183 1878 compulit,
2223 1813 2312 1878 qui
2349 1811 2520 1880 ipsum
2562 1828 2754 1866 nomen
2803 1814 2941 1867 inter
2987 1823 3232 1883 correpta
3260 1817 3482 1884 excipit,

202 1900 436 1969 queatis
463 1902 765 1970 producere
796 1902 952 1956 metri
983 1903 1324 1957 necessitate.

260 1993 326 2047 5.
354 1993 435 2047 De
452 1993 671 2046 nomine
684 1993 825 2062 quod
841 2002 923 2048 est
938 1993 1128 2047 mulier
1144 1994 1444 2065 requisistis
1464 2009 1569 2063 quo
1584 2003 1803 2049 accentu

211 2084 335 2152 ejus
365 2085 638 2154 genitivus
664 2086 853 2140 debeat
877 2086 1241 2155 pronuntiari.
1284 2086 1357 2141 De
1386 2103 1494 2157 quo
1524 2087 1801 2140 sciendum

210 2184 298 2228 est
326 2175 478 2243 quia,
507 2176 757 2245 quamvis
783 2176 898 2245 ejus
922 2176 1213 2245 penultima
1250 2177 1427 2230 brevis
1458 2176 1550 2240 sit,
1596 2177 1801 2246 euplto-

212 2268 321 2321 nia:
351 2282 518 2322 causa
549 2267 689 2323 solet
722 2268 862 2332 acui,
894 2268 1034 2323 sicut
1066 2277 1120 2322 et
1148 2269 1310 2323 verba
1347 2268 1619 2337 calefacia,
1662 2267 1803 2321 cale-

214 2357 379 2425 facis.
411 2358 547 2412 Cum
581 2359 727 2413 enim
759 2374 920 2414 omne
954 2374 1147 2414 nomen
1195 2360 1540 2430 dissyllabum
1569 2370 1625 2415 et
1649 2360 1801 2415 dein-

214 2462 351 2516 ceps
380 2448 436 2501 in
464 2465 523 2501 er
560 2448 815 2503 desinens
846 2450 1137 2516 brevietur,
1170 2452 1213 2505 si
1244 2450 1512 2521 genitivus
1558 2451 1674 2518 ejus
1706 2467 1797 2505 su-

209 2552 315 2604 pra
362 2537 501 2592 duas
552 2538 784 2609 syllabas
832 2541 1163 2605 excreverit,
1201 2557 1414 2611 semper
1454 2541 1803 2611 penultimam

208 2629 469 2698 corripit,
497 2630 601 2684 nisi
630 2632 824 2701 positio
864 2633 1021 2699 adsit,
1054 2643 1146 2687 aut
1168 2633 1461 2703 penultima
1487 2634 1803 2687 nominativi

214 2719 552 2775 naturaliter
595 2721 854 2791 producta
883 2724 972 2788 sit,
1013 2733 1074 2777 ut
1115 2722 1357 2789 October,
1387 2722 1616 2789 salaber,
1647 2739 1801 2794 eque-

210 2818 346 2861 σεεν.

287 2901 370 2955 De
394 2903 719 2971 pronomine
746 2920 974 2975 quoque,
1003 2915 1064 2960 ut
1092 2906 1408 2976 quibusdam
1437 2906 1630 2978 placet,
1662 2907 1805 2976 quod

212 3002 301 3047 est
347 2994 507 3057 alter,
554 2996 791 3061 alterius,
819 3014 937 3051 cum
982 3008 1238 3068 sequatur
1266 2998 1502 3069 regulam
1534 2998 1804 3067 pronomi-

213 3097 351 3135 num
385 3083 440 3135 in
470 3083 553 3137 ius
600 3086 977 3151 desinentium,
1026 3103 1144 3157 qua:
1175 3088 1225 3140 in
1256 3102 1411 3156 prosa
1456 3087 1803 3155 penultimam

212 3173 561 3241 producunt,
608 3174 711 3229 hoc
763 3176 933 3230 solum
975 3178 1277 3246 excipitur,
1334 3186 1617 3246 propterea
1668 3178 1808 3245 quod

214 3263 405 3317 solum
434 3266 568 3319 duas
600 3266 829 3336 syllabas
853 3268 971 3337 plus
1008 3267 1172 3321 habet
1208 3267 1259 3319 in
1293 3267 1530 3336 genitivo
1557 3281 1717 3334 quam
1754 3266 1807 3318 in

208 3355 589 3409 nominativo.
645 3358 702 3410 In
746 3359 930 3426 quinta
983 3372 1195 3427 quoque
1250 3356 1605 3411 declinatione
1653 3354 1810 3408 unius

215 3449 455 3517 genitivi
485 3434 741 3521 trisgilabi
766 3448 1110 3520 penultituam
1130 3449 1327 3519 corripi
1350 3447 1401 3502 in
1426 3462 1582 3519 prosa
1602 3446 1807 3520 sciatis,

215 3548 277 3589 ut
301 3540 463 3605 ﬁdes,
498 3540 623 3607 ﬁdei
648 3556 663 3603 ;
693 3540 815 3608 quia
844 3556 949 3595 non
976 3541 1137 3594 habet
1165 3540 1182 3592 i
1218 3549 1341 3593 ante
1367 3555 1412 3603 e,
1445 3540 1585 3591 sicut
1613 3537 1809 3590 habent

214 3628 437 3697 reliqua
476 3628 745 3699 trisyllaba
778 3631 1129 3701 genitivorum
1181 3628 1555 3683 declinationis
1587 3627 1805 3696 quintae.

294 3718 355 3770 6.
389 3720 567 3774 Verba
599 3736 807 3789 quoque
836 3721 1127 3790 proposita,
1158 3736 1275 3789 quae
1300 3728 1424 3773 sunt
1458 3719 1636 3782 irrita,
1669 3734 1809 3772 asse-

215 3826 371 3875 rere,
410 3828 699 3879 persevera,
732 3814 907 3866 radica
933 3853 948 3876 ,
983 3821 1038 3867 et
1077 3828 1143 3866 ex
1182 3828 1246 3865 co
1292 3811 1644 3879 compositum
1694 3825 1809 3863 era-

214 3901 342 3953 dico
370 3917 393 3964 ;
426 3904 595 3971 relega
616 3903 874 3973 etallega,
902 3904 1091 3971 instiga
1114 3913 1170 3958 et
1194 3903 1431 3972 subrepa,
1457 3909 1642 3956 notate
1672 3916 1811 3955 sem-

216 4005 322 4057 per
352 3992 671 4059 penultimis
703 3994 996 4062 productis.
1030 3995 1105 4049 De
1130 4008 1194 4049 eo
1219 3994 1433 4063 quidem
1472 3991 1613 4063 quod
1636 4000 1716 4045 est
1738 3993 1810 4044 ir-

217 4083 599 4155 ritoVirgilius
628 4086 707 4140 sic
734 4086 808 4140 ait
839 4086 889 4139 in
912 4102 945 4140 ι
974 4102 988 4137 :

353 4194 630 4255 lrritatqne
649 4198 802 4245 virum
828 4195 937 4245 telis
952 4203 1007 4246 et
1026 4208 1146 4247 voce
1172 4195 1389 4247 lacessit.

216 4277 358 4330 licet
406 4278 628 4346 quidam
679 4277 868 4331 vitiose
904 4278 1160 4347 scriptum
1207 4276 1385 4347 legant
1432 4274 1606 4330 irritat
1659 4283 1813 4344 atque

217 4371 400 4421 cirum
428 4368 546 4420 telis
566 4406 583 4430 ,
612 4366 753 4436 quod
790 4366 930 4421 nullo
974 4368 1131 4423 modo
1158 4382 1315 4436 posse
1344 4366 1481 4431 ﬁeri,
1513 4366 1647 4421 ordo
1675 4380 1810 4434 pra:-

214 4460 483 4527 positivze
536 4458 927 4528 conjunctionis
959 4460 1211 4515 ostendit.
1260 4458 1327 4513 Et
1374 4458 1513 4513 idem
1559 4457 1811 4529 Virgilius
1840 4450 1888 4509 D

217 4565 274 4603 ιη
310 4565 413 4604 IV:

350 4638 500 4689 illam
522 4646 663 4688 terra
690 4647 859 4701 parens
892 4642 959 4690 ira
986 4641 1174 4691 irritata
1197 4641 1422 4690 deorum.

215 4721 333 4777 Nec
369 4737 475 4776 vos
510 4722 702 4775 turbet
728 4725 859 4789 quod
887 4725 1087 4788 irritus,
1119 4726 1300 4789 irrita,
1330 4726 1538 4777 irritum
1585 4721 1811 4793 penulti-

216 4828 305 4867 ma
342 4820 613 4882 correpta
645 4811 885 4875 dicimus,
911 4824 968 4870 ut
1000 4815 1139 4869 idem
1173 4814 1425 4885 Virgilius
1452 4814 1596 4866 inv:

343 4927 487 4976 Ante
525 4924 696 4973 locum
723 4933 771 4974 et
792 4932 927 4980 varlls
947 4929 1207 4981 assultibus
1239 4932 1409 4980 irritus
1429 4936 1594 4991 u'get.

213 5027 364 5085 Idem
397 5028 454 5081 in
482 5042 518 5081 ι
551 5040 568 5079 :

345 5120 496 5169 irrita
524 5116 750 5165 deﬂexit
770 5123 931 5179 partim
950 5124 1244 5188 stringentia
1265 5134 1462 5185 corpus.

202 5202 372 5232 .n...ul
407 5213 669 5232 “oga-orn
697 5197 1000 5232 ΑἱιμΑηι-κ.--
1034 5207 1100 5232 ,ει
1156 5206 1289 5232 ρεαδ...

1340 5218 1386 5232 ΔΙ
1429 5220 1601 5232 ..Α-...ι
1612 5220 1694 5232 --Α
1748 5218 1808 5232 Α-

1904 1896 2029 1952 licet
2065 1898 2323 1967 producta
2356 1900 2553 1969 ubique
2582 1902 2806 1955 inveniri
2839 1904 3025 1971 possit,
3060 1913 3117 1957 ut
3142 1903 3392 1976 Virgilius
3414 1922 3436 1959 .-

2027 2006 2126 2056 Aut
2158 2006 2238 2056 lda
2262 2009 2310 2057 in
2331 2021 2502 2071 magna
2523 2010 2767 2060 radicibus
2792 2019 2932 2061 eruta
2959 2014 3118 2074 pinus.

1906 2108 2105 2165 Horum
2137 2126 2368 2180 namque
2391 2121 2627 2182 quatuor
2665 2128 2782 2183 qua:
2808 2114 3022 2183 protuli,
3057 2116 3160 2171 duo
3189 2117 3483 2184 penultima

1903 2200 2194 2269 genitivam
2222 2200 2539 2269 corripiunt,
2590 2203 2643 2257 id
2688 2212 2771 2258 est
2818 2204 2975 2257 index
3011 2214 3067 2258 et
3118 2205 3331 2271 fornix;
3379 2210 3487 2262 duo

1902 2289 2307 2355 producunt,id
2332 2302 2415 2346 est
2445 2293 2631 2347 cornix
2651 2302 2705 2347 et
2732 2296 2907 2347 radix.
2960 2294 3151 2366 Relega
3196 2306 3249 2351 et
3294 2296 3483 2367 allego,

1904 2389 2086 2436 notate
2107 2382 2248 2451 quod
2272 2383 2317 2437 si
2341 2399 2369 2437 a
2394 2386 2559 2439 verbo
2580 2387 2768 2455 prima:
2790 2386 3179 2458 conjugationis
3194 2399 3481 2458 ponantur,

1903 2484 2117 2539 semper
2160 2472 2454 2541 penultima
2502 2476 2854 2546 producitur;
2897 2479 2979 2531 sin
3030 2493 3059 2531 a
3100 2487 3256 2533 tertia
3291 2480 3486 2548 conju-

1905 2561 2119 2630 gationc
2143 2564 2339 2630 gaudet
2365 2566 2701 2634 correptione
2725 2566 2837 2637 (49)
2879 2568 3019 2621 unde
3044 2577 3146 2634 est,
3171 2569 3377 2638 culpam
3405 2588 3484 2623 re-

1905 2650 2032 2718 leget
2071 2650 2347 2704 lubricam.
2401 2654 2498 2707 Est
2531 2670 2743 2723 quoque
2790 2656 2875 2709 hic
2921 2656 3148 2710 dimeter
3200 2658 3483 2722 iambicus,

1909 2740 2062 2809 cujus
2092 2743 2392 2796 secundum
2422 2742 2594 2798 locant
2624 2760 2838 2813 semper
2858 2745 2960 2799 sibi
2993 2746 3228 2801 vindicat
3250 2744 3484 2802 iambus.

1904 2829 2039 2883 Nam
2070 2830 2201 2901 lego,
2225 2832 2387 2903 legas,
2419 2835 2558 2903 quod
2584 2844 2663 2890 est
2696 2836 2959 2906 legatione
2985 2837 3200 2908 iungor;
3236 2840 3376 2894 unde
3404 2840 3483 2893 le-

1905 2930 2089 2990 gatus,
2118 2921 2336 2989 missus,
2368 2924 2582 2994 longam
2630 2926 2793 2981 habet
2833 2927 2900 2991 le,
2932 2927 3043 2997 lego
3074 2944 3220 2995 vero,
3256 2930 3403 3001 legis,
3432 2935 3487 2986 in

1906 3026 2225 3081 quacunque
2275 3014 2379 3068 alia
2427 3016 2821 3085 signiﬁcatione
2870 3029 3197 3089 correptam,
3246 3022 3387 3075 sicut
3431 3032 3489 3076 et

1835 3117 1878 3178 ρ
1910 3101 2034 3171 ligo,
2070 3103 2224 3173 ligas,
2271 3106 2411 3160 unde
2460 3108 2726 3177 religatus,
2778 3109 2831 3163 id
2876 3119 2959 3164 est
3008 3111 3201 3164 iterum
3252 3112 3486 3166 vinctus.

1908 3189 2187 3256 Quomodo
2211 3196 2663 3264 pronuntiandqu
2686 3198 2757 3251 sit
2780 3198 2987 3269 instiga,
3018 3199 3273 3269 Virgilius
3296 3212 3453 3256 esten
3469 3231 3486 3245 ο

1909 3282 2167 3339 ditinv:

2032 3392 2268 3456 Instigant
2288 3397 2477 3460 studiis,
2504 3406 2702 3450 resonat
2734 3398 3025 3450 clamoribus
3046 3400 3239 3463 aether.,

1908 3497 2110 3555 Eodem
2135 3501 2291 3556 modo
2312 3503 2581 3574 investigo,
2605 3506 2821 3574 castiga,
2850 3507 3067 3575 inspira.
3095 3505 3326 3577 δηῦτερο
3354 3522 3489 3577 quo-

1910 3604 2036 3658 que,
2074 3591 2117 3645 si
2150 3607 2179 3645 a
2212 3593 2377 3648 verbo
2407 3595 2547 3662 quod
2591 3606 2676 3650 est
2723 3612 2842 3665 repa
2889 3599 3248 3666 componitur,
3292 3599 3489 3667 prodo.

1911 3680 2087 3735 ctione
2102 3682 2312 3736 laetatur
2334 3725 2347 3748 ,
2382 3685 2465 3737 sin
2494 3700 2523 3736 a
2556 3687 2722 3755 rapio,
2752 3687 3043 3757 corripitur
3071 3704 3085 3753 ;
3118 3696 3174 3743 et
3200 3688 3328 3742 illud
3342 3702 3485 3757 pra;-

1912 3772 2125 3825 teri.um
2158 3775 2409 3844 sabrepsi,
2435 3776 2575 3829 istud
2605 3776 2731 3830 facit
2758 3778 3015 3847 subripui.

1980 3862 2033 3917 7.
2061 3862 2261 3929 Exora,
2298 3868 2506 3930 denato,
2555 3868 2878 3935 penultimas
2911 3869 3231 3939 corripiunt,
3274 3878 3334 3924 ut
3362 3869 3485 3925 νιτ-
3558 3878 3561 3881 ’

1911 3954 2065 4023 gilius
2094 3957 2144 4009 in
2175 3958 2349 4025 primo
2374 3957 2671 4027 Georgicon
2698 3976 2713 4013 :

2032 4045 2199 4095 Nudus
2220 4058 2321 4108 ara,
2344 4060 2459 4099 sere
2483 4049 2659 4111 nudus,

1910 4128 1979 4183 Et
2001 4128 2257 4185 Horatius
2286 4149 2298 4184 :

2033 4219 2245 4271 Paterna
2266 4234 2379 4271 rura
2397 4223 2552 4274 bobus
2574 4233 2747 4276 exarat
2768 4227 2897 4287 sub;

1913 4322 2002 4392 qui
2033 4338 2221 4379 versus
2248 4324 2489 4380 trimeter
2527 4335 2611 4381 est
2637 4327 2895 4383 iambicus
2931 4335 3073 4382 totus
3121 4327 3249 4383 solis
3296 4329 3486 4384 iambis

1914 4417 2258 4484 compositus.
2286 4416 2522 4486 Demeto,
2553 4419 2816 4484 demoror,
2859 4418 3168 4489 penultimis
3204 4422 3484 4492 correptis.

1913 4502 2169 4560 Horatius
2193 4520 2233 4559 2‘

1972 4595 2157 4665 Acgidit
2181 4603 2232 4646 ut
2253 4598 2443 4665 quidam
2468 4604 2624 4649 testes
2647 4599 2947 4665 caudamque
2979 4599 3211 4648 salacem.

2034 4658 2331 4710 Demeteret
2352 4661 2500 4711 terra.

1914 4764 2171 4835 Virgilius
2196 4765 2248 4821 in
2286 4782 2319 4820 ι
2348 4785 2363 4820 :

2034 4876 2201 4927 Turne
2231 4876 2319 4927 sed
2343 4874 2512 4927 tutelis
2546 4876 2764 4928 Teucros
2785 4878 2902 4940 quid
2928 4876 3156 4925 demoror
3181 4875 3364 4934 armis,

1916 4985 1991 5039 De
2018 4999 2083 5040 eo
2108 4983 2249 5053 quod
2277 4992 2358 5039 est
2378 4983 2565 5038 exhala
2589 4983 2846 5040 Lucanus
2869 4986 2922 5038 in
2952 4988 3144 5049 quarto
3178 4994 3192 5026 :

2040 5073 2248 5125 Exhalat
2271 5074 2474 5122 nebulas
2493 5072 2727 5135 quidquid
2752 5079 3083 5125 Cuncrcseet‘u
3111 5066 3364 5123 primus.

1914 5175 1982 5229 Et
2010 5175 2076 5230 de
2101 5189 2167 5229 eo
2205 5173 2346 5232 uuod
2373 5181 2457 5227 est
2491 5188 2647 5225 mana
2673 5170 2942 5232 Virgilius
2971 5168 3027 5220 in
3056 5177 3115 5216 ιιι
3141 5174 3158 5211 :
