3944 5414
470 462 571 517 5‘27

1468 444 1524 497 ε.
1572 435 1858 494 Anausis
1897 384 2186 486 armaris
2224 418 2718 482 FLORIACENSIS

3641 402 3748 457 528

473 575 539 632 Ει
567 595 579 630 ε
1138 588 1143 595 .
2080 555 2127 611 Α
2156 547 2351 611 guatur
2379 534 2564 606 pulsus
2588 533 2644 589 in
2668 532 2941 586 labrorum
2973 525 3287 598 agitatione,
3319 537 3350 577 a
3420 530 3618 578 sonum
3644 530 3662 574 t
3693 529 3751 575 et

2323 628 2333 632 -
2701 620 2783 632 ..ηε
2915 617 2948 632 ,ι
3095 616 3118 632 ιο
3161 615 3195 632 ,9
3238 622 3251 632 .
3333 612 3448 632 Al“...
3495 608 3666 632 ---πει
3725 624 3749 632 -

601 662 785 715 luculto
810 658 1018 712 Getulus
1040 666 1225 719 equus.

475 764 948 839 Diﬁidit,discidit,
972 762 1017 817 si
1048 776 1076 815 a
1105 759 1249 828 ﬁndo
1276 754 1360 811 vel
1385 753 1565 809 scindo
1589 748 1880 820 composita
1914 752 2057 811 sunt,

474 859 824 930 peuultimam
856 855 1175 927 corripiunt.
1207 847 1499 906 Horatius:

600 967 780 1018 Dimdit
814 966 1008 1015 urbium

599 1014 775 1081 iam
795 1014 867 1078 vir
891 1024 1123 1085 Macedo,
1146 1028 1200 1073 et
1223 1020 1414 1071 subruit
1438 1014 1658 1068 aemulos.

482 1138 581 1193 Est
607 1135 750 1192 enim
785 1132 984 1203 difﬁdit
1032 1129 1246 1185 urbium
1284 1123 1629 1182 cboriambus
1681 1134 1805 1173 cum
1860 1116 2066 1187 pyrrhi-

477 1228 635 1293 chio;
666 1225 859 1283 deinde
884 1223 1130 1292 sequitur
1155 1232 1346 1274 versus
1372 1209 1760 1283 asclcpiadeus.
1786 1206 1931 1263 Idem
1959 1203 2066 1260 Ho-

478 1322 649 1377 ratius
678 1317 958 1391 glyconico
992 1329 1149 1371 versu
1179 1330 1194 1367 :

605 1410 948 1475 Nequidquam
979 1407 1120 1460 Deus
1138 1403 1360 1456 abscidit.

550 1523 605 1577 8.
634 1520 747 1576 Nec
779 1533 876 1575 vos
902 1518 1035 1572 latet
1069 1512 1213 1585 quod
1260 1509 1445 1568 omnia
1493 1505 1768 1579 praeterita
1796 1500 2069 1574 participii

481 1611 784 1668 desinentia
810 1610 862 1663 in
889 1623 976 1662 sus
1001 1603 1351 1677 penultimam
1383 1598 1706 1671 producunt,
1744 1609 1809 1648 ac
1832 1608 1863 1647 a
1892 1589 2073 1646 verbis

481 1701 731 1759 secundae
750 1708 806 1755 et
838 1699 1008 1753 tertia:
1036 1692 1433 1765 conjugationis
1454 1689 1712 1752 veniunt;
1744 1700 1812 1740 ex
1839 1698 2071 1754 quorum

481 1793 717 1851 secunda
752 1803 982 1861 persona
1014 1785 1292 1858 praesentis
1324 1781 1583 1852 temporis
1633 1778 1851 1849 agnosci
1874 1776 2076 1846 poterit

482 1882 727 1951 ejusdem
758 1878 1026 1950 participii
1056 1874 1349 1976 penulti'tlna
1377 1880 1567 1927 natura
1597 1885 1679 1976 nan
1710 1867 1975 1938 positione
2002 1866 2074 1921 sit
2100 1897 2149 1958 Β

483 1973 664 2043 longa,
710 1968 969 2040 quoniam
1016 1965 1119 2020 nisi
1156 1964 1208 2019 in
1240 1962 1384 2019 illius
1412 1958 1663 2017 secunda:
1690 1971 1935 2028 personae
1980 1970 2076 2026 pe-

484 2065 713 2122 nultima
744 2061 943 2133 positio
972 2060 1069 2125 sit,
1110 2057 1166 2112 in
1198 2054 1422 2127 praefato
1466 2051 1753 2123 participio
1800 2062 2074 2118 nunquam

486 2159 626 2222 erit;
660 2153 901 2224 exceptis
929 2152 1104 2214 sedeo,
1133 2147 1299 2217 fodio,
1329 2144 1528 2215 quatio,
1567 2144 1759 2213 patior,
1787 2149 1959 2210 pateo,
1983 2153 2074 2191 ca—

487 2263 597 2311 reo,
628 2259 810 2299 maneo
839 2250 896 2298 et
929 2242 1077 2305 cedo,
1109 2237 1252 2308 quod
1292 2246 1377 2291 est
1422 2234 1598 2290 locum
1624 2233 1711 2297 do,
1755 2238 1813 2288 et
1856 2246 1976 2303 quae
2009 2245 2078 2286 ex

488 2338 575 2393 bis
599 2341 1020 2406 componuntur.
1050 2331 1114 2385 Et
1140 2328 1408 2400 positione
1435 2324 1806 2405 producuntur
1842 2322 2078 2386 mordeo,

489 2446 716 2496 morsus,
742 2426 911 2493 ﬁndo,
947 2426 1102 2493 ﬁssus
1134 2439 1148 2488 ;
1178 2430 1373 2478 natura
1408 2435 1556 2483 vero,
1585 2417 1751 2483 caedo,
1791 2433 1976 2482 caesus,
2016 2416 2081 2484 ﬁ-

486 2523 579 2586 do,
603 2521 756 2593 ﬁsus,
778 2527 834 2575 et
849 2518 953 2574 alia
975 2515 1227 2585 plurima,
1247 2529 1366 2584 qua:
1388 2511 1595 2568 idcirco
1617 2509 1872 2582 proposui
1890 2518 1950 2564 ut
1974 2522 2081 2563 non

500 2611 676 2666 solum
703 2609 928 2680 scripto,
959 2606 1051 2662 sed
1079 2604 1240 2660 etiam
1278 2617 1410 2660 sono
1445 2600 1810 2672 distinguatis,
1832 2599 1989 2668 fisum
2028 2607 2086 2654 et

491 2690 700 2773 fissum,
733 2714 926 2755 ccesum
953 2707 1005 2753 et
1035 2712 1257 2761 cessum,
1276 2694 1458 2764 ferum
1483 2701 1537 2749 et
1564 2692 1784 2763 frtri-um,
1809 2706 1999 2762 pyrum
2029 2699 2084 2745 et

497 2789 790 2863 Pyrrhum,
821 2798 876 2844 et
909 2792 951 2844 si
985 2803 1090 2859 qua
1120 2795 1247 2843 sunt
1272 2784 1509 2849 similia;
1542 2784 1669 2854 quia
1706 2781 1899 2838 fortius
1927 2788 2087 2836 sonat

495 2882 674 2938 omnis
714 2894 1022 2938 consonans
1063 2877 1118 2932 in
1173 2875 1355 2934 medio
1403 2874 1561 2929 unius
1607 2872 1779 2944 partis
1829 2870 2085 2940 repetita,

495 2994 656 3049 quam
687 2992 813 3031 cum
842 2985 926 3030 est
954 2973 1087 3029 sola.
1118 2971 1159 3027 S
1208 2979 1389 3025 autem
1435 2983 1555 3039 quae
1604 2968 1661 3022 in
1711 2965 1889 3022 media
1934 2972 2089 3033 parte

497 3067 730 3139 simplici
761 3079 1038 3135 nunquam
1063 3060 1180 3119 {init
1202 3059 1463 3132 syllabam
1479 3066 1812 3114 consonante
1832 3062 2091 3125 sequente

498 3158 664 3229 (sicut
680 3170 779 3211 nee
793 3169 933 3211 enec
946 3171 999 3223 p,
1020 3151 1122 3207 nisi
1138 3167 1257 3207 cum
1276 3153 1404 3220 ipsae
1417 3165 1474 3204 se
1490 3148 1847 3220 praecedunt.)
1865 3154 1974 3201 tam
1992 3144 2089 3201 levi

500 3260 638 3301 sono
676 3244 880 3314 ubique
922 3241 1035 3298 sola
1080 3239 1405 3310 exprimitur
1435 3247 1492 3293 ut
1520 3238 1663 3307 apud
1690 3236 1910 3292 Graecos
1932 3276 1948 3303 ,
1995 3251 2092 3290 au-
2120 3243 2164 3304 ο

503 3349 656 3393 etore
677 3336 985 3399 Prisciano,
1025 3348 1121 3402 pro
1149 3347 1211 3386 ea
1249 3329 1509 3401 aspiratio
1539 3342 1925 3398 nonnunquam
1960 3326 2095 3382 scri-

503 3433 688 3497 batur,
718 3418 882 3500 ἧμὶισυ
914 3440 1013 3497 pro
1042 3424 1220 3488 semis,
1250 3422 1302 3488 ἓξ
1330 3436 1429 3492 pro
1460 3437 1571 3488 sex,
1603 3422 1737 3477 ἑπτὰ
1763 3435 1859 3489 pro
1884 3430 2093 3490 septem.

504 3524 651 3583 Inter
700 3520 835 3573 duas
883 3516 1049 3571 etiam
1091 3522 1272 3583 partes
1311 3527 1432 3567 cum
1459 3529 1483 3566 s
1527 3510 1804 3581 praecedit,
1848 3517 1908 3564 ut
1952 3507 2095 3563 Deus

507 3625 764 3672 summus,
796 3622 865 3662 ne
894 3605 1093 3661 nimius
1118 3602 1306 3657 sibilus
1330 3602 1422 3669 sit,
1460 3601 1608 3671 prior
1633 3618 1657 3655 s
1682 3615 1874 3655 sonum
1900 3600 2095 3671 perdit,

510 3700 632 3769 qtae
652 3707 708 3753 et
734 3712 801 3751 eo
823 3691 927 3750 ldci
950 3701 1214 3763 sequente
1236 3690 1409 3747 vocali
1432 3690 1701 3747 interdum
1728 3688 2098 3762 synalmpliam

509 3790 661 3846 facit.
688 3786 945 3857 Virgilius
971 3785 1025 3840 in
1060 3800 1137 3840 xu
1167 3800 1180 3835 :

638 3901 771 3953 later
794 3901 1049 3953 secoiisse
1074 3900 1219 3957 viros,
1246 3905 1299 3947 et
1316 3895 1597 3946 decernere
1625 3894 1776 3946 ferro.

515 4009 556 4063 Ε
582 4014 771 4064 contra
818 4004 911 4061 illa
958 4002 1159 4060 canina
1188 4000 1365 4058 littera
1396 4017 1422 4053 r
1450 4014 1668 4070 semper
1714 4012 1905 4069 aspere
1927 4006 2102 4061 sonat,

514 4099 621 4155 nisi
650 4113 773 4155 cum
799 4097 852 4153 in
882 4094 1061 4151 media
1087 4099 1241 4165 parte
1279 4090 1544 4147 orationis
1580 4098 1704 4162 post
1752 4087 1991 4144 vocalem
2022 4087 2106 4141 in-

514 4189 678 4245 choat
708 4184 991 4257 syllabam.

588 4282 643 4337 9.
678 4280 753 4335 De
787 4278 953 4333 mutis
973 4318 986 4340 ,
1018 4289 1139 4345 quae
1163 4272 1464 4345 quamlibet
1491 4271 1750 4343 syllabam
1781 4270 1865 4326 vel
1894 4276 2106 4341 partem

522 4371 783 4441 cujusque
819 4370 1015 4439 linguae
1059 4375 1285 4437 possunt
1336 4366 1651 4430 terminare,
1699 4364 1985 4420 dicendum
2028 4371 2113 4418 est

522 4464 578 4519 in
600 4475 884 4516 commune
906 4459 1048 4530 quod
1075 4456 1369 4525 satisjustc
1396 4465 1562 4526 agunt
1584 4455 1675 4525 qui
1710 4455 1840 4525 ipsis
1864 4455 2113 4510 eumdem

523 4564 719 4608 sonum
752 4550 808 4603 in
843 4548 952 4603 ﬁne
987 4546 1227 4619 partium
1268 4546 1551 4611 tribuunt,
1581 4561 1742 4616 quem
1769 4545 1895 4600 dum
1922 4554 2114 4601 semet-

528 4646 669 4715 ipsas
692 4640 1027 4712 praecedunt,
1058 4639 1250 4709 primae
1276 4638 1477 4694 habere
1508 4646 1758 4706 possunt,
1790 4646 1847 4690 ut
1878 4636 2113 4701 Obbaob,

523 4736 651 4798 Job,
676 4734 888 4803 occidit,
913 4736 1045 4798 haec,
1066 4732 1211 4797 illac,
1235 4732 1402 4795 addo,
1436 4732 1523 4794 ad,
1551 4729 1703 4794 illud,
1738 4744 1914 4799 agger,
1949 4728 2115 4799 Agag,

526 4844 725 4896 merop,
754 4826 959 4891 attinet,
990 4836 1157 4890 amat,
1187 4824 1354 4877 docet.
1383 4821 1487 4878 Sed
1515 4831 1532 4874 t
1564 4822 1618 4876 in
1655 4823 1849 4875 eadem
1890 4819 2114 4891 syllaba,

529 4920 871 4989 prazcedenle
906 4924 1261 4981 consonante,
1306 4922 1464 4969 sonat
1490 4926 1747 4984 expresse
1773 4919 1833 4965 ut
1869 4911 1989 4979 fest,
2020 4918 2115 4974 est,

533 5020 589 5066 ct
635 5023 990 5079 nonunquam
1038 5007 1158 5062 sine
1205 5012 1535 5060 consonante
1579 5017 1743 5057 causa
1772 5000 2117 5069 differentiae,

530 5102 769 5152 maxime
798 5100 926 5152 dum
957 5099 1202 5152 sequitur
1226 5097 1430 5152 vocalis
1456 5096 1511 5149 in
1550 5093 1719 5149 altera
1744 5103 1897 5152 parte
1920 5096 2122 5149 oratio-

2161 608 2367 684 dsatis
2413 640 2636 696 parvam
2683 617 3043 677 differentiam
3095 615 3275 678 faciat,
3322 612 3453 668 dum
3495 608 3671 665 resilit
3722 624 3754 663 a

2162 716 2415 773 dentibus
2441 711 2727 769 summitas
2764 708 2996 777 linguae;
3031 706 3219 775 sicque
3247 702 3308 757 ﬁt
3337 710 3397 756 ut
3441 700 3610 757 etiam
3658 714 3756 769 per

2162 824 2224 865 se
2260 806 2450 881 positae
2490 803 2721 860 inveniri
2771 800 3002 873 possint,
3046 793 3483 867 quandoquidem
3518 791 3755 847 dicimus

2163 898 2431 971 quingenti
2455 911 2552 968 pro
2574 892 2859 967 quincenti,
2874 900 2929 946 ct
2947 901 3093 945 actus
3115 902 3215 959 pro
3238 898 3414 957 agtus,
3440 891 3498 939 et
3527 883 3756 953 scriptus

2165 1006 2265 1064 pro
2288 989 2532 1056 scribtus,
2567 995 2623 1043 et
2655 985 2839 1041 attinet
2868 999 2967 1055 pro
3001 980 3221 1046 adtinet,
3263 985 3319 1033 et
3357 975 3413 1033 id
3440 988 3617 1048 genus
3639 972 3759 1045 pluo

2168 1085 2329 1140 rima.

2238 1176 2326 1233 10.
2356 1177 2583 1232 Constat
2618 1172 2787 1246 igitur
2826 1185 2893 1225 ex
2940 1168 3026 1225 bis
3064 1182 3183 1238 quae
3216 1165 3362 1221 dicta
3405 1172 3532 1221 sunt
3568 1180 3599 1218 c
3631 1169 3687 1218 et
3724 1177 3759 1233 g

2168 1268 2305 1340 pene
2323 1266 2603 1338 aequaliter
2627 1261 2991 1335 pronuntiari,
3014 1266 3270 1330 sequente
3293 1255 3533 1328 qualibet
3561 1251 3759 1308 vocali.

2171 1360 2279 1414 Sed
2305 1358 2479 1414 tribus
2508 1355 2806 1420 vocalibus,
2840 1353 2891 1408 id
2915 1360 2999 1408 est
3018 1369 3072 1416 a,
3099 1367 3149 1416 ο,
3180 1367 3236 1414 u,
3260 1363 3355 1404 eas
3382 1345 3759 1417 sequentibus,

2170 1448 2419 1504 omnibus
2452 1446 2625 1502 ferme
2650 1453 2836 1499 notum
2866 1452 2952 1498 est
2988 1440 3133 1512 quod
3173 1448 3373 1495 sonant
3397 1438 3453 1493 in
3485 1436 3759 1491 faucibus.

2171 1540 2304 1597 Cum
2341 1555 2468 1595 vero
2493 1556 2520 1593 c
2550 1538 2787 1593 litteram
2831 1542 3132 1605 sequuntur
3166 1533 3219 1587 in
3268 1531 3459 1588 eadem
3504 1528 3713 1601 syllaba
3737 1546 3766 1582 e

2173 1633 2322 1697 veli,
2348 1630 2614 1687 trifariam
2641 1621 3148 1700 solet’pronunliari
3166 1667 3180 1692 ,
3207 1633 3260 1682 et
3294 1640 3437 1680 nunc
3462 1624 3681 1695 quidem
3709 1631 3767 1676 ut

2175 1725 2288 1781 fere
2307 1725 2558 1779 videatur
2577 1737 2774 1779 sonare
2795 1740 2847 1794 g,
2874 1722 3106 1776 maxime
3131 1737 3154 1774 s
3184 1718 3546 1790 praecedente,
3562 1727 3622 1771 ut
3650 1731 3767 1769 sus-

2175 1818 2333 1885 cipio,
2392 1816 2626 1887 suscepi,
2672 1813 2937 1885 suscepit;
2972 1827 3114 1867 nunc
3143 1820 3321 1865 autem
3362 1825 3485 1864 cum
3532 1808 3766 1878 quodam

2389 1924 2452 1965 ac
2483 1909 2574 1964 sis
2599 1907 2672 1962 illi
2696 1907 2919 1969 lmreat,
2959 1913 3017 1958 ut
3044 1904 3222 1975 cujus,
3257 1902 3403 1972 coepit
3428 1917 3447 1955 :
3470 1900 3617 1972 quod
3654 1914 3771 1953 mae

2177 2001 2259 2072 gis
2285 2000 2422 2055 solet
2455 1998 2572 2054 ﬁeri
2600 1998 2691 2053 ubi
2715 2007 2733 2050 t
2761 1995 3037 2067 profertur
3064 2009 3199 2050 sono
3232 2010 3261 2046 ι
3287 1992 3340 2048 in
3367 1989 3639 2063 principio
3665 1988 3771 2061 syl-

2180 2091 2333 2157 labae,
2375 2098 2435 2145 ut
2481 2088 2690 2155 latitia,
2727 2087 2963 2158 justitia.
3003 2086 3244 2155 Denique
3277 2086 3367 2155 qui
3407 2085 3628 2138 tertiqu
3658 2098 3772 2136 mo-

2180 2182 2308 2239 dum
2357 2181 2565 2237 addunt
2622 2194 2756 2238 sono
2803 2194 2924 2251 quae
2968 2177 3054 2233 vel
3091 2177 3206 2247 qui,
3264 2176 3482 2231 easdem
3537 2170 3774 2244 syllabas

2181 2270 2522 2343 pronuntiari
2551 2270 2871 2334 decernunt,
2916 2277 2971 2322 et
2996 2266 3263 2337 susquipio
3296 2280 3394 2336 pro
3420 2264 3685 2333 suscipio,
3721 2271 3775 2317 et

2181 2363 2447 2432 sttsquepit
2500 2374 2600 2430 pro
2655 2359 2896 2429 suscepit,
2958 2366 3012 2413 et
3058 2356 3223 2428 quivis
3271 2370 3371 2427 pro
3414 2354 3581 2419 civis;
3631 2352 3774 2423 quod

2183 2466 2346 2524 quam
2392 2452 2643 2507 frivolum
2696 2459 2930 2515 constet,
2978 2449 3229 2504 omnibus
3273 2462 3402 2502 vera
3437 2443 3775 2516 sapientibus

2184 2545 2373 2615 liquet.
2403 2544 2512 2599 Cur
2542 2544 2685 2599 enim
2730 2543 3041 2613 scriptitarit
3074 2539 3253 2595 Latini
3292 2555 3503 2609 sequor,
3545 2536 3774 2606 sequeris

2184 2637 2269 2692 vcl
2290 2652 2526 2705 sequere,
2548 2636 2817 2706 sequitur;
2844 2644 2899 2690 et
2920 2649 3026 2688 non
3051 2648 3217 2698 secor,
3241 2632 3450 2697 seceris,
3472 2630 3561 2684 vel
3578 2644 3769 2689 secere,

2185 2731 2397 2794 secitur,
2437 2744 2559 2783 cum
2605 2729 2672 2782 ab
2705 2741 2771 2782 eo
2810 2727 2881 2782 sit
2918 2736 3123 2780 secutus
3151 2725 3177 2778 .’
3223 2734 3278 2780 et
3314 2726 3426 2794 qui,
3473 2722 3654 2792 cujus,
3694 2719 3776 2774 vel

2187 2835 2326 2890 quae,
2355 2818 2531 2888 cujus,
2565 2817 2785 2871 mutatis
2809 2815 3001 2886 primis
3032 2814 3227 2868 litteris
3254 2812 3574 2868 nominativi
3600 2820 3657 2866 et
3690 2826 3776 2881 ge-

2190 2909 2364 2972 nitivi,
2394 2909 2461 2974 si,
2498 2914 2556 2961 ut
2583 2906 2671 2961 isti
2697 2904 2966 2976 garriunt,
2990 2920 3046 2958 ce
3069 2913 3124 2958 et
3150 2903 3199 2957 ci
3227 2917 3421 2957 sonum
3452 2902 3659 2956 habent
3683 2915 3778 2969 qus

2191 3010 2244 3055 et
2274 3000 2399 3072 qui,
2441 3000 2675 3053 maxime
2708 3013 2831 3052 cum
2867 2997 3042 3052 eidem
3082 2996 3276 3050 litterte
3313 2993 3590 3049 simillima
3618 3010 3652 3064 g
3680 2993 3781 3046 dis-

2194 3095 2470 3163 tinguatur
2526 3089 2792 3144 vocalium
2855 3087 3199 3142 mutatione?
3263 3085 3543 3156 Siquidem
3600 3085 3779 3148 uinco,

2195 3183 2353 3247 vinci,
2380 3182 2548 3247 vince,
2578 3181 2807 3246 vincam,
2846 3186 3053 3234 mutato
3087 3194 3212 3234 cum
3236 3178 3515 3233 vocalibus
3544 3192 3683 3233 sono
3709 3178 3784 3230 di-

2197 3271 2389 3336 cimus,
2433 3271 2884 3341 quemadmodum
2936 3280 2991 3324 et
3047 3269 3184 3338 (ego,
3229 3268 3353 3338 legi,
3404 3268 3540 3339 lege,
3596 3268 3785 3338 legant.

2197 3361 2350 3428 Quod
2375 3364 2417 3415 si
2446 3371 2565 3431 post
2596 3378 2627 3432 g
2659 3362 2797 3417 idem
2830 3361 2950 3431 quis
2996 3360 3209 3426 fecerit,
3260 3360 3618 3431 proponimus
3647 3360 3785 3414 unde

2199 3453 2270 3507 sit
2308 3453 2579 3521 imperitia
2624 3451 2908 3517 nutabilis;
2938 3461 2991 3504 et
3018 3452 3239 3506 stultum
3273 3459 3355 3505 est
3389 3451 3574 3505 dicere
3603 3451 3791 3519 pingue

2200 3557 2297 3612 pro
2320 3542 2493 3611 pinge,
2528 3551 2581 3596 et
2612 3541 2789 3612 tingue
2815 3555 2912 3610 pro
2934 3540 3092 3611 (inge,
3125 3550 3180 3595 et
3213 3547 3270 3594 ut
3300 3539 3494 3595 Servio
3530 3538 3713 3608 placet
3738 3539 3791 3590 in

2202 3648 2258 3690 ix
2287 3632 2567 3698 Eueidos,
2599 3649 2768 3703 ungue
2802 3649 2895 3703 pro
2929 3647 3082 3702 unge,
3117 3632 3261 3686 unde
3287 3640 3341 3686 et
3368 3640 3660 3701 ungentum
3681 3630 3793 3683 sine

2204 3739 2236 3775 u
2268 3722 2397 3778 dicit
2421 3737 2541 3778 esse
2565 3738 2686 3777 cum
2714 3737 2789 3792 g;
2819 3721 2960 3776 sicut
2987 3730 3042 3776 ct
3068 3737 3100 3792 q
3130 3730 3256 3775 tunc
3297 3727 3508 3774 tantum
3538 3719 3794 3790 pinguem

2204 3827 2395 3870 sonum
2419 3812 2635 3878 habeat,
2652 3811 2695 3865 si
2716 3812 2765 3866 ei
2788 3829 2814 3866 v
2836 3820 2960 3865 ante
2986 3811 3215 3866 alteram
3238 3809 3479 3866 vocalem
3497 3811 3791 3873 adhaereat,

2206 3918 2312 3973 qua
2343 3902 2563 3968 amissa,
2591 3918 2622 3972 g
2652 3901 2869 3971 quidem
2910 3911 3213 3973 permanet,
3252 3901 3345 3956 sed
3373 3918 3405 3972 q
3448 3914 3675 3955 manere
3697 3914 3795 3953 non

2208 3993 2387 4059 valet;
2418 3993 2545 4063 quin
2576 3994 2629 4047 in
2660 4010 2685 4046 c
2719 3994 2933 4058 transit,
2976 3994 3161 4049 statim
3210 4002 3269 4047 ut
3316 4010 3350 4047 u
3396 4004 3526 4048 ante
3564 3993 3789 4048 alteram

2212 4084 2450 4139 vocalem
2481 4084 2795 4155 perdiderit,
2828 4094 2887 4138 ut
2911 4102 3119 4156 sequor,
3151 4095 3377 4143 secutus.

2284 4176 2369 4230 11.
2402 4176 2643 4245 Denique
2678 4175 2934 4245 quoniam
2966 4192 3155 4233 omnes
3186 4186 3573 4242 consonantes,
3596 4187 3653 4233 et
3674 4195 3800 4251 prm-

2214 4272 2370 4342 cipue
2400 4283 2582 4338 mutae,
2610 4270 2756 4325 velut
2790 4272 3037 4325 exanime
3066 4287 3263 4342 corpus
3283 4270 3488 4339 jacent,
3524 4287 3800 4343 quousque

2215 4364 2333 4419 illas
2361 4363 2583 4436 singultu
2615 4363 2880 4419 vocalium
2922 4380 3023 4434 pro
3064 4381 3162 4421 suo
3192 4375 3324 4419 nutu
3350 4368 3645 4422 animando
3698 4382 3801 4421 mo-

2215 4464 2362 4522 vent,
2399 4466 2605 4510 certum
2634 4465 2719 4511 est
2750 4457 2891 4526 quod
2921 4473 3305 4528 nonnunquam
3348 4458 3580 4513 Romani
3612 4476 3804 4530 super-

2217 4549 2352 4604 ﬂuas
2391 4548 2601 4603 litteras
2615 4548 2879 4616 judicent,
2906 4565 3027 4619 qua:
3067 4552 3168 4606 hoc
3214 4560 3358 4607 motu
3390 4560 3605 4618 Carent,
3652 4560 3711 4605 ut
3749 4549 3799 4613 Ιι,

2218 4643 2269 4708 It,
2298 4660 2351 4713 q.
2388 4642 2493 4697 Sed
2531 4641 2562 4695 It
2596 4652 2649 4698 et
2696 4660 2728 4714 q
2777 4644 2947 4714 ﬁgura
2983 4652 3037 4698 et
3070 4644 3291 4699 nomine
3334 4660 3363 4698 a
3402 4662 3429 4698 c
3471 4646 3801 4715 disarepant,

2220 4752 2344 4791 cum
2373 4749 2508 4791 sono
2534 4736 2684 4790 vocis
2721 4752 2819 4805 per
2854 4755 2885 4790 a
2916 4744 2971 4791 et
3004 4752 3038 4789 u
3080 4737 3436 4801 conveniant;
3468 4738 3501 4789 Ir
3533 4752 3668 4790 vero
3695 4746 3806 4790 tan-

2223 4834 2335 4880 tum
2361 4834 2537 4880 metro
2564 4825 2731 4890 utilis,
2758 4839 2974 4895 semper
2994 4827 3198 4897 absque
3240 4826 3347 4880 ullo
3370 4842 3506 4881 sono
3534 4825 3806 4881 vocalibus

2220 4916 2607 4987 praeponimus,
2636 4915 2722 4970 ubi
2753 4917 3070 4973 ascribeuda
3110 4917 3359 4984 videtur;
3398 4927 3454 4973 et
3500 4932 3807 4972 consonan-

2224 5005 2388 5068 tibus,
2414 5004 2611 5074 quibus
2634 5008 2949 5075 apponenda
2979 5016 3083 5072 est,
3114 5009 3478 5077 postponitur,
3513 5015 3572 5061 ut
3606 5007 3676 5061 ab
3725 5007 3806 5060 in-

2225 5094 2426 5150 teriore
2452 5095 2643 5152 snit-itu
2677 5096 2924 5152 Dinauior
2941 5098 3338 5152 proficiscatur.
3368 5100 3469 5152 Est
3494 5110 3676 5152 autem
3706 5113 3806 5151 una
