3944 5414
243 341 342 400 529

1316 351 1777 422 ρυιεδτιοκεε
1814 358 2424 423 GRAMMATICALES.

3416 374 3522 432 550

245 458 640 530 proprietatem
671 460 953 534 utriusque
977 461 1188 535 lingua,
1223 479 1278 521 ut
1303 470 1489 545 Κύρος,
1514 470 1709 543 Cyrus,
1736 494 1839 530 κοι-
1868 474 1914 535 Α
1944 474 2119 530 labam
2171 492 2391 534 servare
2421 480 2499 535 vel
2542 482 2802 552 perdere;
2852 500 2951 542 nos
2984 494 3162 543 tamen
3189 487 3316 559 quid
3347 494 3517 563 magis

243 557 346 619 μὶν,
373 569 546 617 cana,
574 562 762 632 κῆρας,
788 558 933 612 unde
956 558 1307 626 primicerius.
1332 560 1441 617 Nec
1468 563 1688 629 mirum,
1713 578 1837 619 cum

245 650 485 697 mutetur
530 646 662 708 Θεὸς
704 654 761 700 et
788 646 1002 701 dicatur
1034 646 1195 703 Deus.
1238 648 1503 706 Similiter
1537 655 1834 729 πορφύρως,

243 746 563 801 μινριινεαε.
598 732 832 800 Quando
859 749 987 791 vero
1008 736 1068 790 cli
1100 753 1198 807 pro
1230 761 1292 810 χ,
1323 740 1464 795 sicut
1490 750 1544 797 et
1564 748 1629 812 p/t
1657 758 1755 813 pro
1780 756 1835 810 ο,

244 832 297 879 et
326 824 381 876 th
414 838 515 893 pro
552 826 581 878 ο
621 824 677 880 in
712 826 981 897 aliquibus
1010 828 1336 886 dictionibus
1370 832 1612 888 scribunt
1643 837 1835 903 nostri,

246 923 458 968 certum
482 923 568 969 est
602 917 749 986 quod
789 916 893 973 ille
923 918 1189 976 dictiones
1215 920 1419 976 Latinze
1454 938 1563 979 non
1592 924 1735 989 sint,
1783 931 1838 979 et

246 1003 453 1059 idcirco
483 1004 606 1060 illas
631 1006 965 1078 proferimus
992 1009 1306 1067 Grmcarum
1338 1012 1637 1069 litterarum
1666 1017 1832 1081 sonis,

246 1095 370 1152 licet
392 1096 615 1166 quidam
648 1098 946 1168 ﬁgurarum
968 1101 1321 1158 similitudine
1351 1103 1562 1175 decepti
1590 1120 1836 1175 pronun-

245 1188 382 1243 tient
422 1204 452 1242 κ
476 1202 579 1258 pro
603 1210 667 1261 χ,
701 1200 758 1245 et
795 1190 977 1247 dicant
998 1209 1127 1249 arxe
1160 1209 1259 1264 pro
1293 1211 1359 1251 eo
1389 1196 1530 1267 quod
1558 1206 1640 1253 est
1667 1195 1835 1270 ἆρχη,

242 1286 298 1333 et
326 1295 561 1335 nionem
585 1296 685 1351 pro
706 1287 975 1358 μαχαίρα.
998 1285 1337 1357 Quapropter
1356 1302 1477 1342 cum
1502 1287 1687 1344 Graece
1705 1289 1838 1344 scri-

242 1369 392 1424 bitur
413 1370 643 1448 Χηρηας,
674 1373 749 1429 ita
783 1373 1058 1446 profertur
1099 1392 1162 1433 ac
1194 1377 1239 1432 si
1272 1378 1603 1434 scriberetur
1638 1377 1836 1435 Kereas

242 1471 297 1516 et
323 1468 583 1538 παροιχία
634 1469 793 1537 quasi
829 1469 1120 1539 parrizcliia
1145 1487 1165 1536 ;
1222 1486 1383 1541 quem
1419 1480 1598 1529 tamen
1642 1488 1835 1530 sonum

242 1566 418 1615 mutat
442 1559 637 1632 sigma,
661 1562 705 1617 si
734 1575 832 1635 pro
858 1560 947 1619 illa
970 1563 1039 1620 sit
1065 1586 1108 1639 χ
1133 1566 1308 1637 posita
1331 1578 1387 1624 ut
1416 1586 1645 1642 σχημας
1671 1585 1834 1642 quam

242 1653 353 1709 vim
381 1660 438 1709 et
461 1655 607 1727 apud
644 1655 870 1714 Latinos
902 1668 1084 1715 servat
1111 1677 1157 1727 s,
1199 1659 1339 1733 apud
1379 1677 1513 1732 quos
1545 1663 1586 1717 ti
1623 1679 1837 1735 semper

238 1747 560 1804 enuntiatur
586 1765 723 1806 sono
746 1753 812 1819 ci,
843 1751 955 1824 (50)
973 1753 1018 1809 si
1046 1763 1173 1823 post
1193 1753 1339 1808 illam
1357 1754 1419 1810 in.
1436 1754 1604 1811 altera
1630 1740 1832 1829 syllaba

1941 564 1993 618 in
2028 582 2125 622 usu
2156 568 2227 623 sit
2250 569 2508 627 debemus
2538 574 2865 645 perspicere.
2897 575 3150 633 Horatius
3177 596 3192 633 :

2064 702 2349 762 Spectstum
2373 705 2478 767 (32)
2501 710 2693 759 meritis
2711 710 2864 761 uirsm
2882 714 2966 775 qui
2991 714 3208 765 contudit
3229 714 3447 777 hydram.

2011 828 2094 882 Η.
2128 828 2263 895 Quia
2306 830 2375 885 de
2402 832 2584 888 verbis
2627 838 2961 906 requisistis,
3010 854 3129 908 qua:
3166 849 3290 895 sunt
3320 840 3514 910 fulgeo,

1940 919 2159 982 mulreo,
2197 920 2386 987 ferreo,
2434 924 2632 978 strideo
2654 966 2668 989 ,
2700 927 2833 993 oleo,
2862 937 3031 993 tueor,
3070 931 3308 995 conireo,
3344 931 3516 997 sedeo,

1936 1010 2163 1077 pendeo,
2193 1010 2299 1065 cieo
2319 1052 2332 1075 ,
2377 1014 2622 1081 frendeo,
2652 1017 2833 1088 degeo,
2862 1020 3114 1086 excelleo,
3148 1034 3318 1093 tergeo
3336 1065 3349 1089 ,
3396 1039 3518 1080 cum

1938 1102 2079 1171 apud
2092 1112 2280 1172 poetas
2292 1108 2543 1162 secunda:
2560 1116 2614 1163 et
2629 1109 2805 1166 tertiae
2832 1111 3225 1185 coniugationis
3249 1115 3517 1187 legantur,

1937 1207 2098 1261 quam
2150 1210 2337 1251 earum
2379 1196 2819 1269 coniugationum
2851 1204 2903 1257 in
2938 1219 3097 1274 prosa
3135 1207 3307 1278 magis
3334 1216 3521 1263 tenere

1937 1286 2257 1354 conveniat;
2292 1302 2391 1345 vos
2426 1290 2569 1344 scire
2616 1291 2739 1347 volo
2788 1293 2916 1362 quia
2956 1307 3086 1361 vni,
3136 1297 3286 1365 prius
3328 1312 3522 1367 propo-

1936 1377 2039 1433 sita
2081 1376 2478 1451 coniugationis
2512 1382 2763 1438 secunda:
2792 1383 3033 1455 regulam
3056 1396 3277 1441 servant
3301 1388 3351 1442 in
3386 1404 3523 1459 prae-

1937 1468 2101 1537 senti,
2140 1470 2345 1541 reliqua
2377 1471 2569 1528 deinde
2597 1471 2995 1546 coniugationis
3037 1478 3246 1543 tertiae,
3279 1481 3525 1549 exceptis

1937 1562 2046 1616 cieo
2092 1570 2147 1618 et
2183 1562 2412 1632 pendeo,
2446 1578 2677 1637 quorum
2723 1566 2995 1637 primum,
3028 1569 3112 1623 vel
3162 1570 3389 1641 simplex
3439 1573 3525 1626 vel

1936 1653 2327 1724 compositum,
2360 1671 2503 1711 nunc
2531 1664 2614 1713 est
2645 1657 3044 1728 coniugationis
3076 1661 3348 1727 secundae,
3382 1678 3526 1717 nunc

1936 1750 2174 1812 quartae,
2202 1744 2346 1814 quod
2377 1746 2674 1804 ostendunt
2714 1748 2913 1818 passivi
2959 1750 3235 1819 praeterita
3254 1792 3267 1815 ,
3298 1767 3524 1822 quorum

238 1850 503 1913 sequatur
531 1843 761 1912 vocalis,
805 1846 909 1902 nisi
954 1846 1068 1917 ipsa
1094 1864 1122 1902 s
1158 1848 1516 1919 prmcesserit,
1561 1858 1625 1904 ut
1658 1848 1833 1916 lectio,
1866 1849 1909 1909 Β
1938 1832 2232 1902 Fenumma
2280 1843 2363 1891 εει
2390 1845 2641 1907 00"er
2684 1838 2770 1894 νει
2800 1839 3087 1910 Ρτοάυοιθο
3139 1838 3349 1898 Pendeo
3399 1858 3529 1899 "em

236 1934 487 2002 questio,
528 1936 762 2003 testium,
789 1936 1108 2008 legentium;
1153 1953 1316 2009 quam
1342 1938 1506 1994 etiam
1533 1955 1558 1994 s
1587 1938 1829 2009 duplica-

237 2024 370 2080 bant
404 2029 617 2100 antiqui
647 2046 749 2101 pro
785 2030 964 2087 littera
996 2049 1046 2098 κ,
1076 2048 1198 2103 qua:
1229 2034 1537 2104 ubicunque
1567 2034 1621 2089 in
1659 2046 1833 2092 extre-

236 2128 323 2169 ma
352 2116 567 2187 syllaba
592 2118 845 2177 dictionis
864 2122 1098 2192 ponitur,
1126 2123 1243 2193 eius
1271 2123 1567 2194 penultima
1591 2125 1646 2180 in
1673 2142 1832 2197 prosa

233 2206 574 2276 producitur,
607 2224 732 2265 cum
758 2210 810 2266 in
833 2219 1007 2267 metro
1044 2213 1349 2268 communis
1373 2212 1661 2271 habeatur.

311 2298 401 2353 12.
450 2299 531 2357 De
577 2301 766 2357 littera
806 2321 840 2374 g
883 2305 1078 2360 scitote
1110 2304 1237 2376 quia
1277 2306 1323 2360 si
1364 2321 1471 2362 non
1495 2318 1751 2379 sequatur
1774 2328 1830 2378 u,

233 2402 463 2461 pmpter
486 2395 884 2468 diphthongum
907 2415 1012 2454 non
1060 2398 1442 2471 impingnatur,
1488 2409 1548 2454 ut
1593 2401 1830 2473 lagoena,

233 2485 518 2554 tragmdio.
554 2486 663 2542 Sed
690 2490 1046 2561 aspirationes
1062 2494 1197 2551 bene
1216 2512 1333 2563 vos,
1352 2497 1533 2569 Angli,
1553 2499 1833 2570 pervidere

232 2577 511 2643 potestis;
553 2579 758 2636 habent
795 2597 987 2639 sonum
1021 2598 1218 2643 vestrm
1252 2588 1473 2657 litterae,
1509 2601 1565 2647 et
1608 2594 1699 2662 qui
1737 2608 1834 2664 pro

232 2668 259 2719 θ
285 2663 634 2737 frequentius
662 2672 690 2725 b
718 2674 976 2742 scribitis,
1012 2677 1153 2733 sicut
1173 2694 1275 2750 pro
1316 2682 1643 2754 digamniate
1677 2663 1834 2741 eiler-

233 2758 306 2813 tis
325 2758 366 2813 ι.
416 2761 562 2818 Ante
608 2777 999 2824 consonantem
1048 2787 1265 2843 quoque
1311 2772 1365 2829 iu
1412 2776 1598 2832 eadem
1629 2776 1835 2848 syllaba

231 2866 331 2918 pnr
358 2862 487 2917 sest,
518 2868 616 2923 pro
643 2872 765 2925 pars
792 2868 891 2925 est,
920 2870 974 2914 et
1000 2861 1092 2931 feli
1120 2879 1209 2919 xes
1239 2881 1338 2935 pro
1378 2865 1507 2929 felix
1533 2883 1608 2922 es.
1637 2866 1826 2938 Pupu-

231 2943 307 3011 git
343 2953 399 2997 et
427 2946 629 2999 tutudit
658 2949 708 3001 in
751 2949 1065 3019 penultimis
1097 2956 1296 3025 corripi
1342 2973 1447 3012 non
1482 2957 1761 3028 ignoretis.
1787 2960 1833 3014 Α

230 3035 626 3099 tundo,tunsus
641 3038 693 3093 in
709 3043 1101 3111 compositione
1126 3047 1299 3117 perdit
1315 3064 1369 3112 n,
1392 3048 1605 3104 obtusus
1625 3057 1833 3104 etretu-

228 3141 354 3189 sus,
382 3126 528 3182 sicut
552 3138 607 3184 et
634 3133 927 3200 nanciscor,
956 3148 1142 3193 nactus
1167 3156 1181 3193 :
1205 3139 1403 3196 dissero
1446 3156 1662 3214 quoque
1708 3158 1832 3217 per-

230 3214 366 3270 dits
394 3218 451 3272 in
486 3222 789 3289 praeterito,
812 3224 1058 3281 disertus.
1092 3227 1387 3288 Horatius:

361 3306 587 3360 Fecundi
620 3312 800 3367 calices
821 3329 971 3379 quem
996 3330 1091 3369 non
1120 3318 1288 3372 facere
1311 3323 1574 3387 disertum,

229 3388 391 3457 Quod
424 3408 456 3446 a
492 3394 619 3447 cedo
646 3394 719 3450 ita
756 3398 1027 3457 scribatur
1064 3408 1420 3475 praeteritum,
1464 3410 1735 3479 quomodo
1778 3422 1834 3469 et

228 3496 260 3535 a
291 3483 455 3550 cado,
487 3484 739 3544 videlicet
777 3491 971 3558 cecidi,
1013 3504 1204 3551 auctor
1238 3508 1323 3553 est
1354 3498 1696 3569 Priscianus,
1738 3505 1828 3574 qui

225 3572 393 3631 docet
421 3577 575 3653 quod
607 3581 786 3636 omnia
810 3583 974 3640 verba
1006 3602 1125 3655 quae
1150 3599 1403 3646 crescunt
1433 3591 1487 3647 in
1516 3572 1826 3663 praeteritis,

226 3680 453 3735 seraper
494 3678 744 3739 repetunt
781 3688 887 3731 non
930 3674 1104 3732 solum
1148 3680 1375 3747 primam
1416 3692 1825 3752 consonantem,

223 3756 321 3809 sei
347 3757 517 3811 etiam
556 3758 780 3827 primam
816 3763 1057 3819 vocalem
1088 3767 1276 3837 primae
1305 3767 1541 3840 syllabas.

301 3848 393 3903 i3.
422 3848 663 3907 Tandem
708 3851 995 3911 dicendum
1036 3867 1120 3913 est
1160 3860 1304 3929 quod
1330 3860 1552 3917 vitando
1583 3864 1824 3921 cavenda

222 3948 315 3994 est
360 3941 572 3999 collisio
606 3959 728 4015 qua:
780 3947 917 4004 solet
960 3949 1079 4006 ﬁeri
1124 3950 1209 4007 vel
1259 3956 1697 4022 pronuntiatione
1741 3958 1827 4012 vel

224 4032 443 4102 scripto
474 4044 619 4090 utve
665 4036 868 4108 (5i)...
909 4048 927 4095 ι
962 4056 1079 4105 rex,
1136 4057 1234 4113 pro
1260 4059 1326 4099 eo
1361 4046 1505 4115 quod
1559 4055 1644 4102 est
1690 4050 1826 4102 venit

222 4126 518 4192 pnesentis
547 4130 807 4199 temporis
852 4140 961 4186 tam
994 4132 1047 4186 in
1080 4134 1253 4203 prima
1302 4150 1464 4205 quam
1497 4137 1551 4192 in
1585 4140 1822 4194 secunda

223 4216 446 4285 syllaba
492 4220 776 4288 praeteriti,
806 4223 908 4278 nisi
960 4222 1049 4279 illa
1079 4226 1253 4295 prima
1297 4228 1503 4285 vocalis
1543 4232 1826 4299 praesentis

223 4307 497 4377 temporis
538 4311 690 4376 sita,
724 4320 780 4366 ut
828 4314 986 4368 tendo
1009 4354 1021 4378 ,
1078 4316 1309 4383 tetendi;
1358 4336 1546 4389 posco,
1580 4324 1825 4390 poposci,

221 4403 429 4463 tundo,
477 4401 728 4468 tutundi;
785 4405 1031 4475 exceptis
1096 4404 1267 4475 pello,
1314 4409 1522 4479 pepuli;
1571 4412 1822 4480 spondeo,

220 4489 524 4557 spopondi;
562 4506 689 4547 nam
722 4493 765 4547 si
797 4492 979 4550 littera
1022 4512 1054 4549 a
1094 4496 1165 4551 sit
1192 4496 1243 4550 in
1296 4502 1572 4567 praesenti,
1602 4517 1820 4574 semper

1858 3229 1905 3292 C

1937 1922 2164 1994 simplex
2205 1940 2233 1979 a
2264 1927 2649 1997 suspendenda,
2687 1938 2771 1985 est
2796 1930 3081 1997 secundm,
3134 1942 3239 1987 eta
3262 1933 3526 1998 solvendo,

1937 2015 2407 2087 tertiamquamvis
2423 2022 2781 2091 compositum
2806 2023 2858 2078 in
2880 2039 3041 2095 prosa
3068 2041 3342 2095 nunquam
3382 2028 3530 2083 dica-

1937 2112 2027 2157 tur
2065 2107 2338 2175 secundae,
2363 2108 2505 2164 sicut
2533 2125 2636 2167 nec
2662 2127 2691 2166 a
2724 2113 2879 2168 sedeo
2922 2115 3126 2180 tertizc,
3170 2116 3273 2173 nisi
3319 2126 3530 2174 tantum

1936 2196 2176 2251 ronsido.
2223 2197 2290 2253 Et
2324 2200 2620 2256 notandum
2668 2205 2814 2274 quod
2863 2204 3049 2273 sedeo,
3078 2205 3160 2261 vel
3195 2206 3423 2277 simplex
3448 2209 3531 2262 vel

1936 2288 2322 2356 compositum,
2359 2290 2457 2345 sub
2486 2291 2649 2347 tertia
2694 2292 3075 2366 coniugatione
3103 2295 3302 2367 gaudet
3332 2296 3529 2369 penul-

1938 2377 2068 2432 tima
2099 2377 2152 2432 in
2176 2395 2201 2433 s
2229 2380 2511 2437 desinente
2541 2383 2821 2453 producta,
2852 2395 2912 2441 ut
2944 2386 3083 2442 sido.

2008 2467 2096 2522 15.
2121 2467 2197 2524 De
2224 2470 2401 2541 prima
2431 2487 2647 2544 quoque
2677 2483 2733 2531 et
2777 2477 3016 2533 secunda
3049 2492 3283 2549 persona
3333 2477 3530 2551 plurali

1936 2558 2194 2627 praeteriti
2235 2559 2489 2630 perfecti,
2521 2572 2577 2618 et
2628 2562 2796 2619 futuri
2827 2564 3159 2635 coniunctivi
3200 2568 3364 2635 modi,
3396 2584 3531 2639 quas

1936 2650 1979 2706 si
2013 2650 2150 2706 bene
2182 2653 2406 2709 memini
2450 2655 2618 2711 semel
2673 2664 2878 2711 tantum
2908 2658 2962 2713 in
3002 2669 3214 2726 metro.
3261 2669 3317 2717 et
3345 2662 3447 2719 hoc
3477 2663 3529 2716 in

1938 2741 2163 2815 Virgilio
2188 2742 2314 2817 legi,
2341 2747 2480 2802 hanc
2516 2747 2758 2819 regulam
2793 2764 2917 2805 esse
2953 2750 3139 2807 sciatis
3166 2752 3331 2822 quod,
3357 2767 3522 2809 exce-

1936 2843 2029 2903 pto
2057 2844 2300 2905 tempore
2324 2840 2579 2909 praesenti
2606 2839 2885 2895 indicativi
2916 2842 3061 2897 modi
3107 2852 3314 2913 quarta:
3348 2842 3528 2911 coniu-

1936 2928 2202 2999 gationis,
2246 2931 2566 2987 etsecunda
2605 2948 2836 3004 persona
2875 2934 3069 3005 plurali
3101 2936 3362 3005 praeteriti
3388 2934 3530 3005 ejus-

1937 3022 2058 3076 dem
2108 3021 2279 3089 modi,
2318 3023 2370 3078 in
2401 3024 2548 3080 omni
2601 3025 2763 3081 modo
2810 3025 2897 3082 vel
2942 3026 3326 3098 coniugatione
3356 3027 3373 3081 i
3402 3037 3531 3082 ante

1938 3122 2241 3170 extremam
2273 3115 2514 3173 litteram
2546 3118 2601 3173 in
2637 3118 2873 3175 secunda
2904 3134 3138 3190 persona
3165 3120 3447 3191 singulari,
3476 3131 3530 3177 et

1937 3213 2061 3261 ante
2088 3207 2441 3264 novissimam
2478 3208 2741 3280 syllabam
2770 3210 2961 3280 prima:
2991 3210 3076 3265 vel
3121 3211 3374 3268 secundae
3402 3226 3533 3282 per-

1937 3312 2084 3354 sonae
2110 3297 2353 3368 pluralis,
2383 3299 2585 3372 ubique
2608 3301 2791 3358 brevis
2821 3303 2914 3369 sit,
2944 3302 3051 3358 nisi
3078 3311 3291 3358 tantum
3321 3304 3419 3367 sis,
3450 3305 3533 3357 si-

1934 3407 2068 3455 mus,
2099 3392 2251 3458 sitis,
2288 3390 2443 3455 uelis,
2489 3392 2706 3449 velimus
2728 3434 2743 3461 ,
2770 3393 2959 3449 velitis.
3004 3393 3118 3450 Nec
3151 3393 3370 3458 mirum,
3402 3408 3527 3451 cum

1932 3485 2115 3540 omnia
2144 3485 2308 3541 verba
2337 3486 2390 3540 in
2418 3485 2625 3542 eisdem
2658 3486 2796 3544 locis
2835 3506 2867 3542 a
2897 3487 2981 3543 vel
3023 3505 3051 3543 e
3083 3486 3340 3543 habentia
3369 3486 3530 3557 longa

1934 3578 2065 3643 sint,
2098 3588 2298 3647 praeter
2328 3594 2495 3635 unum
2527 3579 2694 3649 quod,
2725 3578 2840 3636 sive
2886 3578 3118 3650 simplex
3165 3579 3279 3635 sive
3307 3593 3531 3649 compo-

1934 3670 2096 3725 situm
2124 3670 2220 3738 sit,
2256 3671 2325 3726 da
2373 3680 2503 3727 ante
2538 3671 2895 3741 penultimam
2928 3672 3129 3743 ubique
3173 3672 3422 3741 corripit,
3468 3680 3529 3726 ut

1933 3762 2144 3828 damus,
2184 3764 2604 3829 circumdamur;
2637 3772 2695 3819 et
2719 3763 2863 3818 aliud
2891 3764 3035 3833 quod
3065 3773 3151 3819 est
3175 3781 3251 3829 es,
3277 3774 3330 3819 et
3361 3780 3426 3818 ex
3462 3780 3526 3818 eo

1933 3854 2257 3925 composita,
2304 3855 2358 3910 in
2392 3855 2629 3912 secunda
2659 3870 2897 3925 persona
2943 3857 3109 3911 breve
3144 3865 3247 3911 est.
3287 3856 3398 3912 Nos
3443 3863 3526 3911 ιε-

1933 3959 2057 3999 men
2106 3943 2348 4015 regulam
2386 3945 2456 4001 ob
2500 3945 2552 3999 id
2608 3944 2662 3999 in
2717 3942 2961 4016 praefatis
3015 3943 3352 4015 temporibus
3389 3958 3523 4000 con-

1924 4033 2152 4104 iunctivi
2182 4034 2653 4105 iloccipendimns,
2684 4036 2809 4105 quia
2857 4035 2910 4090 in
2941 4043 3114 4091 metro
3144 4034 3313 4091 semel
3338 4036 3526 4091 inven-

1932 4136 2042 4180 tam
2071 4125 2292 4182 Servius
2339 4140 2436 4195 per
2480 4126 2737 4197 systolam
2788 4126 2953 4181 tradit
2999 4124 3303 4195 legendam.
3350 4124 3522 4181 Meam

1930 4215 2164 4286 denique
2192 4216 2674 4285 reprehensionem
2714 4230 2819 4271 non
2848 4216 3015 4285 pudet
3040 4216 3196 4271 vobis
3222 4230 3519 4285 exponere,

1938 4306 2029 4375 qui
2073 4320 2197 4361 cum
2251 4304 2541 4375 aliquando
2572 4306 2797 4361 cuidam
2840 4304 3070 4360 fratrum
3102 4307 3347 4373 vestrati,
3395 4320 3521 4375 pro-

1929 4394 2122 4451 ferenti
2148 4409 2217 4449 ex
2245 4393 2399 4450 libris
2426 4393 2721 4450 moralibus
2740 4392 3196 4465 myrmicoleonta,
3229 4409 3511 4450 assensum

1928 4486 2308 4557 praebuissem,
2340 4500 2569 4542 sannam
2600 4500 2795 4556 passus
2823 4485 3038 4541 relicui.
3083 4483 3190 4541 Sed
3223 4493 3403 4539 tamen
3431 4484 3521 4539 ille

224 4578 407 4645 prima
453 4578 657 4651 syllaba
685 4584 946 4652 praeteriti
992 4585 1046 4640 in
1087 4602 1113 4638 c
1150 4587 1377 4654 desinit;
1421 4592 1655 4647 secunda
1692 4609 1822 4650 vero

1939 4578 1973 4632 si
2005 4576 2482 4633 animadvertisset
2507 4575 2561 4631 in
2586 4575 2776 4632 eodem
2801 4574 2940 4632 libro
2966 4574 3263 4645 genitivum
3295 4574 3516 4645 myrmi-

222 4669 395 4726 modo
446 4672 499 4727 in
536 4690 564 4728 e
609 4676 927 4744 productam
955 4718 973 4741 .
1031 4678 1192 4735 modo
1242 4680 1296 4734 in
1348 4682 1368 4735 i
1402 4693 1730 4754 correptam,
1764 4696 1823 4742 ut

221 4758 393 4828 fallo,
433 4761 636 4833 fefelli;
679 4783 868 4835 parco,
920 4772 1162 4839 peperci;
1220 4782 1398 4843 tango,
1431 4776 1614 4845 tetigi;
1665 4794 1821 4845 cano,

218 4852 410 4905 cecini.
445 4848 757 4911 Secundum
784 4857 1090 4928 analogiam
1135 4861 1261 4916 cedo
1307 4863 1481 4918 cecedi
1518 4863 1700 4921 facere
1731 4868 1823 4923 de-

218 4940 385 5007 buit,
435 4946 529 5000 sed
583 4945 847 5015 majorum
889 4952 1215 5008 auctoritate
1267 4964 1473 5010 tantum
1524 4960 1821 5027 penultima

218 5032 591 5105 diphthongus
622 5045 862 5093 mutatur
885 5041 940 5095 in
972 5040 1288 5109 productam
1308 5045 1344 5107 i,
1368 5056 1616 5103 manente
1643 5050 1823 5118 priore

218 5124 421 5193 syllaba
455 5138 735 5199 correpta,
779 5148 897 5202 qua:
945 5136 1276 5200 antecrevit,
1308 5138 1447 5192 sicut
1478 5139 1530 5193 in
1570 5142 1821 5199 omnibus

217 5217 477 5285 eiusmodi
510 5223 839 5291 praeteritis;
868 5226 938 5281 de
965 5225 1166 5294 quibus
1198 5228 1251 5283 in
1296 5245 1583 5286 commune
1619 5250 1818 5305 specu-

216 5306 431 5348 lantium
487 5321 569 5348 ac!
658 5315 795 5348 nilnil
839 5317 883 5348 οἶ
943 5328 1341 5348 ηηιηηΛι-ηηι..-
1391 5337 1486 5348 ..-Α
1543 5324 1780 5348 ..-l.._.-.

1930 4669 2201 4733 eoleontis,
2230 4683 2337 4723 non
2369 4677 2593 4738 negaret
2623 4681 2818 4723 nomen
2856 4667 3244 4738 appellativum
3272 4667 3519 4722 desinere

1930 4760 1982 4813 in
2010 4776 2096 4825 on,
2128 4757 2283 4827 cuius
2314 4758 2589 4829 genitivus
2614 4758 2781 4814 etiam
2813 4758 3079 4830 simplicis
3099 4774 3248 4814 more
3280 4756 3469 4815 Greece
3495 4767 3514 4811 t

1929 4850 2176 4915 assumit,
2201 4859 2261 4905 ut
2285 4849 2423 4915 leon,
2453 4848 2658 4904 leontis.

2004 4961 2091 5014 16.
2124 4960 2249 5015 Haec
2274 4962 2327 5015 in
2360 4978 2428 5015 on
2462 4962 2815 5018 terminantia
2844 4961 3053 5027 Graaea,
3078 4978 3199 5031 quae
3226 4957 3366 5030 ap'ud
3398 4957 3541 5012 illos.

1931 5048 2285 5117 penultimam
2333 5049 2558 5121 genitivi
2602 5052 2916 5118 producunt
2957 5058 3011 5103 et
3046 5050 3377 5118 corripiunt,
3422 5044 3520 5095 ali-

1929 5141 2144 5209 quando
2172 5155 2324 5196 more
2350 5140 2672 5196 Latinorum
2698 5142 2984 5199 nominum
3014 5139 3152 5205 apud
3181 5137 3345 5193 nosin
3375 5149 3404 5185 o
3427 5133 3524 5185 de-

1929 5233 2149 5297 sinunt;
2175 5242 2233 5286 et
2261 5242 2393 5288 tunc
2418 5230 2665 5285 eamdem
2701 5232 2948 5290 litteram
2992 5231 3279 5292 servando,
3310 5226 3362 5279 in
3393 5222 3543 5277 obli-.

2143 5324 2291 5348 -1“.--
2322 5324 2623 5348 --Αιιιιλιιοὶί
2648 5337 2661 5348 ο
2729 5334 2895 5348 -..σι-γη
2982 5320 3081 5348 hic:
3130 5321 3452 5348 οΛηιιΛΙΙΔΙΙΙΡ
3481 5320 3529 5348 οι
