  <div class='ocr_page' id='page_1' title='image "/cluster/home/n/w/nwhite01/storage/ocr_20150623/139/hvd.32044015471782/271.png"; bbox 0 0 3944 5414; ppageno 0'>
   <div class='ocr_carea' id='block_1_1' title="bbox 460 245 589 311">
    <p class='ocr_par' dir='ltr' id='par_1_1' title="bbox 460 245 589 311">
     <span class='ocr_line' id='line_1_1' title="bbox 460 245 589 311; baseline -0.016 -9"><span class='ocrx_word' id='word_1_1' title='bbox 460 245 589 311; x_wconf 12' lang='lat'><strong>33!,</strong></span> 
     </span>
    </p>
   </div>
   <div class='ocr_carea' id='block_1_2' title="bbox 1547 219 2694 293">
    <p class='ocr_par' dir='ltr' id='par_1_2' title="bbox 1547 219 2694 293">
     <span class='ocr_line' id='line_1_2' title="bbox 1547 219 2694 293; baseline -0.008 0"><span class='ocrx_word' id='word_1_2' title='bbox 1547 237 1840 293; x_wconf 79' lang='lat' dir='ltr'><strong>ABBONIS</strong></span> <span class='ocrx_word' id='word_1_3' title='bbox 1878 233 2168 289; x_wconf 68' lang='lat' dir='ltr'><strong>sanans</strong></span> <span class='ocrx_word' id='word_1_4' title='bbox 2203 219 2694 288; x_wconf 67' lang='lat' dir='ltr'><strong>FLORI‘ACENSIS</strong></span> 
     </span>
    </p>
   </div>
   <div class='ocr_carea' id='block_1_3' title="bbox 3584 221 3693 276">
    <p class='ocr_par' dir='ltr' id='par_1_3' title="bbox 3584 221 3693 276">
     <span class='ocr_line' id='line_1_3' title="bbox 3584 221 3693 276; baseline 0.018 -2"><span class='ocrx_word' id='word_1_5' title='bbox 3584 221 3693 276; x_wconf 75' lang='lat'><strong>533</strong></span> 
     </span>
    </p>
   </div>
   <div class='ocr_carea' id='block_1_4' title="bbox 448 336 3698 423">
    <p class='ocr_par' dir='ltr' id='par_1_4' title="bbox 448 336 3698 423">
     <span class='ocr_line' id='line_1_4' title="bbox 448 336 3698 423; baseline -0.01 -4"><span class='ocrx_word' id='word_1_6' title='bbox 448 363 652 423; x_wconf 78' lang='lat' dir='ltr'><strong>nirent,</strong></span> <span class='ocrx_word' id='word_1_7' title='bbox 678 356 943 413; x_wconf 87' lang='lat' dir='ltr'><strong>utSimou</strong></span> <span class='ocrx_word' id='word_1_8' title='bbox 967 363 1022 410; x_wconf 85' lang='lat' dir='ltr'><strong>et</strong></span> <span class='ocrx_word' id='word_1_9' title='bbox 1045 353 1218 419; x_wconf 87' lang='lat' dir='ltr'><strong>Simo,</strong></span> <span class='ocrx_word' id='word_1_10' title='bbox 1246 352 1417 409; x_wconf 83' lang='lat' dir='ltr'><strong>Sidon</strong></span> <span class='ocrx_word' id='word_1_11' title='bbox 1442 360 1496 406; x_wconf 83' lang='lat' dir='ltr'><strong>et</strong></span> <span class='ocrx_word' id='word_1_12' title='bbox 1526 348 1942 419; x_wconf 78' lang='lat' dir='ltr'><strong>Sido.Virgilius</strong></span> <span class='ocrx_word' id='word_1_13' title='bbox 1967 347 2019 401; x_wconf 89' lang='lat' dir='ltr'><strong>in</strong></span> <span class='ocrx_word' id='word_1_14' title='bbox 2049 354 2098 410; x_wconf 73' lang='grc' dir='ltr'>Α</span> <span class='ocrx_word' id='word_1_15' title='bbox 2196 347 2280 401; x_wconf 81' lang='grc'><strong>18.</strong></span> <span class='ocrx_word' id='word_1_16' title='bbox 2330 344 2478 400; x_wconf 87' lang='lat' dir='ltr'><strong>Solet</strong></span> <span class='ocrx_word' id='word_1_17' title='bbox 2529 343 2766 412; x_wconf 63' lang='lat' dir='ltr'><strong>quaestio.</strong></span> <span class='ocrx_word' id='word_1_18' title='bbox 2809 338 2923 397; x_wconf 84' lang='lat' dir='ltr'><strong>lleri</strong></span> <span class='ocrx_word' id='word_1_19' title='bbox 2971 342 3026 396; x_wconf 91' lang='lat' dir='ltr'><strong>in</strong></span> <span class='ocrx_word' id='word_1_20' title='bbox 3078 339 3225 395; x_wconf 89' lang='lat' dir='ltr'><strong>libro</strong></span> <span class='ocrx_word' id='word_1_21' title='bbox 3266 336 3698 393; x_wconf 66' lang='lat' dir='ltr'><strong>Machabazonun</strong></span> 
     </span>
    </p>
   </div>
   <div class='ocr_carea' id='block_1_5' title="bbox 487 464 669 502">
    <p class='ocr_par' dir='ltr' id='par_1_5' title="bbox 487 464 669 502">
     <span class='ocr_line' id='line_1_5' title="bbox 487 464 669 502; baseline 0 0"><span class='ocrx_word' id='word_1_22' title='bbox 487 464 623 502; x_wconf 81' lang='grc' dir='ltr'>ΙΊΙηο</span> <span class='ocrx_word' id='word_1_23' title='bbox 657 466 669 502; x_wconf 75' lang='grc' dir='ltr'><strong><em>Ξ</em></strong></span> 
     </span>
    </p>
   </div>
   <div class='ocr_carea' id='block_1_6' title="bbox 446 464 1726 610">
    <p class='ocr_par' dir='ltr' id='par_1_6' title="bbox 446 464 1726 610">
     <span class='ocr_line' id='line_1_6' title="bbox 487 464 669 502; baseline 0 0"><span class='ocrx_word' id='word_1_24' title='bbox 487 464 623 502; x_wconf 77' lang='lat' dir='ltr'><strong>rimo</strong></span> <span class='ocrx_word' id='word_1_25' title='bbox 657 466 669 502; x_wconf 92' lang='lat'><strong>:</strong></span> 
     </span>
     <span class='ocr_line' id='line_1_7' title="bbox 446 464 1726 610; baseline -0.006 -20"><span class='ocrx_word' id='word_1_26' title='bbox 446 464 479 517; x_wconf 61' lang='grc' dir='ltr'><strong><em>Ρ</em></strong></span> <span class='ocrx_word' id='word_1_27' title='bbox 571 539 815 589; x_wconf 75' lang='lat' dir='ltr'><strong>Sidoniam</strong></span> <span class='ocrx_word' id='word_1_28' title='bbox 835 549 957 598; x_wconf 87' lang='lat' dir='ltr'><strong>puer</strong></span> <span class='ocrx_word' id='word_1_29' title='bbox 978 537 1053 586; x_wconf 85' lang='lat' dir='ltr'><strong>ire</strong></span> <span class='ocrx_word' id='word_1_30' title='bbox 1069 539 1210 598; x_wconf 80' lang='lat' dir='ltr'><strong>parat</strong></span> <span class='ocrx_word' id='word_1_31' title='bbox 1229 544 1339 584; x_wconf 72' lang='lat' dir='ltr'><strong>mea</strong></span> <span class='ocrx_word' id='word_1_32' title='bbox 1359 534 1566 582; x_wconf 79' lang='lat' dir='ltr'><strong>maxima</strong></span> <span class='ocrx_word' id='word_1_33' title='bbox 1591 544 1726 610; x_wconf 71' lang='lat' dir='ltr'><strong>cura.</strong></span> 
     </span>
    </p>
   </div>
   <div class='ocr_carea' id='block_1_7' title="bbox 446 621 826 677">
    <p class='ocr_par' dir='ltr' id='par_1_7' title="bbox 446 621 826 677">
     <span class='ocr_line' id='line_1_8' title="bbox 446 621 826 677; baseline -0.011 -1"><span class='ocrx_word' id='word_1_34' title='bbox 446 622 596 677; x_wconf 84' lang='lat' dir='ltr'><strong>Idem</strong></span> <span class='ocrx_word' id='word_1_35' title='bbox 633 621 688 676; x_wconf 83' lang='lat' dir='ltr'><strong>in</strong></span> <span class='ocrx_word' id='word_1_36' title='bbox 719 636 775 674; x_wconf 79' lang='lat' dir='ltr'><strong>Ix</strong></span> <span class='ocrx_word' id='word_1_37' title='bbox 811 637 826 672; x_wconf 90' lang='lat'><strong>:</strong></span> 
     </span>
    </p>
   </div>
   <div class='ocr_carea' id='block_1_8' title="bbox 569 706 1692 771">
    <p class='ocr_par' dir='ltr' id='par_1_8' title="bbox 569 706 1692 771">
     <span class='ocr_line' id='line_1_9' title="bbox 569 706 1692 771; baseline -0.004 -9"><span class='ocrx_word' id='word_1_38' title='bbox 569 711 766 762; x_wconf 83' lang='lat' dir='ltr'><strong>Craters</strong></span> <span class='ocrx_word' id='word_1_39' title='bbox 791 710 1036 771; x_wconf 87' lang='lat' dir='ltr'><strong>antiquum</strong></span> <span class='ocrx_word' id='word_1_40' title='bbox 1061 708 1313 770; x_wconf 84' lang='lat' dir='ltr'><strong>quemdat</strong></span> <span class='ocrx_word' id='word_1_41' title='bbox 1330 707 1526 758; x_wconf 86' lang='lat' dir='ltr'><strong>Sidonia</strong></span> <span class='ocrx_word' id='word_1_42' title='bbox 1552 706 1692 758; x_wconf 83' lang='lat' dir='ltr'><strong>Dido.</strong></span> 
     </span>
    </p>
   </div>
   <div class='ocr_carea' id='block_1_9' title="bbox 447 786 2029 861">
    <p class='ocr_par' dir='ltr' id='par_1_9' title="bbox 447 786 2029 861">
     <span class='ocr_line' id='line_1_10' title="bbox 447 786 2029 861; baseline -0.005 -13"><span class='ocrx_word' id='word_1_43' title='bbox 447 793 667 848; x_wconf 80' lang='lat' dir='ltr'><strong>Cratera</strong></span> <span class='ocrx_word' id='word_1_44' title='bbox 685 834 700 857; x_wconf 88' lang='lat'><strong>,</strong></span> <span class='ocrx_word' id='word_1_45' title='bbox 727 803 925 847; x_wconf 83' lang='lat' dir='ltr'><strong>statera</strong></span> <span class='ocrx_word' id='word_1_46' title='bbox 951 831 965 855; x_wconf 92' lang='lat'><strong>,</strong></span> <span class='ocrx_word' id='word_1_47' title='bbox 1011 792 1266 861; x_wconf 74' lang='lat' dir='ltr'><strong>panthera</strong></span> <span class='ocrx_word' id='word_1_48' title='bbox 1290 831 1307 857; x_wconf 93' lang='lat'><strong>,</strong></span> <span class='ocrx_word' id='word_1_49' title='bbox 1335 807 1430 848; x_wconf 89' lang='lat' dir='ltr'><strong>seu</strong></span> <span class='ocrx_word' id='word_1_50' title='bbox 1460 791 1646 845; x_wconf 62' lang='lat' dir='ltr'><strong>Graece</strong></span> <span class='ocrx_word' id='word_1_51' title='bbox 1681 804 1786 861; x_wconf 83' lang='lat' dir='ltr'><strong>seu</strong></span> <span class='ocrx_word' id='word_1_52' title='bbox 1831 786 2029 842; x_wconf 84' lang='lat' dir='ltr'><strong>Latine</strong></span> 
     </span>
    </p>
   </div>
   <div class='ocr_carea' id='block_1_10' title="bbox 446 876 2021 952">
    <p class='ocr_par' dir='ltr' id='par_1_10' title="bbox 446 876 2021 952">
     <span class='ocr_line' id='line_1_11' title="bbox 446 876 2021 952; baseline -0.006 -12"><span class='ocrx_word' id='word_1_53' title='bbox 446 885 805 948; x_wconf 71' lang='lat' dir='ltr'><strong>declinentur,</strong></span> <span class='ocrx_word' id='word_1_54' title='bbox 841 882 1170 952; x_wconf 88' lang='lat' dir='ltr'><strong>penultimas</strong></span> <span class='ocrx_word' id='word_1_55' title='bbox 1213 882 1504 950; x_wconf 91' lang='lat' dir='ltr'><strong>productas</strong></span> <span class='ocrx_word' id='word_1_56' title='bbox 1547 879 1803 945; x_wconf 82' lang='lat' dir='ltr'><strong>invenio,</strong></span> <span class='ocrx_word' id='word_1_57' title='bbox 1855 876 2021 932; x_wconf 82' lang='lat' dir='ltr'><strong>veluti</strong></span> 
     </span>
    </p>
   </div>
   <div class='ocr_carea' id='block_1_11' title="bbox 445 968 2022 1044">
    <p class='ocr_par' dir='ltr' id='par_1_11' title="bbox 445 968 2022 1044">
     <span class='ocr_line' id='line_1_12' title="bbox 445 968 2022 1044; baseline -0.006 -14"><span class='ocrx_word' id='word_1_58' title='bbox 445 975 503 1030; x_wconf 77' lang='lat' dir='ltr'><strong>in</strong></span> <span class='ocrx_word' id='word_1_59' title='bbox 567 973 848 1044; x_wconf 81' lang='lat' dir='ltr'><strong>superiore</strong></span> <span class='ocrx_word' id='word_1_60' title='bbox 896 988 1057 1027; x_wconf 88' lang='lat' dir='ltr'><strong>versu</strong></span> <span class='ocrx_word' id='word_1_61' title='bbox 1117 971 1348 1042; x_wconf 77' lang='lat' dir='ltr'><strong>Virgilii.</strong></span> <span class='ocrx_word' id='word_1_62' title='bbox 1399 971 1753 1026; x_wconf 85' lang='lat' dir='ltr'><strong>Accusativus</strong></span> <span class='ocrx_word' id='word_1_63' title='bbox 1801 968 2022 1023; x_wconf 63' lang='lat' dir='ltr'><strong>Graecus</strong></span> 
     </span>
    </p>
   </div>
   <div class='ocr_carea' id='block_1_12' title="bbox 447 1062 2021 1133">
    <p class='ocr_par' dir='ltr' id='par_1_12' title="bbox 447 1062 2021 1133">
     <span class='ocr_line' id='line_1_13' title="bbox 447 1062 2021 1133; baseline -0.006 -13"><span class='ocrx_word' id='word_1_64' title='bbox 447 1066 621 1120; x_wconf 71' lang='lat' dir='ltr'><strong>tertia:</strong></span> <span class='ocrx_word' id='word_1_65' title='bbox 647 1063 1030 1119; x_wconf 89' lang='lat' dir='ltr'><strong>declinationis</strong></span> <span class='ocrx_word' id='word_1_66' title='bbox 1066 1063 1379 1133; x_wconf 78' lang='lat' dir='ltr'><strong>frequenter</strong></span> <span class='ocrx_word' id='word_1_67' title='bbox 1421 1062 1620 1118; x_wconf 82' lang='lat' dir='ltr'><strong>desinit</strong></span> <span class='ocrx_word' id='word_1_68' title='bbox 1652 1063 1706 1114; x_wconf 89' lang='lat' dir='ltr'><strong>in</strong></span> <span class='ocrx_word' id='word_1_69' title='bbox 1746 1077 1783 1113; x_wconf 77' lang='grc' dir='ltr'><em>α</em></span> <span class='ocrx_word' id='word_1_70' title='bbox 1809 1076 1828 1114; x_wconf 88' lang='lat'><strong><em>:</em></strong></span> <span class='ocrx_word' id='word_1_71' title='bbox 1872 1075 2021 1122; x_wconf 85' lang='lat' dir='ltr'><strong>aera,</strong></span> 
     </span>
    </p>
   </div>
   <div class='ocr_carea' id='block_1_13' title="bbox 447 1149 2022 1220">
    <p class='ocr_par' dir='ltr' id='par_1_13' title="bbox 447 1149 2022 1220">
     <span class='ocr_line' id='line_1_14' title="bbox 447 1149 2022 1220; baseline -0.006 -9"><span class='ocrx_word' id='word_1_72' title='bbox 447 1156 663 1212; x_wconf 83' lang='lat' dir='ltr'><strong>tethera.</strong></span> <span class='ocrx_word' id='word_1_73' title='bbox 701 1154 985 1220; x_wconf 84' lang='lat' dir='ltr'><strong>Similiter,</strong></span> <span class='ocrx_word' id='word_1_74' title='bbox 1025 1165 1247 1209; x_wconf 90' lang='lat' dir='ltr'><strong>auctore</strong></span> <span class='ocrx_word' id='word_1_75' title='bbox 1272 1153 1577 1218; x_wconf 88' lang='lat' dir='ltr'><strong>Prisciano,</strong></span> <span class='ocrx_word' id='word_1_76' title='bbox 1611 1151 1793 1206; x_wconf 85' lang='lat' dir='ltr'><strong>omnia</strong></span> <span class='ocrx_word' id='word_1_77' title='bbox 1836 1149 2022 1206; x_wconf 68' lang='lat' dir='ltr'><strong>Graeca</strong></span> 
     </span>
    </p>
   </div>
   <div class='ocr_carea' id='block_1_14' title="bbox 445 1242 2022 1317">
    <p class='ocr_par' dir='ltr' id='par_1_14' title="bbox 445 1242 2022 1317">
     <span class='ocr_line' id='line_1_15' title="bbox 445 1242 2022 1317; baseline -0.003 -16"><span class='ocrx_word' id='word_1_78' title='bbox 445 1247 502 1304; x_wconf 86' lang='lat' dir='ltr'><strong>in</strong></span> <span class='ocrx_word' id='word_1_79' title='bbox 528 1265 561 1300; x_wconf 89' lang='lat' dir='ltr'><strong>a</strong></span> <span class='ocrx_word' id='word_1_80' title='bbox 595 1247 896 1302; x_wconf 79' lang='lat' dir='ltr'><strong>desinentia</strong></span> <span class='ocrx_word' id='word_1_81' title='bbox 922 1288 937 1313; x_wconf 92' lang='lat'><strong>,</strong></span> <span class='ocrx_word' id='word_1_82' title='bbox 987 1257 1041 1302; x_wconf 91' lang='lat' dir='ltr'><strong>et</strong></span> <span class='ocrx_word' id='word_1_83' title='bbox 1071 1247 1405 1317; x_wconf 80' lang='lat' dir='ltr'><strong>diphthongo</strong></span> <span class='ocrx_word' id='word_1_84' title='bbox 1449 1246 1837 1310; x_wconf 79' lang='lat' dir='ltr'><strong>antecedente,</strong></span> <span class='ocrx_word' id='word_1_85' title='bbox 1856 1243 1900 1300; x_wconf 91' lang='lat' dir='ltr'><strong>si</strong></span> <span class='ocrx_word' id='word_1_86' title='bbox 1953 1242 2022 1297; x_wconf 88' lang='lat' dir='ltr'><strong>ad</strong></span> 
     </span>
    </p>
   </div>
   <div class='ocr_carea' id='block_1_15' title="bbox 444 1337 2023 1404">
    <p class='ocr_par' dir='ltr' id='par_1_15' title="bbox 444 1337 2023 1404">
     <span class='ocr_line' id='line_1_16' title="bbox 444 1337 2023 1404; baseline -0.002 -14"><span class='ocrx_word' id='word_1_87' title='bbox 444 1337 692 1392; x_wconf 83' lang='lat' dir='ltr'><strong>Latinam</strong></span> <span class='ocrx_word' id='word_1_88' title='bbox 737 1338 1153 1394; x_wconf 84' lang='lat' dir='ltr'><strong>declinationem</strong></span> <span class='ocrx_word' id='word_1_89' title='bbox 1197 1339 1569 1404; x_wconf 86' lang='lat' dir='ltr'><strong>intlectantur,</strong></span> <span class='ocrx_word' id='word_1_90' title='bbox 1608 1337 1830 1391; x_wconf 86' lang='lat' dir='ltr'><strong>mittunt</strong></span> <span class='ocrx_word' id='word_1_91' title='bbox 1872 1349 2023 1389; x_wconf 85' lang='lat' dir='ltr'><strong>eam-</strong></span> 
     </span>
    </p>
   </div>
   <div class='ocr_carea' id='block_1_16' title="bbox 445 1422 2026 1498">
    <p class='ocr_par' dir='ltr' id='par_1_16' title="bbox 445 1422 2026 1498">
     <span class='ocr_line' id='line_1_17' title="bbox 445 1422 2026 1498; baseline -0.003 -18"><span class='ocrx_word' id='word_1_92' title='bbox 445 1427 568 1480; x_wconf 79' lang='lat' dir='ltr'><strong>dem</strong></span> <span class='ocrx_word' id='word_1_93' title='bbox 612 1427 1004 1498; x_wconf 78' lang='lat' dir='ltr'><strong>diphthongum</strong></span> <span class='ocrx_word' id='word_1_94' title='bbox 1033 1437 1092 1482; x_wconf 84' lang='lat' dir='ltr'><strong>et</strong></span> <span class='ocrx_word' id='word_1_95' title='bbox 1113 1429 1166 1482; x_wconf 89' lang='lat' dir='ltr'><strong>in</strong></span> <span class='ocrx_word' id='word_1_96' title='bbox 1197 1428 1246 1482; x_wconf 86' lang='lat' dir='ltr'><strong>ei</strong></span> <span class='ocrx_word' id='word_1_97' title='bbox 1279 1428 1362 1484; x_wconf 88' lang='lat' dir='ltr'><strong>vel</strong></span> <span class='ocrx_word' id='word_1_98' title='bbox 1391 1428 1443 1482; x_wconf 92' lang='lat' dir='ltr'><strong>in</strong></span> <span class='ocrx_word' id='word_1_99' title='bbox 1483 1429 1500 1481; x_wconf 90' lang='lat' dir='ltr'><strong>i</strong></span> <span class='ocrx_word' id='word_1_100' title='bbox 1546 1428 1876 1497; x_wconf 82' lang='lat' dir='ltr'><strong>productas,</strong></span> <span class='ocrx_word' id='word_1_101' title='bbox 1902 1422 2026 1478; x_wconf 88' lang='lat' dir='ltr'><strong>Cal-</strong></span> 
     </span>
    </p>
   </div>
   <div class='ocr_carea' id='block_1_17' title="bbox 445 1513 2025 1585">
    <p class='ocr_par' dir='ltr' id='par_1_17' title="bbox 445 1513 2025 1585">
     <span class='ocr_line' id='line_1_18' title="bbox 445 1513 2025 1585; baseline -0.001 -18"><span class='ocrx_word' id='word_1_102' title='bbox 445 1515 656 1582; x_wconf 81' lang='lat' dir='ltr'><strong>tiopeia,</strong></span> <span class='ocrx_word' id='word_1_103' title='bbox 699 1513 1002 1585; x_wconf 84' lang='lat' dir='ltr'><strong>Calliopea;</strong></span> <span class='ocrx_word' id='word_1_104' title='bbox 1030 1518 1332 1579; x_wconf 69' lang='lat' dir='ltr'><strong>eamdeia,</strong></span> <span class='ocrx_word' id='word_1_105' title='bbox 1375 1517 1647 1570; x_wconf 76' lang='lat' dir='ltr'><strong>comtedia.</strong></span> <span class='ocrx_word' id='word_1_106' title='bbox 1685 1515 1801 1570; x_wconf 81' lang='lat' dir='ltr'><strong>Sed</strong></span> <span class='ocrx_word' id='word_1_107' title='bbox 1820 1529 1943 1568; x_wconf 82' lang='lat' dir='ltr'><strong>cum</strong></span> <span class='ocrx_word' id='word_1_108' title='bbox 1969 1513 2025 1567; x_wconf 86' lang='lat' dir='ltr'><strong>in</strong></span> 
     </span>
    </p>
   </div>
   <div class='ocr_carea' id='block_1_18' title="bbox 445 1605 2026 1678">
    <p class='ocr_par' dir='ltr' id='par_1_18' title="bbox 445 1605 2026 1678">
     <span class='ocr_line' id='line_1_19' title="bbox 445 1605 2026 1678; baseline 0.001 -20"><span class='ocrx_word' id='word_1_109' title='bbox 445 1614 621 1660; x_wconf 87' lang='lat' dir='ltr'><strong>metro</strong></span> <span class='ocrx_word' id='word_1_110' title='bbox 647 1606 664 1658; x_wconf 89' lang='lat' dir='ltr'><strong>i</strong></span> <span class='ocrx_word' id='word_1_111' title='bbox 693 1607 1016 1677; x_wconf 86' lang='lat' dir='ltr'><strong>corripiatur</strong></span> <span class='ocrx_word' id='word_1_112' title='bbox 1035 1649 1050 1674; x_wconf 94' lang='lat'><strong>,</strong></span> <span class='ocrx_word' id='word_1_113' title='bbox 1081 1607 1136 1662; x_wconf 90' lang='lat' dir='ltr'><strong>in</strong></span> <span class='ocrx_word' id='word_1_114' title='bbox 1165 1623 1324 1678; x_wconf 88' lang='lat' dir='ltr'><strong>prosa</strong></span> <span class='ocrx_word' id='word_1_115' title='bbox 1361 1616 1541 1662; x_wconf 85' lang='lat' dir='ltr'><strong>tamen</strong></span> <span class='ocrx_word' id='word_1_116' title='bbox 1567 1605 1870 1662; x_wconf 82' lang='lat' dir='ltr'><strong>naturalem</strong></span> <span class='ocrx_word' id='word_1_117' title='bbox 1911 1621 2026 1660; x_wconf 87' lang='lat' dir='ltr'><strong>ser-</strong></span> 
     </span>
    </p>
   </div>
   <div class='ocr_carea' id='block_1_19' title="bbox 2121 428 3700 506">
    <p class='ocr_par' dir='ltr' id='par_1_19' title="bbox 2121 428 3700 506">
     <span class='ocr_line' id='line_1_20' title="bbox 2121 428 3700 506; baseline -0.006 -17"><span class='ocrx_word' id='word_1_118' title='bbox 2121 452 2240 506; x_wconf 75' lang='lat' dir='ltr'><strong>quzs</strong></span> <span class='ocrx_word' id='word_1_119' title='bbox 2266 435 2600 492; x_wconf 88' lang='lat' dir='ltr'><strong>constructio</strong></span> <span class='ocrx_word' id='word_1_120' title='bbox 2627 435 2715 496; x_wconf 85' lang='lat' dir='ltr'><strong>sit,</strong></span> <span class='ocrx_word' id='word_1_121' title='bbox 2739 445 2787 487; x_wconf 88' lang='lat' dir='ltr'><strong>et</strong></span> <span class='ocrx_word' id='word_1_122' title='bbox 2810 432 3102 487; x_wconf 85' lang='lat' dir='ltr'><strong>meminerit</strong></span> <span class='ocrx_word' id='word_1_123' title='bbox 3134 429 3430 484; x_wconf 77' lang='lat' dir='ltr'><strong>testamenti</strong></span> <span class='ocrx_word' id='word_1_124' title='bbox 3454 428 3540 481; x_wconf 79' lang='lat' dir='ltr'><strong>sui</strong></span> <span class='ocrx_word' id='word_1_125' title='bbox 3561 428 3700 494; x_wconf 83' lang='lat' dir='ltr'><strong>quod</strong></span> 
     </span>
    </p>
   </div>
   <div class='ocr_carea' id='block_1_20' title="bbox 2122 519 3703 587">
    <p class='ocr_par' dir='ltr' id='par_1_20' title="bbox 2122 519 3703 587">
     <span class='ocr_line' id='line_1_21' title="bbox 2122 519 3703 587; baseline -0.006 -9"><span class='ocrx_word' id='word_1_126' title='bbox 2122 525 2325 580; x_wconf 86' lang='lat' dir='ltr'><strong>locutus</strong></span> <span class='ocrx_word' id='word_1_127' title='bbox 2371 535 2446 580; x_wconf 87' lang='lat' dir='ltr'><strong>est</strong></span> <span class='ocrx_word' id='word_1_128' title='bbox 2502 526 2570 578; x_wconf 91' lang='lat' dir='ltr'><strong>ad</strong></span> <span class='ocrx_word' id='word_1_129' title='bbox 2611 524 2901 587; x_wconf 80' lang='lat' dir='ltr'><strong>Abraham,</strong></span> <span class='ocrx_word' id='word_1_130' title='bbox 2934 522 3123 584; x_wconf 81' lang='lat' dir='ltr'><strong>Isaac,</strong></span> <span class='ocrx_word' id='word_1_131' title='bbox 3151 531 3198 576; x_wconf 88' lang='lat' dir='ltr'><strong>et</strong></span> <span class='ocrx_word' id='word_1_132' title='bbox 3241 519 3406 574; x_wconf 82' lang='lat' dir='ltr'><strong>Jacob</strong></span> <span class='ocrx_word' id='word_1_133' title='bbox 3430 534 3703 573; x_wconf 75' lang='lat' dir='ltr'><strong>servorum</strong></span> 
     </span>
    </p>
   </div>
   <div class='ocr_carea' id='block_1_21' title="bbox 2121 608 3708 684">
    <p class='ocr_par' dir='ltr' id='par_1_21' title="bbox 2121 608 3708 684">
     <span class='ocr_line' id='line_1_22' title="bbox 2121 608 3708 684; baseline -0.007 -14"><span class='ocrx_word' id='word_1_134' title='bbox 2121 632 2335 670; x_wconf 87' lang='lat' dir='ltr'><strong>suorum</strong></span> <span class='ocrx_word' id='word_1_135' title='bbox 2379 615 2651 684; x_wconf 78' lang='lat' dir='ltr'><strong>ﬁdelium;</strong></span> <span class='ocrx_word' id='word_1_136' title='bbox 2691 614 2846 684; x_wconf 88' lang='lat' dir='ltr'><strong>quasi</strong></span> <span class='ocrx_word' id='word_1_137' title='bbox 2879 614 3062 668; x_wconf 89' lang='lat' dir='ltr'><strong>dicere</strong></span> <span class='ocrx_word' id='word_1_138' title='bbox 3093 611 3403 674; x_wconf 88' lang='lat' dir='ltr'><strong>debuisset,</strong></span> <span class='ocrx_word' id='word_1_139' title='bbox 3433 609 3503 662; x_wconf 89' lang='lat' dir='ltr'><strong>ad</strong></span> <span class='ocrx_word' id='word_1_140' title='bbox 3531 608 3708 660; x_wconf 76' lang='lat' dir='ltr'><strong>Abra-</strong></span> 
     </span>
    </p>
   </div>
   <div class='ocr_carea' id='block_1_22' title="bbox 2121 700 3703 774">
    <p class='ocr_par' dir='ltr' id='par_1_22' title="bbox 2121 700 3703 774">
     <span class='ocr_line' id='line_1_23' title="bbox 2121 700 3703 774; baseline -0.006 -13"><span class='ocrx_word' id='word_1_141' title='bbox 2121 709 2241 761; x_wconf 81' lang='lat' dir='ltr'><strong>ham</strong></span> <span class='ocrx_word' id='word_1_142' title='bbox 2272 717 2318 762; x_wconf 89' lang='lat' dir='ltr'><strong>et</strong></span> <span class='ocrx_word' id='word_1_143' title='bbox 2361 719 2571 761; x_wconf 73' lang='lat' dir='ltr'><strong>caeteros</strong></span> <span class='ocrx_word' id='word_1_144' title='bbox 2597 724 2728 761; x_wconf 67' lang='lat' dir='ltr'><strong>suos.</strong></span> <span class='ocrx_word' id='word_1_145' title='bbox 2746 707 2924 774; x_wconf 74' lang='lat' dir='ltr'><strong>ﬁdeles</strong></span> <span class='ocrx_word' id='word_1_146' title='bbox 2953 721 3142 759; x_wconf 81' lang='lat' dir='ltr'><strong>serves.</strong></span> <span class='ocrx_word' id='word_1_147' title='bbox 3175 701 3281 756; x_wconf 85' lang='lat' dir='ltr'><strong>Sed</strong></span> <span class='ocrx_word' id='word_1_148' title='bbox 3303 701 3534 755; x_wconf 72' lang='lat' dir='ltr'><strong>dit-imus</strong></span> <span class='ocrx_word' id='word_1_149' title='bbox 3556 700 3703 768; x_wconf 89' lang='lat' dir='ltr'><strong>quod</strong></span> 
     </span>
    </p>
   </div>
   <div class='ocr_carea' id='block_1_23' title="bbox 2125 791 3714 868">
    <p class='ocr_par' dir='ltr' id='par_1_23' title="bbox 2125 791 3714 868">
     <span class='ocr_line' id='line_1_24' title="bbox 2125 791 3714 868; baseline -0.007 -16"><span class='ocrx_word' id='word_1_150' title='bbox 2125 814 2347 868; x_wconf 83' lang='lat' dir='ltr'><strong>zeugma</strong></span> <span class='ocrx_word' id='word_1_151' title='bbox 2385 807 2492 862; x_wconf 88' lang='lat' dir='ltr'><strong>est,</strong></span> <span class='ocrx_word' id='word_1_152' title='bbox 2527 806 2587 850; x_wconf 90' lang='lat' dir='ltr'><strong>ut</strong></span> <span class='ocrx_word' id='word_1_153' title='bbox 2623 798 2722 859; x_wconf 88' lang='lat' dir='ltr'><strong>sit,</strong></span> <span class='ocrx_word' id='word_1_154' title='bbox 2777 796 3069 850; x_wconf 83' lang='lat' dir='ltr'><strong>meminerit</strong></span> <span class='ocrx_word' id='word_1_155' title='bbox 3103 792 3400 848; x_wconf 56' lang='lat' dir='ltr'><strong>testamenti»</strong></span> <span class='ocrx_word' id='word_1_156' title='bbox 3440 791 3526 846; x_wconf 82' lang='lat' dir='ltr'><strong>sui</strong></span> <span class='ocrx_word' id='word_1_157' title='bbox 3563 791 3714 860; x_wconf 71' lang='lat' dir='ltr'><strong>quod</strong></span> 
     </span>
    </p>
   </div>
   <div class='ocr_carea' id='block_1_24' title="bbox 2125 885 3706 953">
    <p class='ocr_par' dir='ltr' id='par_1_24' title="bbox 2125 885 3706 953">
     <span class='ocr_line' id='line_1_25' title="bbox 2125 885 3706 953; baseline -0.007 -11"><span class='ocrx_word' id='word_1_158' title='bbox 2125 902 2330 942; x_wconf 84' lang='lat' dir='ltr'><strong>.ocutus</strong></span> <span class='ocrx_word' id='word_1_159' title='bbox 2369 900 2464 953; x_wconf 82' lang='lat' dir='ltr'><strong>est,</strong></span> <span class='ocrx_word' id='word_1_160' title='bbox 2495 897 2550 943; x_wconf 88' lang='lat' dir='ltr'><strong>et</strong></span> <span class='ocrx_word' id='word_1_161' title='bbox 2585 897 2808 952; x_wconf 65' lang='lat' dir='ltr'><strong>cmtera;</strong></span> <span class='ocrx_word' id='word_1_162' title='bbox 2839 896 2917 951; x_wconf 86' lang='lat' dir='ltr'><strong>et,</strong></span> <span class='ocrx_word' id='word_1_163' title='bbox 2948 885 3238 940; x_wconf 85' lang='lat' dir='ltr'><strong>meminerit</strong></span> <span class='ocrx_word' id='word_1_164' title='bbox 3277 898 3546 936; x_wconf 76' lang='lat' dir='ltr'><strong>seruorum</strong></span> <span class='ocrx_word' id='word_1_165' title='bbox 3583 897 3706 934; x_wconf 79' lang='lat' dir='ltr'><strong>suo-</strong></span> 
     </span>
    </p>
   </div>
   <div class='ocr_carea' id='block_1_25' title="bbox 2127 975 3704 1047">
    <p class='ocr_par' dir='ltr' id='par_1_25' title="bbox 2127 975 3704 1047">
     <span class='ocr_line' id='line_1_26' title="bbox 2127 975 3704 1047; baseline -0.004 -17"><span class='ocrx_word' id='word_1_166' title='bbox 2127 995 2239 1032; x_wconf 89' lang='lat' dir='ltr'><strong>rum</strong></span> <span class='ocrx_word' id='word_1_167' title='bbox 2291 977 2546 1047; x_wconf 83' lang='lat' dir='ltr'><strong>ﬁdelium.</strong></span> <span class='ocrx_word' id='word_1_168' title='bbox 2594 978 2689 1033; x_wconf 87' lang='lat' dir='ltr'><strong>Illa</strong></span> <span class='ocrx_word' id='word_1_169' title='bbox 2722 979 2888 1033; x_wconf 88' lang='lat' dir='ltr'><strong>etiam</strong></span> <span class='ocrx_word' id='word_1_170' title='bbox 2933 975 3271 1030; x_wconf 88' lang='lat' dir='ltr'><strong>constructio</strong></span> <span class='ocrx_word' id='word_1_171' title='bbox 3313 982 3362 1027; x_wconf 86' lang='lat' dir='ltr'><strong>et</strong></span> <span class='ocrx_word' id='word_1_172' title='bbox 3411 987 3704 1026; x_wconf 76' lang='lat' dir='ltr'><strong>sermonem</strong></span> 
     </span>
    </p>
   </div>
   <div class='ocr_carea' id='block_1_26' title="bbox 2124 1064 3708 1141">
    <p class='ocr_par' dir='ltr' id='par_1_26' title="bbox 2124 1064 3708 1141">
     <span class='ocr_line' id='line_1_27' title="bbox 2124 1064 3708 1141; baseline -0.006 -17"><span class='ocrx_word' id='word_1_173' title='bbox 2124 1090 2276 1141; x_wconf 85' lang='lat' dir='ltr'><strong>quem</strong></span> <span class='ocrx_word' id='word_1_174' title='bbox 2309 1073 2504 1126; x_wconf 83' lang='lat' dir='ltr'><strong>auditis</strong></span> <span class='ocrx_word' id='word_1_175' title='bbox 2535 1089 2639 1125; x_wconf 89' lang='lat' dir='ltr'><strong>non</strong></span> <span class='ocrx_word' id='word_1_176' title='bbox 2683 1083 2756 1126; x_wconf 85' lang='lat' dir='ltr'><strong>est</strong></span> <span class='ocrx_word' id='word_1_177' title='bbox 2786 1086 2962 1136; x_wconf 84' lang='lat' dir='ltr'><strong>meus,</strong></span> <span class='ocrx_word' id='word_1_178' title='bbox 2985 1068 3180 1124; x_wconf 90' lang='lat' dir='ltr'><strong>similis</strong></span> <span class='ocrx_word' id='word_1_179' title='bbox 3206 1075 3310 1130; x_wconf 87' lang='lat' dir='ltr'><strong>est,</strong></span> <span class='ocrx_word' id='word_1_180' title='bbox 3335 1064 3516 1118; x_wconf 80' lang='lat' dir='ltr'><strong>urbem</strong></span> <span class='ocrx_word' id='word_1_181' title='bbox 3547 1078 3708 1132; x_wconf 75' lang='lat' dir='ltr'><strong>quam</strong></span> 
     </span>
    </p>
   </div>
   <div class='ocr_carea' id='block_1_27' title="bbox 2127 1153 3708 1230">
    <p class='ocr_par' dir='ltr' id='par_1_27' title="bbox 2127 1153 3708 1230">
     <span class='ocr_line' id='line_1_28' title="bbox 2127 1153 3708 1230; baseline -0.006 -14"><span class='ocrx_word' id='word_1_182' title='bbox 2127 1172 2300 1216; x_wconf 86' lang='lat' dir='ltr'><strong>statuo</strong></span> <span class='ocrx_word' id='word_1_183' title='bbox 2354 1171 2522 1216; x_wconf 79' lang='lat' dir='ltr'><strong>vestra</strong></span> <span class='ocrx_word' id='word_1_184' title='bbox 2562 1172 2671 1223; x_wconf 86' lang='lat' dir='ltr'><strong>est;</strong></span> <span class='ocrx_word' id='word_1_185' title='bbox 2708 1160 3080 1230; x_wconf 79' lang='lat' dir='ltr'><strong>lectionemque</strong></span> <span class='ocrx_word' id='word_1_186' title='bbox 3115 1174 3272 1228; x_wconf 88' lang='lat' dir='ltr'><strong>quam</strong></span> <span class='ocrx_word' id='word_1_187' title='bbox 3303 1156 3528 1211; x_wconf 79' lang='lat' dir='ltr'><strong>audistis</strong></span> <span class='ocrx_word' id='word_1_188' title='bbox 3563 1153 3708 1206; x_wconf 73' lang='lat' dir='ltr'><strong>vobis</strong></span> 
     </span>
    </p>
   </div>
   <div class='ocr_carea' id='block_1_28' title="bbox 2127 1245 3706 1320">
    <p class='ocr_par' dir='ltr' id='par_1_28' title="bbox 2127 1245 3706 1320">
     <span class='ocr_line' id='line_1_29' title="bbox 2127 1245 3706 1320; baseline -0.002 -18"><span class='ocrx_word' id='word_1_189' title='bbox 2127 1251 2360 1320; x_wconf 88' lang='lat' dir='ltr'><strong>prodest.</strong></span> <span class='ocrx_word' id='word_1_190' title='bbox 2393 1250 2524 1317; x_wconf 67' lang='lat' dir='ltr'><strong>Quae</strong></span> <span class='ocrx_word' id='word_1_191' title='bbox 2545 1250 2672 1304; x_wconf 89' lang='lat' dir='ltr'><strong>licet</strong></span> <span class='ocrx_word' id='word_1_192' title='bbox 2705 1249 3017 1304; x_wconf 74' lang='lat' dir='ltr'><strong>solmcismo</strong></span> <span class='ocrx_word' id='word_1_193' title='bbox 3042 1249 3115 1302; x_wconf 89' lang='lat' dir='ltr'><strong>sit</strong></span> <span class='ocrx_word' id='word_1_194' title='bbox 3146 1248 3422 1313; x_wconf 79' lang='lat' dir='ltr'><strong>notabilis,</strong></span> <span class='ocrx_word' id='word_1_195' title='bbox 3454 1245 3706 1319; x_wconf 86' lang='lat' dir='ltr'><strong>hypalla-</strong></span> 
     </span>
    </p>
   </div>
   <div class='ocr_carea' id='block_1_29' title="bbox 2129 1337 3251 1411">
    <p class='ocr_par' dir='ltr' id='par_1_29' title="bbox 2129 1337 3251 1411">
     <span class='ocr_line' id='line_1_30' title="bbox 2129 1337 3251 1411; baseline -0.004 -15"><span class='ocrx_word' id='word_1_196' title='bbox 2129 1355 2249 1411; x_wconf 83' lang='lat' dir='ltr'><strong>gem</strong></span> <span class='ocrx_word' id='word_1_197' title='bbox 2281 1350 2460 1395; x_wconf 78' lang='lat' dir='ltr'><strong>tamen</strong></span> <span class='ocrx_word' id='word_1_198' title='bbox 2501 1340 2727 1410; x_wconf 84' lang='lat' dir='ltr'><strong>ﬁguram</strong></span> <span class='ocrx_word' id='word_1_199' title='bbox 2757 1338 2956 1409; x_wconf 82' lang='lat' dir='ltr'><strong>exigit;</strong></span> <span class='ocrx_word' id='word_1_200' title='bbox 2989 1348 3048 1392; x_wconf 91' lang='lat' dir='ltr'><strong>ut</strong></span> <span class='ocrx_word' id='word_1_201' title='bbox 3078 1337 3210 1392; x_wconf 83' lang='lat' dir='ltr'><strong>illud</strong></span> <span class='ocrx_word' id='word_1_202' title='bbox 3237 1355 3251 1391; x_wconf 91' lang='lat'><strong>:</strong></span> 
     </span>
    </p>
   </div>
   <div class='ocr_carea' id='block_1_30' title="bbox 2250 1435 3376 1498">
    <p class='ocr_par' dir='ltr' id='par_1_30' title="bbox 2250 1435 3376 1498">
     <span class='ocr_line' id='line_1_31' title="bbox 2250 1435 3376 1498; baseline -0.001 -11"><span class='ocrx_word' id='word_1_203' title='bbox 2250 1437 2471 1487; x_wconf 62' lang='lat' dir='ltr'><strong>Cesaris.</strong></span> <span class='ocrx_word' id='word_1_204' title='bbox 2485 1443 2630 1498; x_wconf 82' lang='lat' dir='ltr'><strong>caput</strong></span> <span class='ocrx_word' id='word_1_205' title='bbox 2655 1437 2736 1498; x_wconf 87' lang='lat' dir='ltr'><strong>ille</strong></span> <span class='ocrx_word' id='word_1_206' title='bbox 2755 1439 2919 1498; x_wconf 87' lang='lat' dir='ltr'><strong>niger,</strong></span> <span class='ocrx_word' id='word_1_207' title='bbox 2941 1435 3048 1495; x_wconf 81' lang='lat' dir='ltr'><strong>Pie,</strong></span> <span class='ocrx_word' id='word_1_208' title='bbox 3077 1435 3188 1498; x_wconf 74' lang='lat' dir='ltr'><strong>talis</strong></span> <span class='ocrx_word' id='word_1_209' title='bbox 3211 1436 3338 1486; x_wconf 75' lang='lat' dir='ltr'><strong>dicta</strong></span> <span class='ocrx_word' id='word_1_210' title='bbox 3359 1471 3376 1494; x_wconf 91' lang='lat'><strong>,</strong></span> 
     </span>
    </p>
   </div>
   <div class='ocr_carea' id='block_1_31' title="bbox 2252 1495 3432 1561">
    <p class='ocr_par' dir='ltr' id='par_1_31' title="bbox 2252 1495 3432 1561">
     <span class='ocr_line' id='line_1_32' title="bbox 2252 1495 3432 1561; baseline -0.002 -12"><span class='ocrx_word' id='word_1_211' title='bbox 2252 1497 2347 1550; x_wconf 73' lang='lat' dir='ltr'><strong>Cui</strong></span> <span class='ocrx_word' id='word_1_212' title='bbox 2360 1495 2630 1558; x_wconf 80' lang='lat' dir='ltr'><strong>relegendo</strong></span> <span class='ocrx_word' id='word_1_213' title='bbox 2647 1495 2842 1561; x_wconf 62' lang='lat' dir='ltr'><strong>placent</strong></span> <span class='ocrx_word' id='word_1_214' title='bbox 2861 1495 2996 1559; x_wconf 83' lang='lat' dir='ltr'><strong>quos</strong></span> <span class='ocrx_word' id='word_1_215' title='bbox 3012 1499 3125 1546; x_wconf 76' lang='lat' dir='ltr'><strong>facit</strong></span> <span class='ocrx_word' id='word_1_216' title='bbox 3141 1495 3224 1545; x_wconf 86' lang='lat' dir='ltr'><strong>ille</strong></span> <span class='ocrx_word' id='word_1_217' title='bbox 3245 1499 3432 1547; x_wconf 74' lang='lat' dir='ltr'><strong>modos.</strong></span> 
     </span>
    </p>
   </div>
   <div class='ocr_carea' id='block_1_32' title="bbox 2205 1586 3718 1658">
    <p class='ocr_par' dir='ltr' id='par_1_32' title="bbox 2205 1586 3718 1658">
     <span class='ocr_line' id='line_1_33' title="bbox 2205 1586 3718 1658; baseline -0.001 -16"><span class='ocrx_word' id='word_1_218' title='bbox 2205 1588 2292 1644; x_wconf 77' lang='lat' dir='ltr'><strong>l9.</strong></span> <span class='ocrx_word' id='word_1_219' title='bbox 2337 1587 2811 1658; x_wconf 87' lang='lat' dir='ltr'><strong>Comparationum</strong></span> <span class='ocrx_word' id='word_1_220' title='bbox 2845 1589 3069 1656; x_wconf 83' lang='lat' dir='ltr'><strong>gradum</strong></span> <span class='ocrx_word' id='word_1_221' title='bbox 3123 1587 3311 1641; x_wconf 88' lang='lat' dir='ltr'><strong>dicunt</strong></span> <span class='ocrx_word' id='word_1_222' title='bbox 3363 1586 3718 1656; x_wconf 85' lang='lat' dir='ltr'><strong>grammatici-</strong></span> 
     </span>
    </p>
   </div>
   <div class='ocr_carea' id='block_1_33' title="bbox 442 1677 3706 1767">
    <p class='ocr_par' dir='ltr' id='par_1_33' title="bbox 442 1677 3706 1767">
     <span class='ocr_line' id='line_1_34' title="bbox 442 1677 3706 1767; baseline 0 -21"><span class='ocrx_word' id='word_1_223' title='bbox 442 1703 538 1748; x_wconf 75' lang='lat' dir='ltr'><strong>vat</strong></span> <span class='ocrx_word' id='word_1_224' title='bbox 557 1706 859 1762; x_wconf 89' lang='lat' dir='ltr'><strong>accentum,</strong></span> <span class='ocrx_word' id='word_1_225' title='bbox 891 1708 1118 1766; x_wconf 86' lang='lat' dir='ltr'><strong>excepto</strong></span> <span class='ocrx_word' id='word_1_226' title='bbox 1141 1677 1246 1753; x_wconf 84' lang='lat' dir='ltr'><strong>uno</strong></span> <span class='ocrx_word' id='word_1_227' title='bbox 1268 1700 1488 1754; x_wconf 81' lang='lat' dir='ltr'><strong>nomine</strong></span> <span class='ocrx_word' id='word_1_228' title='bbox 1507 1698 1859 1764; x_wconf 76' lang='lat' dir='ltr'><strong>Alexandria,</strong></span> <span class='ocrx_word' id='word_1_229' title='bbox 1879 1697 2023 1767; x_wconf 89' lang='lat' dir='ltr'><strong>quod</strong></span> <span class='ocrx_word' id='word_1_230' title='bbox 2055 1697 2101 1755; x_wconf 88' lang='lat' dir='ltr'><strong>B</strong></span> <span class='ocrx_word' id='word_1_231' title='bbox 2131 1679 2335 1734; x_wconf 67' lang='grc' dir='ltr'><strong>εθτνῖνθ</strong></span> <span class='ocrx_word' id='word_1_232' title='bbox 2362 1693 2578 1748; x_wconf 62' lang='lat' dir='ltr'><strong>semper</strong></span> <span class='ocrx_word' id='word_1_233' title='bbox 2604 1677 2840 1732; x_wconf 65' lang='lat' dir='ltr'><strong>ablallm</strong></span> <span class='ocrx_word' id='word_1_234' title='bbox 2867 1677 3046 1742; x_wconf 61' lang='lat'><strong>03503;</strong></span> <span class='ocrx_word' id='word_1_235' title='bbox 3081 1678 3177 1732; x_wconf 71' lang='lat' dir='ltr'><strong>sed</strong></span> <span class='ocrx_word' id='word_1_236' title='bbox 3209 1678 3262 1732; x_wconf 79' lang='grc' dir='ltr'><strong>Ῐη</strong></span> <span class='ocrx_word' id='word_1_237' title='bbox 3289 1677 3565 1746; x_wconf 76' lang='grc' dir='ltr'><strong>οΡυεευίίε</strong></span> <span class='ocrx_word' id='word_1_238' title='bbox 3595 1678 3706 1732; x_wconf 76' lang='grc' dir='ltr'><strong>Αυ-</strong></span> 
     </span>
    </p>
   </div>
   <div class='ocr_carea' id='block_1_34' title="bbox 447 1787 2025 1861">
    <p class='ocr_par' dir='ltr' id='par_1_34' title="bbox 447 1787 2025 1861">
     <span class='ocr_line' id='line_1_35' title="bbox 447 1787 2025 1861; baseline 0.003 -22"><span class='ocrx_word' id='word_1_239' title='bbox 447 1797 503 1841; x_wconf 88' lang='lat' dir='ltr'><strong>et</strong></span> <span class='ocrx_word' id='word_1_240' title='bbox 531 1787 862 1844; x_wconf 71' lang='lat' dir='ltr'><strong>Alexandrea</strong></span> <span class='ocrx_word' id='word_1_241' title='bbox 913 1789 1066 1856; x_wconf 83' lang='lat' dir='ltr'><strong>facit,</strong></span> <span class='ocrx_word' id='word_1_242' title='bbox 1091 1792 1232 1846; x_wconf 89' lang='lat' dir='ltr'><strong>unde</strong></span> <span class='ocrx_word' id='word_1_243' title='bbox 1272 1792 1532 1861; x_wconf 89' lang='lat' dir='ltr'><strong>producta</strong></span> <span class='ocrx_word' id='word_1_244' title='bbox 1563 1789 1858 1860; x_wconf 90' lang='lat' dir='ltr'><strong>penultima</strong></span> <span class='ocrx_word' id='word_1_245' title='bbox 1890 1789 2025 1844; x_wconf 81' lang='lat' dir='ltr'><strong>dici-</strong></span> 
     </span>
    </p>
   </div>
   <div class='ocr_carea' id='block_1_35' title="bbox 443 1878 2026 1948">
    <p class='ocr_par' dir='ltr' id='par_1_35' title="bbox 443 1878 2026 1948">
     <span class='ocr_line' id='line_1_36' title="bbox 443 1878 2026 1948; baseline 0.002 -17"><span class='ocrx_word' id='word_1_246' title='bbox 443 1893 568 1932; x_wconf 88' lang='lat' dir='ltr'><strong>mus</strong></span> <span class='ocrx_word' id='word_1_247' title='bbox 591 1878 910 1948; x_wconf 88' lang='lat' dir='ltr'><strong>psalmodia,</strong></span> <span class='ocrx_word' id='word_1_248' title='bbox 937 1880 1160 1935; x_wconf 87' lang='lat' dir='ltr'><strong>melodia</strong></span> <span class='ocrx_word' id='word_1_249' title='bbox 1184 1923 1197 1945; x_wconf 95' lang='lat'><strong>,</strong></span> <span class='ocrx_word' id='word_1_250' title='bbox 1236 1891 1295 1936; x_wconf 91' lang='lat' dir='ltr'><strong>ut</strong></span> <span class='ocrx_word' id='word_1_251' title='bbox 1340 1883 1530 1937; x_wconf 85' lang='lat' dir='ltr'><strong>saltem</strong></span> <span class='ocrx_word' id='word_1_252' title='bbox 1571 1898 1639 1937; x_wconf 72' lang='lat' dir='ltr'><strong>ex</strong></span> <span class='ocrx_word' id='word_1_253' title='bbox 1686 1883 1788 1938; x_wconf 89' lang='lat' dir='ltr'><strong>hoc</strong></span> <span class='ocrx_word' id='word_1_254' title='bbox 1836 1882 2026 1937; x_wconf 69' lang='lat' dir='ltr'><strong>Graeca</strong></span> 
     </span>
    </p>
   </div>
   <div class='ocr_carea' id='block_1_36' title="bbox 447 1970 2023 2042">
    <p class='ocr_par' dir='ltr' id='par_1_36' title="bbox 447 1970 2023 2042">
     <span class='ocr_line' id='line_1_37' title="bbox 447 1970 2023 2042; baseline 0.002 -19"><span class='ocrx_word' id='word_1_255' title='bbox 447 1985 574 2024; x_wconf 86' lang='lat' dir='ltr'><strong>esse</strong></span> <span class='ocrx_word' id='word_1_256' title='bbox 603 1970 990 2042; x_wconf 79' lang='lat' dir='ltr'><strong>intelligantur.</strong></span> <span class='ocrx_word' id='word_1_257' title='bbox 1046 1972 1201 2028; x_wconf 84' lang='lat' dir='ltr'><strong>Metri</strong></span> <span class='ocrx_word' id='word_1_258' title='bbox 1231 1989 1394 2029; x_wconf 88' lang='lat' dir='ltr'><strong>causa</strong></span> <span class='ocrx_word' id='word_1_259' title='bbox 1443 1983 1621 2028; x_wconf 88' lang='lat' dir='ltr'><strong>tamen</strong></span> <span class='ocrx_word' id='word_1_260' title='bbox 1652 1973 1837 2030; x_wconf 81' lang='lat' dir='ltr'><strong>brevia</strong></span> <span class='ocrx_word' id='word_1_261' title='bbox 1874 1981 2023 2040; x_wconf 90' lang='lat' dir='ltr'><strong>sunt,</strong></span> 
     </span>
    </p>
   </div>
   <div class='ocr_carea' id='block_1_37' title="bbox 456 2057 1102 2131">
    <p class='ocr_par' dir='ltr' id='par_1_37' title="bbox 456 2057 1102 2131">
     <span class='ocr_line' id='line_1_38' title="bbox 456 2057 1102 2131; baseline 0.005 -18"><span class='ocrx_word' id='word_1_262' title='bbox 456 2057 720 2115; x_wconf 79' lang='lat' dir='ltr'><strong>Horatius</strong></span> <span class='ocrx_word' id='word_1_263' title='bbox 749 2061 801 2115; x_wconf 91' lang='lat' dir='ltr'><strong>in</strong></span> <span class='ocrx_word' id='word_1_264' title='bbox 837 2063 1048 2131; x_wconf 87' lang='lat' dir='ltr'><strong>poetica</strong></span> <span class='ocrx_word' id='word_1_265' title='bbox 1083 2082 1102 2116; x_wconf 36' lang='lat'><strong>:*</strong></span> 
     </span>
    </p>
   </div>
   <div class='ocr_carea' id='block_1_38' title="bbox 571 2170 1644 2238">
    <p class='ocr_par' dir='ltr' id='par_1_38' title="bbox 571 2170 1644 2238">
     <span class='ocr_line' id='line_1_39' title="bbox 571 2170 1644 2238; baseline 0.005 -18"><span class='ocrx_word' id='word_1_266' title='bbox 571 2170 778 2220; x_wconf 73' lang='lat' dir='ltr'><strong>Ettutire</strong></span> <span class='ocrx_word' id='word_1_267' title='bbox 803 2173 943 2224; x_wconf 78' lang='lat' dir='ltr'><strong>leves</strong></span> <span class='ocrx_word' id='word_1_268' title='bbox 966 2173 1166 2238; x_wconf 82' lang='lat' dir='ltr'><strong>indigna</strong></span> <span class='ocrx_word' id='word_1_269' title='bbox 1188 2175 1427 2238; x_wconf 77' lang='lat' dir='ltr'><strong>tragcedia</strong></span> <span class='ocrx_word' id='word_1_270' title='bbox 1453 2187 1644 2236; x_wconf 78' lang='lat' dir='ltr'><strong>versus,</strong></span> 
     </span>
    </p>
   </div>
   <div class='ocr_carea' id='block_1_39' title="bbox 442 2253 2024 2329">
    <p class='ocr_par' dir='ltr' id='par_1_39' title="bbox 442 2253 2024 2329">
     <span class='ocr_line' id='line_1_40' title="bbox 442 2253 2024 2329; baseline 0.004 -20"><span class='ocrx_word' id='word_1_271' title='bbox 442 2253 649 2309; x_wconf 78' lang='lat' dir='ltr'><strong>Eadem</strong></span> <span class='ocrx_word' id='word_1_272' title='bbox 706 2254 849 2309; x_wconf 91' lang='lat' dir='ltr'><strong>dicta</strong></span> <span class='ocrx_word' id='word_1_273' title='bbox 902 2257 1015 2311; x_wconf 81' lang='lat' dir='ltr'><strong>sint</strong></span> <span class='ocrx_word' id='word_1_274' title='bbox 1063 2258 1131 2311; x_wconf 87' lang='lat' dir='ltr'><strong>de</strong></span> <span class='ocrx_word' id='word_1_275' title='bbox 1176 2259 1260 2312; x_wconf 86' lang='lat' dir='ltr'><strong>his</strong></span> <span class='ocrx_word' id='word_1_276' title='bbox 1306 2267 1360 2312; x_wconf 84' lang='lat' dir='ltr'><strong>et</strong></span> <span class='ocrx_word' id='word_1_277' title='bbox 1404 2259 1693 2321; x_wconf 86' lang='lat' dir='ltr'><strong>similibus,</strong></span> <span class='ocrx_word' id='word_1_278' title='bbox 1725 2262 2024 2329; x_wconf 54' lang='lat' dir='ltr'><strong>spondeus,</strong></span> 
     </span>
    </p>
   </div>
   <div class='ocr_carea' id='block_1_40' title="bbox 445 2345 2026 2419">
    <p class='ocr_par' dir='ltr' id='par_1_40' title="bbox 445 2345 2026 2419">
     <span class='ocr_line' id='line_1_41' title="bbox 445 2345 2026 2419; baseline 0.006 -20"><span class='ocrx_word' id='word_1_279' title='bbox 445 2345 783 2410; x_wconf 74' lang='lat' dir='ltr'><strong>Hattltteus,</strong></span> <span class='ocrx_word' id='word_1_280' title='bbox 833 2347 1026 2416; x_wconf 83' lang='lat' dir='ltr'><strong>platea,</strong></span> <span class='ocrx_word' id='word_1_281' title='bbox 1070 2349 1256 2403; x_wconf 78' lang='lat' dir='ltr'><strong>Nicwa</strong></span> <span class='ocrx_word' id='word_1_282' title='bbox 1283 2391 1298 2414; x_wconf 91' lang='lat'><strong>,</strong></span> <span class='ocrx_word' id='word_1_283' title='bbox 1339 2365 1460 2419; x_wconf 64' lang='lat' dir='ltr'><strong>quas</strong></span> <span class='ocrx_word' id='word_1_284' title='bbox 1505 2366 1614 2405; x_wconf 85' lang='lat' dir='ltr'><strong>non</strong></span> <span class='ocrx_word' id='word_1_285' title='bbox 1653 2367 1773 2407; x_wconf 87' lang='lat' dir='ltr'><strong>esse</strong></span> <span class='ocrx_word' id='word_1_286' title='bbox 1836 2351 2026 2408; x_wconf 84' lang='lat' dir='ltr'><strong>Latina</strong></span> 
     </span>
    </p>
   </div>
   <div class='ocr_carea' id='block_1_41' title="bbox 444 2439 2024 2512">
    <p class='ocr_par' dir='ltr' id='par_1_41' title="bbox 444 2439 2024 2512">
     <span class='ocr_line' id='line_1_42' title="bbox 444 2439 2024 2512; baseline 0.006 -23"><span class='ocrx_word' id='word_1_287' title='bbox 444 2446 717 2492; x_wconf 86' lang='lat' dir='ltr'><strong>monstrat</strong></span> <span class='ocrx_word' id='word_1_288' title='bbox 765 2439 1136 2508; x_wconf 86' lang='lat' dir='ltr'><strong>pronuntiatio</strong></span> <span class='ocrx_word' id='word_1_289' title='bbox 1183 2441 1321 2510; x_wconf 90' lang='lat' dir='ltr'><strong>ipsa.</strong></span> <span class='ocrx_word' id='word_1_290' title='bbox 1378 2442 1544 2496; x_wconf 81' lang='lat' dir='ltr'><strong>Extra</strong></span> <span class='ocrx_word' id='word_1_291' title='bbox 1598 2444 1740 2498; x_wconf 86' lang='lat' dir='ltr'><strong>hanc</strong></span> <span class='ocrx_word' id='word_1_292' title='bbox 1786 2445 2024 2512; x_wconf 86' lang='lat' dir='ltr'><strong>regulam</strong></span> 
     </span>
    </p>
   </div>
   <div class='ocr_carea' id='block_1_42' title="bbox 447 2531 2028 2604">
    <p class='ocr_par' dir='ltr' id='par_1_42' title="bbox 447 2531 2028 2604">
     <span class='ocr_line' id='line_1_43' title="bbox 447 2531 2028 2604; baseline 0.006 -21"><span class='ocrx_word' id='word_1_293' title='bbox 447 2540 576 2584; x_wconf 87' lang='lat' dir='ltr'><strong>sunt</strong></span> <span class='ocrx_word' id='word_1_294' title='bbox 601 2531 851 2597; x_wconf 83' lang='lat' dir='ltr'><strong>ecclesia,</strong></span> <span class='ocrx_word' id='word_1_295' title='bbox 880 2534 1170 2596; x_wconf 84' lang='lat' dir='ltr'><strong>neomenia,</strong></span> <span class='ocrx_word' id='word_1_296' title='bbox 1199 2544 1254 2587; x_wconf 90' lang='lat' dir='ltr'><strong>et</strong></span> <span class='ocrx_word' id='word_1_297' title='bbox 1295 2534 1340 2587; x_wconf 88' lang='lat' dir='ltr'><strong>si</strong></span> <span class='ocrx_word' id='word_1_298' title='bbox 1371 2550 1479 2604; x_wconf 89' lang='lat' dir='ltr'><strong>qua</strong></span> <span class='ocrx_word' id='word_1_299' title='bbox 1512 2544 1639 2590; x_wconf 91' lang='lat' dir='ltr'><strong>sunt</strong></span> <span class='ocrx_word' id='word_1_300' title='bbox 1678 2537 1899 2591; x_wconf 87' lang='lat' dir='ltr'><strong>similia.</strong></span> <span class='ocrx_word' id='word_1_301' title='bbox 1945 2535 2028 2592; x_wconf 87' lang='lat' dir='ltr'><strong>Si-</strong></span> 
     </span>
    </p>
   </div>
   <div class='ocr_carea' id='block_1_43' title="bbox 443 2620 2020 2696">
    <p class='ocr_par' dir='ltr' id='par_1_43' title="bbox 443 2620 2020 2696">
     <span class='ocr_line' id='line_1_44' title="bbox 443 2620 2020 2696; baseline 0.004 -23"><span class='ocrx_word' id='word_1_302' title='bbox 443 2620 564 2674; x_wconf 83' lang='lat' dir='ltr'><strong>mili</strong></span> <span class='ocrx_word' id='word_1_303' title='bbox 591 2621 754 2676; x_wconf 90' lang='lat' dir='ltr'><strong>modo</strong></span> <span class='ocrx_word' id='word_1_304' title='bbox 783 2620 1102 2676; x_wconf 84' lang='lat' dir='ltr'><strong>Heliodorus</strong></span> <span class='ocrx_word' id='word_1_305' title='bbox 1123 2662 1137 2683; x_wconf 91' lang='lat'><strong>,</strong></span> <span class='ocrx_word' id='word_1_306' title='bbox 1187 2621 1506 2693; x_wconf 78' lang='lat' dir='ltr'><strong>Polydorus.</strong></span> <span class='ocrx_word' id='word_1_307' title='bbox 1538 2622 1798 2696; x_wconf 77' lang='lat' dir='ltr'><strong>Virgilius</strong></span> <span class='ocrx_word' id='word_1_308' title='bbox 1837 2626 1889 2680; x_wconf 90' lang='lat' dir='ltr'><strong>in</strong></span> <span class='ocrx_word' id='word_1_309' title='bbox 1921 2642 2020 2680; x_wconf 84' lang='lat' dir='ltr'><strong>tu:</strong></span> 
     </span>
    </p>
   </div>
   <div class='ocr_carea' id='block_1_44' title="bbox 567 2732 1900 2802">
    <p class='ocr_par' dir='ltr' id='par_1_44' title="bbox 567 2732 1900 2802">
     <span class='ocr_line' id='line_1_45' title="bbox 567 2732 1900 2802; baseline 0.004 -21"><span class='ocrx_word' id='word_1_310' title='bbox 567 2732 672 2782; x_wconf 81' lang='lat' dir='ltr'><strong>Fas</strong></span> <span class='ocrx_word' id='word_1_311' title='bbox 691 2745 839 2784; x_wconf 82' lang='lat' dir='ltr'><strong>omne</strong></span> <span class='ocrx_word' id='word_1_312' title='bbox 855 2734 1068 2795; x_wconf 85' lang='lat' dir='ltr'><strong>abrupit,</strong></span> <span class='ocrx_word' id='word_1_313' title='bbox 1093 2732 1382 2796; x_wconf 75' lang='lat' dir='ltr'><strong>Polydorum</strong></span> <span class='ocrx_word' id='word_1_314' title='bbox 1400 2735 1659 2787; x_wconf 85' lang='lat' dir='ltr'><strong>obtruncat</strong></span> <span class='ocrx_word' id='word_1_315' title='bbox 1683 2743 1736 2787; x_wconf 83' lang='lat' dir='ltr'><strong>et</strong></span> <span class='ocrx_word' id='word_1_316' title='bbox 1759 2751 1900 2802; x_wconf 83' lang='lat' dir='ltr'><strong>auro,</strong></span> 
     </span>
    </p>
   </div>
   <div class='ocr_carea' id='block_1_45' title="bbox 441 2813 766 2870">
    <p class='ocr_par' dir='ltr' id='par_1_45' title="bbox 441 2813 766 2870">
     <span class='ocr_line' id='line_1_46' title="bbox 441 2813 766 2870; baseline -0.009 0"><span class='ocrx_word' id='word_1_317' title='bbox 441 2813 725 2870; x_wconf 67' lang='lat' dir='ltr'><strong>Iuvenalis</strong></span> <span class='ocrx_word' id='word_1_318' title='bbox 751 2828 766 2867; x_wconf 91' lang='lat'><strong>:</strong></span> 
     </span>
    </p>
   </div>
   <div class='ocr_carea' id='block_1_46' title="bbox 572 2926 1799 2992">
    <p class='ocr_par' dir='ltr' id='par_1_46' title="bbox 572 2926 1799 2992">
     <span class='ocr_line' id='line_1_47' title="bbox 572 2926 1799 2992; baseline 0.001 -13"><span class='ocrx_word' id='word_1_319' title='bbox 572 2927 808 2980; x_wconf 83' lang='lat' dir='ltr'><strong>Tonsoris</strong></span> <span class='ocrx_word' id='word_1_320' title='bbox 831 2926 982 2979; x_wconf 88' lang='lat' dir='ltr'><strong>Licini</strong></span> <span class='ocrx_word' id='word_1_321' title='bbox 1003 2929 1106 2990; x_wconf 72' lang='grc'><strong>(55)</strong></span> <span class='ocrx_word' id='word_1_322' title='bbox 1132 2930 1306 2979; x_wconf 83' lang='lat' dir='ltr'><strong>damno</strong></span> <span class='ocrx_word' id='word_1_323' title='bbox 1330 2932 1459 2990; x_wconf 78' lang='lat' dir='ltr'><strong>rapit</strong></span> <span class='ocrx_word' id='word_1_324' title='bbox 1484 2929 1799 2992; x_wconf 73' lang='lat' dir='ltr'><strong>Heliodorus,</strong></span> 
     </span>
    </p>
   </div>
   <div class='ocr_carea' id='block_1_47' title="bbox 451 3009 1218 3080">
    <p class='ocr_par' dir='ltr' id='par_1_47' title="bbox 451 3009 1218 3080">
     <span class='ocr_line' id='line_1_48' title="bbox 451 3009 1218 3080; baseline 0.001 -15"><span class='ocrx_word' id='word_1_325' title='bbox 451 3011 545 3065; x_wconf 86' lang='lat' dir='ltr'><strong>Sic</strong></span> <span class='ocrx_word' id='word_1_326' title='bbox 581 3020 637 3066; x_wconf 91' lang='lat' dir='ltr'><strong>et</strong></span> <span class='ocrx_word' id='word_1_327' title='bbox 666 3009 871 3080; x_wconf 86' lang='lat' dir='ltr'><strong>reliqua</strong></span> <span class='ocrx_word' id='word_1_328' title='bbox 917 3010 1218 3078; x_wconf 86' lang='lat' dir='ltr'><strong>Pandarus,</strong></span> 
     </span>
    </p>
   </div>
   <div class='ocr_carea' id='block_1_48' title="bbox 441 3099 2020 3174">
    <p class='ocr_par' dir='ltr' id='par_1_48' title="bbox 441 3099 2020 3174">
     <span class='ocr_line' id='line_1_49' title="bbox 441 3099 2020 3174; baseline 0.004 -21"><span class='ocrx_word' id='word_1_329' title='bbox 441 3099 720 3168; x_wconf 85' lang='lat' dir='ltr'><strong>propriam</strong></span> <span class='ocrx_word' id='word_1_330' title='bbox 755 3099 1107 3168; x_wconf 86' lang='lat' dir='ltr'><strong>penultimam</strong></span> <span class='ocrx_word' id='word_1_331' title='bbox 1163 3101 1390 3169; x_wconf 80' lang='lat' dir='ltr'><strong>genitivi</strong></span> <span class='ocrx_word' id='word_1_332' title='bbox 1429 3101 1631 3158; x_wconf 86' lang='lat' dir='ltr'><strong>habent</strong></span> <span class='ocrx_word' id='word_1_333' title='bbox 1688 3115 2020 3174; x_wconf 76' lang='lat' dir='ltr'><strong>correptam,</strong></span> 
     </span>
    </p>
   </div>
   <div class='ocr_carea' id='block_1_49' title="bbox 442 3187 1689 3256">
    <p class='ocr_par' dir='ltr' id='par_1_49' title="bbox 442 3187 1689 3256">
     <span class='ocr_line' id='line_1_50' title="bbox 442 3187 1689 3256; baseline 0.003 -14"><span class='ocrx_word' id='word_1_334' title='bbox 442 3199 505 3243; x_wconf 86' lang='lat' dir='ltr'><strong>ut</strong></span> <span class='ocrx_word' id='word_1_335' title='bbox 532 3187 742 3252; x_wconf 87' lang='lat' dir='ltr'><strong>Castor,</strong></span> <span class='ocrx_word' id='word_1_336' title='bbox 768 3187 1023 3256; x_wconf 84' lang='lat' dir='ltr'><strong>Castoris,</strong></span> <span class='ocrx_word' id='word_1_337' title='bbox 1065 3189 1326 3256; x_wconf 86' lang='lat' dir='ltr'><strong>Nicanor,</strong></span> <span class='ocrx_word' id='word_1_338' title='bbox 1366 3189 1689 3247; x_wconf 80' lang='lat' dir='ltr'><strong>Nicanorus.</strong></span> 
     </span>
    </p>
   </div>
   <div class='ocr_carea' id='block_1_50' title="bbox 520 3280 2026 3353">
    <p class='ocr_par' dir='ltr' id='par_1_50' title="bbox 520 3280 2026 3353">
     <span class='ocr_line' id='line_1_51' title="bbox 520 3280 2026 3353; baseline 0.007 -21"><span class='ocrx_word' id='word_1_339' title='bbox 520 3281 606 3333; x_wconf 79' lang='lat' dir='ltr'><strong>l7.</strong></span> <span class='ocrx_word' id='word_1_340' title='bbox 641 3280 819 3334; x_wconf 81' lang='lat' dir='ltr'><strong>De&#39;eo</strong></span> <span class='ocrx_word' id='word_1_341' title='bbox 845 3281 987 3349; x_wconf 89' lang='lat' dir='ltr'><strong>quod</strong></span> <span class='ocrx_word' id='word_1_342' title='bbox 1017 3293 1103 3336; x_wconf 72' lang='grc' dir='ltr'><strong>εει</strong></span> <span class='ocrx_word' id='word_1_343' title='bbox 1136 3282 1258 3346; x_wconf 87' lang='lat' dir='ltr'><strong>bos,</strong></span> <span class='ocrx_word' id='word_1_344' title='bbox 1290 3283 1488 3338; x_wconf 72' lang='lat' dir='ltr'><strong>scitote</strong></span> <span class='ocrx_word' id='word_1_345' title='bbox 1532 3285 1676 3353; x_wconf 90' lang='lat' dir='ltr'><strong>quod</strong></span> <span class='ocrx_word' id='word_1_346' title='bbox 1721 3285 1933 3340; x_wconf 87' lang='lat' dir='ltr'><strong>dativus</strong></span> <span class='ocrx_word' id='word_1_347' title='bbox 1971 3297 2026 3342; x_wconf 90' lang='lat' dir='ltr'><strong>et</strong></span> 
     </span>
    </p>
   </div>
   <div class='ocr_carea' id='block_1_51' title="bbox 446 3372 2024 3441">
    <p class='ocr_par' dir='ltr' id='par_1_51' title="bbox 446 3372 2024 3441">
     <span class='ocr_line' id='line_1_52' title="bbox 446 3372 2024 3441; baseline 0.005 -17"><span class='ocrx_word' id='word_1_348' title='bbox 446 3372 713 3427; x_wconf 79' lang='lat' dir='ltr'><strong>ablativus</strong></span> <span class='ocrx_word' id='word_1_349' title='bbox 759 3373 994 3441; x_wconf 87' lang='lat' dir='ltr'><strong>plurales</strong></span> <span class='ocrx_word' id='word_1_350' title='bbox 1023 3374 1196 3429; x_wconf 65' lang='lat' dir='ltr'><strong>tertia:</strong></span> <span class='ocrx_word' id='word_1_351' title='bbox 1233 3375 1616 3431; x_wconf 90' lang='lat' dir='ltr'><strong>declinationis</strong></span> <span class='ocrx_word' id='word_1_352' title='bbox 1658 3376 1966 3432; x_wconf 79' lang='lat' dir='ltr'><strong>formantur</strong></span> <span class='ocrx_word' id='word_1_353' title='bbox 1994 3393 2024 3432; x_wconf 88' lang='lat' dir='ltr'><strong>a</strong></span> 
     </span>
    </p>
   </div>
   <div class='ocr_carea' id='block_1_52' title="bbox 445 3463 2025 3540">
    <p class='ocr_par' dir='ltr' id='par_1_52' title="bbox 445 3463 2025 3540">
     <span class='ocr_line' id='line_1_53' title="bbox 445 3463 2025 3540; baseline 0.006 -25"><span class='ocrx_word' id='word_1_354' title='bbox 445 3463 685 3529; x_wconf 75' lang='lat' dir='ltr'><strong>genitivo</strong></span> <span class='ocrx_word' id='word_1_355' title='bbox 721 3478 820 3518; x_wconf 89' lang='lat' dir='ltr'><strong>suo</strong></span> <span class='ocrx_word' id='word_1_356' title='bbox 855 3465 1138 3537; x_wconf 81' lang='lat' dir='ltr'><strong>singulari,</strong></span> <span class='ocrx_word' id='word_1_357' title='bbox 1173 3467 1487 3536; x_wconf 87' lang='lat' dir='ltr'><strong>interposita</strong></span> <span class='ocrx_word' id='word_1_358' title='bbox 1514 3469 1613 3534; x_wconf 87' lang='lat' dir='ltr'><strong>bu,</strong></span> <span class='ocrx_word' id='word_1_359' title='bbox 1650 3477 1710 3524; x_wconf 91' lang='lat' dir='ltr'><strong>ut</strong></span> <span class='ocrx_word' id='word_1_360' title='bbox 1737 3479 1907 3538; x_wconf 89' lang='lat' dir='ltr'><strong>pater,</strong></span> <span class='ocrx_word' id='word_1_361' title='bbox 1932 3487 2025 3540; x_wconf 87' lang='lat' dir='ltr'><strong>pa-</strong></span> 
     </span>
    </p>
   </div>
   <div class='ocr_carea' id='block_1_53' title="bbox 447 3555 2022 3632">
    <p class='ocr_par' dir='ltr' id='par_1_53' title="bbox 447 3555 2022 3632">
     <span class='ocr_line' id='line_1_54' title="bbox 447 3555 2022 3632; baseline 0.007 -27"><span class='ocrx_word' id='word_1_362' title='bbox 447 3555 650 3620; x_wconf 80' lang='lat' dir='ltr'><strong>tribus;</strong></span> <span class='ocrx_word' id='word_1_363' title='bbox 684 3556 969 3622; x_wconf 83' lang='lat' dir='ltr'><strong>similiter,</strong></span> <span class='ocrx_word' id='word_1_364' title='bbox 1021 3559 1138 3623; x_wconf 89' lang='lat' dir='ltr'><strong>bos,</strong></span> <span class='ocrx_word' id='word_1_365' title='bbox 1173 3559 1311 3614; x_wconf 78' lang='lat' dir='ltr'><strong>boris</strong></span> <span class='ocrx_word' id='word_1_366' title='bbox 1337 3600 1350 3624; x_wconf 96' lang='lat'><strong>,</strong></span> <span class='ocrx_word' id='word_1_367' title='bbox 1389 3561 1629 3626; x_wconf 77' lang='lat' dir='ltr'><strong>boribus,</strong></span> <span class='ocrx_word' id='word_1_368' title='bbox 1661 3560 1814 3629; x_wconf 89' lang='lat' dir='ltr'><strong>cujus</strong></span> <span class='ocrx_word' id='word_1_369' title='bbox 1850 3562 2022 3632; x_wconf 87' lang='lat' dir='ltr'><strong>prima</strong></span> 
     </span>
    </p>
   </div>
   <div class='ocr_carea' id='block_1_54' title="bbox 449 3645 2021 3724">
    <p class='ocr_par' dir='ltr' id='par_1_54' title="bbox 449 3645 2021 3724">
     <span class='ocr_line' id='line_1_55' title="bbox 449 3645 2021 3724; baseline 0.005 -25"><span class='ocrx_word' id='word_1_370' title='bbox 449 3645 652 3713; x_wconf 85' lang='lat' dir='ltr'><strong>syllaba</strong></span> <span class='ocrx_word' id='word_1_371' title='bbox 685 3645 868 3703; x_wconf 89' lang='lat' dir='ltr'><strong>brevis</strong></span> <span class='ocrx_word' id='word_1_372' title='bbox 901 3648 1027 3703; x_wconf 87' lang='lat' dir='ltr'><strong>dum</strong></span> <span class='ocrx_word' id='word_1_373' title='bbox 1059 3664 1351 3719; x_wconf 82' lang='lat' dir='ltr'><strong>syncopam</strong></span> <span class='ocrx_word' id='word_1_374' title='bbox 1394 3652 1618 3720; x_wconf 88' lang='lat' dir='ltr'><strong>patitur,</strong></span> <span class='ocrx_word' id='word_1_375' title='bbox 1655 3653 2021 3724; x_wconf 87' lang='lat' dir='ltr'><strong>prolongatur.</strong></span> 
     </span>
    </p>
   </div>
   <div class='ocr_carea' id='block_1_55' title="bbox 450 3733 750 3805">
    <p class='ocr_par' dir='ltr' id='par_1_55' title="bbox 450 3733 750 3805">
     <span class='ocr_line' id='line_1_56' title="bbox 450 3733 750 3805; baseline 0.01 -17"><span class='ocrx_word' id='word_1_376' title='bbox 450 3733 709 3805; x_wconf 66' lang='lat' dir='ltr'><strong>Virgilius</strong></span> <span class='ocrx_word' id='word_1_377' title='bbox 737 3755 750 3791; x_wconf 91' lang='lat'>:</span> 
     </span>
    </p>
   </div>
   <div class='ocr_carea' id='block_1_56' title="bbox 577 3825 1212 3880">
    <p class='ocr_par' dir='ltr' id='par_1_56' title="bbox 577 3825 1212 3880">
     <span class='ocr_line' id='line_1_57' title="bbox 577 3825 1212 3880; baseline 0.005 -5"><span class='ocrx_word' id='word_1_378' title='bbox 577 3825 665 3878; x_wconf 85' lang='lat' dir='ltr'><strong>Ille</strong></span> <span class='ocrx_word' id='word_1_379' title='bbox 685 3839 820 3876; x_wconf 83' lang='lat' dir='ltr'><strong>meas</strong></span> <span class='ocrx_word' id='word_1_380' title='bbox 847 3841 1020 3878; x_wconf 82' lang='lat' dir='ltr'><strong>errare</strong></span> <span class='ocrx_word' id='word_1_381' title='bbox 1044 3829 1212 3880; x_wconf 84' lang='lat' dir='ltr'><strong>bores.</strong></span> 
     </span>
    </p>
   </div>
   <div class='ocr_carea' id='block_1_57' title="bbox 448 3932 2024 4006">
    <p class='ocr_par' dir='ltr' id='par_1_57' title="bbox 448 3932 2024 4006">
     <span class='ocr_line' id='line_1_58' title="bbox 448 3932 2024 4006; baseline 0.006 -20"><span class='ocrx_word' id='word_1_382' title='bbox 448 3933 701 3988; x_wconf 86' lang='lat' dir='ltr'><strong>lloratius</strong></span> <span class='ocrx_word' id='word_1_383' title='bbox 753 3932 986 4004; x_wconf 86' lang='lat' dir='ltr'><strong>Saphico</strong></span> <span class='ocrx_word' id='word_1_384' title='bbox 1036 3950 1224 4002; x_wconf 91' lang='lat' dir='ltr'><strong>versu,</strong></span> <span class='ocrx_word' id='word_1_385' title='bbox 1278 3936 1432 4006; x_wconf 88' lang='lat' dir='ltr'><strong>cujus</strong></span> <span class='ocrx_word' id='word_1_386' title='bbox 1483 3938 1721 3994; x_wconf 88' lang='lat' dir='ltr'><strong>secundo</strong></span> <span class='ocrx_word' id='word_1_387' title='bbox 1777 3938 1895 3995; x_wconf 87' lang='lat' dir='ltr'><strong>loco</strong></span> <span class='ocrx_word' id='word_1_388' title='bbox 1939 3948 2024 3995; x_wconf 88' lang='lat' dir='ltr'><strong>est</strong></span> 
     </span>
    </p>
   </div>
   <div class='ocr_carea' id='block_1_58' title="bbox 451 4024 778 4094">
    <p class='ocr_par' dir='ltr' id='par_1_58' title="bbox 451 4024 778 4094">
     <span class='ocr_line' id='line_1_59' title="bbox 451 4024 778 4094; baseline 0.006 -17"><span class='ocrx_word' id='word_1_389' title='bbox 451 4024 734 4094; x_wconf 67' lang='lat' dir='ltr'><strong>spondasus</strong></span> <span class='ocrx_word' id='word_1_390' title='bbox 765 4043 778 4078; x_wconf 90' lang='lat'><strong>:</strong></span> 
     </span>
    </p>
   </div>
   <div class='ocr_carea' id='block_1_59' title="bbox 574 4119 1532 4186">
    <p class='ocr_par' dir='ltr' id='par_1_59' title="bbox 574 4119 1532 4186">
     <span class='ocr_line' id='line_1_60' title="bbox 574 4119 1532 4186; baseline 0.006 -24"><span class='ocrx_word' id='word_1_391' title='bbox 574 4119 790 4178; x_wconf 78' lang='lat' dir='ltr'><strong>Quaeque</strong></span> <span class='ocrx_word' id='word_1_392' title='bbox 813 4129 896 4186; x_wconf 85' lang='lat' dir='ltr'><strong>vos</strong></span> <span class='ocrx_word' id='word_1_393' title='bbox 919 4119 1074 4166; x_wconf 87' lang='lat' dir='ltr'><strong>bobus</strong></span> <span class='ocrx_word' id='word_1_394' title='bbox 1100 4127 1364 4170; x_wconf 83' lang='lat' dir='ltr'><strong>veneratur</strong></span> <span class='ocrx_word' id='word_1_395' title='bbox 1386 4120 1532 4170; x_wconf 83' lang='lat' dir='ltr'><strong>albis.</strong></span> 
     </span>
    </p>
   </div>
   <div class='ocr_carea' id='block_1_60' title="bbox 451 4217 2023 4291">
    <p class='ocr_par' dir='ltr' id='par_1_60' title="bbox 451 4217 2023 4291">
     <span class='ocr_line' id='line_1_61' title="bbox 451 4217 2023 4291; baseline 0.004 -20"><span class='ocrx_word' id='word_1_396' title='bbox 451 4217 679 4272; x_wconf 73' lang='lat' dir='ltr'><strong>I’utatur</strong></span> <span class='ocrx_word' id='word_1_397' title='bbox 711 4230 885 4273; x_wconf 72' lang='lat' dir='ltr'><strong>tamen</strong></span> <span class='ocrx_word' id='word_1_398' title='bbox 927 4230 1140 4274; x_wconf 88' lang='lat' dir='ltr'><strong>mutare</strong></span> <span class='ocrx_word' id='word_1_399' title='bbox 1175 4237 1204 4272; x_wconf 93' lang='grc' dir='ltr'><strong><em>ο</em></strong></span> <span class='ocrx_word' id='word_1_400' title='bbox 1245 4221 1296 4273; x_wconf 88' lang='lat' dir='ltr'><strong>in</strong></span> <span class='ocrx_word' id='word_1_401' title='bbox 1329 4239 1394 4281; x_wconf 86' lang='lat' dir='ltr'><strong>u.</strong></span> <span class='ocrx_word' id='word_1_402' title='bbox 1446 4222 1571 4275; x_wconf 90' lang='lat' dir='ltr'><strong>dum</strong></span> <span class='ocrx_word' id='word_1_403' title='bbox 1606 4222 1938 4291; x_wconf 88' lang='lat' dir='ltr'><strong>producitur,</strong></span> <span class='ocrx_word' id='word_1_404' title='bbox 1971 4233 2023 4278; x_wconf 88' lang='lat' dir='ltr'><strong>ct</strong></span> 
     </span>
    </p>
   </div>
   <div class='ocr_carea' id='block_1_61' title="bbox 450 4309 2020 4381">
    <p class='ocr_par' dir='ltr' id='par_1_61' title="bbox 450 4309 2020 4381">
     <span class='ocr_line' id='line_1_62' title="bbox 450 4309 2020 4381; baseline 0.003 -19"><span class='ocrx_word' id='word_1_405' title='bbox 450 4311 580 4362; x_wconf 83' lang='lat' dir='ltr'><strong>hinc</strong></span> <span class='ocrx_word' id='word_1_406' title='bbox 618 4309 857 4362; x_wconf 78' lang='lat' dir='ltr'><strong>buculam</strong></span> <span class='ocrx_word' id='word_1_407' title='bbox 883 4319 934 4363; x_wconf 90' lang='lat' dir='ltr'><strong>et</strong></span> <span class='ocrx_word' id='word_1_408' title='bbox 963 4310 1197 4364; x_wconf 85' lang='lat' dir='ltr'><strong>bucolica</strong></span> <span class='ocrx_word' id='word_1_409' title='bbox 1230 4312 1468 4364; x_wconf 87' lang='lat' dir='ltr'><strong>carmina</strong></span> <span class='ocrx_word' id='word_1_410' title='bbox 1506 4329 1600 4381; x_wconf 90' lang='lat' dir='ltr'><strong>per</strong></span> <span class='ocrx_word' id='word_1_411' title='bbox 1630 4329 1662 4364; x_wconf 90' lang='lat' dir='ltr'><strong>u</strong></span> <span class='ocrx_word' id='word_1_412' title='bbox 1705 4313 2020 4380; x_wconf 88' lang='lat' dir='ltr'><strong>productam</strong></span> 
     </span>
    </p>
   </div>
   <div class='ocr_carea' id='block_1_62' title="bbox 2128 1767 3706 1840">
    <p class='ocr_par' dir='ltr' id='par_1_62' title="bbox 2128 1767 3706 1840">
     <span class='ocr_line' id='line_1_63' title="bbox 2128 1767 3706 1840; baseline -0.001 -17"><span class='ocrx_word' id='word_1_413' title='bbox 2128 1769 2329 1840; x_wconf 89' lang='lat' dir='ltr'><strong>gustini</strong></span> <span class='ocrx_word' id='word_1_414' title='bbox 2354 1769 2455 1838; x_wconf 89' lang='lat' dir='ltr'><strong>legi</strong></span> <span class='ocrx_word' id='word_1_415' title='bbox 2481 1769 2624 1839; x_wconf 89' lang='lat' dir='ltr'><strong>quod</strong></span> <span class='ocrx_word' id='word_1_416' title='bbox 2651 1769 2694 1823; x_wconf 91' lang='lat' dir='ltr'><strong>si</strong></span> <span class='ocrx_word' id='word_1_417' title='bbox 2723 1767 2886 1822; x_wconf 88' lang='lat' dir='ltr'><strong>rebus</strong></span> <span class='ocrx_word' id='word_1_418' title='bbox 2916 1767 3209 1837; x_wconf 84' lang='lat' dir='ltr'><strong>propositis</strong></span> <span class='ocrx_word' id='word_1_419' title='bbox 3240 1769 3489 1822; x_wconf 88' lang='lat' dir='ltr'><strong>eumdem</strong></span> <span class='ocrx_word' id='word_1_420' title='bbox 3520 1785 3706 1824; x_wconf 73' lang='lat' dir='ltr'><strong>casum</strong></span> 
     </span>
    </p>
   </div>
   <div class='ocr_carea' id='block_1_63' title="bbox 2125 1858 3708 1929">
    <p class='ocr_par' dir='ltr' id='par_1_63' title="bbox 2125 1858 3708 1929">
     <span class='ocr_line' id='line_1_64' title="bbox 2125 1858 3708 1929; baseline -0.001 -14"><span class='ocrx_word' id='word_1_421' title='bbox 2125 1860 2527 1929; x_wconf 83' lang='lat' dir='ltr'><strong>comparativus</strong></span> <span class='ocrx_word' id='word_1_422' title='bbox 2558 1858 2822 1928; x_wconf 78' lang='lat' dir='ltr'><strong>junxcrit,</strong></span> <span class='ocrx_word' id='word_1_423' title='bbox 2872 1869 3026 1912; x_wconf 74' lang='lat' dir='ltr'><strong>extra</strong></span> <span class='ocrx_word' id='word_1_424' title='bbox 3084 1859 3228 1926; x_wconf 86' lang='lat' dir='ltr'><strong>ipsas</strong></span> <span class='ocrx_word' id='word_1_425' title='bbox 3269 1875 3356 1913; x_wconf 89' lang='lat' dir='ltr'><strong>res</strong></span> <span class='ocrx_word' id='word_1_426' title='bbox 3405 1861 3514 1913; x_wconf 89' lang='lat' dir='ltr'><strong>erit</strong></span> <span class='ocrx_word' id='word_1_427' title='bbox 3564 1862 3708 1929; x_wconf 84' lang='lat' dir='ltr'><strong>quod</strong></span> 
     </span>
    </p>
   </div>
   <div class='ocr_carea' id='block_1_64' title="bbox 2127 1950 3706 2019">
    <p class='ocr_par' dir='ltr' id='par_1_64' title="bbox 2127 1950 3706 2019">
     <span class='ocr_line' id='line_1_65' title="bbox 2127 1950 3706 2019; baseline 0.001 -14"><span class='ocrx_word' id='word_1_428' title='bbox 2127 1951 2268 2005; x_wconf 88' lang='lat' dir='ltr'><strong>idem</strong></span> <span class='ocrx_word' id='word_1_429' title='bbox 2320 1951 2519 2019; x_wconf 87' lang='lat' dir='ltr'><strong>gradus</strong></span> <span class='ocrx_word' id='word_1_430' title='bbox 2550 1950 2817 2014; x_wconf 87' lang='lat' dir='ltr'><strong>intulerit,</strong></span> <span class='ocrx_word' id='word_1_431' title='bbox 2861 1958 2919 2002; x_wconf 93' lang='lat' dir='ltr'><strong>ut</strong></span> <span class='ocrx_word' id='word_1_432' title='bbox 2961 1958 3089 2018; x_wconf 87' lang='lat' dir='ltr'><strong>puta</strong></span> <span class='ocrx_word' id='word_1_433' title='bbox 3120 1951 3228 2004; x_wconf 89' lang='lat' dir='ltr'><strong>sint</strong></span> <span class='ocrx_word' id='word_1_434' title='bbox 3267 1960 3380 2006; x_wconf 86' lang='lat' dir='ltr'><strong>tres</strong></span> <span class='ocrx_word' id='word_1_435' title='bbox 3424 1953 3574 2006; x_wconf 88' lang='lat' dir='ltr'><strong>docti</strong></span> <span class='ocrx_word' id='word_1_436' title='bbox 3620 1955 3706 2008; x_wconf 90' lang='lat' dir='ltr'><strong>:si</strong></span> 
     </span>
    </p>
   </div>
   <div class='ocr_carea' id='block_1_65' title="bbox 2127 2041 3720 2114">
    <p class='ocr_par' dir='ltr' id='par_1_65' title="bbox 2127 2041 3720 2114">
     <span class='ocr_line' id='line_1_66' title="bbox 2127 2041 3720 2114; baseline 0.003 -17"><span class='ocrx_word' id='word_1_437' title='bbox 2127 2042 2360 2112; x_wconf 87' lang='lat' dir='ltr'><strong>requiris</strong></span> <span class='ocrx_word' id='word_1_438' title='bbox 2389 2043 2511 2111; x_wconf 89' lang='lat' dir='ltr'><strong>quis</strong></span> <span class='ocrx_word' id='word_1_439' title='bbox 2539 2042 2618 2097; x_wconf 90' lang='lat' dir='ltr'><strong>eis</strong></span> <span class='ocrx_word' id='word_1_440' title='bbox 2658 2041 2870 2096; x_wconf 89' lang='lat' dir='ltr'><strong>doctior</strong></span> <span class='ocrx_word' id='word_1_441' title='bbox 2915 2043 3010 2107; x_wconf 90' lang='lat' dir='ltr'><strong>sit,</strong></span> <span class='ocrx_word' id='word_1_442' title='bbox 3043 2053 3295 2113; x_wconf 89' lang='lat' dir='ltr'><strong>quartum</strong></span> <span class='ocrx_word' id='word_1_443' title='bbox 3328 2046 3518 2114; x_wconf 88' lang='lat' dir='ltr'><strong>procul</strong></span> <span class='ocrx_word' id='word_1_444' title='bbox 3547 2047 3720 2101; x_wconf 85' lang='lat' dir='ltr'><strong>dubio-</strong></span> 
     </span>
    </p>
   </div>
   <div class='ocr_carea' id='block_1_66' title="bbox 2128 2133 3710 2205">
    <p class='ocr_par' dir='ltr' id='par_1_66' title="bbox 2128 2133 3710 2205">
     <span class='ocr_line' id='line_1_67' title="bbox 2128 2133 3710 2205; baseline 0.003 -17"><span class='ocrx_word' id='word_1_445' title='bbox 2128 2134 2224 2188; x_wconf 91' lang='lat' dir='ltr'><strong>tibi</strong></span> <span class='ocrx_word' id='word_1_446' title='bbox 2255 2135 2403 2189; x_wconf 89' lang='lat' dir='ltr'><strong>reddi</strong></span> <span class='ocrx_word' id='word_1_447' title='bbox 2437 2133 2620 2203; x_wconf 77' lang='lat' dir='ltr'><strong>cupis’;</strong></span> <span class='ocrx_word' id='word_1_448' title='bbox 2670 2135 2754 2188; x_wconf 86' lang='lat' dir='ltr'><strong>sin</strong></span> <span class='ocrx_word' id='word_1_449' title='bbox 2784 2151 2884 2205; x_wconf 89' lang='lat' dir='ltr'><strong>per</strong></span> <span class='ocrx_word' id='word_1_450' title='bbox 2912 2137 3210 2205; x_wconf 82' lang='lat' dir='ltr'><strong>genitivum</strong></span> <span class='ocrx_word' id='word_1_451' title='bbox 3241 2137 3361 2205; x_wconf 91' lang='lat' dir='ltr'><strong>quis</strong></span> <span class='ocrx_word' id='word_1_452' title='bbox 3398 2151 3590 2191; x_wconf 90' lang='lat' dir='ltr'><strong>eorum</strong></span> <span class='ocrx_word' id='word_1_453' title='bbox 3637 2139 3710 2192; x_wconf 88' lang='lat' dir='ltr'><strong>sit</strong></span> 
     </span>
    </p>
   </div>
   <div class='ocr_carea' id='block_1_67' title="bbox 2126 2223 3706 2293">
    <p class='ocr_par' dir='ltr' id='par_1_67' title="bbox 2126 2223 3706 2293">
     <span class='ocr_line' id='line_1_68' title="bbox 2126 2223 3706 2293; baseline 0.001 -15"><span class='ocrx_word' id='word_1_454' title='bbox 2126 2224 2338 2279; x_wconf 90' lang='lat' dir='ltr'><strong>doctior</strong></span> <span class='ocrx_word' id='word_1_455' title='bbox 2370 2224 2693 2293; x_wconf 88' lang='lat' dir='ltr'><strong>investigas,</strong></span> <span class='ocrx_word' id='word_1_456' title='bbox 2734 2239 2900 2277; x_wconf 91' lang='lat' dir='ltr'><strong>unum</strong></span> <span class='ocrx_word' id='word_1_457' title='bbox 2950 2239 3016 2279; x_wconf 78' lang='lat' dir='ltr'><strong>ex</strong></span> <span class='ocrx_word' id='word_1_458' title='bbox 3063 2223 3150 2280; x_wconf 84' lang='lat' dir='ltr'><strong>his</strong></span> <span class='ocrx_word' id='word_1_459' title='bbox 3203 2226 3376 2281; x_wconf 91' lang='lat' dir='ltr'><strong>tribus</strong></span> <span class='ocrx_word' id='word_1_460' title='bbox 3405 2227 3706 2282; x_wconf 87' lang='lat' dir='ltr'><strong>doctiorem</strong></span> 
     </span>
    </p>
   </div>
   <div class='ocr_carea' id='block_1_68' title="bbox 2126 2315 3707 2384">
    <p class='ocr_par' dir='ltr' id='par_1_68' title="bbox 2126 2315 3707 2384">
     <span class='ocr_line' id='line_1_69' title="bbox 2126 2315 3707 2384; baseline 0.002 -14"><span class='ocrx_word' id='word_1_461' title='bbox 2126 2315 2270 2370; x_wconf 89' lang='lat' dir='ltr'><strong>scire</strong></span> <span class='ocrx_word' id='word_1_462' title='bbox 2298 2316 2595 2371; x_wconf 89' lang='lat' dir='ltr'><strong>desideras.</strong></span> <span class='ocrx_word' id='word_1_463' title='bbox 2626 2315 2918 2382; x_wconf 86' lang='lat' dir='ltr'><strong>Quocirca,</strong></span> <span class='ocrx_word' id='word_1_464' title='bbox 2953 2325 3009 2371; x_wconf 92' lang='lat' dir='ltr'><strong>ut</strong></span> <span class='ocrx_word' id='word_1_465' title='bbox 3043 2316 3183 2372; x_wconf 88' lang='lat' dir='ltr'><strong>idem</strong></span> <span class='ocrx_word' id='word_1_466' title='bbox 3217 2317 3408 2372; x_wconf 88' lang='lat' dir='ltr'><strong>doctor</strong></span> <span class='ocrx_word' id='word_1_467' title='bbox 3450 2319 3560 2384; x_wconf 91' lang='lat' dir='ltr'><strong>ait,</strong></span> <span class='ocrx_word' id='word_1_468' title='bbox 3585 2335 3707 2373; x_wconf 88' lang='lat' dir='ltr'><strong>cum</strong></span> 
     </span>
    </p>
   </div>
   <div class='ocr_carea' id='block_1_69' title="bbox 2129 2412 3709 2481">
    <p class='ocr_par' dir='ltr' id='par_1_69' title="bbox 2129 2412 3709 2481">
     <span class='ocr_line' id='line_1_70' title="bbox 2129 2412 3709 2481; baseline 0.001 -15"><span class='ocrx_word' id='word_1_469' title='bbox 2129 2412 2476 2467; x_wconf 86' lang='lat' dir='ltr'><strong>nominentur</strong></span> <span class='ocrx_word' id='word_1_470' title='bbox 2507 2421 2618 2467; x_wconf 88' lang='lat' dir='ltr'><strong>tres</strong></span> <span class='ocrx_word' id='word_1_471' title='bbox 2647 2412 2904 2478; x_wconf 85' lang='lat' dir='ltr'><strong>virtutes,</strong></span> <span class='ocrx_word' id='word_1_472' title='bbox 2935 2413 3086 2472; x_wconf 77' lang='lat' dir='ltr'><strong>fides.</strong></span> <span class='ocrx_word' id='word_1_473' title='bbox 3119 2427 3271 2481; x_wconf 91' lang='lat' dir='ltr'><strong>spes,</strong></span> <span class='ocrx_word' id='word_1_474' title='bbox 3301 2412 3566 2476; x_wconf 85' lang='lat' dir='ltr'><strong>charitas,</strong></span> <span class='ocrx_word' id='word_1_475' title='bbox 3596 2428 3709 2467; x_wconf 88' lang='lat' dir='ltr'><strong>me-</strong></span> 
     </span>
    </p>
   </div>
   <div class='ocr_carea' id='block_1_70' title="bbox 2129 2503 3712 2574">
    <p class='ocr_par' dir='ltr' id='par_1_70' title="bbox 2129 2503 3712 2574">
     <span class='ocr_line' id='line_1_71' title="bbox 2129 2503 3712 2574; baseline -0.001 -17"><span class='ocrx_word' id='word_1_476' title='bbox 2129 2503 2232 2559; x_wconf 91' lang='lat' dir='ltr'><strong>lius</strong></span> <span class='ocrx_word' id='word_1_477' title='bbox 2261 2513 2343 2559; x_wconf 88' lang='lat' dir='ltr'><strong>cst</strong></span> <span class='ocrx_word' id='word_1_478' title='bbox 2371 2505 2550 2560; x_wconf 90' lang='lat' dir='ltr'><strong>dicere</strong></span> <span class='ocrx_word' id='word_1_479' title='bbox 2574 2503 3105 2573; x_wconf 80' lang='lat' dir='ltr'><strong>neutraliter,major</strong></span> <span class='ocrx_word' id='word_1_480' title='bbox 3124 2505 3310 2557; x_wconf 85' lang='lat' dir='ltr'><strong>horum</strong></span> <span class='ocrx_word' id='word_1_481' title='bbox 3341 2519 3505 2572; x_wconf 88' lang='lat' dir='ltr'><strong>quam</strong></span> <span class='ocrx_word' id='word_1_482' title='bbox 3537 2503 3712 2574; x_wconf 79' lang='lat' dir='ltr'><strong>major</strong></span> 
     </span>
    </p>
   </div>
   <div class='ocr_carea' id='block_1_71' title="bbox 2127 2592 3706 2663">
    <p class='ocr_par' dir='ltr' id='par_1_71' title="bbox 2127 2592 3706 2663">
     <span class='ocr_line' id='line_1_72' title="bbox 2127 2592 3706 2663; baseline 0.001 -18"><span class='ocrx_word' id='word_1_483' title='bbox 2127 2594 2208 2648; x_wconf 88' lang='lat' dir='ltr'><strong>his</strong></span> <span class='ocrx_word' id='word_1_484' title='bbox 2229 2603 2303 2647; x_wconf 84' lang='lat' dir='ltr'><strong>est</strong></span> <span class='ocrx_word' id='word_1_485' title='bbox 2336 2593 2597 2657; x_wconf 88' lang='lat' dir='ltr'><strong>charitas,</strong></span> <span class='ocrx_word' id='word_1_486' title='bbox 2627 2603 2685 2648; x_wconf 92' lang='lat' dir='ltr'><strong>ut</strong></span> <span class='ocrx_word' id='word_1_487' title='bbox 2719 2609 2824 2648; x_wconf 91' lang='lat' dir='ltr'><strong>non</strong></span> <span class='ocrx_word' id='word_1_488' title='bbox 2850 2604 3104 2663; x_wconf 87' lang='lat' dir='ltr'><strong>quartum</strong></span> <span class='ocrx_word' id='word_1_489' title='bbox 3135 2592 3337 2662; x_wconf 89' lang='lat' dir='ltr'><strong>aliquid</strong></span> <span class='ocrx_word' id='word_1_490' title='bbox 3369 2593 3706 2657; x_wconf 85' lang='lat' dir='ltr'><strong>introducas,</strong></span> 
     </span>
    </p>
   </div>
   <div class='ocr_carea' id='block_1_72' title="bbox 2128 2681 3706 2753">
    <p class='ocr_par' dir='ltr' id='par_1_72' title="bbox 2128 2681 3706 2753">
     <span class='ocr_line' id='line_1_73' title="bbox 2128 2681 3706 2753; baseline 0 -17"><span class='ocrx_word' id='word_1_491' title='bbox 2128 2681 2222 2736; x_wconf 90' lang='lat' dir='ltr'><strong>sed</strong></span> <span class='ocrx_word' id='word_1_492' title='bbox 2274 2681 2327 2736; x_wconf 92' lang='lat' dir='ltr'><strong>in</strong></span> <span class='ocrx_word' id='word_1_493' title='bbox 2379 2681 2543 2736; x_wconf 89' lang='lat' dir='ltr'><strong>rebus</strong></span> <span class='ocrx_word' id='word_1_494' title='bbox 2582 2683 2876 2752; x_wconf 87' lang='lat' dir='ltr'><strong>pr0positis</strong></span> <span class='ocrx_word' id='word_1_495' title='bbox 2905 2683 3034 2753; x_wconf 89' lang='lat' dir='ltr'><strong>quid</strong></span> <span class='ocrx_word' id='word_1_496' title='bbox 3086 2682 3260 2753; x_wconf 84' lang='lat' dir='ltr'><strong>majus</strong></span> <span class='ocrx_word' id='word_1_497' title='bbox 3309 2682 3381 2737; x_wconf 89' lang='lat' dir='ltr'><strong>sit</strong></span> <span class='ocrx_word' id='word_1_498' title='bbox 3429 2697 3706 2738; x_wconf 88' lang='lat' dir='ltr'><strong>secernas.</strong></span> 
     </span>
    </p>
   </div>
   <div class='ocr_carea' id='block_1_73' title="bbox 2131 2770 3708 2845">
    <p class='ocr_par' dir='ltr' id='par_1_73' title="bbox 2131 2770 3708 2845">
     <span class='ocr_line' id='line_1_74' title="bbox 2131 2770 3708 2845; baseline 0.002 -19"><span class='ocrx_word' id='word_1_499' title='bbox 2131 2770 2282 2826; x_wconf 88' lang='lat' dir='ltr'><strong>Unde</strong></span> <span class='ocrx_word' id='word_1_500' title='bbox 2327 2771 2625 2826; x_wconf 82' lang='lat' dir='ltr'><strong>Martianus</strong></span> <span class='ocrx_word' id='word_1_501' title='bbox 2674 2773 2728 2827; x_wconf 89' lang='lat' dir='ltr'><strong>in</strong></span> <span class='ocrx_word' id='word_1_502' title='bbox 2764 2773 3076 2845; x_wconf 84' lang='lat' dir='ltr'><strong>Philologiae</strong></span> <span class='ocrx_word' id='word_1_503' title='bbox 3105 2773 3338 2845; x_wconf 84' lang='lat' dir='ltr'><strong>Nuptiis,</strong></span> <span class='ocrx_word' id='word_1_504' title='bbox 3369 2775 3545 2844; x_wconf 83' lang='lat' dir='ltr'><strong>major</strong></span> <span class='ocrx_word' id='word_1_505' title='bbox 3577 2774 3708 2844; x_wconf 75' lang='lat' dir='ltr'><strong>ﬁlio-</strong></span> 
     </span>
    </p>
   </div>
   <div class='ocr_carea' id='block_1_74' title="bbox 2131 2865 2779 2937">
    <p class='ocr_par' dir='ltr' id='par_1_74' title="bbox 2131 2865 2779 2937">
     <span class='ocr_line' id='line_1_75' title="bbox 2131 2865 2779 2937; baseline 0.003 -19"><span class='ocrx_word' id='word_1_506' title='bbox 2131 2882 2248 2919; x_wconf 89' lang='lat' dir='ltr'><strong>rum</strong></span> <span class='ocrx_word' id='word_1_507' title='bbox 2285 2865 2554 2935; x_wconf 76' lang='lat' dir='ltr'><strong>Prognaes,</strong></span> <span class='ocrx_word' id='word_1_508' title='bbox 2588 2867 2779 2937; x_wconf 84' lang='lat' dir='ltr'><strong>inquit.</strong></span> 
     </span>
    </p>
   </div>
   <div class='ocr_carea' id='block_1_75' title="bbox 2200 2955 3708 3027">
    <p class='ocr_par' dir='ltr' id='par_1_75' title="bbox 2200 2955 3708 3027">
     <span class='ocr_line' id='line_1_76' title="bbox 2200 2955 3708 3027; baseline -0.001 -17"><span class='ocrx_word' id='word_1_509' title='bbox 2200 2956 2254 3010; x_wconf 73' lang='lat' dir='ltr'><strong>lu</strong></span> <span class='ocrx_word' id='word_1_510' title='bbox 2284 2971 2371 3010; x_wconf 68' lang='lat' dir='ltr'><strong>ne:</strong></span> <span class='ocrx_word' id='word_1_511' title='bbox 2397 2955 2713 3022; x_wconf 72' lang='lat' dir='ltr'><strong>PALINODIA,</strong></span> <span class='ocrx_word' id='word_1_512' title='bbox 2747 2972 2906 3026; x_wconf 87' lang='lat' dir='ltr'><strong>quam</strong></span> <span class='ocrx_word' id='word_1_513' title='bbox 2937 2957 3236 3027; x_wconf 84' lang='lat' dir='ltr'><strong>composuit</strong></span> <span class='ocrx_word' id='word_1_514' title='bbox 3257 2958 3497 3014; x_wconf 81' lang='lat' dir='ltr'><strong>Hilarius</strong></span> <span class='ocrx_word' id='word_1_515' title='bbox 3533 2957 3708 3012; x_wconf 84' lang='lat' dir='ltr'><strong>Picta-</strong></span> 
     </span>
    </p>
   </div>
   <div class='ocr_carea' id='block_1_76' title="bbox 1250 3011 3704 3118">
    <p class='ocr_par' dir='ltr' id='par_1_76' title="bbox 1250 3011 3704 3118">
     <span class='ocr_line' id='line_1_77' title="bbox 1250 3011 3704 3118; baseline 0.002 -20"><span class='ocrx_word' id='word_1_516' title='bbox 1250 3011 1624 3118; x_wconf 45' lang='grc' dir='ltr'><strong>ᾳξδξηξάίζνωζ</strong></span> <span class='ocrx_word' id='word_1_517' title='bbox 1673 3013 1730 3067; x_wconf 68' lang='lat' dir='ltr'><strong>In</strong></span> <span class='ocrx_word' id='word_1_518' title='bbox 1783 3031 1845 3068; x_wconf 77' lang='grc'><strong><em>⁰⁷</em></strong></span> <span class='ocrx_word' id='word_1_519' title='bbox 1891 3029 2020 3118; x_wconf 29' lang='lat' dir='ltr'><strong>rem</strong></span> <span class='ocrx_word' id='word_1_520' title='bbox 2050 3043 2096 3106; x_wconf 88' lang='lat' dir='ltr'><strong><em>C</em></strong></span> <span class='ocrx_word' id='word_1_521' title='bbox 2130 3047 2312 3101; x_wconf 88' lang='lat' dir='ltr'><strong>vcnsis</strong></span> <span class='ocrx_word' id='word_1_522' title='bbox 2340 3047 2622 3117; x_wconf 90' lang='lat' dir='ltr'><strong>episcopus</strong></span> <span class='ocrx_word' id='word_1_523' title='bbox 2645 3089 2658 3111; x_wconf 94' lang='lat'><strong>,</strong></span> <span class='ocrx_word' id='word_1_524' title='bbox 2693 3061 2799 3101; x_wconf 91' lang='lat' dir='ltr'><strong>non</strong></span> <span class='ocrx_word' id='word_1_525' title='bbox 2831 3046 2984 3114; x_wconf 80' lang='lat' dir='ltr'><strong>juxta</strong></span> <span class='ocrx_word' id='word_1_526' title='bbox 3026 3049 3380 3118; x_wconf 86' lang='lat' dir='ltr'><strong>quorumdam</strong></span> <span class='ocrx_word' id='word_1_527' title='bbox 3430 3049 3704 3118; x_wconf 90' lang='lat' dir='ltr'><strong>imperito-</strong></span> 
     </span>
    </p>
   </div>
   <div class='ocr_carea' id='block_1_77' title="bbox 2133 3137 3706 3208">
    <p class='ocr_par' dir='ltr' id='par_1_77' title="bbox 2133 3137 3706 3208">
     <span class='ocr_line' id='line_1_78' title="bbox 2133 3137 3706 3208; baseline 0.002 -19"><span class='ocrx_word' id='word_1_528' title='bbox 2133 3152 2249 3189; x_wconf 91' lang='lat' dir='ltr'><strong>rum</strong></span> <span class='ocrx_word' id='word_1_529' title='bbox 2276 3150 2515 3191; x_wconf 86' lang='lat' dir='ltr'><strong>errorem</strong></span> <span class='ocrx_word' id='word_1_530' title='bbox 2547 3137 2868 3206; x_wconf 84' lang='lat' dir='ltr'><strong>suscepistis,</strong></span> <span class='ocrx_word' id='word_1_531' title='bbox 2913 3138 3006 3192; x_wconf 85' lang='lat' dir='ltr'><strong>sed</strong></span> <span class='ocrx_word' id='word_1_532' title='bbox 3055 3138 3232 3208; x_wconf 90' lang='lat' dir='ltr'><strong>potius</strong></span> <span class='ocrx_word' id='word_1_533' title='bbox 3259 3149 3594 3208; x_wconf 82' lang='lat' dir='ltr'><strong>suscepturus</strong></span> <span class='ocrx_word' id='word_1_534' title='bbox 3637 3138 3706 3192; x_wconf 70' lang='grc' dir='ltr'><strong>ιθ-</strong></span> 
     </span>
    </p>
   </div>
   <div class='ocr_carea' id='block_1_78' title="bbox 2130 3225 3703 3299">
    <p class='ocr_par' dir='ltr' id='par_1_78' title="bbox 2130 3225 3703 3299">
     <span class='ocr_line' id='line_1_79' title="bbox 2130 3225 3703 3299; baseline 0.002 -21"><span class='ocrx_word' id='word_1_535' title='bbox 2130 3225 2360 3296; x_wconf 87' lang='lat' dir='ltr'><strong>gendum</strong></span> <span class='ocrx_word' id='word_1_536' title='bbox 2384 3235 2465 3281; x_wconf 83' lang='lat' dir='ltr'><strong>est</strong></span> <span class='ocrx_word' id='word_1_537' title='bbox 2489 3244 2504 3282; x_wconf 87' lang='lat'><strong>:</strong></span> <span class='ocrx_word' id='word_1_538' title='bbox 2531 3225 2608 3282; x_wconf 85' lang='lat' dir='ltr'><strong>Tu</strong></span> <span class='ocrx_word' id='word_1_539' title='bbox 2632 3227 2702 3281; x_wconf 90' lang='lat' dir='ltr'><strong>ad</strong></span> <span class='ocrx_word' id='word_1_540' title='bbox 2723 3225 3047 3282; x_wconf 86' lang='lat' dir='ltr'><strong>liberandum</strong></span> <span class='ocrx_word' id='word_1_541' title='bbox 3072 3238 3405 3299; x_wconf 84' lang='lat' dir='ltr'><strong>suscepturus</strong></span> <span class='ocrx_word' id='word_1_542' title='bbox 3427 3229 3703 3283; x_wconf 86' lang='lat' dir='ltr'><strong>hominem.</strong></span> 
     </span>
    </p>
   </div>
   <div class='ocr_carea' id='block_1_79' title="bbox 2132 3317 3706 3391">
    <p class='ocr_par' dir='ltr' id='par_1_79' title="bbox 2132 3317 3706 3391">
     <span class='ocr_line' id='line_1_80' title="bbox 2132 3317 3706 3391; baseline 0.001 -20"><span class='ocrx_word' id='word_1_543' title='bbox 2132 3317 2369 3372; x_wconf 84' lang='lat' dir='ltr'><strong>Futurus</strong></span> <span class='ocrx_word' id='word_1_544' title='bbox 2390 3319 2532 3374; x_wconf 89' lang='lat' dir='ltr'><strong>enim</strong></span> <span class='ocrx_word' id='word_1_545' title='bbox 2560 3319 2825 3388; x_wconf 88' lang='lat' dir='ltr'><strong>participii</strong></span> <span class='ocrx_word' id='word_1_546' title='bbox 2864 3320 3046 3382; x_wconf 83' lang='lat' dir='ltr'><strong>activi,</strong></span> <span class='ocrx_word' id='word_1_547' title='bbox 3078 3337 3200 3374; x_wconf 89' lang='lat' dir='ltr'><strong>cum</strong></span> <span class='ocrx_word' id='word_1_548' title='bbox 3238 3321 3475 3389; x_wconf 84' lang='lat' dir='ltr'><strong>ejusdem</strong></span> <span class='ocrx_word' id='word_1_549' title='bbox 3508 3321 3706 3391; x_wconf 82' lang='lat' dir='ltr'><strong>signiti-</strong></span> 
     </span>
    </p>
   </div>
   <div class='ocr_carea' id='block_1_80' title="bbox 2130 3410 3703 3479">
    <p class='ocr_par' dir='ltr' id='par_1_80' title="bbox 2130 3410 3703 3479">
     <span class='ocr_line' id='line_1_81' title="bbox 2130 3410 3703 3479; baseline 0 -15"><span class='ocrx_word' id='word_1_550' title='bbox 2130 3411 2360 3466; x_wconf 89' lang='lat' dir='ltr'><strong>cationis</strong></span> <span class='ocrx_word' id='word_1_551' title='bbox 2388 3410 2556 3466; x_wconf 88' lang='lat' dir='ltr'><strong>verbo</strong></span> <span class='ocrx_word' id='word_1_552' title='bbox 2579 3410 2818 3479; x_wconf 87' lang='lat' dir='ltr'><strong>junctus,</strong></span> <span class='ocrx_word' id='word_1_553' title='bbox 2866 3411 3104 3479; x_wconf 81' lang='lat' dir='ltr'><strong>suggerit</strong></span> <span class='ocrx_word' id='word_1_554' title='bbox 3148 3411 3591 3478; x_wconf 85' lang='lat' dir='ltr'><strong>consequentiam</strong></span> <span class='ocrx_word' id='word_1_555' title='bbox 3620 3427 3703 3465; x_wconf 90' lang='lat' dir='ltr'><strong>cu-</strong></span> 
     </span>
    </p>
   </div>
   <div class='ocr_carea' id='block_1_81' title="bbox 2123 3499 3701 3572">
    <p class='ocr_par' dir='ltr' id='par_1_81' title="bbox 2123 3499 3701 3572">
     <span class='ocr_line' id='line_1_82' title="bbox 2123 3499 3701 3572; baseline -0.004 -15"><span class='ocrx_word' id='word_1_556' title='bbox 2123 3502 2338 3572; x_wconf 90' lang='lat' dir='ltr'><strong>jusdam</strong></span> <span class='ocrx_word' id='word_1_557' title='bbox 2399 3501 2810 3570; x_wconf 87' lang='lat' dir='ltr'><strong>competetentis</strong></span> <span class='ocrx_word' id='word_1_558' title='bbox 2859 3501 3065 3555; x_wconf 85' lang='lat' dir='ltr'><strong>ordinis</strong></span> <span class='ocrx_word' id='word_1_559' title='bbox 3121 3499 3578 3563; x_wconf 85' lang='lat' dir='ltr'><strong>conditionaliter,</strong></span> <span class='ocrx_word' id='word_1_560' title='bbox 3647 3510 3701 3550; x_wconf 88' lang='lat' dir='ltr'><strong>ut</strong></span> 
     </span>
    </p>
   </div>
   <div class='ocr_carea' id='block_1_82' title="bbox 2131 3589 3700 3663">
    <p class='ocr_par' dir='ltr' id='par_1_82' title="bbox 2131 3589 3700 3663">
     <span class='ocr_line' id='line_1_83' title="bbox 2131 3589 3700 3663; baseline -0.001 -17"><span class='ocrx_word' id='word_1_561' title='bbox 2131 3594 2217 3647; x_wconf 88' lang='lat' dir='ltr'><strong>vix</strong></span> <span class='ocrx_word' id='word_1_562' title='bbox 2253 3591 2510 3663; x_wconf 88' lang='lat' dir='ltr'><strong>possibile</strong></span> <span class='ocrx_word' id='word_1_563' title='bbox 2533 3591 2605 3646; x_wconf 88' lang='lat' dir='ltr'><strong>sit</strong></span> <span class='ocrx_word' id='word_1_564' title='bbox 2630 3591 2857 3647; x_wconf 87' lang='lat' dir='ltr'><strong>alterum</strong></span> <span class='ocrx_word' id='word_1_565' title='bbox 2889 3591 3003 3646; x_wconf 75' lang='lat' dir='ltr'><strong>fieri</strong></span> <span class='ocrx_word' id='word_1_566' title='bbox 3035 3634 3048 3656; x_wconf 91' lang='lat'><strong>,</strong></span> <span class='ocrx_word' id='word_1_567' title='bbox 3084 3591 3185 3645; x_wconf 91' lang='lat' dir='ltr'><strong>nisi</strong></span> <span class='ocrx_word' id='word_1_568' title='bbox 3218 3589 3446 3644; x_wconf 89' lang='lat' dir='ltr'><strong>alterum</strong></span> <span class='ocrx_word' id='word_1_569' title='bbox 3477 3605 3700 3660; x_wconf 82' lang='lat' dir='ltr'><strong>praeces-</strong></span> 
     </span>
    </p>
   </div>
   <div class='ocr_carea' id='block_1_83' title="bbox 2127 3682 3703 3753">
    <p class='ocr_par' dir='ltr' id='par_1_83' title="bbox 2127 3682 3703 3753">
     <span class='ocr_line' id='line_1_84' title="bbox 2127 3682 3703 3753; baseline -0.002 -14"><span class='ocrx_word' id='word_1_570' title='bbox 2127 3686 2276 3740; x_wconf 86' lang='lat' dir='ltr'><strong>serit.</strong></span> <span class='ocrx_word' id='word_1_571' title='bbox 2304 3685 2393 3749; x_wconf 91' lang='lat' dir='ltr'><strong>Ut,</strong></span> <span class='ocrx_word' id='word_1_572' title='bbox 2413 3685 2728 3738; x_wconf 77' lang='lat' dir='ltr'><strong>Visitaturus</strong></span> <span class='ocrx_word' id='word_1_573' title='bbox 2751 3684 2940 3752; x_wconf 73' lang='lat' dir='ltr'><strong>fratres</strong></span> <span class='ocrx_word' id='word_1_574' title='bbox 2971 3683 3240 3752; x_wconf 82' lang='lat' dir='ltr'><strong>Anglicas,</strong></span> <span class='ocrx_word' id='word_1_575' title='bbox 3285 3682 3402 3749; x_wconf 89' lang='lat' dir='ltr'><strong>0s.,</strong></span> <span class='ocrx_word' id='word_1_576' title='bbox 3453 3684 3703 3753; x_wconf 84' lang='lat' dir='ltr'><strong>archiepi-</strong></span> 
     </span>
    </p>
   </div>
   <div class='ocr_carea' id='block_1_84' title="bbox 2125 3775 3351 3846">
    <p class='ocr_par' dir='ltr' id='par_1_84' title="bbox 2125 3775 3351 3846">
     <span class='ocr_line' id='line_1_85' title="bbox 2125 3775 3351 3846; baseline -0.002 -17"><span class='ocrx_word' id='word_1_577' title='bbox 2125 3792 2360 3843; x_wconf 87' lang='lat' dir='ltr'><strong>scopum,</strong></span> <span class='ocrx_word' id='word_1_578' title='bbox 2391 3791 2493 3828; x_wconf 90' lang='lat' dir='ltr'><strong>nou</strong></span> <span class='ocrx_word' id='word_1_579' title='bbox 2515 3775 2695 3828; x_wconf 88' lang='lat' dir='ltr'><strong>horrui</strong></span> <span class='ocrx_word' id='word_1_580' title='bbox 2719 3775 2880 3828; x_wconf 85' lang='lat' dir='ltr'><strong>maris</strong></span> <span class='ocrx_word' id='word_1_581' title='bbox 2907 3775 3217 3846; x_wconf 85' lang='lat' dir='ltr'><strong>periculum,</strong></span> <span class='ocrx_word' id='word_1_582' title='bbox 3246 3784 3351 3830; x_wconf 91' lang='lat' dir='ltr'><strong>etc.</strong></span> 
     </span>
    </p>
   </div>
   <div class='ocr_carea' id='block_1_85' title="bbox 2195 3865 3704 3938">
    <p class='ocr_par' dir='ltr' id='par_1_85' title="bbox 2195 3865 3704 3938">
     <span class='ocr_line' id='line_1_86' title="bbox 2195 3865 3704 3938; baseline -0.001 -16"><span class='ocrx_word' id='word_1_583' title='bbox 2195 3867 2286 3922; x_wconf 75' lang='lat'><strong>20.</strong></span> <span class='ocrx_word' id='word_1_584' title='bbox 2321 3866 2435 3938; x_wconf 66' lang='grc'><strong>(54)</strong></span> <span class='ocrx_word' id='word_1_585' title='bbox 2473 3865 2625 3922; x_wconf 91' lang='lat' dir='ltr'><strong>Sicut</strong></span> <span class='ocrx_word' id='word_1_586' title='bbox 2689 3865 2917 3922; x_wconf 89' lang='lat' dir='ltr'><strong>lustrum</strong></span> <span class='ocrx_word' id='word_1_587' title='bbox 2963 3868 3245 3922; x_wconf 90' lang='lat' dir='ltr'><strong>dicebatur</strong></span> <span class='ocrx_word' id='word_1_588' title='bbox 3282 3867 3522 3937; x_wconf 89' lang='lat' dir='ltr'><strong>spatium</strong></span> <span class='ocrx_word' id='word_1_589' title='bbox 3553 3869 3704 3937; x_wconf 88' lang='lat' dir='ltr'><strong>quiu-</strong></span> 
     </span>
    </p>
   </div>
   <div class='ocr_carea' id='block_1_86' title="bbox 2129 3956 3699 4030">
    <p class='ocr_par' dir='ltr' id='par_1_86' title="bbox 2129 3956 3699 4030">
     <span class='ocr_line' id='line_1_87' title="bbox 2129 3956 3699 4030; baseline -0.003 -16"><span class='ocrx_word' id='word_1_590' title='bbox 2129 3975 2234 4030; x_wconf 91' lang='lat' dir='ltr'><strong>que</strong></span> <span class='ocrx_word' id='word_1_591' title='bbox 2269 3974 2553 4022; x_wconf 88' lang='lat' dir='ltr'><strong>annormn,</strong></span> <span class='ocrx_word' id='word_1_592' title='bbox 2584 3972 2692 4026; x_wconf 90' lang='lat' dir='ltr'><strong>quo</strong></span> <span class='ocrx_word' id='word_1_593' title='bbox 2722 3958 3058 4012; x_wconf 87' lang='lat' dir='ltr'><strong>lustrabatur</strong></span> <span class='ocrx_word' id='word_1_594' title='bbox 3081 3959 3242 4024; x_wconf 86' lang='lat' dir='ltr'><strong>urbs,</strong></span> <span class='ocrx_word' id='word_1_595' title='bbox 3274 3968 3327 4012; x_wconf 88' lang='lat' dir='ltr'><strong>et</strong></span> <span class='ocrx_word' id='word_1_596' title='bbox 3360 3958 3428 4011; x_wconf 92' lang='lat' dir='ltr'><strong>ab</strong></span> <span class='ocrx_word' id='word_1_597' title='bbox 3453 3956 3699 4011; x_wconf 88' lang='lat' dir='ltr'><strong>omnibus</strong></span> 
     </span>
    </p>
   </div>
   <div class='ocr_carea' id='block_1_87' title="bbox 2130 4046 3704 4116">
    <p class='ocr_par' dir='ltr' id='par_1_87' title="bbox 2130 4046 3704 4116">
     <span class='ocr_line' id='line_1_88' title="bbox 2130 4046 3704 4116; baseline -0.003 -14"><span class='ocrx_word' id='word_1_598' title='bbox 2130 4049 2379 4116; x_wconf 83' lang='lat' dir='ltr'><strong>gentibus</strong></span> <span class='ocrx_word' id='word_1_599' title='bbox 2432 4048 2746 4103; x_wconf 86' lang='lat' dir='ltr'><strong>solvebatur</strong></span> <span class='ocrx_word' id='word_1_600' title='bbox 2786 4047 3074 4113; x_wconf 89' lang='lat' dir='ltr'><strong>tributum,</strong></span> <span class='ocrx_word' id='word_1_601' title='bbox 3106 4048 3181 4101; x_wconf 87' lang='lat' dir='ltr'><strong>ita</strong></span> <span class='ocrx_word' id='word_1_602' title='bbox 3231 4046 3394 4101; x_wconf 89' lang='lat' dir='ltr'><strong>etiam</strong></span> <span class='ocrx_word' id='word_1_603' title='bbox 3443 4046 3704 4116; x_wconf 81' lang='lat' dir='ltr'><strong>Olympias</strong></span> 
     </span>
    </p>
   </div>
   <div class='ocr_carea' id='block_1_88' title="bbox 2127 4142 3702 4212">
    <p class='ocr_par' dir='ltr' id='par_1_88' title="bbox 2127 4142 3702 4212">
     <span class='ocr_line' id='line_1_89' title="bbox 2127 4142 3702 4212; baseline -0.003 -16"><span class='ocrx_word' id='word_1_604' title='bbox 2127 4143 2326 4196; x_wconf 85' lang='lat' dir='ltr'><strong>dicitur</strong></span> <span class='ocrx_word' id='word_1_605' title='bbox 2365 4143 2599 4211; x_wconf 89' lang='lat' dir='ltr'><strong>spatium</strong></span> <span class='ocrx_word' id='word_1_606' title='bbox 2631 4151 2864 4211; x_wconf 88' lang='lat' dir='ltr'><strong>quatuor</strong></span> <span class='ocrx_word' id='word_1_607' title='bbox 2894 4158 3190 4209; x_wconf 87' lang='lat' dir='ltr'><strong>annorum,</strong></span> <span class='ocrx_word' id='word_1_608' title='bbox 3233 4143 3376 4212; x_wconf 89' lang='lat' dir='ltr'><strong>quod</strong></span> <span class='ocrx_word' id='word_1_609' title='bbox 3429 4142 3702 4196; x_wconf 88' lang='lat' dir='ltr'><strong>inventum</strong></span> 
     </span>
    </p>
   </div>
   <div class='ocr_carea' id='block_1_89' title="bbox 2131 4231 3709 4304">
    <p class='ocr_par' dir='ltr' id='par_1_89' title="bbox 2131 4231 3709 4304">
     <span class='ocr_line' id='line_1_90' title="bbox 2131 4231 3709 4304; baseline -0.005 -14"><span class='ocrx_word' id='word_1_610' title='bbox 2131 4235 2461 4303; x_wconf 89' lang='lat' dir='ltr'><strong>temporibus</strong></span> <span class='ocrx_word' id='word_1_611' title='bbox 2491 4234 2636 4289; x_wconf 62' lang='lat' dir='ltr'><strong>Ozias</strong></span> <span class='ocrx_word' id='word_1_612' title='bbox 2663 4233 2962 4288; x_wconf 85' lang='lat' dir='ltr'><strong>sacerdOtis</strong></span> <span class='ocrx_word' id='word_1_613' title='bbox 2989 4234 3262 4304; x_wconf 76' lang='lat' dir='ltr'><strong>exigebat,</strong></span> <span class='ocrx_word' id='word_1_614' title='bbox 3292 4241 3352 4286; x_wconf 90' lang='lat' dir='ltr'><strong>ut</strong></span> <span class='ocrx_word' id='word_1_615' title='bbox 3395 4232 3500 4287; x_wconf 85' lang='lat' dir='ltr'><strong>hoc</strong></span> <span class='ocrx_word' id='word_1_616' title='bbox 3537 4231 3709 4301; x_wconf 87' lang='lat' dir='ltr'><strong>spatio</strong></span> 
     </span>
    </p>
   </div>
   <div class='ocr_carea' id='block_1_90' title="bbox 2130 4321 3707 4396">
    <p class='ocr_par' dir='ltr' id='par_1_90' title="bbox 2130 4321 3707 4396">
     <span class='ocr_line' id='line_1_91' title="bbox 2130 4321 3707 4396; baseline -0.004 -16"><span class='ocrx_word' id='word_1_617' title='bbox 2130 4337 2348 4396; x_wconf 85' lang='lat' dir='ltr'><strong>peracto</strong></span> <span class='ocrx_word' id='word_1_618' title='bbox 2393 4327 2663 4382; x_wconf 87' lang='lat' dir='ltr'><strong>solverent</strong></span> <span class='ocrx_word' id='word_1_619' title='bbox 2715 4325 2871 4380; x_wconf 90' lang='lat' dir='ltr'><strong>ludos</strong></span> <span class='ocrx_word' id='word_1_620' title='bbox 2923 4324 3043 4379; x_wconf 82' lang='lat' dir='ltr'><strong>Jovi</strong></span> <span class='ocrx_word' id='word_1_621' title='bbox 3109 4324 3396 4395; x_wconf 77' lang='lat' dir='ltr'><strong>Olympico.</strong></span> <span class='ocrx_word' id='word_1_622' title='bbox 3454 4321 3608 4376; x_wconf 90' lang='lat' dir='ltr'><strong>Unde</strong></span> <span class='ocrx_word' id='word_1_623' title='bbox 3655 4329 3707 4374; x_wconf 88' lang='lat' dir='ltr'><strong>et</strong></span> 
     </span>
    </p>
   </div>
   <div class='ocr_carea' id='block_1_91' title="bbox 449 4393 2023 4485">
    <p class='ocr_par' dir='ltr' id='par_1_91' title="bbox 449 4397 2023 4464">
     <span class='ocr_line' id='line_1_92' title="bbox 449 4397 2023 4464; baseline 0.004 -13"><span class='ocrx_word' id='word_1_624' title='bbox 449 4397 751 4453; x_wconf 84' lang='lat' dir='ltr'><strong>scribenda.</strong></span> <span class='ocrx_word' id='word_1_625' title='bbox 795 4397 890 4463; x_wconf 86' lang='lat' dir='ltr'><strong>Os,</strong></span> <span class='ocrx_word' id='word_1_626' title='bbox 923 4400 1084 4460; x_wconf 87' lang='lat' dir='ltr'><strong>ossis,</strong></span> <span class='ocrx_word' id='word_1_627' title='bbox 1126 4409 1180 4453; x_wconf 90' lang='lat' dir='ltr'><strong>et</strong></span> <span class='ocrx_word' id='word_1_628' title='bbox 1207 4416 1381 4453; x_wconf 84' lang='lat' dir='ltr'><strong>ossum</strong></span> <span class='ocrx_word' id='word_1_629' title='bbox 1406 4442 1419 4460; x_wconf 88' lang='lat'><strong>,</strong></span> <span class='ocrx_word' id='word_1_630' title='bbox 1455 4403 1578 4464; x_wconf 86' lang='lat' dir='ltr'><strong>ossi,</strong></span> <span class='ocrx_word' id='word_1_631' title='bbox 1620 4403 2023 4457; x_wconf 88' lang='lat' dir='ltr'><strong>declinaverunt</strong></span> 
     </span>
    </p>
   </div>
   <div class='ocr_carea' id='block_1_92' title="bbox 2134 4393 3704 4485">
    <p class='ocr_par' dir='ltr' id='par_1_92' title="bbox 2135 4411 3704 4485">
     <span class='ocr_line' id='line_1_93' title="bbox 2135 4411 3704 4485; baseline -0.005 -13"><span class='ocrx_word' id='word_1_632' title='bbox 2135 4421 2392 4473; x_wconf 89' lang='lat' dir='ltr'><strong>Dominus</strong></span> <span class='ocrx_word' id='word_1_633' title='bbox 2419 4416 2592 4472; x_wconf 84' lang='lat' dir='ltr'><strong>lertur</strong></span> <span class='ocrx_word' id='word_1_634' title='bbox 2623 4418 2917 4472; x_wconf 87' lang='lat' dir='ltr'><strong>centesima</strong></span> <span class='ocrx_word' id='word_1_635' title='bbox 2965 4417 3315 4485; x_wconf 79' lang='lat' dir='ltr'><strong>nonagesima</strong></span> <span class='ocrx_word' id='word_1_636' title='bbox 3344 4415 3502 4468; x_wconf 89' lang='lat' dir='ltr'><strong>tertia</strong></span> <span class='ocrx_word' id='word_1_637' title='bbox 3533 4411 3704 4483; x_wconf 77' lang='lat' dir='ltr'><strong>olym-</strong></span> 
     </span>
    </p>
   </div>
   <div class='ocr_carea' id='block_1_93' title="bbox 451 4488 2024 4564">
    <p class='ocr_par' dir='ltr' id='par_1_93' title="bbox 451 4488 2024 4564">
     <span class='ocr_line' id='line_1_94' title="bbox 451 4488 2024 4564; baseline 0.006 -25"><span class='ocrx_word' id='word_1_638' title='bbox 451 4488 682 4557; x_wconf 81' lang='lat' dir='ltr'><strong>antiqui,</strong></span> <span class='ocrx_word' id='word_1_639' title='bbox 715 4497 768 4542; x_wconf 88' lang='lat' dir='ltr'><strong>et</strong></span> <span class='ocrx_word' id='word_1_640' title='bbox 807 4489 923 4542; x_wconf 87' lang='lat' dir='ltr'><strong>ideo</strong></span> <span class='ocrx_word' id='word_1_641' title='bbox 959 4498 1016 4542; x_wconf 91' lang='lat' dir='ltr'><strong>ut</strong></span> <span class='ocrx_word' id='word_1_642' title='bbox 1051 4491 1121 4544; x_wconf 88' lang='lat' dir='ltr'><strong>sit</strong></span> <span class='ocrx_word' id='word_1_643' title='bbox 1159 4489 1461 4544; x_wconf 69' lang='lat' dir='ltr'><strong>differentia</strong></span> <span class='ocrx_word' id='word_1_644' title='bbox 1509 4492 1797 4561; x_wconf 84' lang='lat' dir='ltr'><strong>singularis</strong></span> <span class='ocrx_word' id='word_1_645' title='bbox 1825 4502 1878 4548; x_wconf 91' lang='lat' dir='ltr'><strong>ct</strong></span> <span class='ocrx_word' id='word_1_646' title='bbox 1907 4495 2024 4564; x_wconf 87' lang='lat' dir='ltr'><strong>plu-</strong></span> 
     </span>
    </p>
   </div>
   <div class='ocr_carea' id='block_1_94' title="bbox 452 4575 2023 4646">
    <p class='ocr_par' dir='ltr' id='par_1_94' title="bbox 452 4575 2023 4646">
     <span class='ocr_line' id='line_1_95' title="bbox 452 4575 2023 4646; baseline 0.006 -18"><span class='ocrx_word' id='word_1_647' title='bbox 452 4575 584 4630; x_wconf 88' lang='lat' dir='ltr'><strong>ralis</strong></span> <span class='ocrx_word' id='word_1_648' title='bbox 635 4578 875 4638; x_wconf 86' lang='lat' dir='ltr'><strong>muneri.</strong></span> <span class='ocrx_word' id='word_1_649' title='bbox 934 4593 1032 4646; x_wconf 89' lang='lat' dir='ltr'><strong>per</strong></span> <span class='ocrx_word' id='word_1_650' title='bbox 1081 4581 1186 4633; x_wconf 92' lang='lat' dir='ltr'><strong>duo</strong></span> <span class='ocrx_word' id='word_1_651' title='bbox 1228 4597 1260 4631; x_wconf 91' lang='lat' dir='ltr'><strong>u</strong></span> <span class='ocrx_word' id='word_1_652' title='bbox 1309 4581 1556 4636; x_wconf 87' lang='lat' dir='ltr'><strong>scribunt</strong></span> <span class='ocrx_word' id='word_1_653' title='bbox 1612 4582 1877 4637; x_wconf 83' lang='lat' dir='ltr'><strong>moderni.</strong></span> <span class='ocrx_word' id='word_1_654' title='bbox 1915 4582 2023 4637; x_wconf 86' lang='lat' dir='ltr'><strong>Nec</strong></span> 
     </span>
    </p>
   </div>
   <div class='ocr_carea' id='block_1_95' title="bbox 449 4665 2022 4738">
    <p class='ocr_par' dir='ltr' id='par_1_95' title="bbox 449 4665 2022 4738">
     <span class='ocr_line' id='line_1_96' title="bbox 449 4665 2022 4738; baseline 0.006 -22"><span class='ocrx_word' id='word_1_655' title='bbox 449 4665 644 4719; x_wconf 88' lang='lat' dir='ltr'><strong>mirum</strong></span> <span class='ocrx_word' id='word_1_656' title='bbox 685 4682 807 4721; x_wconf 91' lang='lat' dir='ltr'><strong>cum</strong></span> <span class='ocrx_word' id='word_1_657' title='bbox 845 4667 1103 4738; x_wconf 76' lang='lat' dir='ltr'><strong>Virgilius</strong></span> <span class='ocrx_word' id='word_1_658' title='bbox 1156 4669 1268 4724; x_wconf 87' lang='lat' dir='ltr'><strong>sola</strong></span> <span class='ocrx_word' id='word_1_659' title='bbox 1315 4685 1474 4724; x_wconf 86' lang='lat' dir='ltr'><strong>causa</strong></span> <span class='ocrx_word' id='word_1_660' title='bbox 1524 4671 1681 4725; x_wconf 90' lang='lat' dir='ltr'><strong>metri</strong></span> <span class='ocrx_word' id='word_1_661' title='bbox 1727 4670 1927 4726; x_wconf 83' lang='lat' dir='ltr'><strong>dixerit</strong></span> <span class='ocrx_word' id='word_1_662' title='bbox 1970 4673 2022 4726; x_wconf 87' lang='lat' dir='ltr'><strong>in</strong></span> 
     </span>
    </p>
   </div>
   <div class='ocr_carea' id='block_1_96' title="bbox 448 4768 595 4812">
    <p class='ocr_par' dir='ltr' id='par_1_96' title="bbox 448 4768 595 4812">
     <span class='ocr_line' id='line_1_97' title="bbox 448 4768 595 4812; baseline -0.034 0"><span class='ocrx_word' id='word_1_663' title='bbox 448 4768 546 4812; x_wconf 72' lang='grc' dir='ltr'><strong>νιη</strong></span> <span class='ocrx_word' id='word_1_664' title='bbox 581 4774 595 4807; x_wconf 75' lang='grc' dir='ltr'>ε</span> 
     </span>
    </p>
   </div>
   <div class='ocr_carea' id='block_1_97' title="bbox 570 4847 1905 4915">
    <p class='ocr_par' dir='ltr' id='par_1_97' title="bbox 570 4847 1905 4915">
     <span class='ocr_line' id='line_1_98' title="bbox 570 4847 1905 4915; baseline 0.007 -21"><span class='ocrx_word' id='word_1_665' title='bbox 570 4847 789 4897; x_wconf 78' lang='lat' dir='ltr'><strong>Alituum</strong></span> <span class='ocrx_word' id='word_1_666' title='bbox 817 4850 1154 4914; x_wconf 80' lang='lat' dir='ltr'><strong>pecudumque</strong></span> <span class='ocrx_word' id='word_1_667' title='bbox 1176 4865 1335 4913; x_wconf 83' lang='lat' dir='ltr'><strong>genus</strong></span> <span class='ocrx_word' id='word_1_668' title='bbox 1361 4866 1502 4915; x_wconf 89' lang='lat' dir='ltr'><strong>sopor</strong></span> <span class='ocrx_word' id='word_1_669' title='bbox 1523 4853 1650 4903; x_wconf 83' lang='lat' dir='ltr'><strong>altus</strong></span> <span class='ocrx_word' id='word_1_670' title='bbox 1669 4854 1905 4903; x_wconf 78' lang='lat' dir='ltr'><strong>habebat.</strong></span> 
     </span>
    </p>
   </div>
   <div class='ocr_carea' id='block_1_98' title="bbox 452 4946 2019 5026">
    <p class='ocr_par' dir='ltr' id='par_1_98' title="bbox 452 4946 2019 5026">
     <span class='ocr_line' id='line_1_99' title="bbox 452 4946 2019 5026; baseline 0.006 -24"><span class='ocrx_word' id='word_1_671' title='bbox 452 4946 562 5002; x_wconf 81' lang='lat' dir='ltr'><strong>Nec</strong></span> <span class='ocrx_word' id='word_1_672' title='bbox 607 4949 712 5004; x_wconf 87' lang='lat' dir='ltr'><strong>hoc</strong></span> <span class='ocrx_word' id='word_1_673' title='bbox 748 4951 968 5007; x_wconf 84' lang='lat' dir='ltr'><strong>recedat</strong></span> <span class='ocrx_word' id='word_1_674' title='bbox 1001 4969 1030 5006; x_wconf 90' lang='lat' dir='ltr'><strong>a</strong></span> <span class='ocrx_word' id='word_1_675' title='bbox 1073 4963 1251 5008; x_wconf 85' lang='lat' dir='ltr'><strong>vestra</strong></span> <span class='ocrx_word' id='word_1_676' title='bbox 1312 4957 1567 5009; x_wconf 88' lang='lat' dir='ltr'><strong>memoria</strong></span> <span class='ocrx_word' id='word_1_677' title='bbox 1604 4957 1748 5026; x_wconf 86' lang='lat' dir='ltr'><strong>quod</strong></span> <span class='ocrx_word' id='word_1_678' title='bbox 1804 4959 2019 5012; x_wconf 88' lang='lat' dir='ltr'><strong>nomina</strong></span> 
     </span>
    </p>
   </div>
   <div class='ocr_carea' id='block_1_99' title="bbox 447 5038 2022 5114">
    <p class='ocr_par' dir='ltr' id='par_1_99' title="bbox 447 5038 2022 5114">
     <span class='ocr_line' id='line_1_100' title="bbox 447 5038 2022 5114; baseline 0.008 -24"><span class='ocrx_word' id='word_1_679' title='bbox 447 5038 725 5106; x_wconf 82' lang='lat' dir='ltr'><strong>trisyllaha</strong></span> <span class='ocrx_word' id='word_1_680' title='bbox 778 5051 833 5098; x_wconf 88' lang='lat' dir='ltr'><strong>et</strong></span> <span class='ocrx_word' id='word_1_681' title='bbox 871 5043 1157 5112; x_wconf 88' lang='lat' dir='ltr'><strong>deinceps,</strong></span> <span class='ocrx_word' id='word_1_682' title='bbox 1213 5060 1441 5102; x_wconf 77' lang='lat' dir='ltr'><strong>quorum</strong></span> <span class='ocrx_word' id='word_1_683' title='bbox 1490 5053 1750 5098; x_wconf 79' lang='lat' dir='ltr'><strong>extrema:</strong></span> <span class='ocrx_word' id='word_1_684' title='bbox 1803 5046 2022 5114; x_wconf 77' lang='lat' dir='ltr'><strong>syllasz</strong></span> 
     </span>
    </p>
   </div>
   <div class='ocr_carea' id='block_1_100' title="bbox 452 5130 2016 5204">
    <p class='ocr_par' dir='ltr' id='par_1_100' title="bbox 452 5130 2016 5204">
     <span class='ocr_line' id='line_1_101' title="bbox 452 5130 2016 5204; baseline 0.005 -21"><span class='ocrx_word' id='word_1_685' title='bbox 452 5130 713 5200; x_wconf 78' lang='lat' dir='ltr'><strong>incipiunt</strong></span> <span class='ocrx_word' id='word_1_686' title='bbox 738 5141 806 5188; x_wconf 88' lang='lat' dir='ltr'><strong>ab</strong></span> <span class='ocrx_word' id='word_1_687' title='bbox 839 5137 1260 5204; x_wconf 89' lang='lat' dir='ltr'><strong>n,pcnultimam</strong></span> <span class='ocrx_word' id='word_1_688' title='bbox 1289 5135 1524 5190; x_wconf 82' lang='lat' dir='ltr'><strong>habeant</strong></span> <span class='ocrx_word' id='word_1_689' title='bbox 1547 5133 1759 5204; x_wconf 81' lang='lat' dir='ltr'><strong>longam</strong></span> <span class='ocrx_word' id='word_1_690' title='bbox 1788 5136 1941 5197; x_wconf 87' lang='lat' dir='ltr'><strong>a,vel</strong></span> <span class='ocrx_word' id='word_1_691' title='bbox 1970 5155 2016 5202; x_wconf 88' lang='lat' dir='ltr'><strong>e,</strong></span> 
     </span>
    </p>
   </div>
   <div class='ocr_carea' id='block_1_101' title="bbox 456 5219 2019 5293">
    <p class='ocr_par' dir='ltr' id='par_1_101' title="bbox 456 5219 2019 5293">
     <span class='ocr_line' id='line_1_102' title="bbox 456 5219 2019 5293; baseline 0.005 -22"><span class='ocrx_word' id='word_1_692' title='bbox 456 5219 536 5272; x_wconf 84' lang='lat' dir='ltr'><strong>rel</strong></span> <span class='ocrx_word' id='word_1_693' title='bbox 577 5237 632 5284; x_wconf 87' lang='lat' dir='ltr'><strong>u,</strong></span> <span class='ocrx_word' id='word_1_694' title='bbox 671 5224 1031 5288; x_wconf 87' lang='lat' dir='ltr'><strong>terminatam,</strong></span> <span class='ocrx_word' id='word_1_695' title='bbox 1060 5235 1117 5278; x_wconf 88' lang='lat' dir='ltr'><strong>ut</strong></span> <span class='ocrx_word' id='word_1_696' title='bbox 1143 5223 1446 5293; x_wconf 81' lang='lat' dir='ltr'><strong>Garganus,</strong></span> <span class='ocrx_word' id='word_1_697' title='bbox 1471 5224 1730 5286; x_wconf 87' lang='lat' dir='ltr'><strong>tribunus,</strong></span> <span class='ocrx_word' id='word_1_698' title='bbox 1762 5233 2019 5279; x_wconf 87' lang='lat' dir='ltr'><strong>terrenus.</strong></span> 
     </span>
    </p>
   </div>
   <div class='ocr_carea' id='block_1_102' title="bbox 450 5310 2024 5384">
    <p class='ocr_par' dir='ltr' id='par_1_102' title="bbox 450 5310 2024 5384">
     <span class='ocr_line' id='line_1_103' title="bbox 450 5310 2024 5384; baseline 0.004 -19"><span class='ocrx_word' id='word_1_699' title='bbox 450 5310 808 5379; x_wconf 77' lang='lat' dir='ltr'><strong>Excipiuntur</strong></span> <span class='ocrx_word' id='word_1_700' title='bbox 839 5321 1044 5368; x_wconf 85' lang='lat' dir='ltr'><strong>tantum</strong></span> <span class='ocrx_word' id='word_1_701' title='bbox 1082 5331 1302 5384; x_wconf 86' lang='lat' dir='ltr'><strong>sagana,</strong></span> <span class='ocrx_word' id='word_1_702' title='bbox 1336 5316 1528 5383; x_wconf 85' lang='lat' dir='ltr'><strong>lcgana</strong></span> <span class='ocrx_word' id='word_1_703' title='bbox 1549 5353 1565 5378; x_wconf 97' lang='lat'><strong>,</strong></span> <span class='ocrx_word' id='word_1_704' title='bbox 1598 5315 1894 5383; x_wconf 86' lang='lat' dir='ltr'><strong>orphanus,</strong></span> <span class='ocrx_word' id='word_1_705' title='bbox 1924 5315 2024 5371; x_wconf 86' lang='lat' dir='ltr'><strong>Sa-</strong></span> 
     </span>
    </p>
   </div>
   <div class='ocr_carea' id='block_1_103' title="bbox 2133 4502 3705 4580">
    <p class='ocr_par' dir='ltr' id='par_1_103' title="bbox 2133 4502 3705 4580">
     <span class='ocr_line' id='line_1_104' title="bbox 2133 4502 3705 4580; baseline -0.006 -17"><span class='ocrx_word' id='word_1_706' title='bbox 2133 4509 2290 4580; x_wconf 90' lang='lat' dir='ltr'><strong>piade</strong></span> <span class='ocrx_word' id='word_1_707' title='bbox 2318 4519 2510 4573; x_wconf 86' lang='lat' dir='ltr'><strong>natus;</strong></span> <span class='ocrx_word' id='word_1_708' title='bbox 2556 4519 2611 4562; x_wconf 91' lang='lat' dir='ltr'><strong>et</strong></span> <span class='ocrx_word' id='word_1_709' title='bbox 2649 4507 2700 4560; x_wconf 90' lang='lat' dir='ltr'><strong>iu</strong></span> <span class='ocrx_word' id='word_1_710' title='bbox 2731 4507 2869 4562; x_wconf 86' lang='lat' dir='ltr'><strong>libro</strong></span> <span class='ocrx_word' id='word_1_711' title='bbox 2911 4507 2988 4561; x_wconf 91' lang='lat' dir='ltr'><strong>De</strong></span> <span class='ocrx_word' id='word_1_712' title='bbox 3024 4506 3183 4559; x_wconf 89' lang='lat' dir='ltr'><strong>laude</strong></span> <span class='ocrx_word' id='word_1_713' title='bbox 3215 4505 3480 4574; x_wconf 81' lang='lat' dir='ltr'><strong>virginum</strong></span> <span class='ocrx_word' id='word_1_714' title='bbox 3513 4502 3705 4556; x_wconf 82' lang='lat' dir='ltr'><strong>ducen-</strong></span> 
     </span>
    </p>
   </div>
   <div class='ocr_carea' id='block_1_104' title="bbox 2133 4592 3705 4669">
    <p class='ocr_par' dir='ltr' id='par_1_104' title="bbox 2133 4592 3705 4669">
     <span class='ocr_line' id='line_1_105' title="bbox 2133 4592 3705 4669; baseline -0.004 -18"><span class='ocrx_word' id='word_1_715' title='bbox 2133 4600 2321 4654; x_wconf 87' lang='lat' dir='ltr'><strong>tesima</strong></span> <span class='ocrx_word' id='word_1_716' title='bbox 2347 4599 2677 4669; x_wconf 84' lang='lat' dir='ltr'><strong>sexagesima</strong></span> <span class='ocrx_word' id='word_1_717' title='bbox 2703 4598 2930 4665; x_wconf 87' lang='lat' dir='ltr'><strong>septima</strong></span> <span class='ocrx_word' id='word_1_718' title='bbox 2957 4596 3264 4667; x_wconf 82' lang='lat' dir='ltr'><strong>Olympiade</strong></span> <span class='ocrx_word' id='word_1_719' title='bbox 3295 4594 3468 4647; x_wconf 81' lang='lat' dir='ltr'><strong>fuisse</strong></span> <span class='ocrx_word' id='word_1_720' title='bbox 3500 4592 3705 4646; x_wconf 76' lang='lat' dir='ltr'><strong>Diocle-</strong></span> 
     </span>
    </p>
   </div>
   <div class='ocr_carea' id='block_1_105' title="bbox 2133 4682 3703 4755">
    <p class='ocr_par' dir='ltr' id='par_1_105' title="bbox 2133 4682 3703 4755">
     <span class='ocr_line' id='line_1_106' title="bbox 2133 4682 3703 4755; baseline -0.006 -11"><span class='ocrx_word' id='word_1_721' title='bbox 2133 4691 2336 4744; x_wconf 90' lang='lat' dir='ltr'><strong>tianum</strong></span> <span class='ocrx_word' id='word_1_722' title='bbox 2392 4690 2636 4744; x_wconf 89' lang='lat' dir='ltr'><strong>novimus</strong></span> <span class='ocrx_word' id='word_1_723' title='bbox 2695 4697 3101 4755; x_wconf 85' lang='lat' dir='ltr'><strong>persecutorem</strong></span> <span class='ocrx_word' id='word_1_724' title='bbox 3153 4685 3616 4742; x_wconf 83' lang='lat' dir='ltr'><strong>Christianorum.</strong></span> <span class='ocrx_word' id='word_1_725' title='bbox 3659 4682 3703 4735; x_wconf 75' lang='grc' dir='ltr'><strong>Α</strong></span> 
     </span>
    </p>
   </div>
   <div class='ocr_carea' id='block_1_106' title="bbox 2130 4775 3703 4851">
    <p class='ocr_par' dir='ltr' id='par_1_106' title="bbox 2130 4775 3703 4851">
     <span class='ocr_line' id='line_1_107' title="bbox 2130 4775 3703 4851; baseline -0.006 -16"><span class='ocrx_word' id='word_1_726' title='bbox 2130 4782 2302 4851; x_wconf 85' lang='lat' dir='ltr'><strong>prima</strong></span> <span class='ocrx_word' id='word_1_727' title='bbox 2331 4780 2474 4834; x_wconf 88' lang='lat' dir='ltr'><strong>enim</strong></span> <span class='ocrx_word' id='word_1_728' title='bbox 2502 4778 2808 4849; x_wconf 80' lang='lat' dir='ltr'><strong>Olympiade</strong></span> <span class='ocrx_word' id='word_1_729' title='bbox 2841 4777 3102 4846; x_wconf 86' lang='lat' dir='ltr'><strong>quidquid</strong></span> <span class='ocrx_word' id='word_1_730' title='bbox 3132 4775 3335 4831; x_wconf 78' lang='lat' dir='ltr'><strong>factum</strong></span> <span class='ocrx_word' id='word_1_731' title='bbox 3387 4775 3588 4830; x_wconf 87' lang='lat' dir='ltr'><strong>dicitur</strong></span> <span class='ocrx_word' id='word_1_732' title='bbox 3613 4787 3703 4842; x_wconf 77' lang='lat' dir='ltr'><strong>per</strong></span> 
     </span>
    </p>
   </div>
   <div class='ocr_carea' id='block_1_107' title="bbox 2130 4861 3699 4938">
    <p class='ocr_par' dir='ltr' id='par_1_107' title="bbox 2130 4861 3699 4938">
     <span class='ocr_line' id='line_1_108' title="bbox 2130 4861 3699 4938; baseline -0.004 -18"><span class='ocrx_word' id='word_1_733' title='bbox 2130 4869 2533 4938; x_wconf 78' lang='lat' dir='ltr'><strong>quateruarium</strong></span> <span class='ocrx_word' id='word_1_734' title='bbox 2569 4865 2918 4935; x_wconf 88' lang='lat' dir='ltr'><strong>multiplicata</strong></span> <span class='ocrx_word' id='word_1_735' title='bbox 2947 4907 2962 4930; x_wconf 93' lang='lat'><strong>,</strong></span> <span class='ocrx_word' id='word_1_736' title='bbox 2997 4866 3208 4920; x_wconf 87' lang='lat' dir='ltr'><strong>numeri</strong></span> <span class='ocrx_word' id='word_1_737' title='bbox 3267 4879 3475 4920; x_wconf 85' lang='lat' dir='ltr'><strong>summa</strong></span> <span class='ocrx_word' id='word_1_738' title='bbox 3529 4861 3699 4917; x_wconf 90' lang='lat' dir='ltr'><strong>maui-</strong></span> 
     </span>
    </p>
   </div>
   <div class='ocr_carea' id='block_1_108' title="bbox 2129 4955 3187 5023">
    <p class='ocr_par' dir='ltr' id='par_1_108' title="bbox 2129 4955 3187 5023">
     <span class='ocr_line' id='line_1_109' title="bbox 2129 4955 3187 5023; baseline -0.005 -10"><span class='ocrx_word' id='word_1_739' title='bbox 2129 4960 2377 5023; x_wconf 80' lang='lat' dir='ltr'><strong>festatur,</strong></span> <span class='ocrx_word' id='word_1_740' title='bbox 2415 4959 2553 5014; x_wconf 84' lang='lat' dir='ltr'><strong>sicut</strong></span> <span class='ocrx_word' id='word_1_741' title='bbox 2584 4959 2634 5011; x_wconf 88' lang='lat' dir='ltr'><strong>in</strong></span> <span class='ocrx_word' id='word_1_742' title='bbox 2661 4956 2937 5010; x_wconf 85' lang='lat' dir='ltr'><strong>chronicis</strong></span> <span class='ocrx_word' id='word_1_743' title='bbox 2967 4955 3187 5009; x_wconf 86' lang='lat' dir='ltr'><strong>dicitur.</strong></span> 
     </span>
    </p>
   </div>
   <div class='ocr_carea' id='block_1_109' title="bbox 2195 5041 3694 5116">
    <p class='ocr_par' dir='ltr' id='par_1_109' title="bbox 2195 5041 3694 5116">
     <span class='ocr_line' id='line_1_110' title="bbox 2195 5041 3694 5116; baseline -0.007 -12"><span class='ocrx_word' id='word_1_744' title='bbox 2195 5051 2283 5104; x_wconf 74' lang='lat' dir='ltr'><strong>2i.</strong></span> <span class='ocrx_word' id='word_1_745' title='bbox 2325 5050 2378 5102; x_wconf 82' lang='lat' dir='ltr'><strong>lu</strong></span> <span class='ocrx_word' id='word_1_746' title='bbox 2412 5049 2512 5102; x_wconf 87' lang='lat' dir='ltr'><strong>lidc</strong></span> <span class='ocrx_word' id='word_1_747' title='bbox 2551 5061 2762 5116; x_wconf 85' lang='lat' dir='ltr'><strong>quoque</strong></span> <span class='ocrx_word' id='word_1_748' title='bbox 2788 5046 3055 5100; x_wconf 83' lang='lat' dir='ltr'><strong>catholica</strong></span> <span class='ocrx_word' id='word_1_749' title='bbox 3094 5061 3255 5115; x_wconf 86' lang='lat' dir='ltr'><strong>quam</strong></span> <span class='ocrx_word' id='word_1_750' title='bbox 3287 5054 3529 5099; x_wconf 87' lang='lat' dir='ltr'><strong>assertor</strong></span> <span class='ocrx_word' id='word_1_751' title='bbox 3556 5041 3694 5097; x_wconf 78' lang='lat' dir='ltr'><strong>veti-</strong></span> 
     </span>
    </p>
   </div>
   <div class='ocr_carea' id='block_1_110' title="bbox 2131 5135 3699 5204">
    <p class='ocr_par' dir='ltr' id='par_1_110' title="bbox 2131 5135 3699 5204">
     <span class='ocr_line' id='line_1_111' title="bbox 2131 5135 3699 5204; baseline -0.006 -12"><span class='ocrx_word' id='word_1_752' title='bbox 2131 5139 2254 5192; x_wconf 84' lang='lat' dir='ltr'><strong>tatis</strong></span> <span class='ocrx_word' id='word_1_753' title='bbox 2301 5139 2466 5192; x_wconf 89' lang='lat' dir='ltr'><strong>edidit</strong></span> <span class='ocrx_word' id='word_1_754' title='bbox 2502 5137 2857 5199; x_wconf 83' lang='lat' dir='ltr'><strong>Athanasius,</strong></span> <span class='ocrx_word' id='word_1_755' title='bbox 2904 5145 3023 5204; x_wconf 74' lang='lat' dir='ltr'><strong>post</strong></span> <span class='ocrx_word' id='word_1_756' title='bbox 3063 5136 3260 5188; x_wconf 79' lang='lat' dir='ltr'><strong>multas</strong></span> <span class='ocrx_word' id='word_1_757' title='bbox 3299 5135 3699 5202; x_wconf 78' lang='lat' dir='ltr'><strong>persecutiones</strong></span> 
     </span>
    </p>
   </div>
   <div class='ocr_carea' id='block_1_111' title="bbox 2131 5223 3694 5297">
    <p class='ocr_par' dir='ltr' id='par_1_111' title="bbox 2131 5223 3694 5297">
     <span class='ocr_line' id='line_1_112' title="bbox 2131 5223 3694 5297; baseline -0.004 -17"><span class='ocrx_word' id='word_1_758' title='bbox 2131 5238 2375 5296; x_wconf 74' lang='lat' dir='ltr'><strong>repertus</strong></span> <span class='ocrx_word' id='word_1_759' title='bbox 2397 5242 2494 5297; x_wconf 87' lang='lat' dir='ltr'><strong>per</strong></span> <span class='ocrx_word' id='word_1_760' title='bbox 2512 5227 2691 5280; x_wconf 89' lang='lat' dir='ltr'><strong>omnia</strong></span> <span class='ocrx_word' id='word_1_761' title='bbox 2721 5225 3092 5291; x_wconf 71' lang='lat' dir='ltr'><strong>orthodoxus,</strong></span> <span class='ocrx_word' id='word_1_762' title='bbox 3129 5241 3266 5279; x_wconf 90' lang='lat' dir='ltr'><strong>unus</strong></span> <span class='ocrx_word' id='word_1_763' title='bbox 3294 5223 3592 5278; x_wconf 86' lang='lat' dir='ltr'><strong>versiculus</strong></span> <span class='ocrx_word' id='word_1_764' title='bbox 3627 5225 3694 5274; x_wconf 84' lang='lat' dir='ltr'><strong>ita</strong></span> 
     </span>
    </p>
   </div>
   <div class='ocr_carea' id='block_1_112' title="bbox 2131 5312 3697 5388">
    <p class='ocr_par' dir='ltr' id='par_1_112' title="bbox 2131 5312 3697 5388">
     <span class='ocr_line' id='line_1_113' title="bbox 2131 5312 3697 5388; baseline -0.006 -15"><span class='ocrx_word' id='word_1_765' title='bbox 2131 5321 2384 5388; x_wconf 86' lang='lat' dir='ltr'><strong>legendus</strong></span> <span class='ocrx_word' id='word_1_766' title='bbox 2405 5329 2526 5373; x_wconf 89' lang='lat' dir='ltr'><strong>est:</strong></span> <span class='ocrx_word' id='word_1_767' title='bbox 2560 5317 2785 5388; x_wconf 87' lang='lat' dir='ltr'><strong>Spiritus</strong></span> <span class='ocrx_word' id='word_1_768' title='bbox 2833 5325 3045 5371; x_wconf 86' lang='lat' dir='ltr'><strong>sanctus</strong></span> <span class='ocrx_word' id='word_1_769' title='bbox 3086 5335 3117 5370; x_wconf 92' lang='lat' dir='ltr'><strong>a</strong></span> <span class='ocrx_word' id='word_1_770' title='bbox 3149 5317 3313 5370; x_wconf 83' lang='lat' dir='ltr'><strong>Patre</strong></span> <span class='ocrx_word' id='word_1_771' title='bbox 3348 5326 3396 5369; x_wconf 90' lang='lat' dir='ltr'><strong>et</strong></span> <span class='ocrx_word' id='word_1_772' title='bbox 3432 5312 3571 5367; x_wconf 80' lang='lat' dir='ltr'><strong>Filio</strong></span> <span class='ocrx_word' id='word_1_773' title='bbox 3599 5329 3697 5366; x_wconf 77' lang='lat' dir='ltr'><strong>non</strong></span> 
     </span>
    </p>
   </div>
  </div>
