3944 5414
213 284 308 339 533

1221 286 1676 354 QUJZSTlONES
1715 288 1852 343 Clu
1866 288 2326 343 ilMATlCALES.
3336 284 3440 338 δτι

212 402 329 455 liiet
357 398 502 452 multi
535 413 633 467 pro
668 398 1013 468 simplicitate
1059 399 1363 455 intellectus
1389 401 1468 454 sui
1506 408 1767 454 conentur
1797 407 1843 462 Α
1874 402 2098 469 gaudet;
2158 402 2248 471 qui
2302 401 2583 456 Trinitatis
2608 416 2719 455 sua:
2768 408 3009 457 assertor
3049 397 3285 463 exstitit,
3317 399 3441 451 dum

213 489 459 546 abradere
496 489 547 543 id
585 488 730 558 quod
775 500 857 544 est
904 506 994 543 nec
1034 491 1270 559 genitus,
1321 502 1603 560 propterea
1632 490 1775 559 quod

214 580 340 647 apud
368 577 502 632 alios
547 579 841 633 catholicos
885 595 1024 648 saepe
1072 579 1268 649 legitur
1298 579 1527 649 Spiritus
1565 591 1775 635 sanctus

214 688 296 723 nec
322 670 547 739 genitus,
572 670 662 723 scd
684 671 965 739 procedens
985 711 1000 736 ,
1032 670 1158 725 licet
1183 671 1337 725 ntulti
1364 687 1455 725 nec
1486 672 1742 741 ingenitus
1761 711 1775 735 ,

210 762 292 814 sed
313 770 517 813 tantum
538 762 841 829 procedens.
873 762 973 829 Qui
995 772 1333 819 correctores
1362 765 1407 819 si
1431 772 1775 819 recurrerent

214 849 272 902 ad
329 850 647 905 interiorem
716 850 900 922 logicze
963 853 1481 919 considerationem,
1538 854 1778 924 profecto

213 940 549 1009 perviderent
574 942 627 997 in
658 954 886 1013 utraque
912 946 1211 1000 assertione
1243 946 1491 1000 stabilem
1525 945 1644 999 ﬁdei
1682 944 1778 997 [ir-

212 1031 463 1088 tuitatem.
497 1034 672 1089 Habet
706 1050 836 1092 sane
858 1037 1047 1092 eadem
1085 1037 1220 1094 ﬁdes
1252 1038 1307 1093 in
1342 1037 1624 1092 divinitate
1653 1036 1781 1090 Tria

208 1127 386 1182 uitatis
416 1128 567 1197 quod
594 1129 699 1183 alia
731 1130 801 1183 sit
834 1145 1062 1199 persona
1090 1130 1297 1196 Patris,
1335 1131 1439 1185 alia
1485 1130 1638 1195 Filii,
1674 1131 1777 1185 alia

211 1216 433 1285 Spiritus
459 1217 655 1280 sancti,
680 1234 816 1288 quas
836 1220 1254 1289 praprietatibus
1277 1220 1572 1276 informant
1594 1221 1780 1274 catho-

210 1306 322 1369 l‘ci,
375 1324 485 1363 non
520 1309 761 1364 diversas
792 1310 1119 1379 temporibus
1144 1319 1236 1364 aut
1262 1310 1416 1365 locis.
1457 1309 1589 1365 Nam
1639 1310 1779 1377 quod

209 1393 357 1447 Pater
397 1411 507 1450 non
550 1406 633 1451 est
672 1397 849 1453 factus
880 1414 977 1454 nec
1006 1408 1257 1465 creatus,
1304 1414 1590 1454 commune
1618 1408 1702 1454 est
1730 1400 1779 1453 ei

207 1498 317 1540 cant
338 1483 481 1539 Filio
501 1498 556 1540 et
583 1485 789 1557 Spiritu
809 1498 997 1544 sancto
1020 1506 1037 1555 ;
1069 1491 1210 1560 quod
1233 1504 1363 1544 vero
1389 1505 1494 1544 non
1520 1499 1601 1545 est
1625 1490 1776 1560 geni-

209 1585 317 1638 tas,
345 1590 636 1633 commune
654 1589 738 1633 est
763 1594 884 1633 cum
914 1580 1115 1649 Spiritu
1147 1588 1367 1645 sancto,
1397 1583 1493 1640 sed
1520 1596 1624 1635 non
1657 1595 1778 1633 cum

208 1664 358 1732 Filio;
392 1670 538 1736 quod
571 1678 753 1724 autem
782 1668 948 1726 Filius
998 1680 1080 1727 est
1127 1672 1366 1743 genitus,
1422 1670 1599 1727 diﬂ'ert
1627 1672 1693 1727 ab
1715 1688 1779 1726 eo

1878 494 2057 548 omnia
2110 494 2163 548 in
2205 509 2427 549 numero
2451 535 2465 559 ,
2513 509 2762 549 mensura
2793 502 2849 559 et
2881 493 3114 564 pondere
3142 490 3443 545 constituit.

1880 582 1944 637 Et
1996 582 2117 638 ideo
2162 580 2441 638 Trinitatis
2470 583 2700 654 quodam
2726 583 2885 638 modo
2932 580 3289 637 differentiam
3352 594 3446 649 per

1881 674 2043 730 trium
2090 675 2375 746 imparium
2435 692 2526 742 se,
2559 677 2782 747 paribus
2817 674 3168 738 intermissis,
3220 686 3447 742 sequen-

1881 762 2013 816 tium
2041 778 2239 819 censeo
2266 773 2514 819 naturam
2536 765 2956 831 discutiendam;
2987 779 3216 834 quorum
3241 762 3448 831 pritttns

1879 851 1950 905 sit
1979 850 2259 920 quinarius
2282 892 2296 914 ,
2347 853 2617 907 secundus
2659 852 3029 923 septenarius,
3071 851 3261 905 tertius
3288 866 3449 905 nove-

1880 944 2064 1000 narius
2090 984 2105 1010 ,
2138 944 2278 999 inter
2302 960 2435 1014 quos
2461 944 2567 999 duo
2589 944 2884 1000 intermissi
2926 944 3143 1015 signant
3179 942 3445 1012 duplicem

1880 1046 2128 1091 naturam
2168 1036 2326 1090 unius
2354 1034 2481 1091 Jesu
2527 1036 2760 1101 Christi,
2821 1036 3076 1106 quoniam
3135 1033 3221 1089 ille
3268 1048 3319 1086 vt
3384 1048 3448 1087 ex

1879 1127 2054 1195 primo
2108 1126 2299 1197 impari
2352 1126 2623 1197 duplicato
2675 1126 2947 1196 perfectus
2994 1125 3217 1182 existit:
3270 1124 3356 1178 hic
3398 1138 3447 1175 ix

1882 1232 2008 1272 vero
2061 1232 2126 1272 ex
2175 1218 2350 1287 primo
2399 1217 2515 1287 pari
2567 1216 2979 1287 quadruplicato
3040 1214 3451 1269 diminutionem

1883 1309 2072 1378 recipit
2101 1308 2200 1363 sub
2240 1309 2548 1364 ostensione
2575 1309 2777 1364 cubicze
2804 1308 3148 1378 quantitatis,
3199 1314 3255 1360 ut
3281 1304 3453 1373 perfe-

1879 1413 2024 1455 ctum
2088 1400 2255 1455 Deum
2295 1401 2520 1454 innuant
2580 1399 2737 1470 paulo
2792 1400 2972 1454 minus
3021 1398 3344 1452 minoratum
3386 1396 3452 1448 ab

1881 1492 2083 1561 angelis
2113 1490 2211 1545 sub
2233 1490 2403 1545 forma
2435 1492 2595 1545 servi.
2630 1491 2761 1545 Cum
2782 1491 2962 1559 itaque
2985 1487 3119 1542 infra
3152 1486 3450 1550 denarium,

1880 1590 2106 1650 excepto
2129 1580 2468 1650 septenario,
2498 1595 2688 1635 omnes
2716 1578 2922 1632 numeri
2960 1586 3051 1631 aut
3083 1576 3323 1648 gignant,
3367 1585 3457 1625 art

1882 1676 2170 1743 gignantur
2190 1714 2203 1736 ,
2247 1672 2437 1727 ltorum
2474 1672 2910 1741 przescriptornm
2942 1670 3226 1740 imparium
3250 1666 3455 1736 primus

206 1754 353 1810 Pater
397 1767 453 1813 et
511 1758 765 1828 Spiritus.
818 1763 954 1817 Cum
1002 1777 1132 1833 ergo
1183 1764 1342 1819 Pater
1369 1764 1441 1819 sit
1475 1764 1775 1833 ingenitus,
1812 1756 1851 1814 Β
1882 1758 3459 1836 gignit,sednongignitur;sccundusnecgignit.necgigni-

206 1846 361 1902 l-‘ilius
386 1850 634 1918 genitus,
669 1851 903 1921 Spiritus
922 1870 1050 1909 vero
1067 1866 1283 1911 sanctus
1311 1872 1410 1912 nec
1432 1857 1646 1927 genitus
1675 1871 1773 1910 nec

206 1937 502 2009 ingenitus,
557 1954 773 1998 constat
818 1946 944 2013 quia
995 1962 1095 2003 nec
1136 1947 1320 2015 Pater,
1348 1965 1447 2004 nec
1484 1948 1650 2003 Filius
1683 1948 1773 2019 qui

205 2040 437 2086 neutram
484 2047 676 2089 earum
732 2052 1082 2105 personarum
1131 2039 1487 2095 dill‘erentiam
1525 2043 1771 2097 sortitur.

208 2119 302 2175 Sed
329 2123 370 2177 si
401 2121 641 2193 Spiritus
669 2137 887 2183 sanctus
916 2144 1021 2184 non
1059 2140 1140 2185 est
1166 2132 1410 2201 genitus,
1442 2134 1518 2187 ait
1547 2133 1771 2201 aliquis.

205 2214 377 2282 procul
405 2213 573 2270 dubio
603 2227 687 2271 est
718 2218 1011 2288 ingenitus.
1043 2220 1194 2287 Quod
1232 2238 1337 2275 non
1369 2223 1442 2275 ita
1475 2238 1623 2285 esse,
1653 2238 1773 2276 cum

205 2303 500 2360 Aristotelis
530 2309 803 2363 sententia
834 2309 1089 2364 reclamat
1118 2310 1317 2365 locutio
1350 2320 1632 2375 consueta,
1670 2324 1776 2380 qua

206 2412 294 2449 nos
312 2400 551 2465 patimur
574 2401 735 2455 etiam
760 2402 825 2456 ab
840 2402 1096 2470 inimicis,
1112 2403 1281 2459 levius
1302 2422 1405 2460 non
1429 2421 1547 2461 esse
1569 2404 1781 2475 sapien-

208 2497 307 2553 tes,
335 2504 495 2559 quam
516 2493 857 2562 insipientes,
898 2496 1002 2551 dici
1022 2513 1037 2563 ;
1061 2506 1115 2551 et
1138 2514 1242 2553 non
1270 2512 1389 2553 esse
1407 2498 1583 2566 justos
1604 2499 1780 2567 potius

206 2594 355 2648 quam
385 2581 652 2659 iniustos,
686 2601 806 2640 cum
850 2588 1029 2655 palam
1073 2589 1325 2644 omnibus
1356 2606 1516 2647 causa
1560 2590 1777 2645 humili-

208 2674 319 2728 tatis
348 2674 396 2728 id
423 2676 605 2745 ipsum
629 2678 963 2747 proﬁteatur.
1016 2678 1147 2746 Quis
1190 2682 1334 2734 enim
1376 2692 1777 2751 aagrotus,cum

204 2764 330 2818 sciat
356 2781 416 2820 se
448 2781 564 2821 non
616 2782 736 2823 esse
776 2784 997 2837 sanum,
1038 2770 1304 2839 patienter
1334 2772 1517 2825 audiat
1555 2787 1614 2827 se
1655 2787 1776 2827 esse

208 2852 445 2909 insanum
461 2856 486 2909 ?
510 2855 602 2911 Sic
620 2856 679 2911 ﬁt
700 2867 755 2911 ut
774 2861 1015 2929 quredam
1035 2861 1238 2929 absque
1252 2861 1552 2931 privatione
1567 2870 1775 2931 negata,

206 2956 322 2998 vera
363 2946 509 3014 sint,
550 2962 670 3016 qua:
700 2949 993 3017 privatorie
1027 2950 1318 3018 atlirmata,
1356 2968 1483 3007 vera
1519 2968 1639 3027 esse
1670 2969 1774 3007 non

207 3036 431 3102 possint;
494 3038 697 3107 quibus
744 3049 920 3095 tamen
974 3043 1283 3113 privatoriis
1330 3046 1373 3100 si
1428 3046 1778 3116 byperbatice

1876 1865 1982 1920 tur;
2001 1857 2191 1911 tertius
2202 1865 2379 1910 autem
2395 1856 2649 1927 gignitur,
2666 1855 2761 1910 sed
2775 1870 2879 1909 non
2897 1853 3063 1925 gignit
3078 1867 3093 1905 :
3108 1867 3335 1920 quorum
3352 1849 3456 1902 sin-

1874 1946 1980 2017 guli
2006 1945 2199 2015 quibus
2223 1947 2543 2002 conveniant
2564 1946 2808 2019 personis
2835 1961 2992 2001 nemo
3023 1945 3230 2000 dubitat
3255 1940 3449 2000 ﬁdelis,

1876 2037 2109 2092 maxime
2146 2053 2271 2092 cum
2311 2038 2549 2109 gentium
2596 2036 2898 2109 pllllOSOpltl
2940 2044 3157 2107 pr0pter
3201 2032 3451 2100 supradi-

1874 2138 2020 2185 ctam
2043 2144 2263 2185 causam
2292 2130 2655 2199 septenarium
2694 2128 2947 2183 Minerva:
2993 2124 3369 2187 attribueriut,
3402 2132 3457 2175 et

1878 2236 1977 2277 nos
2007 2221 2080 2276 illi
2108 2222 2422 2291 sapientize,
2460 2237 2622 2292 quam
2664 2221 3000 2276 numerando
3036 2225 3278 2283 constat,
3313 2230 3447 2269 nun-

1878 2327 2037 2383 quam
2068 2313 2367 2382 simplicem
2399 2328 2503 2368 nou
2526 2328 2665 2369 esse.

1946 2402 2038 2458 23.
2079 2402 2186 2458 Sed
2218 2404 2343 2473 quia
2376 2403 2443 2459 de
2492 2404 2606 2469 bis,
2667 2410 2725 2456 ut
2753 2402 2884 2457 mihi
2926 2401 3099 2454 visunt
3153 2405 3264 2459 est,
3316 2393 3450 2449 satis

1880 2495 2109 2551 disserui
2143 2496 2193 2549 in
2222 2494 2459 2549 libellulo
2490 2509 2649 2565 quem
2696 2494 2944 2564 precibus
2972 2491 3198 2545 fratrum
3234 2496 3455 2542 coactus

1880 2588 1956 2641 De
1984 2601 2238 2651 numero,
2270 2600 2524 2640 mensura
2562 2595 2619 2638 et
2661 2584 2917 2654 pondere,
2958 2582 3084 2636 olim
3107 2578 3247 2632 edidi
3289 2591 3452 2642 super

1882 2678 2145 2734 calculum
2168 2675 2391 2733 Victorii
2413 2674 2547 2747 (55),
2572 2675 2774 2730 idcirco
2798 2673 2883 2727 hic
2900 2672 3051 2741 plura
3067 2667 3247 2722 dicere
3268 2680 3455 2732 supero

1882 2769 2026 2835 sedi,
2066 2783 2134 2823 ne
2180 2767 2460 2837 prolixitas
2508 2764 2846 2820 charitativa:
2879 2760 3118 2833 epistola:
3172 2755 3445 2812 fastidium

1883 2862 2155 2929 ingereret
2183 2858 2399 2913 lectoris
2424 2857 2671 2927 ignaviae.
2994 2910 2995 2913 η

1954 2952 2109 3009 Unde
2146 2952 2377 3022 quodam
2428 2946 2745 3019 compendio
2774 2945 3087 3003 evisceratis
3125 2941 3453 3011 objectarum

1883 3030 2239 3115 quzestionum
2290 3042 2514 3105 intimis,
2545 3057 2681 3110 quas
2708 3048 2886 3093 vestra
2930 3034 3239 3090 fraternitas
3284 3028 3456 3099 perle-

207 3128 541 3193 superveniat
569 3129 780 3199 negatio
802 3171 818 3197 ,
866 3111 1104 3187 restituit
1128 3149 1193 3188 ea
1220 3136 1430 3191 veritati
1462 3111 1768 3207 aliquando.
1806 3111 1848 3171 Ω
1881 3111 2054 3205 gelido
2079 3132 2354 3197 discutiat,
2385 3129 2724 3186 discutiendo
2755 3127 3025 3198 perlegat,
3056 3120 3341 3179 terminum
3373 3116 3453 3168 liis

207 3213 329 3268 Nam
352 3217 480 3271 dum
505 3218 705 3274 dicitur
725 3221 791 3277 de
814 3224 1084 3292 quolibet,
1111 3224 1227 3279 Non
1263 3236 1347 3283 est
1376 3244 1541 3284 sanus
1560 3272 1573 3296 ,
1604 3230 1772 3285 addu-

206 3304 330 3360 bitat
375 3309 581 3380 aliquis
619 3320 796 3367 utrum
833 3315 1054 3371 insanus
1097 3318 1225 3372 velit
1268 3310 1520 3391 intelligi;
1552 3322 1603 3376 id
1631 3322 1774 3376 enim

204 3398 447 3461 possibile
466 3408 553 3454 est
574 3404 850 3472 consequi,
869 3416 921 3459 et
946 3406 1169 3475 idcirco,
1188 3425 1215 3463 a
1235 3409 1448 3465 dicente
1468 3412 1775 3467 necessario

205 3486 544 3558 subjungitur
565 3494 689 3562 quia
713 3510 809 3550 nec
830 3512 997 3553 sanus
1018 3508 1099 3554 est
1124 3515 1222 3555 nec
1246 3502 1490 3557 insanus.
1514 3502 1777 3559 Similiter

208 3588 326 3644 ergo
349 3578 478 3634 dum
502 3580 623 3637 dico
654 3582 913 3654 Spiritutn
944 3598 1192 3645 sanctum
1217 3606 1321 3646 non
1351 3607 1472 3647 esse
1498 3595 1735 3664 genitum
1758 3635 1772 3660 ,

206 3675 455 3730 quantum
489 3672 557 3726 ad
585 3674 862 3731 veritatem
891 3678 1116 3741 sullicit;
1142 3682 1235 3735 sed
1268 3684 1333 3736 ad
1357 3697 1544 3738 ansam
1569 3684 1774 3739 calum-

206 3753 298 3808 niae
331 3758 639 3816 solvendam
676 3765 915 3833 prolicit,
956 3768 999 3822 si
1028 3782 1129 3823 nec
1165 3771 1438 3840 genitura,
1484 3788 1584 3828 nec
1620 3774 1775 3844 inge-

207 3845 365 3901 nitum
396 3864 520 3904 esse
546 3861 809 3910 tractatus
835 3858 1150 3928 patefecerit
1180 3879 1192 3913 :
1244 3861 1510 3931 siquidem
1542 3863 1773 3933 privatio

195 3935 358 4021 exigit
383 3943 758 4012 negationem;
807 3950 1021 4019 negatio
1048 3967 1173 4006 vero
1201 3952 1556 4019 privationem
1586 3970 1774 4008 neces-

206 4028 339 4083 sario
358 4033 605 4100 nomine,
636 4038 761 4105 quia
785 4053 888 4093 non
914 4055 1074 4095 omne
1095 4043 1238 4111 quod
1264 4058 1368 4097 non
1395 4044 1539 4098 videt
1570 4060 1771 4099 caecum

207 4125 309 4180 est.
344 4135 469 4175 cum
497 4139 654 4180 onme
681 4131 821 4195 quod
850 4145 1050 4185 caecum
1084 4141 1165 4187 est
1190 4149 1294 4188 non
1326 4136 1503 4189 videat
1531 4155 1545 4189 :
1586 4146 1640 4191 et
1666 4153 1771 4191 non

206 4218 354 4263 omne
381 4212 529 4278 quod
568 4212 769 4281 justum
795 4230 901 4272 non
924 4228 1008 4274 est
1034 4221 1290 4289 injustum
1321 4231 1428 4287 est,
1462 4239 1583 4278 cum
1613 4240 1773 4280 omne

195 4305 338 4371 ‘quod
372 4306 633 4377 injustam
658 4320 763 4377 est,
805 4315 1112 4369 necessario
1139 4326 1349 4373 constet
1386 4319 1529 4388 quod
1568 4318 1771 4389 justum

208 4406 305 4447 0011
327 4407 429 4452 εει.

267 4483 353 4539 22.
394 4488 642 4562 Denique
680 4510 802 4550 cum
837 4496 962 4552 talia
999 4498 1229 4569 plurima
1277 4512 1566 4572 suppetant
1603 4521 1773 4576 argu-

207 4585 405 4642 menta,
466 4582 605 4637 satis
651 4584 719 4639 sit
766 4588 1072 4645 ostendisse
1128 4591 1483 4661 innumeris,
1540 4611 1768 4665 quorum

208 4665 513 4727 doctrinalis
542 4678 801 4731 sententia
834 4680 1202 4751 multipliciter
1241 4686 1487 4754 suggerit
1535 4690 1771 4744 rationes

199 4759 469 4833 physicas.
486 4764 711 4821 Constat
736 4770 988 4827 nimirum
1018 4774 1141 4842 quia
1160 4791 1386 4831 numero
1409 4776 1549 4832 Deus
1568 4778 1771 4848 impare

269 4888 691 4975 (l55).Prolixum
740 4904 822 4975 est
869 4904 1275 4975 nequeadhuc
1332 4906 1605 4975 vulgatum
1668 4908 1771 4964 hoc

206 4955 437 5045 ébbonis
471 4978 609 5045 opus
628 5004 642 5029 ,
689 4955 1298 5045 quodego'quidemii'n
1320 4955 1771 5045 antiquo-codice

207 5022 315 5101 lego
330 5068 345 5092 ,
361 5039 431 5102 ‘et
452 5022 740 5102 atiqua'nd'o
763 5022 1019 5095 etiam;
1032 5022 1767 5102 ἐὺῖἧῗρὲὶτιῖόὶῐεὶῖιῖἶεἷὧῖἓῖτῖ

210 5098 339 5148 ineo
361 5098 585 5148 legendo
610 5104 755 5148 hausi
792 5112 1041 5148 nnliliam
1125 5098 1271 5148 man
1307 5098 1499 5148 tab-“no
1534 5098 1767 5148 “3.13;;

1879 3230 2217 3298 imponerere
2247 3225 2485 3295 decrevi,
2524 3224 2758 3279 maxime
2802 3222 2925 3291 quia
2963 3215 3287 3288 disputando
3324 3228 3446 3282 pcr-

1882 3318 2002 3373 veui
2028 3318 2095 3373 ad
2123 3331 2244 3372 eum
2266 3317 2356 3386 qui
2388 3324 2469 3369 est
2506 3314 2716 3369 initium
2743 3322 2797 3368 et
2824 3311 2965 3365 linis.
3000 3308 3202 3364 Valete.

2388 3454 2546 3507 Addit
2596 3448 2955 3506 Mabillonitts.
3010 3525 3012 3527 p

1877 3591 1920 3647 Ο
1953 3590 2235 3659 Ramesiga
2270 3588 2487 3649 cohors,
2517 3585 2710 3655 amplis
2742 3598 2859 3652 qua:
2885 3578 3133 3634 claudere
3159 3571 3386 3641 stagnis,

1946 3684 2137 3738 Purior
2163 3683 2365 3752 obryzo
2381 3679 2569 3733 niteris
2593 3693 2712 3732 esse
2746 3678 2871 3729 Deo.

1880 3772 2042 3826 Vasta
2075 3764 2248 3842 palus,
2283 3771 2490 3840 piscosa
2530 3768 2719 3829 nimis,
2749 3781 2845 3819 sua
2873 3761 3122 3833 ilyndima
3156 3755 3359 3825 pandit,

1951 3861 2023 3916 Ut
2047 3876 2183 3915 nova
2212 3860 2323 3913 sint
2354 3858 2521 3913 eremi
2548 3857 2782 3911 claustra
2810 3861 3021 3922 reperta
3055 3849 3168 3902 tibi.

1880 3953 2013 4008 Nam
2044 3967 2147 4022 qua
2173 3948 2454 4006 corvil‘era:
2480 3947 2752 4017 consurgit
2782 3944 3021 4016 proditor
3049 3938 3254 4011 hydrae,

1952 4043 2126 4097 Insula
2159 4041 2357 4098 silvoso
2387 4038 2593 4109 gurgite
2620 4037 2843 4108 pulchra
2872 4033 3031 4086 nitet.

1874 4131 1943 4187 Et
1966 4146 2070 4201 qua
2096 4129 2426 4201 splendentis
2461 4141 2519 4182 se
2549 4132 2795 4194 mergunt
2826 4122 2936 4175 lora
2968 4119 3159 4180 bootis,

1948 4219 2092 4275 Pons
2121 4228 2206 4274 est
2234 4218 2359 4272 inde
2383 4217 2495 4270 suis
2522 4215 2737 4284 pervius
2763 4208 3095 4283 Angligenis.

1878 4310 1993 4378 Qua
2017 4310 2294 4383 Cynosura
2323 4307 2432 4379 poli
2463 4305 2629 4360 ﬁxum
2659 4303 2798 4373 regit
2824 4300 3060 4367 undique
3090 4308 3303 4367 gyrum,

1948 4401 2259 4472 Anguillosa
2289 4398 2439 4468 palus
2466 4395 2638 4449 nescit
2667 4394 2867 4448 habere
2892 4389 3129 4444 modum.

1803 4451 1854 4512 Β
1880 4451 2227 4549 Undecrel‘ert
2252 4451 2468 4545 umbras
2500 4501 2636 4556 vaga
2666 4485 2753 4538 lux
2794 4481 3029 4537 Phoebea
3057 4477 3306 4531 sinistras

1952 4582 2118 4637 Terra
2147 4588 2312 4649 patet,
2338 4577 2481 4631 nullo
2511 4574 2820 4629 continuata
2860 4570 3015 4621 vado.

1879 4672 1995 4727 Huc
2025 4686 2110 4724 me
2141 4668 2277 4722 forte
2307 4667 2429 4721 dedi
2452 4665 2645 4734 ignotis
2676 4664 2890 4733 ignotus
2916 4656 3168 4715 alumnis,

1948 4763 2117 4827 Quos.
2151 4759 2436 4812 Benedicte
2459 4756 2636 4818 Pater,
2663 4754 2789 4825 jure
2821 4764 2971 4808 tuere
3002 4762 3183 4816 paras.

1878 4893 2057 4964 granis
2078 4891 2251 4953 lentis,
2277 4890 2392 4943 licet
2423 4888 2701 4964 Vincimus
2733 4879 3135 4964 TnLQSAtws‘in

1878 4948 2011 5016 culis
2060 4948 2262 5015 asserat
2307 4960 2530 5028 pensari,
2557 4972 2694 5028 xvii,
2732 4948 3125 5028 granisahocdei
3158 4985 3173 5028 ε
3215 4951 3463 5028 mittiue-ff

1878 5015 2004 5086 rans
2030 5032 2135 5084 tria
2169 5015 2335 5098 grani:
2358 5027 2580 5097 singulis
2611 5015 2852 5098 siliquis.
2908 5015 3053 5098 ngﬁl

1877 5068 2083 5148 dictum
2116 5068 2482 5148 tezlimonittt‘rlt
2519 5098 2574 5148 in
2597 5068 2784 5148 edil‘fis
2809 5113 2837 5148 a
2878 5102 2963 5142 me
2984 5080 3195 5146 Virgilii
3244 5068 3471 5147 (Ῥὶδωὶνί
