3944 5414
160 372 243 427 τ)δῖ
1136 366 1557 425 EXCERPTUM
1600 368 1685 423 DE
1725 364 1969 421 GESTIS
2008 362 2172 419 RONI.
2210 362 2413 421 PONT.

878 480 1010 536 VIII.

217 576 437 640 Sinus,
479 573 700 628 natione
736 572 1031 637 Romanus,
1062 588 1126 627 ex
1182 582 1335 644 patre
1387 574 1629 639 Pastore,
1664 576 1730 629 de

158 668 364 739 regione
392 664 631 729 Vialata,
672 666 813 720 sedit
849 665 1006 719 annis
1038 665 1124 718 10.
1166 681 1337 719 mens.
1377 667 1432 720 2.
1469 669 1556 721 die
1599 682 1728 722 uno.

157 759 245 815 ilic
269 756 553 814 conStituit
610 764 672 811 ut
701 756 999 811 ministeria
1028 771 1183 811 sacra
1212 771 1316 811 non
1360 764 1729 827 tangerentur,

156 849 245 904 nisi
298 866 327 902 a
369 847 661 903 ministris.
720 848 784 900 Et
849 857 907 900 ut
957 848 1268 917 quicunque
1342 848 1731 917 Episcoporum

158 930 636 996 evocatus‘fuisset
680 936 746 990 ad
780 935 970 991 Sedem
1006 937 1374 1007 Apostolicam
1409 939 1625 993 rediens
1665 939 1731 992 ad

162 1031 485 1103 parrochiam
531 1046 687 1085 suam
734 1045 839 1082 non
880 1029 1272 1098 susciperetur,
1316 1030 1417 1083 nisi
1454 1046 1576 1083 cum
1623 1029 1733 1082 for-

166 1133 309 1177 mata.
345 1120 447 1188 Qui
488 1129 547 1175 et
588 1121 704 1191 ipse
731 1119 971 1190 sepultus
1001 1130 1085 1174 est
1113 1120 1268 1189 juxta
1307 1136 1505 1190 corpus
1532 1122 1591 1174 Β.
1632 1120 1733 1174 Pe—

166 1214 257 1277 tri,
330 1213 365 1266 5
436 1228 616 1268 nonas
682 1212 854 1283 April.
934 1211 1004 1267 Et
1080 1212 1313 1268 cessavit
1378 1214 1732 1285 Episcopatus

164 1308 280 1371 dies,
323 1305 376 1359 2.
620 1303 641 1312 “

894 1395 986 1451 IX.

222 1488 620 1554 Tsczsmonns,
674 1489 892 1543 natione
958 1488 1201 1554 Graecus,
1250 1504 1315 1544 ex
1368 1491 1728 1556 anachoritis,

165 1578 286 1633 sedit
318 1579 478 1632 annis
506 1579 593 1632 11.
625 1578 900 1632 mensibus
922 1578 975 1631 5.
1011 1579 1126 1633 dies
1159 1579 1247 1632 21.
1287 1578 1387 1635 llic
1444 1582 1729 1635 constituit

164 1680 214 1724 ut
247 1684 335 1739 per
370 1680 581 1739 septem
626 1670 989 1724 hebdomadas
1030 1681 1154 1726 ante
1196 1671 1428 1737 Pascha,
1467 1672 1731 1743 jejunium

166 1760 530 1816 celebraretur.
564 1759 633 1813 Et
656 1760 709 1813 iu
732 1759 905 1814 Natali
932 1762 1141 1816 Domini
1160 1762 1334 1817 Μίδεω
1360 1780 1458 1833 per
1480 1774 1689 1820 noctem
1714 1782 1728 1832 ;

3310 361 3417 418 558

2568 475 2687 531 XV.

1906 568 2138 634 Vic'ron,
2174 568 2395 622 natione
2423 566 2573 631 Afer,
2622 582 2687 620 ex
2736 574 2892 635 patre
2922 554 3120 626 Felice,
3150 548 3289 620 sedit
3325 580 3419 618 an.

1834 661 1920 715 nis
1958 660 2044 715 l5.
2090 659 2319 715 mensib.
2359 659 2412 713 5.
2454 658 2601 714 dieb.
2642 658 2730 712 10.
2764 656 2862 713 llic
2893 657 3175 712 constituit
3223 667 3281 711 ut
3322 670 3418 710 ne-

1834 753 2092 808 cessitate
2127 751 2391 815 faciente,
2434 752 2525 805 ubi
2568 752 2823 805 inventus
2861 759 3008 805 esset
3045 751 3279 820 gentilis,
3326 749 3425 803 ba-

1835 847 2156 915 ptizaretur,
2191 853 2247 898 et
2274 857 2333 898 nt
2356 858 2387 898 ι
2416 842 2822 913 quartadecima
2852 841 3001 896 Luna
3033 842 3193 912 primi
3220 843 3424 896 mensis

1836 952 2004 1006 usque
2034 936 2345 991 vicesimam
2384 936 2614 1006 primam
2653 935 2739 988 die
2770 933 3046 988 Dominica
3085 934 3423 988 custodiatur

1836 1041 2079 1083 sanctum
2132 1029 2363 1083 Pascha.
2419 1027 2519 1094 Qui
2578 1026 2818 1096 sepultus
2880 1034 2963 1079 est
3005 1024 3155 1094 juxta
3224 1014 3463 1094 corpus

1836 1121 1896 1175 Β.
1939 1120 2085 1174 Petri
2134 1120 2185 1174 5.
2233 1118 2461 1175 Kalend.
2512 1119 2649 1189 Aug.
2683 1117 2751 1173 Et
2787 1116 3024 1172 cessavit
3067 1116 3422 1187 Episcopatus

1836 1211 2026 1267 diebus
2059 1211 2143 1266 12.

2551 1299 2689 1354 XVI.

1908 1396 2254 1459 Zermnmus,
2281 1392 2501 1447 natione
2522 1389 2821 1453 Romanus,
2846 1404 2911 1443 ex
2941 1398 3091 1458 patre
3121 1388 3419 1450 ﬂabundio,

1836 1492 1975 1548 sedit
2005 1490 2162 1544 annis
2191 1489 2245 1543 8.
2291 1502 2465 1542 mens.
2507 1484 2559 1538 6.
2602 1484 2740 1539 dieb.
2792 1484 2844 1537 5.
2886 1484 2987 1538 Hic
3030 1484 3311 1538 constituit
3368 1493 3428 1536 ut

1835 1585 1936 1639 sub
1981 1581 2253 1651 presentia
2285 1578 2524 1634 omnium
2562 1576 2908 1640 clericorum,
2959 1588 3015 1631 et
3056 1576 3317 1630 laicorum
3358 1576 3423 1630 li-

1836 1674 2060 1738 delium,
2090 1672 2345 1735 clericus,
2386 1669 2568 1734 levita,
2605 1668 2719 1722 sive
2748 1668 3006 1721 sacerdos
3032 1666 3377 1720 ordinaretur
3408 1684 3423 1719 :

1838 1773 1892 1819 et
1915 1778 2171 1818 coronam
2202 1770 2474 1815 sacratam
2514 1760 2750 1828 accipiat
2792 1758 3071 1828 presbyter
3109 1756 3426 1811 tradendam

166 1864 251 1904 nec
280 1864 513 1918 unquam
543 1859 673 1903 ante
710 1850 897 1903 liOram
935 1852 1151 1904 tertiam
1189 1851 1381 1907 Missas
1414 1852 1553 1907 ullus
1594 1854 1731 1908 cele-
1765 1842 1810 1900 Β
1839 1853 2058 1925 populo.
2095 1852 2197 1919 Qui
2248 1851 2495 1920 sepultus
2522 1858 2607 1904 est
2638 1850 2689 1903 in
2722 1848 2989 1903 cimiterio
3018 1862 3136 1909 suo,
3170 1844 3324 1913 juxta
3353 1846 3431 1899 ci-

164 1942 345 1995 braret.
374 1941 440 1995 Et
467 1948 528 1994 ut
565 1949 694 1995 ante
731 1942 1058 1996 sacrificium
1099 1944 1332 2013 hymnus
1365 1945 1736 2000 celebraretur

166 2030 429 2102 angelicas.
456 2031 563 2098 Qui
591 2033 853 2104 martyrio
874 2043 1185 2097 coronatus,
1212 2034 1452 2104 sepultus
1476 2045 1559 2090 est
1578 2034 1734 2103 juxta

167 2139 338 2192 corpus
360 2124 416 2176 Β.
442 2124 597 2179 Petri
623 2124 675 2178 4.
710 2141 836 2180 non.
868 2123 1094 2180 Januar.
1131 2126 1198 2181 Et
1234 2129 1467 2182 cessavit
1509 2127 1735 2199 Episco-

166 2224 305 2284 patus
337 2214 452 2271 dies
481 2214 538 2271 7.

911 2308 980 2365 Χ.

226 2396 471 2463 “rorans,
496 2398 723 2453 natione
754 2399 997 2465 Graecus,
1029 2416 1093 2456 ex
1126 2400 1454 2471 Philosophe
1478 2403 1543 2457 de
1573 2402 1712 2458 Athe

169 2489 258 2554 nis,
300 2489 449 2557 cujus
486 2491 860 2561 genealogiam
896 2506 1000 2546 non
1039 2492 1249 2555 inveni;
1284 2494 1423 2547 sedit
1452 2495 1611 2549 anuis
1648 2494 1737 2549 15.

170 2597 321 2637 mens.
343 2582 397 2639 5.
421 2584 575 2641 dieb.
604 2584 657 2638 4.
684 2581 749 2639 Ει
777 2586 1021 2655 sepultus
1048 2597 1131 2641 est
1148 2586 1298 2654 juxta
1324 2602 1520 2657 corpus
1550 2586 1612 2640 B.
1645 2587 1741 2642 Pe-

169 2675 246 2817 ἔτί,
424 2674 565 2732 Idus
635 2676 857 2732 Januar.
928 2676 999 2733 Et
1071 2679 1307 2734 cessavit
1382 2679 1741 2751 Episcopatus

202 2778 268 2819 res
338 2806 350 2819 .

202 2778 268 2819 res
298 2778 350 2819 ’2.

901 2859 991 2915 XI.

231 2949 368 3018 Pius,
390 2952 620 3007 natione
642 2952 829 3018 Italus,
852 2967 916 3008 ex
939 2963 1093 3024 patre
1116 2952 1336 3018 Rufino,
1357 2954 1527 3009 frater
1548 2953 1741 3009 Pasto-

175 3043 257 3107 ris,
290 3044 351 3100 de
380 3045 608 3101 civitate
633 3045 894 3114 Aquileia.
926 3047 1065 3102 sedit
1091 3049 1259 3101 annis
1298 3048 1384 3101 10.
1418 3056 1474 3102 et
1497 3048 1548 3102 9.
1587 3064 1742 3102 men-

177 3134 262 3186 sib.
307 3144 357 3189 et
401 3135 455 3189 5.
502 3137 714 3191 diebus.
767 3136 879 3192 Sub
927 3139 1082 3206 cujus
1134 3137 1460 3208 Episcopatu
1514 3139 1741 3194 Hermes

1840 1944 2115 1999 miterium
2145 1940 2341 1995 (laliin
2372 1942 2456 1996 via
2493 1940 2689 2010 Appia,
2714 1938 2766 1992 6.
2799 1936 3024 1992 Kalend.
3056 1935 3335 2007 Septemb.
3364 1934 3433 1989 Et

1837 2035 2072 2093 cessavit
2105 2033 2462 2104 Episcopatus
2487 2033 2606 2087 dies
2631 2031 2687 2085 6.

2550 2123 2716 2181 XVII.

1909 2218 2235 2283 CALLISTUS,
2281 2218 2503 2272 natione
2543 2214 2842 2277 Romanus,
2876 2228 2941 2268 ex
2980 2223 3135 2283 patre
3175 2212 3432 2278 Domitio,

1841 2312 1911 2365 de
1964 2312 2099 2364 urbe
2154 2308 2572 2364 Ravennatium.
2623 2304 2777 2361 Sedit
2820 2303 2979 2358 anuis
3029 2303 3082 2356 6.
3140 2319 3312 2357 meus.
3372 2302 3429 2356 2.

1840 2401 1984 2455 dieb.
2026 2400 2114 2455 10.
2169 2400 2269 2454 llic
2312 2398 2596 2453 constituit
2634 2395 2900 2466 jejunium
2944 2394 3030 2447 die
3083 2393 3307 2448 Salibati
3352 2403 3436 2447 ter

1840 2492 1893 2545 in
1925 2508 2068 2546 anno
2101 2492 2239 2547 fieri.
2284 2491 2652 2561 Martyrioque
2698 2497 3014 2550 coronatus,
3063 2486 3305 2555 sepultus
3351 2492 3435 2538 est

1843 2584 1895 2637 in
1941 2583 2209 2637 cimiterio
2252 2581 2551 2651 Calepodii,
2593 2580 2679 2632 via
2728 2577 2964 2637 Aurelia,
3002 2576 3258 2631 milliario
3295 2575 3347 2629 5.
3376 2574 3431 2631 5.

1842 2672 1965 2728 ldus
1989 2672 2186 2729 Octob.
2222 2671 2293 2726 Et
2327 2669 2561 2725 cessavit
2592 2668 2947 2737 Episcopatus
2975 2666 3091 2718 dies
3129 2664 3181 2718 6.

2546 2757 2730 2812 XVIII.

1915 2853 2194 2915 Unasxcs,
2230 2852 2452 2905 natione
2498 2848 2797 2913 Romanus,
2844 2861 2911 2899 ex
2960 2854 3114 2914 patre
3147 2843 3434 2908 Pontiano,

1843 2946 1985 3001 sedit
2009 2946 2165 2999 annis
2194 2945 2248 2999 9.
2286 2956 2473 2997 mense
2506 2941 2557 2996 1.
2586 2941 2731 2995 dieb.
2771 2938 2825 2992 2.
2868 2938 2968 2992 llic
3000 2954 3096 2993 sua
3146 2936 3438 2991 traditione

1847 3039 2197 3093 Valerianum
2245 3050 2510 3105 sponsum
2554 3034 2611 3089 ὃ.
2667 3032 2901 3097 Ceciliie,
2954 3040 3009 3086 et
3057 3029 3257 3084 multos
3302 3029 3438 3084 alios

1802 3196 1814 3215 ⁸
1847 3144 2021 3199 usque
2051 3129 2116 3182 ad
2147 3128 2465 3198 martyrium
2496 3124 2768 3195 perduxit.
2794 3124 2892 3191 Qui
2926 3123 3206 3178 confessor
3233 3121 3434 3183 factus,

178 3221 348 3279 librum
393 3228 635 3297 scripsit,
679 3228 733 3281 in
782 3244 887 3297 quo
944 3198 1254 3283 crintinet'ur
1318 3198 1464 3300 quod
1514 3230 1740 3300 angelus
1771 3198 1816 3256 υ
1849 3198 2094 3289 sepultus
2117 3229 2200 3275 est
2228 3221 2278 3273 in
2324 3219 2596 3272 cimiterio
2644 3216 2979 3281 Przetextati,
3024 3214 3110 3268 via
3158 3212 3350 3283 Appia,
3381 3211 3435 3267 8.

181 3310 364 3368 Domini
391 3316 443 3370 in
480 3316 669 3370 habitu
697 3308 933 3372 Pastoris
958 3320 1005 3373 ei
1031 3320 1287 3389 praecepit
1334 3330 1391 3373 ut
1415 3319 1622 3374 Pascha
1654 3319 1741 3375 die

180 3400 433 3462 Dominico
479 3408 872 3464 celebraretur.
930 3409 1028 3465 llic
1073 3410 1354 3465 constituit
1424 3412 1740 3465 haereticuui

182 3497 458 3553 venientem
490 3516 557 3554 ex
586 3501 892 3556 Iudaeorum
920 3504 1108 3557 liceresi
1143 3504 1340 3572 suscipi
1365 3513 1418 3557 ct
1447 3504 1737 3572 baptizari.

183 3583 267 3649 Qui
294 3591 529 3659 sepultus
558 3602 643 3647 est
673 3593 823 3661 juxta
853 3609 1048 3663 corpus
1079 3594 1138 3647 Β.
1178 3593 1343 3659 Petri,
1376 3594 1430 3650 5.
1470 3594 1593 3649 ldus
1633 3592 1739 3649 Jul.

185 3673 236 3729 Et
266 3683 487 3737 cessavit
513 3683 869 3754 Episcopatus
899 3687 1014 3741 dies
1045 3686 1129 3740 M.

891 3777 1005 3832 XII.

245 3858 526 3928 Asicerus,
552 3866 769 3921 natione
787 3866 978 3939 Syrus,
1001 3884 1068 3927 ex.
1093 3876 1244 3938 patre
1269 3864 1497 3933 Joanne,
1531 3868 1596 3923 de
1624 3867 1745 3925 vico

189 3943 407 4016 llumisa,
438 3956 579 4008 sedit
608 3957 764 4011 annis
786 3957 849 4010 12
881 3972 1054 4012 mens.
1087 3959 1139 4011 4.
1172 3958 1361 4012 diebus
1392 3959 1447 4012 5.
1484 3956 1583 4010 Hic
1618 3972 1745 4010 con-

190 4039 343 4093 stituit
378 4052 435 4096 ut
486 4044 718 4099 clericus
751 4062 958 4101 comam
1000 4063 1106 4101 non
1145 4048 1396 4102 nutriret.
1434 4046 1746 4117 Martyrque

190 4130 323 4193 obiit,
350 4143 401 4187 et
429 4136 677 4206 sepultus
697 4148 777 4192 est
800 4140 852 4192 in
870 4139 1139 4194 cimiterio
1163 4139 1370 4194 Callisti
1397 4138 1482 4193 12.
1513 4136 1744 4194 Kalend.

192 4218 316 4277 Maii.
348 4226 411 4281 Et
439 4232 676 4284 cessavit
698 4231 1052 4300 Episcopatus
1073 4231 1187 4288 dies
1212 4232 1298 4287 17.

882 4320 1022 4373 XIII.

257 4401 489 4472 Sorana,
520 4408 743 4467 natione
772 4411 1108 4483 Campanus,
1132 4426 1199 4467 ex
1224 4421 1379 4483 patre
1424 4411 1746 4478 Concordio,

197 4489 252 4564 de
309 4496 520 4554 civitate
567 4501 793 4565 Fundis,
852 4505 991 4558 sedit
1040 4504 1197 4558 annis
1250 4504 1303 4559 9.
1365 4505 1641 4558 mensibus
1692 4503 1745 4561 6.

197 4582 321 4640 dieb.
360 4588 447 4644 21.
501 4590 602 4647 Hic
642 4595 917 4648 constituit
968 4604 1028 4649 ut
1081 4594 1223 4648 nulla
1256 4596 1521 4650 monacha
1551 4593 1746 4663 pallam

200 4685 440 4733 sacratam
489 4682 847 4752 contingeret,
904 4700 1004 4738 nec
1058 4686 1339 4738 incensum
1413 4692 1639 4753 poneret
1697 4685 1748 4739 in

201 4776 418 4823 sanetam
470 4773 778 4829 ecclesiam.
814 4777 914 4844 Qui
956 4777 1196 4846 sepultus
1237 4786 1316 4831 est
1357 4776 1510 4845 juxta
1553 4792 1750 4846 corpus

203 4853 254 4997 ἓ..
278 4858 438 5005 Peetiri.
472 4863 528 4917 9.
575 4864 794 4921 Kalend.
822 4868 990 4925 Junii.
1029 4868 1097 4922 Et
1138 4868 1369 4924 cessavit
1398 4868 1751 4938 Episcopatus

237 4962 303 5003 res
400 4990 413 5002 .

237 4962 303 5003 tes
327 4962 387 5003 ’21
400 4990 413 5002 .

890 5046 1038 5103 XIV.

266 5125 565 5198 Eun-run,
589 5134 801 5191 natione
830 5138 1081 5201 Grzccus,
1132 5152 1197 5191 ex
1243 5148 1395 5210 patre
1444 5137 1751 5207 Habundio,

208 5212 265 5298 tle
284 5222 466 5289 oppido
492 5223 749 5294 Nicopoli,
768 5231 899 5286 sedit
925 5229 1087 5283 annis
1110 5228 1189 5282 15.
1217 5246 1383 5285 meus.
1407 5234 1464 5286 5.
1489 5229 1678 5288 diebus
1698 5235 1753 5287 2.

208 5304 293 5414 llic
323 5315 524 5382 accepit
574 5318 843 5395 epistolam
887 5339 919 5377 a
970 5320 1136 5375 Lucio
1181 5321 1458 5380 Britonum
1511 5338 1657 5391 rege,
1699 5334 1758 5380 ut

212 5396 258 5414 n-

1844 3312 2071 3367 Kalend.
2102 3309 2223 3364 Jan.
2261 3309 2328 3363 Et
2365 3308 2601 3363 cessavit
2632 3306 2991 3377 Episcopatus
3021 3304 3210 3359 diebus
3235 3302 3325 3358 50.

2563 3399 2705 3454 XIX.

1917 3490 2240 3556 P‘oamsus,
2276 3494 2493 3549 natione
2522 3492 2819 3554 Romanus,
2850 3508 2918 3547 ex
2946 3500 3097 3560 patre
3121 3488 3437 3559 Calpurnio,

1845 3585 1985 3640 sedit
2011 3585 2167 3639 annis
2209 3584 2262 3638 9.
2301 3597 2476 3638 mens.
2521 3582 2574 3636 5.
2616 3582 2755 3636 dieb.
2790 3582 2844 3635 2.
2891 3581 2990 3634 llic
3022 3590 3075 3636 et
3120 3579 3440 3650 Hippolytus

1837 3678 2128 3746 ‘presbvtcr
2148 3676 2309 3730 exilio
2330 3684 2454 3729 sunt
2479 3675 2751 3742 deportati
2778 3673 2861 3727 ab
2878 3671 3188 3726 Alexandro
3216 3672 3283 3725 de
3308 3671 3438 3724 Sar-

1846 3769 1991 3821 diuia
2022 3766 2196 3821 insula
2231 3766 2479 3825 Butiana,
2512 3764 2699 3832 ibique
2722 3763 3032 3823 defunctus,
3064 3760 3329 3828 martyrio
3349 3773 3442 3814 co-

1847 3871 2070 3912 renatus
2097 3866 2181 3911 est
2210 3857 2260 3909 5.
2292 3855 2518 3908 Kalend.
2566 3852 2826 3908 Novemb.
2864 3853 3036 3919 Quem
3068 3851 3125 3903 Β.
3167 3849 3442 3905 Fabianus

1847 3948 2069 4002 adduxit
2112 3962 2233 4000 cum
2270 3946 2418 3999 clero
2469 3960 2567 4012 per
2611 3944 2814 4004 navim,
2864 3951 2918 3995 et
2964 3939 3209 4010 sepelivit
3259 3940 3311 3993 in
3358 3940 3438 3993 ci-

1847 4040 2062 4094 miterio
2100 4038 2297 4092 Calixti
2336 4036 2424 4090 via
2459 4037 2647 4106 Appia.
2692 4035 2761 4089 Et
2799 4034 3039 4088 cessavit
3082 4032 3442 4102 Episcopatus

1849 4134 1964 4188 dies
1994 4132 2082 4187 10.

2582 4220 2701 4276 XX.

1918 4314 2232 4378 Amusnus,
2285 4315 2503 4368 natione
2556 4313 2798 4374 Grmcus,
2852 4326 2918 4365 ex
2980 4321 3136 4380 patre
3186 4307 3440 4372 Romulo,

1849 4407 1988 4461 sedit
2022 4407 2178 4459 annis
2214 4406 2301 4460 12.
2332 4420 2519 4459 mense
2541 4419 2671 4457 uno.
2704 4403 2845 4457 dieb.
2882 4400 2968 4455 12.
3002 4400 3102 4455 Hic
3142 4410 3441 4471 martyrum

1851 4506 2002 4566 gesta
2027 4497 2314 4565 diligenter
2344 4496 2643 4566 inquisivit,
2678 4503 2731 4549 et
2762 4494 2814 4547 in
2844 4493 3084 4548 Ecclesia
3117 4491 3441 4546 recondidit.

1853 4585 2219 4658 Martyrioque
2241 4598 2552 4651 coronatus,
2579 4586 2824 4655 sepultus
2852 4594 2935 4639 est
2959 4586 3011 4638 in
3041 4583 3314 4639 cimiterio
3341 4582 3446 4639 Ca-

1853 4677 1992 4744 lixti,
2020 4680 2105 4733 via
2131 4679 2325 4748 Appia,
2353 4679 2408 4734 5.
2432 4693 2599 4734 nonas
2624 4676 2848 4732 Ianuar.
2876 4676 2942 4730 Et
2963 4675 3200 4729 cessavit
3223 4672 3446 4744 Episco«

1853 4780 2013 4841 patus
2039 4772 2155 4825 dies
2182 4770 2265 4825 15.

2577 4856 2717 4913 XXI.

1927 4954 2217 5020 FABIANUS,
2248 4963 2465 5009 natione
2490 4950 2793 5015 Romanus,
2817 4964 2883 5004 ex
2911 4954 3065 5014 patre
3091 4941 3284 5005 Fabio,
3317 4937 3453 4993 sedit

1859 5051 2017 5105 annis
2056 5051 2141 5105 14.
2173 5065 2349 5104 mens.
2386 5047 2472 5100 11.
2512 5043 2659 5098 dieb.
2706 5042 2793 5095 10.
2837 5040 2936 5093 llic
2984 5034 3237 5100 regiones
3278 5028 3457 5082 divisit

1860 5139 2198 5204 diaconibus,
2226 5147 2280 5193 et
2320 5136 2444 5191 fecit
2478 5149 2572 5189 sex
2601 5132 2886 5188 diaconos,
2916 5122 3006 5190 Qui
3043 5130 3259 5185 septem
3297 5116 3462 5169 Nota-

1863 5232 1957 5286 riis
1989 5230 2353 5285 imminerent.
2382 5228 2458 5281 Eo
2494 5236 2740 5289 tempore
2778 5210 3093 5288 supervenil
3127 5210 3373 5264 Νονίιῑυδ
3402 5220 3464 5259 εἰ

1864 5322 2069 5384 Africa,
2099 5332 2153 5375 et
2180 5319 2455 5390 separavit
2482 5312 2812 5370 Ecclesiam.
2851 5302 3130 5361 Fabianus
3157 5316 3290 5355 vero
3319 5311 3469 5397 mal:-

2896 5389 3108 5414 _..!o.-...:.‘
3137 5389 3336 5414 l‘-l!..|:
3389 5389 3473 5414 υἶιιι
