3944 5414
485 257 604 312 539-

1589 260 1878 316 ABBONIS
1928 261 2219 316 ABBATIS
2255 260 2748 322 FLOIIIACENSIS

3624 257 3730 315 540

480 376 618 430 sedit
645 373 804 429 annis
838 373 890 429 8.
929 373 1205 430 mensibus
1224 375 1277 428 5.
1303 381 1359 427 et
1380 373 1522 428 dieb.
1556 375 1643 428 10.
1667 374 1768 441 Qui
1798 375 2052 430 Centum-
2081 388 2124 438 Α
2160 375 2399 430 Ecclesia
2428 373 2800 435 ascenderem.
2828 371 3032 443 Siquis
3075 372 3370 444 Episcopus
3392 386 3518 427 esse
3555 387 3732 426 ntere-

481 466 636 521 cellis
671 466 858 536 pulsus
882 475 985 532 est,
1007 473 1064 522 et
1096 466 1292 522 ibidem
1327 466 1532 536 accepit
1557 482 1587 520 a
1613 465 1880 537 Cypriano
1910 482 2052 521 mar-

483 567 602 627 tyre
625 557 676 610 in
705 572 926 612 carcere
949 556 1226 626 scriptam.
1267 556 1384 625 Quo
1408 559 1570 613 etiam
1596 559 1713 614 loco
1735 559 2066 622 decollatus.-

478 657 693 717 martyr
720 646 943 702 eIIectus
977 657 1078 703 est.
1119 647 1282 716 Cujus
1321 665 1516 719 corpus
1555 660 1715 706 noctu
1745 649 1961 721 collegit
1991 652 2049 705 Β.

481 736 682 791 Lucina
714 752 835 791 cum
865 736 1099 803 clericis,
1129 747 1185 792 et
1211 739 1456 808 sepelivit
1485 739 1538 795 in
1573 749 1760 810 crypta
1787 741 1941 811 juxta
1970 742 2052 796 ci-

483 826 760 882 miterium
809 826 1039 892 Callisti,
1086 828 1171 882 via
1219 829 1411 898 Appia,
1461 830 1512 886 in
1556 831 1756 899 praedio
1800 845 1917 884 suo.
1966 831 2055 885 18.

480 913 708 969 Kalend.
781 914 1052 972 Octobris.
1115 917 1182 971 Et
1243 919 1475 974 cessavit
1540 919 1893 988 Episcopatus
1944 920 2055 973 die-

479 1003 584 1058 bus
633 1002 724 1058 55.

1183 1101 1367 1156 XXIII.

551 1187 770 1256 LUCIUS,
819 1189 1041 1248 natione
1083 1192 1382 1258 Romanus,
1427 1207 1493 1248 ex
1535 1201 1688 1264 patre
1732 1193 2054 1267 Porphyrio,

482 1279 623 1336 sedit
647 1281 804 1336 annis
824 1283 878 1337 5.
905 1299 1078 1340 mens.
1104 1285 1158 1340 7.
1179 1285 1321 1341 dieb.
1345 1286 1399 1340 6.
1426 1287 1525 1342 Ilic
1547 1287 1600 1341 in
1624 1287 1785 1343 exilio
1808 1287 1924 1344 fuit.
1951 1287 2056 1344 Sed

479 1380 670 1439 postea
711 1371 996 1428 incolumis
1030 1375 1097 1429 ad
1126 1374 1422 1430 Ecclesiam
1457 1392 1609 1430 suam
1644 1392 1894 1433 reversus
1920 1394 2058 1448 pne-

483 1461 627 1527 cepit
658 1470 717 1514 ut
737 1461 842 1516 duo
869 1465 1190 1536 presbyteri,
1229 1474 1282 1520 et
1307 1475 1417 1521 tres
1445 1467 1657 1524 diaconi
1692 1469 1744 1523 in
1769 1469 1914 1523 omni
1941 1471 2059 1524 loco

479 1549 806 1620 Episcopum
833 1568 937 1607 non
970 1556 1284 1612 desererent
1315 1566 1534 1628 propter
1562 1560 1928 1617 testimonium
1957 1562 2065 1627 Ec:

485 1639 867 1697 clesiastieum.
897 1643 1000 1713 Qui
1022 1646 1186 1701 etiam
1205 1664 1235 1702 a
1268 1647 1550 1705 Valeriano
1575 1652 1750 1721 capite
1780 1660 2060 1708 truncatus

2154 477 2322 530 retur,
2365 478 2420 522 ut
2453 477 2600 522 esset
2628 465 2902 530 ostiarius,
2938 466 3133 529 lector,
3164 465 3457 529 exorcista,
3493 478 3732 534 sequens

2154 559 2536 621 subdiaconus,
2569 557 2846 620 diaconus,
2873 558 3172 628 presbyter,
3205 567 3260 612 et
3290 557 3488 613 exinde
3512 557 3736 624 Episco-

2153 664 2252 718 pus
2277 649 2638 703 ordinaretur.
2674 647 2776 714 Qui
2808 647 3017 704 fusieus
3051 648 3485 716 persecutionem
3521 647 3735 702 Diocle-

2156 737 2284 791 tiani
2322 737 2374 791 in
2417 737 2623 808 cryptis
2663 737 2974 800 habitando,
3020 737 3285 808 martyrio
3323 745 3645 800 coronatur,
3678 745 3736 788 ct

2155 828 2394 897 sepultus
2417 837 2503 884 est
2533 830 2586 883 in
2617 829 2884 884 cimiterio
2919 827 3114 883 Caliin
3147 828 3230 882 via
3265 828 3462 898 Appia,
3493 828 3584 882 10.
3623 825 3731 880 Ka-

2153 918 2294 973 lend.
2323 917 2469 974 Maii.
2507 917 2574 974 Et
2602 919 2834 975 cessavit
2854 919 3214 990 Episcopatus
3239 919 3356 975 dies
3384 920 3473 973 11.

2856 1009 3025 1075 XXX.
3359 1071 3362 1074 ,

2223 1100 2621 1169 Μικοειιικυς,
2645 1104 2866 1158 natione
2881 1103 3176 1167 Romanus,
3197 1119 3262 1158 ex
3288 1113 3440 1174 patre
3463 1102 3734 1171 Projecto.

2155 1193 2294 1248 sedit
2323 1195 2478 1248 annis
2506 1194 2560 1249 9.
2593 1195 2869 1250 mensibus
2895 1195 2950 1248 4.
2979 1195 3168 1250 diebus
3208 1196 3292 1249 16.
3337 1196 3454 1262 Quo
3485 1205 3735 1265 tempore

2153 1280 2254 1336 fuit
2275 1283 2578 1351 persecutio
2603 1298 2815 1354 magna,
2841 1294 2901 1338 ut
2921 1285 3063 1339 intra
3089 1284 3158 1339 50
3201 1285 3335 1350 dies,
3363 1287 3424 1340 17
3451 1287 3735 1340 hominum

2156 1371 2321 1426 millia
2351 1373 2642 1442 promiscui
2669 1389 2832 1430 sexus
2857 1389 2954 1445 per
2977 1375 3219 1431 diversas
3242 1376 3555 1445 provincias
3583 1391 3738 1431 coro-

2157 1474 2436 1518 narentur.
2463 1465 2610 1520 Inter
2639 1481 2776 1536 quos
2801 1468 2915 1536 ipse
2950 1466 3294 1522 Marcellinus
3323 1469 3517 1522 ductus
3550 1479 3639 1523 est
3672 1469 3740 1522 ad

2157 1557 2592 1625 sacrificandum,
2617 1568 2677 1613 ut
2703 1559 3059 1623 thuriﬁcaret,
3091 1559 3234 1629 quod
3259 1568 3314 1612 et
3337 1557 3488 1614 fecit.
3518 1559 3589 1613 Et
3619 1570 3740 1628 post

2159 1665 2361 1719 paucos
2384 1650 2501 1705 dies
2524 1649 2840 1718 paenitentia
2873 1651 3066 1704 ductus
3091 1649 3160 1704 ab
3182 1650 3370 1705 eodem
3399 1649 3740 1704 Diocletiano

493 1734 548 1786 5.
582 1731 762 1788 Nonas
793 1733 950 1788 Mart.
981 1738 1218 1806 sepultus
1249 1749 1333 1796 est
1370 1743 1424 1796 in
1453 1741 1719 1798 cimiterio
1744 1743 1937 1799 Calixti
1974 1746 2058 1799 via
2091 1744 2132 1803 Β
2161 1741 2336 1812 capite
2372 1756 2470 1810 pro
2508 1741 2612 1797 ﬁde
2641 1740 2842 1796 Christi
2881 1750 3159 1796 truncatus
3186 1751 3289 1795 est.
3330 1740 3500 1810 Cujus
3538 1755 3740 1808 corpus

477 1821 699 1968 appigs
715 1823 768 1878 8.
803 1822 1029 1880 Kalend.
1055 1825 1328 1899 Septemb.
1361 1830 1428 1885 Et
1449 1832 1680 1886 cessavit
1709 1831 2059 1904 Episcopatus

528 1928 604 1968 ICS
704 1954 720 1968 .

528 1928 604 1968 ICS
629 1928 720 1969 οὗ.

1178 2011 1366 2068 XXIV.

558 2094 894 2164 STEPHANUS,
947 2099 1162 2155 natione
1207 2101 1500 2167 Romanus,
1552 2119 1619 2159 ex
1667 2114 1820 2172 patre
1882 2106 2060 2175 Jobio,

489 2189 627 2242 sedit
659 2191 816 2244 anuis
843 2191 894 2244 6.
925 2195 1153 2247 mcnsib.
1184 2192 1235 2246 5.
1268 2195 1411 2250 dieb.
1443 2196 1498 2249 2.
1529 2195 1630 2251 Hic
1657 2199 1936 2251 constituit
1967 2215 2057 2252 sa-

489 2281 738 2336 cerdotes
765 2291 818 2336 et
848 2282 1080 2349 Levitas,
1107 2295 1163 2338 ut
1192 2285 1430 2340 vestibus
1463 2289 1690 2341 sacratis
1728 2304 1833 2344 non
1865 2290 1966 2345 nisi
2005 2289 2058 2344 in

490 2370 734 2426 Ecclesia
765 2383 1061 2428 uterentur.
1099 2375 1464 2446 Martyrioque
1501 2388 1792 2435 coronatus
1821 2381 2060 2452 sepultus

489 2470 572 2516 est
623 2463 678 2516 in
724 2463 988 2519 cimiterio
1013 2465 1218 2520 Callisti
1247 2467 1330 2520 via
1361 2467 1556 2540 Appia,
1604 2471 1658 2524 4.
1697 2469 1878 2525 Nonas
1918 2473 2055 2541 Aug.

490 2556 606 2621 Quo
637 2565 878 2628 tempore
916 2557 1016 2613 fuit
1051 2575 1240 2628 magna
1273 2563 1575 2630 persecutio
1602 2565 1700 2618 sub
1737 2563 1916 2618 Decio.

1191 2653 1355 2711 XXV.

565 2743 785 2808 thws,
815 2745 1030 2798 natione
1065 2744 1285 2802 Gnaeus
1319 2763 1383 2802 cx
1420 2747 1767 2818 Philosopho,
1797 2749 1935 2803 sedit
1965 2764 2056 2802 an-

493 2851 562 2890 no
601 2835 651 2888 1.
687 2850 856 2890 mens.
893 2836 978 2890 10.
1011 2837 1201 2893 diebus
1241 2837 1330 2893 26.
1367 2839 1732 2910 Martyrioque
1769 2848 2060 2894 coronatus

490 2929 591 2984 sub
623 2928 911 2986 Valeriano
931 2931 983 2986 8.
1013 2931 1235 2986 Kalend.
1264 2932 1400 3002 Aug.
1429 2932 1556 2986 Post
1577 2932 1731 3001 cujus
1758 2933 2060 3002 passionem

491 3023 654 3076 tertio
687 3023 774 3080 die
818 3038 1007 3090 passus
1037 3033 1120 3078 est
1144 3025 1217 3089 ⁸Β.
1262 3024 1582 3080 Laurentius
1625 3025 2056 3080 archidiaconus.

2154 1829 2322 1901 jacuit
2353 1830 2406 1884 in
2438 1829 2615 1900 platea
2645 1833 2832 1887 diebus
2855 1831 2945 1885 25.
2983 1841 3038 1886 et
3071 1832 3268 1886 exinde
3298 1831 3590 1885 Marcellus
3615 1846 3738 1900 prc-

2159 1920 2342 1991 sbyter
2367 1921 2584 1992 collegit
2605 1931 2788 1988 noctu,
2815 1929 2870 1976 et
2899 1921 3148 1992 sepelivit
3167 1937 3287 1976 eum
3313 1922 3397 1974 via
3437 1920 3654 1976 Salaria
3684 1921 3742 1976 in

2159 2013 2426 2068 cimiterio
2483 2013 2742 2068 Priscillae
2771 2014 2927 2083 juxta
2961 2029 3157 2084 corpus
3191 2013 3366 2068 sancti
3394 2011 3743 2068 Crescentio—

2159 2104 2265 2167 nis,
2291 2103 2342 2157 7.
2366 2103 2585 2157 Kalend.
2612 2104 2754 2157 Maii.
2782 2105 2849 2160 Et
2867 2105 3099 2160 cessavit
3124 2104 3482 2174 Episcopatus
3504 2106 3666 2160 annis
3686 2105 3740 2162 Ἰ.

2159 2193 2436 2250 mensibus
2461 2193 2513 2248 7.
2539 2193 2656 2250 dies
2685 2195 2774 2250 '25.

2857 2287 3049 2345 XXXI.

2230 2377 2574 2443 Mancuws,
2595 2379 2811 2434 natione
2835 2380 3131 2446 Romanus,
3153 2394 3222 2435 ex
3249 2387 3402 2450 patre
3420 2377 3739 2444 Benedicto,

2157 2466 2225 2523 de
2257 2469 2474 2536 regione
2505 2468 2733 2536 Vialata,
2757 2471 2900 2526 sedit
2925 2471 3082 2524 annis
3102 2471 3154 2524 5.
3183 2487 3354 2526 mens.
3389 2473 3440 2526 7.
3471 2474 3617 2528 dieb.
3641 2473 3738 2527 21.

2159 2557 2258 2612 Ilic
2292 2557 2421 2613 fecit
2456 2559 2783 2614 cimiterium
2821 2559 2910 2612 via
2953 2559 3184 2627 Salaria,
3221 2569 3276 2614 et
3307 2563 3739 2631 comprehensus

2160 2651 2446 2707 damnatus
2473 2661 2556 2707 est
2585 2653 2638 2706 in
2665 2652 2930 2708 catabulo.
2963 2653 3079 2718 Quo
3111 2668 3302 2708 novem
3335 2654 3616 2708 mensibus
3640 2670 3737 2709 ex-

2159 2742 2296 2797 actis
2327 2743 2384 2796 in
2409 2743 2655 2798 oratione
2686 2753 2743 2798 et
2769 2742 2976 2810 jejunio
3013 2755 3169 2800 nocte
3199 2745 3348 2798 venit
3381 2744 3564 2798 clerus
3593 2747 3732 2814 ejus.

2159 2843 2210 2889 et
2234 2833 2384 2889 exuit
2405 2849 2551 2897 eum,
2584 2844 2639 2887 et
2663 2835 2912 2903 perduxit
2953 2836 3019 2889 ad
3044 2835 3261 2888 domum
3290 2833 3510 2889 Lucinae
3537 2835 3736 2895 viduzc,

2159 2939 2322 2993 quam
2352 2923 2613 2978 dedicavit
2654 2923 2808 2978 titulo
2841 2933 3044 2980 sanctae
3067 2925 3339 2980 Ecclesim.
3363 2925 3478 2979 Hoc
3517 2925 3730 2986 audito.

2163 3013 2464 3068 Maxentius
2495 3012 2656 3082 jussit
2711 3024 2769 3068 ut
2810 3014 3009 3068 ibidem
3048 3015 3373 3070 animalibus
3410 3016 3733 3070 deservirct.

494 3115 733 3183 Denique
785 3114 978 3169 Beatus
1029 3116 1217 3170 xisius
1263 3117 1504 3186 sepultus
1553 3126 1638 3170 es;
1688 3116 1740 3168 in
1794 3113 2060 3168 cimiterio
2087 3104 2132 3168 C
2162 3106 2304 3158 unde
2348 3106 2400 3160 in
2449 3105 2668 3160 servitio
2707 3105 3017 3160 animalium
3062 3107 3236 3161 nudus
3282 3109 3517 3162 amictus
3555 3107 3736 3161 cilicio

493 3203 552 3255 Β.
581 3202 777 3256 Calixti
821 3203 908 3257 .via
950 3204 1142 3274 Appia.
1178 3205 1243 3258 Et
1272 3205 1500 3261 cessavit
1536 3204 1894 3274 Episcopatus
1943 3201 2060 3256 die-

493 3293 593 3348 bus
621 3293 710 3346 55.

1195 3383 1378 3438 XXVI.

566 3479 868 3540 Dioxvsws,
901 3491 967 3530 ex
996 3477 1272 3530 monachis
1296 3491 1311 3540 ;
1339 3475 1493 3544 cujus
1521 3472 1925 3546 generationem
1953 3485 2060 3525 non

494 3567 768 3635 potuimus
795 3566 1051 3635 reperire.
1091 3566 1232 3621 sedit
1267 3566 1424 3620 annis
1457 3565 1510 3620 6.
1557 3565 1832 3620 mensibus
1863 3563 1920 3618 2.
1953 3563 2068 3616 die-

493 3659 596 3713 bus
618 3657 671 3710 4.
699 3657 798 3712 IIic
831 3658 1160 3728 presbyteris
1197 3657 1466 3712 Eeclesias
1499 3655 1666 3721 dedit,
1695 3667 1748 3710 et
1776 3653 2062 3720 cimiterio,

493 3760 546 3804 et
578 3752 863 3820 parochias
902 3751 1156 3806 dimcesis
1186 3750 1482 3805 constituit.
1529 3750 1684 3819 cujus
1717 3748 1978 3817 depOsitio
2010 3746 2060 3798 6.

497 3840 719 3894 Kalend.
762 3838 982 3896 Ianuar.
1021 3840 1073 3894 in
1103 3841 1370 3897 cimiterio
1396 3841 1592 3896 Calixti
1635 3841 1716 3896 via
1763 3841 1954 3909 Appia.
1997 3837 2065 3892 Et

494 3932 727 3988 cessavit
765 3931 1119 4003 EpiscOpatus
1147 3933 1261 3988 dies
1287 3933 1344 3989 5.

1170 4023 1383 4078 XXVII.

562 4111 750 4178 Fsux,
796 4114 1013 4169 natione
1070 4113 1366 4178 Romanus,
1418 4128 1484 4166 ex
1523 4122 1676 4181 patre
1723 4109 2072 4174 Constantio,"

494 4205 635 4258 sedit
664 4207 819 4259 annis
851 4205 906 4259 4.
953 4207 1228 4260 mensibus
1256 4207 1310 4260 5.
1344 4205 1485 4259 dieb.
1521 4204 1614 4258 25.
1655 4203 1755 4270 Qui
1785 4202 2066 4257 constituit

497 4309 659 4362 supra
693 4296 978 4348 memorias
1006 4305 1303 4364 martyrum
1329 4294 1518 4349 Missas
1543 4293 1805 4348 celebrari
1854 4293 1919 4346 Et
1939 4290 2067 4345 fecit

498 4382 779 4436 basilicam
827 4384 876 4437 in
925 4385 1007 4436 via
1051 4384 1289 4445 Aurelia,
1329 4385 1416 4437 ubi
1461 4382 1720 4454 martyrio
1751 4388 2062 4443 coronatus,

497 4471 737 4539 sepultus
783 4483 883 4540 cst,
947 4475 998 4528 5.
1046 4473 1272 4528 Kalend.
1319 4473 1462 4528 Junii
1511 4474 1761 4528 milliario
1817 4473 1884 4526 ab
1933 4474 2064 4528 urbe

495 4563 670 4618 lloma
699 4565 952 4620 secundo.
979 4564 1044 4619 Et
1074 4567 1308 4620 cessavit
1338 4565 1691 4635 Episcopatus
1727 4563 1841 4618 dies
1871 4565 1923 4618 5.

1165 4672 1399 4726 XXVIII.

565 4787 948 4850 EUTHICMNUS,
986 4787 1204 4841 natione
1229 4787 1494 4852 Thuscus,
1539 4801 1604 4841 ex
1649 4795 1802 4857 patre
1839 4783 2065 4846 Marino,

498 4878 564 4931 de
601 4878 822 4933 civitate
854 4877 1036 4942 Lunae,
1084 4879 1225 4933 sedit
1267 4893 1468 4932 annum
1497 4893 1684 4942 unum,
1726 4893 1966 4932 mensem
2014 4875 2065 4928 1.

499 4970 638 5023 diem
675 4971 722 5025 1.
756 4971 856 5028 llic
905 4972 1188 5028 constituit
1232 4979 1290 5026 ut
1331 4970 1513 5040 fruges
1553 4985 1716 5040 super
1748 4971 1917 5024 altare
1950 4978 2066 5022 tan-

501 5069 636 5124 t.nn,
663 5059 796 5116 falxc
844 5071 900 5117 et
924 5079 1038 5118 uva:
1060 5063 1526 5118 benedicerentur.
1555 5062 1878 5130 Etscpultus
1907 5069 1989 5114 est
2012 5059 2063 5112 in

471 5151 768 5206 ‘cimiterio
799 5155 990 5210 Calixti
1022 5157 1106 5210 via
1138 5155 1331 5226 Appia,
1369 5157 1422 5212 8.
1461 5155 1685 5210 Kalend.
1719 5154 1962 5224 Augusti.
2003 5152 2068 5205 Et

503 5243 735 5298 cessavit
761 5244 1111 5316 Episcopatus
1133 5247 1247 5301 dics
1269 5248 1321 5302 8.

1189 5359 1378 5414 XXIX.

2164 3197 2444 3253 defunctus
2484 3205 2584 3250 est.
2627 3197 2792 3266 Cujus
2827 3213 3023 3266 corpus
3058 3197 3273 3268 collegit
3316 3200 3475 3254 beata
3509 3198 3735 3259 Lucina,

2163 3297 2218 3342 et
2266 3287 2510 3356 sepelivit
2546 3287 2600 3341 iu
2634 3287 2902 3349 cimiterio
2943 3289 3218 3354 Priscillae,
3267 3291 3354 3344 via
3398 3290 3631 3343 Salaria.
3666 3289 3729 3342 l7

2163 3378 2382 3435 Caleud.
2414 3378 2573 3435 Febr.
2603 3387 2657 3434 et
2679 3379 2910 3434 cessavit
2936 3379 3288 3452 Episc0patus
3316 3381 3457 3437 dieb.
3489 3381 3588 3438 50.

2847 3493 3058 3549 XXXII.

2234 3606 2513 3671 Eussaws,
2539 3607 2755 3661 natione
2777 3605 3018 3672 Crmcus,
3044 3622 3109 3663 ex
3143 3608 3385 3671 medicis,
3418 3609 3564 3662 sedit
3581 3610 3741 3663 aruis

2165 3699 2218 3752 6.
2250 3712 2418 3752 mens.
2453 3697 2503 3750 1.
2546 3696 2686 3750 dieb.
2723 3695 2775 3748 5.
2819 3697 2932 3750 Sub
2963 3697 3118 3764 hujus
3148 3698 3479 3766 temporibus
3518 3697 3740 3750 inventa

2163 3796 2244 3843 est
2271 3803 2402 3843 crux
2434 3787 2647 3842 Domini
2674 3786 2725 3840 5.
2765 3787 2898 3841 Non.
2938 3787 3086 3856 maji.
3113 3806 3141 3840 a
3168 3787 3323 3851 Iuda,
3353 3787 3445 3856 qui
3487 3797 3611 3855 post
3641 3789 3734 3840 ba-

2165 3880 2399 3950 ptizatus
2420 3888 2522 3933 est.
2561 3877 2661 3934 Hic
2688 3879 2970 3934 hiereticos
3000 3880 3224 3943 invenit,
3253 3893 3388 3948 quos
3417 3893 3515 3948 per
3546 3892 3738 3930 manus

2167 3973 2561 4042 impositionem
2588 3971 2973 4026 reconciliavit.
2997 3971 3098 4038 Qui
3125 3971 3285 4024 etiam
3310 3970 3552 4038 sepultus
3574 3977 3656 4023 est
3685 3971 3734 4019 in

2165 4061 2433 4116 cimiterio
2455 4058 2669 4122 Calixti,
2693 4061 2776 4113 via
2799 4060 2991 4130 Appia,
3015 4060 3068 4115 6⁴
3087 4058 3223 4115 Non.
3241 4047 3511 4116 Octobris.
3536 4058 3606 4112 Et
3625 4072 3736 4112 ces-

2167 4151 2306 4206 savit
2334 4150 2682 4221 Episcopatus
2710 4150 2825 4206 dies
2849 4150 2900 4204 7.

2835 4243 3070 4298 XXXIII.

2240 4352 2605 4417 Mercutxnss,
2639 4353 2854 4407 natione
2899 4352 3048 4416 Afer,
3090 4351 3229 4406 sedit
3258 4350 3412 4403 annis
3437 4349 3490 4402 4.
3524 4356 3582 4403 et
3614 4365 3739 4402 cmi-

2098 4459 2140 4514 υ
2168 4447 2343 4500 stituit
2373 4445 2516 4498 nulla
2551 4445 2759 4498 ratioae
2784 4443 3085 4506 Dominica,
3115 4451 3206 4496 aut
3235 4442 3286 4496 5.
3318 4439 3447 4494 feria
3472 4437 3733 4506 jejunium

2173 4536 2435 4592 celebrari
2485 4553 2497 4588 :
2540 4535 2773 4603 fecitque
2809 4543 2868 4586 ut
2900 4534 3197 4587 ablatioucs
3241 4545 3427 4593 sacrm,
3475 4529 3619 4597 quod
3661 4537 3739 4581 est

2173 4629 2494 4681 fermentum
2526 4641 2591 4679 ex
2616 4621 3023 4678 consecratione
3068 4622 3312 4692 Episcopi
3344 4635 3438 4690 per
3473 4619 3738 4674 Ecclesias

2171 4719 2552 4786 dirigerentur,
2594 4731 2657 4768 ac
2705 4714 2942 4784 sepultus
2987 4723 3070 4768 est
3107 4713 3158 4766 in
3209 4711 3479 4766 cimiterio
3521 4709 3737 4769 Calixti,

2171 4810 2260 4860 via
2291 4809 2460 4876 Appia
2498 4807 2550 4860 4.
2577 4807 2696 4862 ldus
2725 4804 2844 4861 Jan.
2877 4806 2943 4860 Et
2972 4804 3207 4858 cessavit
3244 4802 3601 4872 Episcopatus
3629 4800 3739 4852 die-

2171 4901 2272 4953 bus
2299 4897 2382 4952 16.

2787 5049 2789 5051 ,
2848 4984 3084 5040 xxxw.

2243 5097 2560 5158 SILVESTER,
2607 5095 2824 5148 natione
2873 5095 3168 5156 Romanus,
3213 5109 3279 5147 ex
3326 5103 3478 5162 patre
3515 5091 3740 5156 Ruﬁno,

2171 5191 2312 5244 sedit
2349 5189 2505 5242 annis
2547 5188 2637 5241 25.
2685 5201 2856 5240 mens.
2905 5185 2989 5239 10.
3041 5185 3232 5239 diebus
3288 5185 3370 5238 11.
3413 5183 3511 5237 llic
3561 5181 3658 5235 luit
3689 5198 3742 5236 tn

2170 5279 2332 5334 exilio
2360 5279 2412 5332 in
2437 5287 2618 5332 monte
2642 5278 2887 5331 Soracte.
2913 5275 2978 5329 Et
2997 5275 3340 5344 postmodum
3372 5275 3589 5328 rediens
3617 5288 3738 5326 cum

2174 5375 2341 5414 ulnrin
2396 5372 2682 5414 hnntimvit
2741 5370 3150 5414 linnstnnlimlm
3220 5368 3541 5414 Angustum-
3589 5381 3744 5414 tluettt
