3944 5414
158 287 248 344 5M

1105 277 1529 336 EXCERPTUM
1572 276 1659 333 DE
1695 276 1941 334 GES'I'IS
2006 281 2172 336 IIOM.
2217 283 2419 337 PO'NI'.

3311 293 3424 347 sta.

157 405 243 475 qui
271 404 668 456 damnaverant
700 396 945 460 Arrium,
987 394 1298 459 Photinum,
1329 402 1384 449 et
1410 393 1726 448 Sabellium.
1756 397 1808 454 Α
1834 404 2081 464 scopatu,
2111 398 2201 466 qui
2226 407 2347 451 erat
2370 399 2701 464 Catholicus,
2731 410 2784 455 et
2815 406 3086 459 revocavit
3121 406 3412 464 Liberium.

158 497 210 550 In
234 495 364 548 urbe
389 507 608 562 quoque
637 489 810 543 Roma
844 483 1190 557 congregavit
1219 485 1335 554 ipse
1358 499 1482 540 cum
1510 484 1738 540 consilio

157 584 528 655 Aogusti277.
553 593 609 638 et
638 581 918 635 damnavit
954 581 1152 634 iterum
1194 577 1486 640 Calixtlm,
1525 577 1739 643 Arium,

159 673 445 730 Photinutn
489 684 546 728 et
592 671 907 727 Sabellium.
949 667 1430 724 Constituit-etiam
1459 675 1519 721 ut
1565 668 1740 739 bapti-

159 786 334 826 zatum
366 767 556 821 [iniret
598 765 880 836 presbyter
905 763 1197 818 chrismate
1241 762 1474 815 levatum
1502 761 1567 816 de
1598 775 1737 830 aqua

157 868 376 930 propter
416 859 763 913 occasionem
807 855 1068 910 transitus
1112 853 1326 918 mortis,
1363 862 1418 908 et
1454 865 1512 908 ut
1560 853 1740 908 nullus

158 951 325 1006 laicus
373 950 580 1004 crimen
619 946 823 1002 clerico
857 945 1056 999 audeat
1099 944 1327 1010 inferre,
1360 953 1414 998 et
1444 953 1502 996 ut
1527 941 1739 997 diaconi

157 1041 462 1097 dalmaticis
492 1040 546 1094 in
607 1038 856 1093 Ecclesia
899 1044 1201 1101 uterentur,
1239 1045 1295 1091 et
1325 1043 1386 1088 ut
1421 1034 1602 1089 nullus
1631 1033 1739 1089 cle-

156 1134 298 1188 ricus
327 1141 548 1201 propter
573 1145 796 1185 causam
819 1127 1114 1198 quamlibet
1144 1127 1196 1180 in
1235 1126 1440 1182 curiam
1465 1125 1738 1191 introiret,

159 1242 253 1281 uec
282 1234 410 1280 ante
430 1225 666 1294 judicent
699 1240 924 1280 causam
971 1225 1196 1288 diceret,
1237 1223 1338 1278 nisi
1377 1223 1429 1276 in
1471 1221 1736 1277 Ecclesia.

155 1323 221 1376 Et
267 1329 332 1376 ut
359 1320 690 1375 sacriﬁcium
743 1306 932 1372 altaris
978 1333 1085 1372 non
1131 1318 1192 1371 in
1237 1318 1433 1377 serico,
1484 1329 1657 1384 neque
1684 1313 1737 1367 in

155 1427 335 1483 panno
359 1412 528 1466 tincto
555 1409 944 1473 celebraretur,
977 1407 1079 1461 nisi
1105 1415 1320 1462 tantum
1343 1406 1394 1460 in
1427 1405 1606 1468 lineo;
1634 1403 1741 1457 sic-

157 1513 213 1556 ut
262 1518 463 1573 corpus
493 1502 711 1558 Domini
762 1501 934 1556 nostri
983 1499 1111 1555 Jssu
1153 1499 1356 1553 Christi
1405 1499 1458 1552 in
1509 1496 1740 1552 sindone

162 1593 303 1648 linea
328 1593 526 1648 munda
553 1592 826 1662 sepultum
851 1600 958 1646 est.
989 1591 1059 1646 Ut
1095 1591 1140 1646 si
1179 1590 1301 1660 quis
1329 1589 1659 1644 desideraret
1686 1588 1738 1640 in

156 1684 396 1740 Ecclesia
414 1684 673 1750 militare,
691 1692 786 1738 aut
813 1683 1096 1753 prolicere,
1127 1690 1186 1736 ut
1205 1691 1348 1736 esset
1370 1681 1566 1735 Lector
1581 1681 1744 1734 annis

1842 485 2130 556 Depositus
2156 502 2285 542 vero
2323 487 2475 544 Felix
2507 491 2561 544 4.
2602 490 2829 546 Kalend.
2869 495 3116 565 Augusti,
3152 497 3426 553 habitavit

1841 577 1894 632 in
1935 579 2194 646 praediolo
2237 596 2356 643 suo,
2406 581 2489 635 via
2533 581 2838 639 Portuensi.
2883 585 3162 656 Ingressus
3205 605 3426 658 quoque

1840 668 2086 724 Liberius
2110 671 2161 724 in
2186 672 2369 725 urbem
2398 672 2448 726 4.
2478 673 2618 728 Non.
2649 675 2872 746 Augusti
2900 680 3175 732 consensit
3207 681 3418 733 haereti-

1838 761 1940 825 eis,
1975 777 2080 816 non
2117 771 2292 817 tamen
2340 765 2724 833 rebaptizatus.
2757 777 2809 821 et
2855 770 3027 824 tenuit
3066 769 3319 824 basilicas
3355 770 3418 823 Β.

1839 850 1985 904 Petri
2014 862 2070 906 et
2107 851 2282 916 Pauli,
2311 861 2366 906 et
2401 853 2908 911 Constantinianam
2949 859 3107 912 anuis
3136 861 3190 912 7.
3222 860 3288 914 Et
3320 859 3421 914 fuit

1841 945 2144 1012 persecutio
2167 959 2358 1014 magna
2389 945 2441 998 in
2468 946 2600 1000 urbe
2623 946 2813 1001 Roma.
2847 947 3049 1004 Omnes
3075 951 3259 1018 itaque
3291 952 3418 1004 anni

1838 1033 2037 1088 Felicis
2065 1035 2116 1087 in
2147 1034 2304 1103 hujus
2325 1036 2666 1091 ordinatione
2702 1039 3136 1094 dinumerantur.
3167 1040 3429 1110 Sepultus

1842 1135 2020 1180 tamen
2045 1135 2124 1180 est
2154 1125 2404 1182 Liberius
2429 1127 2510 1181 via
2540 1127 2746 1182 Salaria
2775 1130 2828 1182 in
2850 1131 3121 1186 cimiterio
3139 1130 3418 1187 Priscillae.

1840 1216 1905 1269 Et
1927 1217 2163 1272 cessavit
2186 1219 2544 1288 Episcopatus
2569 1221 2682 1274 dies
2711 1222 2766 1274 7.

2485 1311 2770 1366 XXXVIII.

1913 1401 2098 1467 Fam,
2127 1405 2346 1459 natione
2369 1405 2668 1470 Romanus,
2692 1423 2756 1462 ex
2787 1421 2938 1478 patre
2958 1409 3261 1475 Anastasio,
3285 1411 3430 1466 sedit

1841 1508 1984 1547 anno
2011 1493 2060 1546 1.
2085 1509 2256 1550 mens.
2279 1496 2332 1549 5.
2351 1490 2494 1552 dieb.
2514 1499 2568 1552 2.
2597 1498 2691 1554 llic
2719 1499 3016 1554 declaravit
3043 1500 3421 1555 Constantium

1842 1586 2008 1640 lilium
2049 1586 2388 1642 Constantini
2424 1581 2760 1655 ltzereticum,
2806 1597 2868 1645 et'
2906 1592 3301 1662 rebaptizatum
3339 1609 3426 1648 sc-

1842 1681 2023 1733 cundo
2057 1679 2127 1734 ab
2161 1681 2392 1736 Eusebio
2430 1682 2694 1753 Episcopo
2747 1683 3143 1740 Nicomediensi
3198 1687 3252 1740 in
3299 1686 3434 1740 villa.

156 1773 242 1828 50.
275 1774 548 1829 exorcista
577 1774 773 1828 diebus
813 1744 899 1826 50.
942 1773 1222 1842 acolythus
1252 1771 1408 1825 annis
1437 1770 1491 1824 5.
1523 1771 1736 1823 subdia-
1771 1744 1814 1802 Β
1846 1787 1966 1839 quae
1999 1771 2305 1841 appellatur
2330 1744 2580 1842 Aquilon.
2612 1744 2719 1830 I'ro
2755 1792 2862 1846 quo
2892 1776 3034 1832 facto
3060 1779 3238 1847 capite
3271 1787 3428 1832 trun-

157 1876 322 1922 conos
369 1867 424 1921 5.
473 1866 741 1921 diaconus
793 1866 845 1920 7.
894 1864 1176 1934 presbyter
1232 1863 1434 1925 tribus,
1487 1861 1746 1929 probatus

156 1973 218 2012 ex
239 1959 385 2012 omni
415 1969 594 2027 parte,
617 1968 675 2013 et
699 1960 768 2013 ab
792 1959 897 2034 his,
925 1957 1014 2026 qui
1038 1957 1170 2010 l’oris
1199 1964 1344 2019 sunt,
1373 1949 1743 2008 testiinonium

156 2047 354 2102 habere
384 2048 609 2112 bonum,
654 2047 814 2101 unius
848 2047 1037 2100 uxoris
1066 2047 1241 2098 virum
1280 2060 1309 2098 a
1345 2042 1625 2098 sacerdote
1651 2043 1745 2096 be-

157 2137 413 2201 nedictae,
453 2145 511 2190 et
552 2137 635 2192 sic
690 2137 754 2190 ad
797 2137 1043 2192 ordinem
1091 2135 1449 2206 Episcopatus
1498 2134 1744 2188 accedat.

157 2228 250 2282 Hic
273 2228 526 2298 sepultus
550 2239 634 2283 est
659 2229 712 2283 in
743 2229 1015 2284 cimiterio
1041 2228 1320 2293 Priscilla),
1375 2228 1464 2280 via
1509 2225 1740 2287 Salaria,

157 2320 222 2372 ab
246 2321 382 2372 urbe
410 2319 586 2373 Itonia
617 2319 867 2375 milliario
893 2321 948 2375 5.
976 2321 1118 2390 prid.
1153 2319 1377 2373 Kalend.
1405 2316 1528 2372 Jan.
1558 2317 1746 2372 catho-

155 2408 287 2463 licus
316 2421 373 2463 et
403 2411 692 2467 confessor
730 2413 956 2484 quievit.
992 2413 1348 2482 Cessavitque
1389 2411 1748 2481 Episcopatus

158 2500 267 2556 dies
289 2502 382 2557 2I.

843 2594 1061 2650 XXXV.

225 2681 478 2747 Βηίους,
517 2686 734 2740 natione
761 2685 1054 2747 Romanus,
1087 2701 1152 2740 ex
1184 2693 1338 2753 patre
1372 2683 1579 2739 Prisco.
1605 2684 1750 2738 sedit

160 2772 314 2827 annis
339 2773 398 2826 2.
441 2789 618 2829 mens.
661 2775 712 2830 9.
762 2776 906 2831 dieb.
940 2776 1029 2830 20.
1065 2775 1164 2830 IIic
1207 2773 1492 2830 constituit
1535 2783 1595 2827 ut
1624 2773 1750 2842 Epi-

159 2878 356 2933 scopus
409 2864 621 2931 Ostiae,
675 2867 765 2936 qui
816 2875 1100 2924 consecrat
1152 2867 1480 2936 Episcopum
1549 2864 1746 2929 Urbis,

159 2954 322 3024 pallio
344 2965 620 3022 uteretur,
645 2968 698 3012 et
731 2960 798 3013 ab
835 2959 1024 3014 eodem
1050 2959 1350 3027 Episc0pus
1375 2956 1535 3013 Urbis
1565 2955 1751 3011 Roma:

160 3058 601 3104 consecraretur.
636 3050 738 3116 Qui
784 3051 921 3107 obiit
968 3049 1140 3104 Nonis
1180 3049 1369 3104 Octob.
1409 3059 1464 3103 et
1505 3047 1744 3117 sepultus

162 3148 241 3192 est
264 3139 321 3192 in
351 3140 633 3195 cimiterio
659 3141 917 3208 Balbinaa,
948 3141 1034 3196 via
1074 3141 1388 3196 Atdeatina.
1424 3140 1488 3194 Et
1513 3141 1749 3195 cessavit

163 3228 530 3303 Episc0patus
557 3233 672 3288 dies
703 3233 790 3287 20.

838 3323 1080 3379 XXXVI.

232 3413 441 3479 leues,
475 3418 694 3472 natione
721 3417 1016 3480 Romanus,
1059 3433 1122 3471 ex
1151 3424 1302 3486 patre
1330 3414 1576 3478 Rustico.
1612 3415 1754 3470 sedit

165 3510 319 3562 anuis
349 3509 438 3563 15.
474 3525 648 3564 mens.
675 3510 726 3564 2.
763 3513 950 3566 diebus
979 3511 1033 3564 5.
1064 3511 1162 3565 Hic
1191 3510 1292 3564 fuit
1320 3509 1516 3564 missus
1551 3510 1603 3562 in
1639 3508 1754 3560 exi-

169 3601 293 3653 lium
317 3620 347 3655 a
369 3600 728 3657 Constantino
748 3604 1076 3673 hnperatore
1099 3603 1350 3657 hreretico
1365 3601 1642 3656 mensibus
1664 3599 1751 3655 IO.

171 3697 294 3752 Post
333 3698 492 3767 cujus
525 3709 1050 3754 mortem-reversus
1091 3708 1192 3753 est.
1237 3698 1303 3753 Et
1345 3697 1632 3751 constituit
1694 3703 1754 3748 ut

172 3788 348 3842 nullus
377 3788 616 3842 clericus
641 3805 855 3843 causam
879 3787 1180 3858 quamlibet
1207 3788 1258 3842 in
1283 3787 1500 3857 publico
1522 3793 1708 3856 ageret
1738 3802 1751 3837 :

172 3887 226 3931 et
260 3893 442 3931 rerum
487 3888 761 3947 gestarum
803 3879 1020 3942 notitia,
1061 3893 1180 3948 quae
1224 3877 1476 3932 omnibus
1518 3891 1616 3946 pro
1649 3865 1755 3928 fide

173 3969 553 4023 Ecclesiastica
603 3978 708 4030 est,
753 3985 848 4037 per
892 3970 1135 4025 notarios
1182 3969 1552 4040 colligeretur,
1599 3975 1654 4021 et
1702 3967 1754 4020 in

174 4057 404 4114 Ecclesia
454 4075 485 4112 a
531 4059 746 4115 clericis
796 4071 1125 4117 servaretur.
1160 4059 1261 4128 Qui
1298 4060 1462 4114 etiam
1518 4057 1758 4127 sepultus

174 4159 272 4216 est,
333 4151 418 4203 via
486 4151 729 4215 Aurelia,
791 4153 842 4206 in
900 4151 1172 4208 cimiterio
1228 4150 1502 4219 Calepodii
1563 4149 1760 4204 millia-

175 4239 256 4292 rio
301 4241 354 4294 5.
409 4240 592 4309 pridie
640 4241 761 4296 Idus
793 4243 961 4313 April.
1014 4242 1080 4296 Et
1120 4243 1354 4297 cessavit
1398 4242 1758 4312 Episcopatus

176 4330 358 4387 diebus
387 4331 485 4388 25.
1504 4342 1508 4346 ‘
1681 4325 1685 4328 ’

839 4425 1100 4480 XXXVII.

243 4533 516 4598 LIBEBIUS,
571 4534 789 4587 natione
827 4535 1128 4597 Romanus,
1175 4550 1238 4586 ex
1295 4541 1446 4602 patre
1494 4533 1757 4601 Angusto,

179 4625 312 4680 sedit
337 4628 495 4679 anuis
535 4626 590 4678 6.
637 4640 811 4678 meus.
843 4625 896 4678 4.
938 4625 1080 4680 dieb.
1119 4626 1173 4678 8.
1218 4624 1316 4679 IIic
1361 4639 1456 4693 pro
1496 4639 1580 4686 co,
1618 4615 1759 4688 quml

181 4715 345 4770 noluit
388 4715 710 4771 consentire
761 4716 943 4770 bzeresi
998 4716 1262 4779 Arriaucc,
1323 4714 1424 4767 fuit
1483 4713 1534 4766 in
1600 4710 1762 4764 exilio

184 4806 331 4859 annis
357 4806 409 4860 5.
446 4806 618 4876 Cujus
653 4806 877 4859 consilio
917 4807 1084 4861 Fcux
1125 4805 1449 4858 venerabilis
1480 4790 1764 4873 presbyter

185 4897 381 4954 inloco
416 4901 534 4970 ejus
586 4899 870 4954 ordinatus
909 4910 989 4954 est
1040 4899 1361 4966 Episcopus.
1409 4897 1512 4964 Qui
1559 4897 1764 4951 invenit

186 4989 315 5043 duos
336 4992 691 5062 presbyteros
720 4987 995 5044 Ursacium
1018 5000 1073 5043 et
1102 4987 1395 5050 Valentem,
1422 4985 1764 5042 consentien-

186 5089 266 5136 tes
287 5083 602 5139 Constantio
630 5083 876 5151 Augusto
903 5084 1158 5147 Arriano,
1203 5090 1256 5133 ct
1282 5082 1560 5136 damnavit
1590 5095 1685 5133 eos
1709 5080 1765 5134 in

187 5171 404 5202 (‘4..-32-
457 5177 519 5202 ιο
563 5175 949 5202 υκτηΑΛΠῚΛ-οῑινι
1019 5173 1122 5202 Πιιῖ
1169 5171 1420 5202 11βοαηῖιιπ
1474 5180 1520 5202 ,ιι
1568 5169 1764 5202 ‘Iu'nun

1169 5171 1420 5202 'Inonn:u.~

1847 1873 2004 1917 catur
2027 1880 2149 1919 cum
2178 1864 2360 1919 multis
2387 1866 2604 1920 clericis
2637 1878 2692 1921 et
2736 1867 2982 1924 ﬁdelibus
3025 1869 3239 1924 occulte
3272 1869 3430 1939 juxta

1849 1971 2032 2009 muros
2068 1955 2216 2008 urbis
2245 1955 2308 2008 ad
2352 1956 2492 2009 latus
2523 1955 2708 2010 forma:
2743 1957 3008 2026 'I‘rajat‘nc,
3053 1961 3105 2014 5.
3153 1960 3278 2014 Idus
3319 1958 3440 2014 No-

1856 2046 2038 2100 vemb.
2062 2045 2333 2099 Etexinde
2357 2060 2582 2113 rapuere
2603 2062 2800 2115 corpus
2825 2048 2941 2116 ejus
2963 2047 3280 2112 Christiani,
3305 2064 3443 2108 cum

1850 2139 2081 2192 Damaso
2111 2139 2446 2209 presbytero,
2476 2148 2529 2194 et
2555 2139 2881 2208 sepelierunt
2916 2139 2966 2192 in
2991 2139 3214 2193 basilica
3244 2154 3439 2209 supra-

1849 2228 1992 2282 dicta
2016 2227 2134 2296 cjus
2163 2228 2245 2280 via
2272 2228 2486 2280 Aurelia
2523 2228 2603 2282 l7.
2629 2227 2852 2281 Kalend.
2884 2227 3167 2282 Decembr.
3195 2228 3248 2282 in
3273 2243 3430 2298 pace.

1849 2321 1913 2375 Et
1943 2321 2177 2376 cessavit
2206 2320 2561 2390 Episcopatus
2591 2321 2706 2374 dies
2737 2321 2826 2375 58.

2523 2411 2764 2466 XXXIX.

1923 2505 2190 2565 Damasus,
2241 2503 2460 2557 natione
2510 2503 2819 2573 Hispanus,
2871 2518 2937 2557 ex
2977 2513 3132 2572 patre
3173 2504 3428 2568 Antonio,

1850 2597 1989 2652 sedit
2014 2597 2172 2651 annis
2205 2596 2289 2651 I8.
2337 2610 2510 2649 meus.
2555 2596 2607 2647 5.
2657 2596 2799 2649 dieb.
2852 2595 2936 2648 10.
2981 2605 3035 2648 et
3077 2611 3199 2650 cum
3240 2595 3443 2648 eodem:

1849 2687 2133 2742 ordinatur
2182 2688 2282 2740 sub
2329 2683 2746 2757 [contentione.]
2811 2685 3113 2739 intentione
3170 2684 3422 2738 Ursinus.

1854 2779 1955 2846 Qui
2004 2778 2150 2832 facto
2187 2777 2428 2832 Concilio
2457 2777 2800 2831 sacerdotum
2833 2773 3040 2842 cjectus
3067 2784 3151 2828 est
3179 2774 3246 2828 ab
3276 2775 3429 2838 urbe,

1850 2880 1906 2925 et
1944 2869 2160 2940 δακρυιί
2211 2870 2536 2924 constitutus
2586 2868 2902 2938 Episcopus.
2966 2867 3234 2922 Damasus
3269 2864 3444 2919 fultus-

1853 2963 2083 3034 plurima
2125 2962 2468 3016 multitudine
2511 2962 2563 3016 in
2606 2962 2732 3016 sede
2783 2961 3094 3031 Apostolica
3137 2959 3435 3028 permansit

1855 3054 2071 3125 praesul.
2141 3053 2241 3120 Qui
2298 3052 2513 3105 tandem
2571 3058 2858 3105 accusatus
2930 3049 3308 3104 incriminatur
3369 3049 3438 3101 de

1855 3147 2149 3210 adulterio,
2193 3157 2246 3199 et
2283 3145 2426 3198 facta
2475 3143 2694 3215 Synodo
2737 3153 2995 3214 purgatur
3031 3157 3060 3194 a
3106 3139 3176 3194 44
3216 3139 3438 3208 Episco-

1853 3239 1958 3308 pis,
1993 3237 2083 3307 qui
2108 3238 2273 3292 etiam
2313 3237 2708 3290 damnaverunt
2742 3243 3088 3288 accusatores
3128 3233 3265 3302 ejus,
3295 3229 3446 3285 Con—

1855 3329 2102 3384 cordium
2125 3337 2181 3382 et
2207 3327 2512 3391 Callistum,
2558 3335 2614 3380 et
2658 3325 3007 3394 projeccrunt
3052 3323 3118 3377 de
3169 3318 3434 3374 Ecclesia.

1855 3419 2222 3495 Quaesivitque
2247 3419 2413 3473 multa
2446 3433 2674 3486 corpora
2723 3415 3075 3478 Sanctorum,
3122 3421 3175 3467 et
3211 3411 3447 3474 invenit,

1857 3529 1920 3567 ac
1965 3526 2154 3565 eorum
2199 3510 2494 3564 memorias
2529 3509 2780 3562 versibus
2805 3506 3103 3561 decoravit.
3146 3502 3444 3558 Constituit

1859 3619 2111 3675 quoque,
2166 3601 2463 3670 utpsahui
2515 3602 2603 3655 die
2649 3609 2918 3667 noctuque
2965 3603 3289 3651 canerentur
3344 3607 3443 3661 per

1857 3711 2045 3748 (nuncs-
2091 3693 2400 3756 Ecclesias,
2464 3708 2528 3746 ac
2589 3691 2833 3760 sepultus
2881 3699 2964 3744 est
3013 3688 3097 3741 via
3145 3683 3440 3739 Ardeatina

1860 3785 1914 3838 in
1974 3783 2199 3838 basilica
2249 3798 2344 3836 sna
2394 3783 2446 3835 5.
2497 3780 2620 3834 ldus
2674 3779 2954 3832 Decembr.
3004 3777 3158 3847 juxta
3211 3782 3440 3826 matrem

1860 3890 2039 3938 suam,
2067 3883 2121 3926 et
2142 3890 2454 3944 germanam
2478 3889 2652 3926 suam.
2703 3871 2772 3924 Et
2807 3870 3041 3924 cessavit
3080 3867 3453 3937 EpiscOpatus

1862 3969 1978 4022 dies
2007 3969 2096 4022 51.

2600 4055 2710 4109 XL.

1937 4152 2196 4215 Smtcws,
2247 4150 2464 4203 natione
2510 4147 2812 4212 Romanus,
2861 4161 2928 4199 ex
2973 4153 3128 4214 patre
3172 4142 3446 4209 Tihurtio,

1863 4248 2002 4318 sedit
2035 4247 2191 4301 annis
2234 4245 2320 4299 15.
2367 4244 2466 4297 Hic
2498 4242 2777 4297 consuluit
2825 4250 2883 4294 ut
2931 4238 3112 4292 nullus
3162 4235 3448 4306 presbyter

1864 4339 2056 4393 Missas
2109 4335 2411 4391 celebraret
2463 4348 2560 4402 per
2605 4344 2821 4387 omnem
2880 4327 3294 4383 hebdomadam.
3343 4323 3452 4378 nisi

1788 4438 2243 4520 Dconsecratum
2272 4426 2530 4497 .Episcopi
2578 4423 2896 4491 susceperit,
2945 4421 3087 4490 quod
3140 4419 3450 4484 nominatur

1872 4520 2222 4575 fermentum.
2265 4516 2366 4583 Qui
2396 4517 2559 4570 etiam
2593 4528 2787 4568 exosus
2823 4511 3014 4565 habuit
3051 4523 3241 4563 omnes
3272 4508 3446 4560 hatre-

1873 4612 2029 4672 ticos,
2066 4609 2300 4660 maxime
2332 4606 2676 4667 lllanichzeos,
2705 4617 2840 4672 quos
2863 4602 3114 4655 inventos
3147 4599 3198 4651 in
3228 4598 3452 4652 exilium

1871 4701 2143 4770 deportari
2201 4699 2348 4763 fecit,
2394 4707 2451 4752 et
2481 4696 2782 4756 constituit,
2823 4703 2880 4747 ul.
2930 4693 2974 4747 si
3012 4692 3133 4760 quis
3177 4691 3241 4744 de
3287 4688 3476 4742 Mani-'

1872 4795 2037 4850 charis
2083 4807 2377 4846 conversus
2423 4790 2623 4842 rediret
2673 4787 2738 4840 ad
2783 4785 3101 4845 Ecclesiam,
3153 4780 3463 4834 nullatenus

1872 4871 2322 4946 communicaret,
2379 4880 2480 4935 nisi
2529 4870 2750 4932 tantum
2805 4877 3078 4944 relegatus
3133 4868 3465 4921 momisterio

1874 4993 2047 5048 usque
2080 4977 2149 5031 ad
2185 4977 2344 5029 linem
2380 4974 2503 5025 vitm
2533 4987 2641 5026 suae
2661 4968 2891 5038 jejunus
2916 4977 2968 5020 et
2999 4959 3340 5017 orationibus
3374 4972 3464 5007 va-

1874 5086 2004 5126 cans
2033 5068 2289 5121 viaticum
2328 5065 2376 5118 ei
2409 5063 2719 5132 largiretur.
2766 5053 3067 5112 Censtituit
3099 5048 3266 5100 etiam
3301 5048 3476 5100 haereo

1875 5165 2038 5202 limnn
2070 5160 2174 5202 Rnh
2203 5171 2362 5202 manu
2408 5149 2776 5202 imnositionis
2830 5136 3172 5200 reconcin’";
3209 5142 3480 5180 “rm-3“»an
