4044 6326
567 332 674 393 ’.ἴἶὸ

574 562 684 600 non
717 546 991 608 sederent,
1023 543 1118 598 scd
1149 542 1302 598 curvi
1338 550 1572 608 starent,
1609 557 1664 597 et
1700 553 1756 597 ut
1795 543 1976 600 nullus
2000 543 2160 599 cleri-

576 651 700 690 cum
755 634 1179 690 transmarinum
1231 633 1557 703 susciperet,
1607 634 1711 690 nisi
1766 635 1850 690 sui
1906 635 2160 706 Episcopi

575 729 998 797 chirographum
1057 726 1400 796 designaret,
1472 726 1597 796 quia
1652 727 1845 782 eodem
1919 736 2163 798 tempore

572 820 852 875 Manichzei
882 819 1084 873 inventi
1135 828 1262 874 sunt
1291 818 1346 873 in
1380 828 1533 874 urbe.
1580 817 1836 889 Sepultus
1863 829 1948 875 est
1979 831 2161 876 autem

572 931 625 969 tn
669 914 937 969 cimiterio
989 929 1088 969 suo
1131 914 1199 968 ad
1254 911 1448 969 Ursum
1505 913 1787 983 pileatum.
1828 913 1882 970 5.
1932 913 2163 972 Kalend.

570 1006 719 1060 Maii.
750 1006 816 1060 Et
840 1006 1078 1061 cessavit
1104 1005 1466 1076 EpiscOpatus
1497 1005 1616 1061 dies
1643 1005 1739 1061 21.

1286 1094 1447 1151 XLII.

640 1186 1021 1252 laxocenrtus,
1058 1186 1280 1241 natione
1320 1186 1663 1251 Albanensis,
1703 1202 1773 1243 ex
1810 1197 1965 1259 patre
1999 1188 2163 1245 Inuo-

568 1280 775 1347 centio,
807 1280 949 1335 sedit
980 1280 1139 1334 annis
1172 1280 1256 1334 15.
1284 1282 1562 1336 mensibus
1587 1282 1638 1335 5.
1665 1283 1809 1338 dieb.
1833 1284 1921 1339 21.
1952 1284 2052 1340 Hic
2084 1286 2166 1339 in-

566 1373 719 1427 venit
747 1372 1016 1441 Pelagium
1048 1382 1103 1426 et
1124 1371 1439 1427 leestiunt
1464 1381 1517 1428 et
1540 1373 1829 1429 haereticos
1860 1376 2161 1430 damnavit.

566 1463 971 1532 Cottstituitque
999 1472 1057 1516 ut.
1082 1472 1243 1517 natus
1272 1463 1337 1516 de
1362 1463 1673 1518 Christiana
1703 1465 1883 1520 denuo
1905 1482 2162 1521 nascere-

568 1565 658 1607 tur
686 1569 782 1624 per
806 1554 1158 1623 baptismum,
1184 1553 1285 1609 hoc
1308 1562 1412 1616 est,
1437 1556 1829 1625 baptizaretur,
1851 1557 1995 1626 quod
2018 1557 2165 1613 Pela-

567 1646 685 1716 gius
714 1645 1034 1700 damnabat.
1063 1644 1359 1701 Constituit
1388 1661 1604 1725 quoque
1632 1660 1691 1701 ut
1717 1647 1979 1703 Sabbathi
2026 1648 2165 1719 jeju-

569 1739 717 1792 nium
742 1738 1135 1802 celebraretur,
1163 1740 1288 1809 quia
1317 1738 1594 1794 Sabbatho
1617 1739 1875 1795 Dominus
1907 1741 1959 1794 in
1986 1739 2163 1809 scpul-

1567 338 1625 393 S.
1672 338 1962 395 ADBONIS
2006 337 2297 397 ADBATIS
2352 339 2854 398 FLORIACENSIS

571 465 791 521 cunque
832 448 1124 520 Evangelia
1168 456 1358 505 sancta
1402 448 1798 517 recitarentur,
1848 453 2160 508 sacerdotes
2190 461 2240 517 Α

3743 345 3850 401 5-H

2966 452 3148 511 XLVI.

2336 542 2557 608 thrus,
2590 547 2809 600 natione
2839 546 3135 612 Romanus,
3177 561 3246 602 ex
3283 556 3443 618 patre
3478 548 3662 615 Sixto.
3711 554 3852 607 sedit

2263 636 2425 690 annis
2446 635 2498 690 8.
2530 634 2673 690 dieb.
2705 637 2791 692 I9.
2817 636 2914 692 Hic
2937 645 3058 707 post
3086 652 3286 692 annum
3311 653 3477 693 unum
3507 647 3564 695 et
3606 655 3849 698 mensem

2263 725 2318 780 8.
2343 725 2724 781 iucriminatus
2748 737 2833 782 est
2875 742 2906 781 a
2951 728 3186 797 quodam
3214 729 3403 785 Basso.
3441 730 3594 798 Quod
3626 733 3853 789 audiens

2266 816 2680 873 Valentinianus
2700 817 2981 889 Augustus
3006 818 3172 888 jussit
3203 821 3472 894 synodum
3501 826 3849 894 congregari,

2266 907 2319 962 in
2358 922 2464 978 qua
2511 910 2863 965 examinator
2909 927 2942 967 a
2992 912 3085 967 46.
3137 912 3445 984 Episcopis,
3490 922 3546 969 et
3590 924 3853 984 purgatur

2266 1002 2474 1066 Xistus,
2511 1010 2568 1058 et
2607 1004 3004 1059 condemnatur
3042 1003 3268 1070 Bassus,
3313 1007 3386 1061 ita
3431 1016 3492 1061 ut
3530 1007 3728 1063 ultimo
3772 1009 3857 1063 die

2264 1093 2522 1149 viaticum
2561 1094 2610 1148 ei
2656 1109 2767 1149 non
2807 1104 3118 1165 negaretur.
3163 1094 3367 1151 Contra
3399 1111 3561 1165 quem
3610 1098 3855 1154 Valenti-

2266 1182 2460 1239 nianus
2494 1184 2772 1252 Augustus
2816 1183 3002 1241 lurore
3047 1194 3241 1242 sancto
3284 1196 3600 1255 permotus.
3651 1190 3856 1257 praedia

2265 1272 2584 1331 facultatum
2635 1273 2754 1343 ejus
2806 1274 3066 1331 Ecclesia:
3123 1275 3413 1331 Catholicae
3469 1278 3736 1339 sociavit.
3795 1295 3858 1335 ac

2267 1372 2391 1435 post
2424 1373 2533 1420 tres
2569 1380 2785 1422 menses
2812 1366 3065 1421 moritur.
3089 1364 3259 1436 Cujus
3286 1382 3482 1437 corpus
3510 1366 3704 1425 Xistus
3731 1368 3857 1440 Epi-

2267 1471 2464 1526 scopus
2487 1458 2601 1513 suis
2630 1458 2880 1513 manibus
2908 1466 3147 1514 tractans
3168 1459 3417 1530 sepelivit
3438 1460 3506 1514 ad
3532 1459 3596 1514 Β.
3635 1461 3854 1517 Petrum

2266 1548 2586 1615 Apustolum
2634 1549 2687 1604 in
2734 1548 2984 1605 cubiculo
3037 1559 3325 1620 parentum
3370 1550 3507 1621 ejus.
3556 1551 3662 1619 Qtti
3690 1555 3857 1609 etiam

2266 1639 2515 1708 sepultus
2586 1648 2670 1696 est
2750 1640 2836 1697 via
2919 1640 3203 1697 Tiburtina
3285 1642 3340 1697 in
3420 1653 3609 1714 crypta
3698 1643 3853 1713 juxta

2266 1745 2465 1800 corpus
2537 1732 2596 1787 Β.
2661 1731 2961 1791 Laurentii.
3040 1733 3110 1792 Et
3183 1734 3420 1791 cessavit
3491 1734 3852 1811 Episcopatus

566 1830 705 1884 citro
736 1831 945 1900 positus
988 1840 1097 1897 est,
1138 1841 1192 1887 et
1230 1831 1477 1901 discipuli
1515 1832 1861 1902 jejunarunt.
1905 1832 2160 1902 Sepultus
2194 1843 2238 1905 Β
2264 1821 2383 1877 dies
2408 1820 2499 1877 93-

565 1929 651 1975 est
679 1930 858 1976 autem
884 1922 937 1975 in
959 1923 1228 1977 cimiterio
1255 1923 1321 1977 ad
1348 1922 1542 1978 Ursum
1570 1924 1827 1993 pileatum
1850 1924 1904 1980 5.
1930 1925 2158 1982 Kalend.

566 2012 700 2084 Aug.
729 2011 798 2067 Et
819 2014 1052 2069 cessavit
1085 2013 1447 2084 Episcopatus
1486 2014 1602 2071 dies
1630 2014 1721 2071 εἳ.

1282 2103 1462 2159 XLIII.

638 2194 901 2259 Zoztucs,
941 2196 1163 2251 natione
1202 2195 1448 2262 Grzccus,
1490 2212 1557 2252 ex
1601 2206 1758 2268 patre
1800 2199 2158 2266 Abrahamio,

562 2286 702 2340 sedit
730 2288 887 2341 annis
919 2288 970 2341 7.
1005 2302 1176 2343 mens.
1215 2288 1270 2342 4.
1309 2289 1453 2343 dieb.
1490 2289 1584 2343 24.
1626 2290 1725 2345 Hic
1760 2293 2043 2347 constituit
2102 2303 2161 2349 ut

562 2377 819 2431 diacones
848 2377 1034 2432 laevam
1075 2386 1273 2434 tectam
1310 2380 1573 2435 haberent
1611 2380 1680 2436 de
1716 2381 1897 2452 palliis
1940 2384 2157 2440 linosti-

563 2468 690 2534 mis,
718 2477 773 2523 et
798 2485 893 2539 per
922 2469 1275 2528 Parrochiam
1305 2474 1579 2529 concessit
1613 2483 1671 2528 ut
1713 2491 1905 2531 cereos
1931 2477 2156 2533 benedi-

564 2570 776 2615 cerent.
804 2562 870 2617 Et
896 2573 956 2617 ut
991 2562 1170 2619 nullus
1208 2564 1407 2619 clerico
1441 2566 1696 2635 poculum
1724 2567 1999 2637 publicum
2031 2586 2157 2641 pro-

561 2652 781 2721 pinaret
819 2654 922 2710 nisi
966 2665 1173 2711 tantum
1213 2659 1266 2712 in
1299 2658 1433 2713 cella
1469 2658 1734 2725 ﬁdelium,
1773 2662 2011 2717 maxime
2049 2663 2161 2718 cle-

564 2744 824 2798 ricorum.
857 2745 920 2799 Et
943 2746 1186 2817 sepultus
1208 2755 1291 2803 est
1342 2748 1425 2802 via
1452 2750 1938 2821 Tihurtina,juxta
1963 2768 2159 2823 corpus

561 2834 629 2889 B.
653 2835 931 2892 Laurentii
958 2839 1214 2911 martyris
1240 2840 1292 2894 7.
1320 2839 1549 2897 Kalend.
1574 2839 1797 2897 Januar.
1830 2842 1898 2898 Et
1924 2844 2160 2900 cessavit

563 2924 920 2998 Episcopatus
940 2928 1056 2983 dies
1092 2928 1182 2984 11.

1269 3043 1453 3099 XLIV.

634 3150 976 3219 BONlt-‘ACIUS,
1016 3155 1234 3212 natione
1274 3157 1573 3223 Romanus,
1612 3173 1678 3214 ex
1717 3168 1874 3230 patre
1907 3158 2156 3217 Jocundo
2182 3199 2227 3261 ε

563 3246 904 3316 presbytero,
931 3247 1071 3301 sedit
1111 3249 1269 3303 annis
1290 3250 1344 3304 5.
1382 3266 1554 3304 mens.
1592 3250 1647 3305 8.
1674 3251 1817 3305 dieb.
1849 3250 1901 3305 6.
1934 3251 2032 3307 llic
2054 3253 2154 3307 sub

564 3336 864 3393 intentione
894 3339 1181 3393 ordinatus
1209 3352 1293 3395 est
1319 3356 1442 3395 cum
1468 3341 1679 3397 Eulalio
1703 3357 1810 3396 uno
1832 3343 1937 3397 die.
1962 3343 2030 3396 Et
2054 3342 2156 3400 fuit

563 3426 756 3484 d.ebus
795 3428 881 3484 I5.
916 3440 970 3485 et
1010 3432 1239 3487 mensib.
1272 3434 1305 3489 8
1336 3433 1601 3488 dissensio
1649 3448 1841 3503 magna
1890 3434 1941 3488 in
1982 3435 2152 3491 clero.

564 3519 718 3587 Quod
769 3520 995 3576 audiens
1038 3521 1275 3576 Placidia
1314 3524 1555 3593 Augusta
1598 3537 1719 3577 cum
1766 3522 1876 3577 ﬁlio
1918 3521 2155 3580 Valenti-

564 3612 729 3665 niano
755 3612 1156 3682 Augusto,dum
1185 3612 1686 3668 sederctRavenna:
1713 3613 1891 3667 retulit
1917 3612 2155 3671 Honorio

563 3700 807 3771 Augusto
832 3701 1149 3757 Mediolanis
1175 3720 1188 3756 :
1212 3713 1263 3757 et
1286 3704 1477 3756 horum
1506 3713 1778 3773 prtecepto
1798 3703 2007 3773 expulsi
2030 3714 2156 3760 sunt

565 3790 633 3845 ab
656 3791 789 3847 urbe
814 3794 995 3847 ambo.
1029 3793 1137 3847 Sed
1160 3792 1421 3857 Eulalius,
1451 3808 1516 3847 eo
1542 3795 1684 3863 quod
1714 3796 1997 3850 ordinatus
2022 3795 2153 3849 fuis-

564 3891 646 3937 set
678 3883 731 3936 in
773 3882 1000 3939 basilica
1045 3884 1512 3945 Constantiniana,
1554 3886 1902 3955 praesumpsit
1947 3886 2154 3943 intrare

563 3972 753 4028 urbem
784 3985 837 4029 et
864 3974 1142 4045 baptizare
1173 3994 1184 4029 :
1225 3985 1280 4030 et
1304 3975 1601 4030 celebravit
1632 3976 1841 4032 Pascha
1874 3978 1928 4032 in
1963 3994 2156 4048 supra-

564 4064 707 4118 dicta
748 4065 992 4121 basilica.
1023 4066 1135 4120 Hoc
1164 4066 1447 4123 audientes
1484 4067 1740 4139 Augusu,
1782 4070 2068 4134 miserunt,
2098 4078 2154 4125 et

565 4152 841 4220 eiecerunt
867 4171 988 4211 eunt
1012 4157 1159 4213 foras
1186 4158 1239 4213 in
1260 4160 1631 4231 Campaniam,
1663 4159 1998 4215 Buttifaciutn
2022 4176 2153 4218 vero

564 4260 952 4305 revocaverunt
986 4252 1038 4305 in
1068 4253 1260 4307 urbem
1292 4263 1345 4307 et
1370 4256 1770 4309 constituerunt
1798 4254 2149 4326 Episcopum.

566 4339 684 4405 Quo
708 4342 960 4397 defuncto
998 4344 1177 4399 clerus
1216 4355 1272 4399 et
1300 4349 1530 4415 populus
1566 4348 1721 4417 petiit
1760 4347 2027 4402 Eulalinm
2061 4365 2150 4404 re-

566 4432 768 4495 vocari,
815 4434 908 4487 sed
958 4434 1045 4489 ille
1083 4436 1283 4489 reverti
1331 4435 1523 4489 noluit.
1558 4437 1800 4507 Denique
1837 4438 2151 4494 Bonifacius

567 4522 848 4576 constituit
898 4522 1128 4579 utnulla
1162 4525 1371 4588 mulier,
1406 4536 1501 4579 aut
1535 4529 1801 4582 munaclta
1833 4528 2032 4599 pallam
2064 4544 2150 4584 sa-

566 4622 775 4665 cratam
833 4614 1191 4685 contingeret,
1248 4625 1344 4671 aut
1396 4616 1674 4671 incensum
1742 4629 1987 4688 poneret,
2052 4635 2153 4675 nec

567 4715 783 4756 servum
826 4703 1083 4759 clericum
1128 4704 1271 4773 ﬁeri,
1321 4722 1420 4763 nec
1463 4709 1757 4764 obnoxium
1808 4711 1995 4766 curite.
2047 4710 2151 4777 Qui

565 4797 729 4851 etiam
766 4797 1009 4868 sepultus
1033 4808 1114 4854 est
1148 4799 1230 4853 via
1271 4798 1480 4855 Salaria
1498 4800 1652 4870 juxta
1685 4818 1882 4873 corpus
1919 4800 1976 4856 S.
2012 4801 2153 4857 Feli-

566 4891 747 4946 enatis
796 4892 1053 4963 martyris
1100 4892 1153 4947 8.
1209 4892 1434 4951 Kalend.
1481 4894 1742 4951 Novemb.
1794 4895 1861 4949 Et
1916 4896 2152 4951 cessavit

568 4981 919 5053 Episcopatus
961 4983 1075 5039 dies
1101 4984 1153 5039 9.

1275 5098 1437 5155 XLV.

636 5209 1006 5275 Οιιεετικυε,
1037 5212 1259 5267 natione
1291 5213 1621 5283 Campanus,
1654 5229 1721 5270 ex
1749 5223 1906 5284 patre
1934 5214 2145 5284 Prisco,

567 5320 625 5358 se
650 5304 709 5358 Lit
734 5305 889 5358 annis
918 5305 968 5360 9.
1001 5306 1233 5360 mensib.
1266 5305 1351 5360 I0.
1380 5307 1568 5361 diebus
1598 5308 1683 5361 17.
1714 5307 1814 5362 llic
1841 5308 2145 5375 constituit,

568 5413 629 5450 ut
669 5396 861 5467 psalmi
896 5397 1062 5452 David
1105 5398 1229 5453 156.
1271 5398 1630 5467 psallerentur
1660 5410 1789 5455 ante
1817 5401 2146 5457 sacriﬁcium

568 5491 962 5559 antiphonatitn
994 5505 1009 5541 :
1041 5498 1166 5543 ante
1208 5492 1351 5544 enim
1388 5500 1592 5544 tanluut
1640 5492 1870 5561 epistola
1897 5493 1955 5546 Β.
1995 5492 2149 5547 Pauli

570 5580 925 5644 recitabatur,
964 5589 1017 5635 et
1055 5590 1302 5635 sanctum
1336 5582 1706 5652 Evangeliutn.
1751 5583 2010 5653 Sepultus
2046 5592 2149 5638 est.

573 5687 623 5724 a.
657 5671 709 5723 in
734 5671 1004 5727 citniterio
1030 5672 1289 5726 Priscillae
1319 5674 1406 5727 via
1454 5673 1690 5743 Salaria,
1718 5673 1772 5732 8.
1812 5674 1938 5731 Idus
1975 5676 2150 5747 April.

570 5762 634 5817 Et
664 5764 897 5821 cessavit
924 5764 1278 5835 Episcoriatus
1308 5764 1423 5820 dies
1449 5764 1539 5820 20.

2330 2007 2466 2078 Leo,
2502 2011 2727 2069 natione
2766 2011 2997 2081 Tuscus,
3043 2030 3111 2071 ex
3138 2025 3307 2095 patre
3352 2017 3674 2090 Quintiano,
3716 2024 3855 2079 sedit

2261 2101 2419 2156 annis
2445 2101 2537 2157 21.
2577 2116 2766 2159 mense
2795 2120 2933 2170 uno,
2958 2106 3150 2162 diebus
3200 2107 3288 2162 I5.
3336 2107 3435 2164 Hic
3466 2110 3680 2166 invenit
3722 2112 3855 2169 duas

2261 2192 2521 2260 haereses,
2550 2195 2946 2267 Eutycbianam
2982 2206 3038 2253 et
3067 2196 3465 2254 Nestorianam.
3496 2199 3603 2257 Pro
3626 2219 3738 2274 qua
3772 2219 3856 2259 re-

2261 2287 2412 2342 misit
2438 2289 2507 2344 ad
2536 2289 2856 2346 MARCIANUI
2892 2290 3222 2363 Augustum,
3254 2294 3620 2350 orthodoxam
3655 2296 3857 2367 princi-

2260 2392 2382 2447 pem
2423 2388 2477 2433 et
2507 2379 2855 2445 catholicum,
2888 2391 2947 2437 ut
2985 2392 3345 2454 congregaret
3382 2384 3689 2441 Concilium
3732 2386 3856 2457 Epi-

2259 2480 2569 2536 scoporum.
2619 2468 2774 2536 Quod
2817 2470 3000 2525 statim
3052 2470 3255 2527 factum
3296 2482 3399 2539 est,
3437 2483 3494 2529 et
3535 2476 3853 2547 congregati

2260 2566 2384 2610 sunt
2405 2559 2718 2614 sacerdotes
2737 2560 2865 2626 256,
2894 2560 3126 2616 aliorum
3152 2577 3281 2618 vero
3307 2564 3706 2636 Episcoporum
3727 2566 3850 2631 408,

2259 2644 2664 2718 Chirograpbus
2688 2651 2933 2706 cucurrit
2953 2667 3077 2707 eum
3113 2653 3473 2726 chirographo
3503 2656 3560 2712 S.
3598 2657 3851 2729 EpiscOpi

2259 2737 2484 2805 Leonis,
2521 2740 2625 2795 hoc
2658 2749 2765 2806 est,
2797 2749 2965 2808 torno,
3002 2744 3091 2799 ubi
3127 2745 3512 2800 continebatur
3540 2745 3676 2803 ﬁdes
3710 2749 3851 2818 Apoo

2258 2831 2466 2887 stolicze
2520 2832 2779 2888 Ecclesia:
2827 2834 3109 2890 Romamn.
3162 2835 3274 2892 Sub
3335 2838 3627 2906 praesentia
3688 2838 3851 2910 igitur

2259 2919 2510 2977 Martiani
2549 2922 2816 2980 Catholici
2853 2924 3121 2996 Principis
3163 2925 3364 2983 factum
3414 2935 3501 2982 est
3538 2926 3846 2984 Concilium

2258 3012 2363 3070 650
2420 3013 2810 3084 Episcoporum
2877 3016 2932 3071 in
2991 3018 3354 3073 Chalcedonia
3384 3057 3400 3084 ,
3468 3019 3522 3073 in
3584 3021 3849 3092 martyrio

2260 3104 2299 3160 S
2344 3104 2681 3177 Eupltemite.
2713 3105 2814 3171 Qui
2846 3122 3150 3177 exposuere
3181 3110 3338 3164 ﬁdem
3366 3108 3735 3178 Catholicam,
3766 3112 3846 3168 di—

2259 3207 2466 3261 centes,
2502 3198 2557 3251 in
2586 3213 2695 3253 uno
2725 3198 2943 3254 Christo
2972 3198 3085 3255 Deo
3118 3206 3174 3253 et
3206 3198 3429 3254 homine
3456 3200 3596 3255 duas
3627 3211 3849 3258 naturas

2261 3302 2402 3343 esse.
2435 3287 2536 3343 Ubi
2564 3289 2843 3359 piissimus
2864 3290 3143 3360 Augustus
3166 3305 3291 3345 cum
3313 3289 3601 3345 Pulcheria
3623 3291 3848 3365 conjuge

2260 3397 2357 3436 sua
2397 3382 2933 3454 Augusta,deposita
2978 3384 3124 3454 regia
3149 3382 3456 3452 majestate,
3493 3383 3655 3440 ﬁdem
3693 3401 3844 3440 suam

2259 3472 2362 3528 sub
2431 3475 2797 3546 chirographo
2861 3482 3231 3544 exposuerunt
3301 3485 3427 3529 ante
3491 3485 3843 3545 conspectum

2216 3594 2217 3597 η
2258 3564 2502 3618 omnium
2545 3565 2957 3635 Episcoporum,
2997 3564 3090 3633 qui
3133 3564 3533 3619 damnaverunt
3561 3563 3845 3635 Eutychen

2258 3662 2316 3709 et
2352 3652 2684 3720 Nestorium,
2725 3663 2780 3710 et
2815 3656 3118 3725 expositam
3153 3655 3468 3709 dit-exerunt
3505 3655 3572 3709 ad
3613 3654 3843 3711 Leonem

2257 3744 2460 3815 Papam
2481 3746 2875 3802 beatissimum.
2903 3747 3004 3802 llic
3025 3747 3308 3802 constituit
3355 3757 3411 3799 ut
3440 3747 3707 3801 monacha
3740 3763 3842 3801 non

2259 3839 2530 3907 acciperet
2549 3838 2792 3893 velamen
2822 3838 3161 3894 benedictum
3187 3837 3240 3891 in
3263 3837 3462 3906 capite,
3491 3837 3595 3893 nisi
3619 3838 3843 3908 probata

2257 3927 2312 3983 in
2340 3930 2649 3999 virginitate
2686 3931 2847 3985 fuerit
2878 3930 2948 3985 60
2979 3930 3174 3994 annis,
3207 3939 3263 3984 et
3303 3939 3362 3983 ut
3395 3930 3536 3984 intra
3577 3929 3843 3986 actionem

2256 4020 2511 4076 sacriﬁcii
2537 4022 2841 4076 diceretur:
2861 4019 3115 4076 Sanctum
3141 4020 3483 4089 sacri/icium,
3517 4030 3626 4075 etc.
3654 4019 3843 4091 Sepul-

2258 4120 2344 4166 tus
2370 4121 2454 4167 est
2488 4122 2671 4168 autem
2708 4112 2850 4184 apud
2887 4111 2947 4166 B.
2991 4111 3213 4167 Petrum
3243 4111 3585 4181 Apostolutn,
3630 4113 3685 4168 5.
3722 4112 3844 4170 ldus

2228 4203 2431 4272 .April.
2463 4202 2534 4259 Et
2569 4204 2804 4260 cessavit
2832 4203 3186 4273 Episcopatus
3218 4202 3338 4257 dies
3363 4201 3419 4255 7.

2942 4293 3169 4350 XLVIII.

2325 4386 2606 4452 limatus,
2639 4386 2860 4442 natione
2887 4384 3114 4451 Sardus,
3141 4400 3209 4440 ex
3236 4392 3389 4454 patre
3413 4382 3689 4454 Crispino,
3705 4382 3844 4440 sedit

2255 4481 2411 4535 annis
2451 4479 2504 4534 6.
2536 4494 2709 4535 mens.
2744 4480 2798 4535 3.
2839 4479 3031 4535 diebus
3066 4478 3155 4533 I0.
3187 4477 3287 4532 Hic
3319 4476 3556 4531 ﬁrmavit
3580 4474 3634 4530 ‘5.
3665 4475 3841 4547 Syno-

2177 4563 2228 4623 D
2254 4573 2372 4639 dos,
2400 4571 2694 4639 Nicaeuam,
2727 4572 3079 4643 Ephesinam,
3111 4581 3165 4627 et
3198 4568 3727 4635 Chalcedonensem,
3762 4570 3842 4623 vel

2251 4674 2457 4720 tomum
2485 4667 2662 4721 sancti
2706 4665 2958 4737 Episcopi
2991 4664 3212 4730 Leonis,
3243 4674 3302 4720 et
3334 4663 3616 4719 damnavit
3651 4677 3839 4719 omnes

2252 4754 2647 4811 haeresiarchas
2674 4771 2739 4811 ac
2783 4771 3047 4826 sequaces
3074 4771 3284 4812 eorum.
3315 4753 3677 4811 Conﬁrmavit
3708 4770 3841 4824 quo-

2251 4859 2357 4915 que
2395 4846 2819 4902 dominationem
2858 4860 2913 4902 et
2944 4847 3308 4917 principatum
3358 4846 3504 4900 sedis
3547 4844 3842 4901 Catholica

2252 4947 2307 4991 et
2334 4939 2645 5007 apostolicae
2673 4939 2931 4993 Romanae
2955 4938 3232 4993 Ecclesiae.
3260 4937 3360 5005 Qui
3385 4936 3628 5006 sepultus
3657 4946 3744 4991 est
3777 4938 3841 4990 ad

2256 5028 2313 5084 S.
2350 5029 2701 5084 Laurentium
2732 5031 2783 5084 in
2813 5039 2999 5100 crypta
3024 5031 3180 5100 juxta
3212 5044 3409 5096 corpus
3444 5027 3506 5082 Β.
3542 5026 3681 5081 Xisti
3719 5027 3843 5095 Epi-

2252 5121 2426 5189 scopi,
2468 5120 2522 5174 4.
2575 5118 2697 5177 ldus
2749 5119 3029 5189 Septemb.
3077 5118 3145 5175 Et
3192 5120 3430 5174 cessavit
3478 5117 3837 5187 Episcopatus

2254 5210 2396 5265 dieb.
2429 5210 2515 5265 I0.

2952 5300 3140 5356 XLIX.

2324 5398 2654 5466 Sturttcws,
2684 5400 2906 5454 natione
2929 5397 3271 5459 Tiburtinus,
3294 5411 3357 5451 ex
3387 5404 3542 5465 patre
3567 5394 3836 5457 Castorio,

2251 5492 2391 5546 sedit
2426 5493 2583 5545 annis
2618 5491 2704 5544 I5.
2748 5507 2932 5546 mense
2966 5505 3093 5552 uno,
3130 5487 3321 5543 diebus
3347 5488 3400 5541 7.
3432 5485 3596 5553 Cujus
3632 5494 3838 5553 tempo-

2252 5583 2400 5636 ribus
2437 5582 2583 5637 venit
2616 5582 2807 5635 relatio
2834 5584 2899 5636 de
2925 5580 3133 5636 Graecia
3168 5580 3237 5633 ab
3268 5578 3500 5632 Achatio
3526 5576 3839 5631 Constanti-

2256 5673 2569 5742 nopolitano
2588 5672 2853 5744 Episcopo
2882 5671 3186 5726 aﬁirmante
3218 5669 3359 5737 quod
3383 5666 3576 5721 Petrus
3606 5666 3841 5719 Alexan-

2256 5766 2440 5821 drinus
2467 5765 2877 5836 Eutychianista
2908 5761 3398 5845 hmrcticuslactns
3419 5766 3583 5820 esset.
3611 5767 3666 5812 et
3697 5754 3836 5827 quod
