3944 5414
206 319 308 375 5M

207 436 260 488 in
306 439 481 487 morte
522 427 809 498 cuiusdam
854 424 1156 499 presbyteri
1198 420 1459 479 Catholici
1502 418 1802 491 permixtus
1831 430 1877 485 Α

209 531 375 577 esset.
406 518 565 588 Quod
605 519 840 573 audiens
876 514 1187 587 Simplicius
1219 511 1416 583 praesul
1454 508 1803 565 dissimulans

209 625 315 663 non
342 608 629 677 rescripsit
650 606 901 670 Achatio,
936 604 1029 660 sed
1063 604 1280 658 Petrum
1302 600 1599 665 damnavit,
1640 612 1803 667 expe-

210 712 366 755 ctans
393 708 607 768 tempus
628 695 986 768 penitentize.
1012 694 1109 749 Hic
1130 692 1372 764 sepultus
1396 700 1479 746 est
1504 692 1554 745 in
1578 689 1801 744 basilica

210 788 273 843 Β.
303 787 453 843 Petri
482 786 728 857 Apostoli
757 786 813 842 6.
841 783 1023 841 Nonas
1048 782 1289 839 Martias.
1315 780 1384 837 Et
1413 780 1649 837 cessavit
1674 778 1802 848 Epi-

208 887 464 951 scopatus
493 878 688 934 diebus
721 876 778 934 6.
978 961 1020 1019 L

280 1058 475 1125 Flsth,
505 1058 727 1115 natione
755 1057 1051 1123 Romanus,
1080 1070 1147 1111 ex
1177 1065 1333 1125 patre
1364 1052 1543 1108 Felice
1575 1051 1798 1123 presby-

211 1157 333 1204 tero
374 1150 443 1204 de
487 1149 645 1203 titulo
683 1146 952 1202 Fasciola.
1002 1146 1143 1201 sedit
1181 1146 1339 1199 annis
1383 1145 1437 1199 8.
1488 1158 1661 1196 mens.
1712 1141 1797 1194 ll.

211 1239 357 1295 dieb.
384 1240 471 1293 l7.
501 1240 623 1306 Quo
653 1248 900 1309 tempore
927 1238 1127 1291 iterum
1161 1237 1309 1290 venit
1341 1234 1531 1288 relatio
1562 1236 1627 1288 de
1652 1231 1802 1286 Grae-

212 1330 295 1384 cia
334 1327 552 1385 Petrum
576 1339 892 1384 revocatum
919 1327 1225 1382 abAchatio
1248 1325 1515 1395 Episcopo
1540 1324 1802 1378 Constan-

212 1420 584 1489 tinopolitano.
601 1418 759 1487 Quod
783 1420 1007 1475 audiens
1029 1419 1177 1475 Felix
1201 1419 1479 1473 Romanus
1504 1418 1802 1487 Episcopus

212 1512 378 1567 mittit
403 1510 752 1567 defensorem
776 1526 897 1568 cum
922 1511 1152 1567 Consilio
1174 1510 1331 1564 Sedis
1358 1525 1488 1574 suat,
1513 1518 1568 1562 et
1592 1510 1643 1562 in
1668 1510 1803 1561 Con-

208 1602 335 1657 cilio
361 1604 644 1658 damnavit
666 1604 1091 1658 Acbatiumcum
1106 1603 1287 1658 Petro.
1318 1602 1450 1657 Post
1470 1617 1670 1654 annum
1695 1611 1803 1654 ter-

215 1696 345 1749 tium
378 1695 578 1750 iterum
614 1698 765 1752 venit
794 1697 983 1751 relatio
1014 1696 1081 1751 ab
1113 1697 1445 1765 lmperatore
1486 1694 1704 1749 Zenone
1744 1704 1802 1747 ut

209 1788 479 1856 paenitens
494 1788 992 1843 rcdiretAchalius.
1012 1786 1163 1842 Tunc
1180 1787 1322 1857 Papa
1337 1786 1487 1843 Felix
1507 1786 1652 1840 misit
1668 1786 1801 1839 duos

212 1877 532 1949 Episc0pos,
574 1879 850 1934 Mesenum
890 1889 946 1935 et
992 1876 1248 1944 Vitalem,
1294 1890 1352 1932 ut
1404 1878 1449 1932 si
1495 1878 1801 1930 invenirent

214 1970 533 2041 complicem
579 1971 731 2027 Petri
769 1972 1046 2038 Acatium,
1086 1973 1283 2026 iterum
1325 1972 1646 2025 danmareut
1685 1986 1797 2025 eos.

215 2061 433 2127 Sinon,
463 2061 729 2119 offerrent
758 2063 999 2118 libellum
1034 2064 1390 2135 pauitentite.
1424 2064 1526 2130 Qui
1565 2079 1687 2117 cum
1721 2064 1803 2117 in-

214 2151 478 2207 troissent
516 2154 1058 2224 ConstantinOpolin,
1105 2155 1344 2224 corrupti
1383 2166 1509 2209 sunt
1547 2154 1800 2224 pecunia,

214 2254 269 2300 et
305 2262 416 2300 non
473 2244 725 2302 fecerunt
753 2258 810 2302 ut
840 2258 1175 2319 prmccperat
1211 2248 1470 2302 Dominus
1499 2246 1663 2317 Papa.
1700 2247 1802 2315 Qui

212 2347 341 2407 post
365 2352 559 2393 eorum
595 2340 986 2407 reversionem,
1013 2340 1157 2394 facto
1186 2339 1371 2395 Romae
1402 2339 1642 2395 Concilio
1670 2355 1801 2393 exa-

218 2431 449 2485 minavit
476 2434 669 2487 ambos
692 2433 1017 2504 Episc0pos,
1044 2434 1100 2488 id
1134 2443 1218 2489 est
1256 2433 1529 2488 Mesenum
1556 2443 1610 2489 et
1647 2434 1800 2489 Vita-

217 2521 343 2588 lem,
367 2534 425 2577 et
448 2539 571 2579 reos
599 2525 788 2596 rejecit
809 2542 839 2579 a
862 2529 1262 2583 communione.
1294 2526 1400 2582 Sed
1424 2528 1672 2585 Mesenus
1697 2544 1802 2583 non

217 2619 387 2672 tacuit
416 2629 703 2689 peccatum
732 2637 909 2688 suum,
941 2630 996 2677 et
1024 2623 1092 2677 ob
1140 2624 1241 2677 hoc
1280 2638 1597 2677 concessum
1639 2634 1723 2677 est
1748 2625 1799 2678 ei

217 2720 433 2779 tempus
496 2711 849 2782 paenitentiae.
928 2712 1181 2784 Sepultus
1251 2724 1333 2768 est
1398 2724 1580 2767 autem
1652 2712 1804 2767 Felix

216 2804 268 2855 in
299 2804 532 2859 basilica
571 2806 635 2859 Β.
677 2804 828 2862 Pauli
854 2806 1119 2879 Apostoli.
1154 2807 1225 2862 Et
1252 2808 1486 2865 cessatit
1514 2806 1805 2879 Episcopa-

219 2910 301 2954 tus
326 2899 472 2955 dieb.
505 2899 564 2955 5.

934 2996 1023 3053 LI.

285 3074 582 3152 Geiasrus,
612 3095 829 3143 natione
865 3088 1017 3154 Afer,
1066 3104 1133 3145 ex
1184 3097 1341 3161 patre
1389 3086 1617 3153 Valerio,
1666 3085 1808 3142 sedit

1214 300 1639 362 cxcenrruu
1666 298 1753 355 ne
1786 294 2034 353 GESTIS
2075 294 2238 351 non.
2277 291 2479 350 poxr.
3379 290 3489 344 ωδ

2632 406 2763 463 Llll.

1975 501 2315 566 Sruutcuus,
2348 501 2565 555 natione
2597 498 2824 563 Sardus,
2859 510 2922 550 ex
2967 506 3119 567 patre
3162 497 3483 563 Fortunato,

1902 592 2042 648 sedit
2072 595 2227 647 annis
2260 592 2347 647 15.
2383 591 2661 646 mensibus
2689 589 2740 642 7.
2786 588 2972 642 diebus
3011 587 3103 643 27.
3140 587 3239 643 llic
3270 590 3370 643 sub
3399 589 3487 644 iu-

1908 684 2147 739 tentione
2181 685 2465 739 ordinatus
2504 691 2588 738 est
2634 694 2739 735 una
2783 680 2869 733 die
2918 695 3040 733 cum
3080 677 3396 747 Laurentio,
3436 690 3493 735 et

1871 776 2267 862 ~Symmachus
2319 777 2539 847 quidem
2619 775 2671 829 in
2742 773 2963 828 basilica
3014 772 3490 837 Constantiniana,

1901 870 2231 927 Laurentius
2261 871 2316 925 in
2343 868 2562 925 basilica
2604 865 2662 921 S.
2708 865 2911 920 Mariae.
2956 866 3034 920 Ex
3075 882 3181 937 qua
3212 882 3375 922 causa
3404 882 3493 923 se-

1910 974 2132 1033 paratus
2160 972 2243 1020 est
2270 964 2468 1027 clerus,
2510 971 2564 1016 et
2606 960 2811 1014 divisus
2849 968 2932 1013 est
2965 960 3214 1015 Senatus.
3246 959 3312 1014 Et
3347 960 3490 1014 facta

1911 1056 2213 1111 intentione
2238 1065 2468 1125 utraque
2491 1068 2615 1123 pars
2643 1051 2945 1115 constituit,
2977 1060 3034 1105 ut
3066 1051 3227 1106 ambo
3256 1051 3493 1105 ordinati

1905 1148 1969 1200 ad
1993 1145 2257 1214 judicium
2283 1145 2446 1217 Regis
2468 1142 2791 1198 Theodorici
2827 1141 3139 1196 Ravennam
3179 1153 3488 1213 pergerent.

1903 1237 2056 1305 Quod
2082 1239 2207 1292 dum
2241 1237 2441 1292 factum
2472 1236 2683 1299 fuisset,
2709 1233 2977 1303 judicavit
3018 1234 3133 1287 Rex
3160 1243 3219 1288 ut
3252 1235 3342 1304 qui
3380 1235 3492 1305 pri-

1904 1344 2024 1383 mus
2047 1330 2337 1385 ordinatus
2362 1328 2573 1392 fuisset,
2600 1329 2684 1383 vel
2712 1329 2798 1384 cui
2833 1329 3067 1381 maxima
3097 1344 3225 1398 pars
3258 1344 3491 1385 consen-

1905 1421 2052 1485 tiret,
2086 1422 2198 1489 ipse
2226 1432 2435 1476 teneret
2483 1420 2666 1477 sedem
2704 1420 3091 1491 Apostolicam.
3136 1421 3289 1475 Unde
3321 1421 3495 1476 factus

1904 1511 2112 1565 Pracsul
2136 1513 2498 1583 Symmachus
2519 1524 2623 1575 est,
2655 1522 2710 1567 et
2739 1512 3023 1567 constituit
3052 1512 3408 1567 Laurentium
3439 1513 3493 1566 in

1904 1602 2226 1657 Nucerinam
2247 1606 2521 1657 civitatem
2539 1604 2858 1673 Episcopum
2874 1603 3069 1656 intuitu
3088 1601 3492 1657 misericordia.

1907 1693 2031 1749 Post
2058 1710 2227 1749 annos
2261 1711 2388 1750 vero
2419 1706 2654 1765 quatuor
2691 1694 2808 1749 zelo
2839 1694 2987 1749 ducti
3024 1694 3188 1764 aliqui
3221 1710 3288 1750 ex
3325 1694 3491 1758 clero,

1904 1795 1958 1840 et
1979 1802 2045 1840 ex
2076 1785 2299 1853 Senatu,
2331 1787 2567 1841 maxime
2598 1786 2793 1842 Festus
2814 1798 2868 1841 et
2892 1786 3181 1853 Probinus,
3205 1802 3497 1843 accusave-

1903 1886 2030 1932 runt
2077 1879 2306 1932 eundem
2364 1877 2566 1947 Papam
2612 1879 2754 1948 apud
2814 1879 3215 1934 Theodoricum
3266 1880 3495 1935 crimine

1901 1968 2158 2038 pessimo,
2188 1978 2242 2022 et
2270 1969 2707 2025 subornaverunt
2742 1969 2911 2025 falsos
2945 1981 3132 2036 testes,
3162 1987 3300 2041 quos
3330 1973 3495 2026 misc-

1903 2070 2029 2113 runt
2073 2059 2416 2125 Ravennam,
2464 2069 2519 2115 et
2569 2061 2791 2115 interim
2840 2063 3055 2117 occulte
3102 2072 3498 2117 revocaverunt

1902 2150 2276 2207 Laurentium.
2302 2153 2517 2209 Divisus
2541 2169 2758 2224 quoque
2783 2163 2867 2209 est
2892 2155 3090 2209 iterum
3115 2155 3313 2211 clerus.
3340 2156 3494 2211 Tunc

1903 2253 2249 2298 accusatores
2274 2245 2587 2315 Symmachi
2622 2246 2887 2299 miserunt
2911 2246 2977 2300 ad
3010 2261 3214 2315 regem,
3250 2254 3309 2300 ut
3339 2247 3499 2302 daret

1902 2336 2239 2390 visitatorem
2280 2337 2425 2391 sedis
2461 2335 2809 2406 Apostolicae.
2853 2336 3007 2403 Quod
3048 2336 3255 2391 factum
3293 2346 3397 2403 est,
3442 2347 3497 2392 et

1904 2429 2053 2484 dedit
2088 2429 2309 2485 Petrum
2344 2432 2538 2485 Altinae
2568 2432 2806 2486 civitatis
2835 2432 3186 2502 Episcopum,
3215 2434 3358 2502 quod
3400 2450 3494 2488 ca-

1905 2534 2075 2574 nones
2102 2522 2414 2590 prohibent.
2445 2521 2599 2576 Unde
2633 2523 2925 2592 prtedictus
2958 2522 3101 2593 Papa
3141 2524 3498 2595 congregavit

1904 2613 2202 2684 Episc0pos
2230 2614 2347 2668 illi.
2376 2625 2431 2667 et
2462 2614 2605 2669 facta
2632 2614 2852 2685 Synodo
2871 2627 3133 2685 purgatur
3164 2633 3191 2668 a
3226 2616 3362 2670 falso
3386 2616 3494 2671 cri-

1906 2707 2051 2760 mine
2091 2723 2104 2760 :
2149 2716 2205 2762 et
2247 2708 2539 2761 damnatur
2580 2705 2774 2759 Petrus
2825 2705 3038 2759 Altiuus
3080 2706 3302 2761 invasor
3344 2707 3493 2760 sedis

1905 2798 2251 2866 Apostolicze,
2303 2806 2358 2851 et
2397 2796 2722 2852 Laurentius
2766 2796 3071 2851 Nucerinus
3106 2813 3202 2866 pro
3242 2812 3306 2852 eo
3341 2798 3488 2867 quod

1905 2890 2121 2943 vivente
2175 2889 2438 2959 Episcopo
2486 2896 2877 2958 persuaserunt
2928 2888 3111 2941 sedem
3164 2886 3316 2955 ejus;
3366 2903 3494 2943 nam

1909 2976 2267 3048 Symmachus
2313 2995 2343 3031 a
2391 2978 2501 3033 suis
2543 2978 2795 3032 omnibus
2840 2978 2893 3032 in
2944 2978 3128 3032 sedem
3173 2994 3326 3034 suam
3368 2994 3495 3034 cum

1909 3068 2079 3139 gloria
2127 3068 2455 3123 restituitur.
2497 3069 2841 3138 Quapropter
2888 3069 3155 3140 indignati
3203 3069 3399 3127 Festus
3440 3080 3498 3127 et

218 3179 375 3233 annis
409 3179 445 3234 t
477 3194 655 3234 mens.
689 3180 741 3236 8.
777 3182 966 3237 diebus
992 3182 1075 3238 l8.
1109 3180 1213 3236 Hic
1242 3180 1450 3235 invenit
1480 3178 1805 3233 Manichzeos
1834 3193 1879 3255 ρ
1910 3161 2181 3216 Probinus
2220 3162 2363 3215 intra
2404 3162 2592 3216 urbem
2630 3171 2913 3231 coeperunt
2954 3177 3218 3233 pugnare.
3258 3166 3499 3222 maxime

220 3269 273 3323 in
325 3269 488 3336 urbe,
542 3285 682 3340 quos
731 3271 785 3326 in
832 3273 1052 3327 exilium
1103 3271 1376 3342 deportari
1426 3270 1698 3340 praecepit,
1752 3276 1809 3323 et

219 3374 414 3414 eorum
460 3362 683 3417 codices
720 3361 971 3418 incendio
1010 3363 1372 3427 concremari,
1410 3371 1465 3417 et
1508 3363 1562 3417 in
1603 3362 1809 3432 synodo

218 3466 341 3505 cum
386 3451 517 3506 ﬂetu
562 3453 664 3508 sub
699 3454 1069 3511 satisfactione
1107 3455 1273 3511 libelli
1319 3465 1605 3526 purgatum
1636 3453 1811 3508 Mese-

220 3559 349 3607 num
392 3544 722 3616 Episcopum
759 3548 1052 3611 revocavit,
1104 3557 1159 3603 et
1199 3563 1311 3602 suae
1346 3545 1604 3601 Ecclesia:
1649 3544 1812 3599 resti-

221 3635 341 3687 tuit.
372 3635 577 3691 lterum
609 3637 754 3693 venit
776 3637 967 3693 relatio
992 3639 1058 3693 de
1087 3637 1299 3693 Graecia
1325 3636 1468 3705 quod
1498 3650 1529 3689 a
1563 3634 1725 3689 Petro
1750 3642 1808 3688 et

219 3726 457 3781 Achatio
491 3727 660 3781 multa
692 3728 834 3783 mala
860 3738 918 3785 et
953 3730 1244 3784 homicidia
1274 3728 1491 3783 fierent.
1528 3727 1645 3794 Quo
1672 3736 1809 3782 tem-

221 3831 353 3887 pore
389 3817 603 3888 fugiens
644 3818 881 3876 Joannes
906 3820 1305 3875 Alexandrinus
1333 3818 1647 3874 catholicus
1682 3818 1810 3889 Epi-

220 3922 423 3978 scopus
455 3910 602 3964 venit
627 3908 875 3965 Romam.
902 3911 1073 3978 Quem
1109 3910 1171 3965 Β.
1205 3910 1453 3967 Gelasius
1484 3926 1607 3965 cum
1634 3911 1808 3980 gloria

220 4000 486 4069 suscepit,
522 4010 578 4055 et
609 4002 656 4056 ei
696 4004 990 4059 secundam
1036 4006 1217 4059 sedem
1263 4002 1518 4074 praebuit,
1556 4003 1808 4071 factaque

221 4091 448 4163 Synodo
484 4095 631 4148 misit
659 4110 756 4164 per
792 4106 1024 4151 tractum
1057 4097 1316 4164 Orientis,
1348 4106 1401 4153 et
1428 4097 1624 4151 iterum
1655 4096 1808 4150 dam-

220 4187 371 4240 navit
416 4187 474 4239 in
525 4198 839 4257 perpetuum
889 4190 1110 4245 Petrum
1160 4200 1215 4246 et
1260 4193 1570 4256 Achatiuut,
1609 4192 1654 4246 si
1700 4205 1809 4244 non

220 4276 321 4331 sub
365 4278 740 4338 satisfactione
795 4281 957 4337 libelli
1008 4282 1347 4352 postularent
1403 4284 1804 4353 paenitentiam.

220 4366 376 4422 Fecit
404 4372 568 4424 etiam
593 4385 1053 4430 sacramentorum
1080 4376 1430 4445 praefationes
1451 4384 1506 4429 et
1531 4375 1807 4430 orationes

220 4469 383 4513 cauto
432 4475 702 4516 sermone.
756 4464 857 4531 Qui
910 4465 1154 4534 sepultus
1194 4475 1278 4520 est
1326 4465 1381 4519 in
1424 4467 1485 4518 Β.
1534 4465 1681 4521 Petri
1711 4464 1810 4520 ba-

1912 3268 2103 3312 contra
2131 3256 2391 3312 Faustum
2434 3256 2806 3322 exconsulem,
2834 3266 2888 3311 et
2909 3272 3101 3312 onmes
3129 3258 3222 3327 qui
3253 3273 3498 3314 commu-

1907 3346 2166 3401 nieabant
2200 3346 2552 3416 Symmacho,
2592 3347 3034 3416 quandoquidem
3062 3348 3245 3418 gladio
3281 3350 3493 3406 occide-

1905 3437 2104 3493 bantur
2140 3436 2347 3502 clerici,
2380 3438 2825 3492 sanctimoniales
2863 3447 2919 3493 et
2964 3439 3222 3509 virgines,
3256 3456 3393 3510 quas
3431 3444 3499 3497 de

1906 3530 2254 3585 monasteriis
2274 3529 2841 3585 extrahebantnudas.
2871 3530 3028 3584 Solus
3056 3541 3238 3585 autem
3262 3531 3497 3588 Faustus

1906 3621 2163 3677 exconsul
2194 3638 2294 3693 pro
2352 3622 2595 3677 Ecclesia
2638 3624 2938 3692 pugnabat.
2988 3621 3121 3676 Post
3166 3622 3283 3677 ι]ωο
3314 3624 3501 3678 omnia

1909 3712 2050 3767 idem
2070 3712 2213 3782 Papa
2242 3713 2447 3766 invenit
2468 3713 2792 3767 Manicharos
2818 3713 2868 3767 in
2894 3713 3051 3778 urbe,
3069 3729 3300 3781 quorum
3325 3715 3498 3771 libros

1907 3803 2165 3869 incendit,
2191 3814 2246 3858 et
2276 3819 2371 3858 eos
2398 3804 2561 3859 exilio
2586 3804 2863 3872 relegavit.
2904 3804 3003 3858 llic
3041 3806 3187 3859 onmi
3226 3821 3371 3859 anno
3402 3821 3501 3876 per

1905 3896 2146 3951 Africam
2174 3896 2255 3950 vel
2279 3894 2587 3950 Sardiniam
2608 3898 2673 3949 ad
2697 3896 3012 3966 Episcopus,
3037 3897 3129 3966 qui
3153 3898 3316 3952 exilio
3340 3908 3499 3954 erant

1909 3988 2129 4052 retrusi,
2160 3988 2419 4056 pecunias
2458 3998 2512 4041 et
2550 3998 2727 4042 vestes
2766 3988 3131 4054 ministrabat,
3165 3998 3219 4045 et
3251 3992 3497 4060 captivos

1907 4095 2004 4149 per
2035 4080 2278 4134 diversas
2306 4080 2621 4150 provincias
2653 4080 2900 4134 redemit.
2934 4080 3037 4147 Qui
3062 4083 3226 4137 etiam
3254 4084 3497 4155 sepultus

1907 4184 1989 4228 est
2028 4174 2079 4228 in
2110 4174 2333 4228 basilica
2364 4172 2423 4227 Β.
2461 4173 2607 4228 Petri
2644 4174 2884 4243 Apostoli
2917 4174 3215 4231 confessor.
3264 4179 3351 4234 14.
3393 4180 3501 4235 Ka-

1907 4267 2051 4322 lend.
2082 4268 2221 4337 Aug.
2258 4268 2324 4322 Et
2355 4270 2587 4324 cessavit
2612 4268 2968 4339 Episcopatus
3000 4271 3114 4326 dies
3138 4272 3189 4325 7.

2628 4360 2767 4417 LIV.

1980 4456 2284 4524 Homnsna,
2327 4458 2546 4513 natione
2574 4458 2904 4528 Campanus,
2932 4475 2998 4515 ex
3031 4468 3184 4528 patre
3219 4460 3399 4529 Justo,
3430 4462 3499 4519 de

218 4551 377 4605 silica
416 4552 503 4604 11.
528 4551 751 4608 Kalend.
783 4555 1035 4611 Deceml).
1078 4556 1148 4610 Et
1183 4556 1419 4611 cessavit
1448 4554 1806 4627 Episcopatus
1836 4547 1884 4608 D
1910 4548 2133 4603 civitate
2173 4549 2482 4615 Frisinoue,
2518 4549 2659 4603 sedit
2693 4550 2851 4604 annis
2895 4550 2943 4605 9.
2987 4551 3100 4604 dies
3150 4552 3240 4605 l7.
3282 4554 3383 4609 llic
3428 4572 3497 4611 ex

221 4645 339 4700 dies
372 4644 428 4697 7.

962 4741 1071 4797 ιιι.

283 4847 654 4906 Arus-ustus,
705 4844 924 4898 natione
975 4844 1276 4907 Romanus.
1326 4858 1394 4899 ex
1443 4851 1597 4913 patre
1643 4841 1806 4899 Petro

216 4930 283 4985 de
315 4932 548 5001 regione
576 4934 760 5002 quinta
784 4934 955 5004 Caput
985 4934 1149 4998 tauri,
1184 4934 1321 4988 sedit
1346 4949 1488 4992 anno
1520 4937 1571 4989 1.
1603 4935 1808 4989 mensi-

216 5021 322 5077 bus
357 5021 416 5074 2.
448 5023 638 5079 diebus
664 5023 753 5078 24.
781 5025 881 5081 llic
905 5036 1197 5098 propterea
1227 5026 1353 5095 quia
1382 5026 1809 5084 communicavit

217 5111 445 5167 cuidam
498 5113 723 5169 diacono
776 5115 1244 5173 Thessalonicensi
1285 5119 1502 5173 nomine
1554 5114 1804 5160 lelinn-

217 5207 309 5232 llam:
344 5207 645 5232 numnunc-5:0
693 5216 801 5232 una.
852 5207 1024 5232 ‘a-a:4~

1910 4644 2204 4696 constituto
2232 4642 2459 4713 Synodi,
2488 4652 2541 4697 et
2568 4660 2690 4698 cum
2707 4646 2944 4701 concilio
2966 4646 3110 4714 regis
3144 4646 3499 4711 Theodorici,

1909 4735 2109 4789 direxit
2154 4738 2219 4788 ad
2267 4734 2527 4799 Graecias,
2584 4736 2983 4793 humanitatem
3034 4737 3337 4793 ostendens
3385 4738 3502 4792 sedi

1907 4824 2229 4896 Apostolica:
2258 4844 2270 4879 :
2301 4826 2425 4896 quia
2469 4825 2642 4880 Grreci
2686 4828 2911 4897 obligati
2953 4836 3108 4882 erant
3148 4827 3252 4881 sub
3290 4826 3507 4882 vinculo

1908 4916 2274 4971 anathematis
2291 4924 2510 4987 propter
2535 4916 2754 4971 Petrum
2788 4916 3220 4974 Alexandrinum
3252 4927 3317 4971 ct
3344 4914 3513 4970 Achac

1912 5010 2048 5062 tium
2094 5008 2755 5078 Constantinopolitanum
2806 5015 2920 5068 sub
2966 5007 3168 5061 Joanne
3213 5002 3527 5072 Episcopo,

1910 5099 2118 5146 legatos
2162 5097 2382 5146 mittens
2421 5098 2723 5144 Ennndinm
2766 5098 3106 5152 Eniscnmtm
3144 5089 3532 5148 Ticiuensem.
