3944 5414
482 269 585 356 δη

1501 295 1557 349 s.
1611 292 1900 349 ABBONIS
1936 291 2229 347 ABBATIS
2274 248 2774 347 nontxcsxsm

3644 296 3757 351 5&8

485 416 696 469 latenus
725 417 1136 474 consenserunt,
1166 407 1272 463 nisi
1291 406 1714 463 satisfactionem
1742 407 1887 461 sedis
1918 406 2054 476 Apo-
2088 407 2135 465 Α
2162 414 2353 475 gustus
2376 414 2697 479 susceperat
2721 405 3041 463 Silvestrum
3071 406 3418 479 Episcopum.
3450 411 3559 479 Qul
3586 410 3758 470 Justi°

483 505 690 561 stolicte
727 510 1063 574 operaretur.
1111 500 1267 554 Tunc
1305 498 1604 568 imperator
1645 496 1884 566 repletus
1921 496 2061 551 furia

482 594 642 663 cjecit
671 608 764 648 eos
790 607 887 660 per
917 589 1268 662 posterulam.
1298 596 1352 642 et
1380 587 1639 656 imposuit
1674 586 1729 640 in
1763 587 1943 641 navim
1974 601 2065 656 pea-
2105 594 2114 598 '

488 686 796 751 rieulosam,
845 683 1160 754 praecipiens
1206 677 1512 736 'lleliodoro
1577 688 1632 734 et
1683 678 1957 735 Demetrio
2008 687 2067 732 ut

484 777 687 833 nullam
731 776 1007 831 civitatem
1049 773 1361 829 Grtecorum
1408 768 1842 842 ingrederentur.
1877 758 2063 841 Legati

486 885 617 923 vero
644 868 909 923 secretius
936 875 1155 921 sanctas
1182 865 1442 936 epistolas
1479 865 1601 921 fidei
1633 865 1719 920 i9.
1753 880 1852 936 per
1876 880 2067 920 manus

484 958 874 1012 monachorum
928 954 1351 1010 orthodoxOrum
1388 956 1694 1025 exposuere
1744 970 1840 1023 per
1877 940 2066 1009 omnes

478 1052 752 1114 civitates,
790 1065 926 1119 quas
971 1048 1241 1118 Episc0pi,
1290 1049 1381 1117 qui
1417 1056 1572 1101 erant
1608 1046 1897 1117 complices
1925 1045 2087 1127 Ana-~

485 1141 635 1197 stasii
667 1140 893 1211 Augusti
916 1154 1014 1209 pro
1041 1137 1270 1193 crimine
1299 1136 1824 1207 Constantinopolim
1856 1134 2068 1192 direxe-

482 1240 635 1286 runt.
663 1230 764 1298 Qui
799 1229 981 1283 furore
1019 1227 1256 1296 repletus
1302 1227 1461 1280 intcr'
1487 1226 1588 1280 alia
1635 1241 1731 1280 sua
1774 1241 1928 1280 saera
1954 1222 2067 1280 haec

486 1322 730 1392 scripsit,
757 1321 944 1375 dicens
970 1304 985 1373 ξ
1016 1318 1126 1373 Nos
1149 1318 1342 1384 jubere
1367 1317 1636 1382 volumus,
1661 1332 1765 1371 non
1794 1316 1951 1371 nobis
1975 1314 2067 1395 ju-

486 1415 633 1479 beri;
676 1422 731 1467 et
764 1420 892 1482 post
920 1413 1034 1466 htec
1079 1419 1210 1465 nutu
1267 1410 1453 1465 divino
1505 1414 1797 1481 percussus
1848 1409 2068 1464 fulmine

483 1505 638 1559 obiit.
683 1503 781 1559 Cui
829 1502 1092 1558 successit
1140 1502 1192 1555 in
1254 1500 1540 1571 imperium
1577 1498 1822 1554 Justinus
1871 1498 2070 1555 Ortho-

482 1597 678 1656 doxus.
709 1594 801 1665 qui
822 1592 1021 1648 direxit
1042 1590 1422 1646 auctoritatem
1450 1606 1604 1646 suam
1632 1590 1698 1645 ad
1725 1589 2066 1645 llormisdam

484 1685 688 1756 Papam
726 1686 1052 1750 Romanum,
1079 1694 1142 1739 ut
1177 1684 1639 1755 redintegraretur
1662 1699 1767 1762 pax
1799 1680 2069 1737 Ecclesia-

2168 511 2268 551 nus
2295 495 2433 550 dans
2456 497 2717 552 honorem
2743 496 2857 553 Deo
2894 497 3198 553 humiliavit
3237 513 3297 555 se
3326 516 3553 571 pronus,
3580 515 3637 560 et
3658 507 3759 562 ad-

2162 588 2342 642 oravit
2368 585 2631 642 Joannem
2676 587 3051 644 beatissimum
3082 599 3361 660 rogantem
3390 607 3517 647 cum
3556 596 3760 665 grandi

2166 675 2292 731 fletu
2334 674 2392 731 ut
2426 676 2623 748 legatio
2656 678 3005 747 acceptabilis
3033 688 3177 734 esset
3198 680 3257 735 in
3292 692 3590 751 conspectu
3613 683 3758 752 ejus.

2148 767 2268 846 Qui
2295 776 2580 838 postquam
2607 767 2864 832 obtinuit,
2900 778 3122 852 propter
3140 772 3295 851 quod
3339 772 3500 835 ierat,
3534 774 3637 844 ipsi
3662 774 3762 833 Ju-

2166 858 2311 913 stiuo
2341 858 2607 930 Augusto,
2638 868 2698 913 ut
2721 860 2958 914 vicarius
2988 859 3047 914 Β.
3075 860 3222 916 Petri
3256 863 3502 934 Apostoli
3533 876 3761 936 rogatus

2168 948 2415 1003 manibus
2441 950 2553 1005 suis
2587 965 2709 1004 cum
2743 949 2913 1021 gloria
2939 966 3196 1006 coronam
3236 952 3512 1021 imposuit.
3547 955 3758 1011 Eodem

2169 1047 2409 1111 tempore
2443 1041 2819 1119 Theodericus
2844 1056 2939 1096 rex
2970 1042 3257 1099 haereticus
3289 1045 3465 1099 tenuit
3490 1045 3635 1102 duos
3667 1062 3754 1102 se-

2168 1139 2389 1185 natores
2433 1130 2721 1201 praelaros
2756 1140 2812 1186 et
2857 1133 3201 1199 exconsules,
3248 1134 3649 1206 Symmachum
3696 1147 3758 1194 et

2168 1222 2474 1289 Boethium,
2503 1233 2558 1278 et
2584 1222 2859 1279 interfecit
2893 1239 2987 1279 eos
3015 1225 3219 1296 gladio.
3259 1225 3394 1281 Cum
3427 1241 3563 1283 vero
3586 1225 3760 1284 Joan-

2154 1329 2267 1394 _nes
2296 1315 2621 1371 venerabilis
2649 1315 2812 1386 Papa,
2850 1325 2907 1372 et
2937 1311 3228 1394 Senatores
3261 1318 3380 1389 ejus
3413 1322 3648 1378 comites
3672 1337 3760 1378 re-

2169 1401 2511 1461 verterentur
2540 1423 2570 1461 a
2597 1407 3086 1485 Constantinopoli,
3114 1410 3406 1480 prmdictus
3430 1411 3549 1467 Rex
3581 1413 3761 1470 haere-

2172 1496 2309 1552 ticus
2345 1512 2467 1551 cum
2509 1498 2700 1568 grandi
2750 1498 2872 1556 dolo
2900 1510 2954 1555 et
2993 1499 3119 1555 odio
3163 1502 3402 1571 suscepit
3450 1518 3573 1568 eos,
3621 1520 3763 1575 quos

2167 1590 2332 1644 etiam
2374 1590 2555 1661 gladio
2594 1591 2765 1646 voluit
2803 1591 3136 1660 interficere,
3176 1593 3269 1667 sed
3314 1609 3420 1649 non
3456 1610 3632 1650 ausus
3674 1605 3765 1653 est

2162 1666 2422 1738 metuens
2457 1670 2882 1755 indignationem
2922 1681 3120 1738 Justini
3153 1666 3406 1759 Augusti,
3437 1701 3760 1757 quanquam

490 1792 632 1831 rum.
662 1776 830 1844 Quam
857 1775 1237 1830 auctoritatem
1277 1774 1420 1844 Papa
1446 1773 1747 1845 suscipiens
1780 1789 1900 1829 cum
1925 1788 2066 1828 con-
2100 1773 2142 1831 Β
2170 1773 2481 1843 permiserit
2518 1775 2570 1829 in
2612 1775 2858 1829 custodia
2904 1772 3132 1828 aﬂlietos
3175 1773 3451 1847 [cruciari]
3497 1777 3762 1832 cremari.

489 1868 611 1923 silio
631 1868 772 1938 regis
795 1865 1120 1922 Theoderici
1156 1866 1357 1921 direxit
1392 1863 1725 1921 Germanum
1753 1864 2067 1934 Capuanum

486 1959 835 2031 Episcopum,
859 1958 1122 2014 Joannem
1153 1967 1209 2014 et
1231 1959 1494 2014 Blandum
1535 1959 1900 2031 presbyteros,
1924 1956 2069 2014 Feli-

480 2066 605 2105 cem
635 2059 692 2106 et
725 2050 1043 2107 Dioscorum
1078 2051 1358 2115 diacbues,
1401 2060 1458 2106 et
1501 2049 1721 2106 Petrum
1770 2049 2069 2125 notarium,

491 2140 733 2195 munitos
779 2141 883 2196 llde
917 2151 973 2196 et
1015 2150 1165 2196 textu
1198 2140 1364 2197 libelli
1396 2140 1751 2210 ptenitentite.
1780 2139 2071 2197 Venientes

484 2240 673 2287 autem
694 2232 849 2304 juxta
875 2233 1575 2304 ConstantinOpolim‘tanta
1620 2235 1792 2305 gratia
1832 2234 1954 2290 ﬁdei
1987 2250 2071 2290 re-

487 2319 667 2388 fulsit,
696 2333 757 2377 ut
782 2323 1070 2379 multitudo
1116 2326 1506 2380 monachorum
1537 2325 1986 2391 orthodoxorum,
2015 2333 2073 2381 et

490 2412 781 2467 illustrium
836 2413 1117 2479 virorum,
1174 2412 1420 2469 Justinus
1471 2430 1688 2486 quoque
1752 2410 2070 2484 Imperator,

485 2511 547 2560 et
574 2504 879 2561 Vitalianus
901 2504 1102 2560 Consul
1133 2504 1293 2560 simul
1323 2514 1647 2561 oecurerent
1677 2506 1746 2561 ad
1775 2506 2066 2561 castellum

494 2599 809 2666 rotundum,
834 2600 975 2671 quod
1009 2601 1157 2655 ducit
1193 2600 1260 2655 ad
1281 2601 1578 2657 civitatem.
1611 2600 1858 2673 Suséepti
1890 2603 2074 2674 itaque

490 2703 765 2748 suntcum
789 2692 961 2763 gloria
987 2702 1040 2747 et
1066 2694 1263 2764 gaudio
1306 2709 1504 2765 magno
1545 2709 1574 2747 a
1622 2695 1768 2749 clero
1794 2704 1848 2748 et
1868 2692 2074 2749 Joanne

489 2783 778 2854 Episcopo.
821 2782 975 2851 Quod
1014 2785 1312 2840 sentientes
1358 2784 1650 2856 complices
1685 2782 1957 2840 Anastasii
2014 2799 2074 2838 se

494 2876 830 2932 incluserunt
868 2875 920 2929 in
945 2874 1185 2930 Ecclesia
1214 2875 1439 2944 majore,
1467 2892 1586 2946 qua:
1615 2885 1839 2931 vocatur
1883 2887 2072 2931 sancta

492 2968 720 3039 Sophia,
760 2977 812 3023 ct
842 2968 1072 3024 consilio
1112 2968 1257 3024 facto
1296 2971 1693 3024 mandaverunt
1731 2967 2073 3040 imperatori,

494 3064 770 3118 dicentes:
796 3063 909 3117 Nisi
936 3063 1094 3118 nobis
1120 3062 1327 3118 reddita
1351 3062 1516 3118 luerit
1543 3060 1702 3128 ratio,
1728 3078 1897 3132 quare
1925 3064 2076 3117 dam-

495 3166 658 3211 natus
705 3166 789 3212 est
835 3156 1136 3228 Episcopus
1197 3168 1385 3212 noster
1436 3156 1715 3217 Achatius,
1772 3155 2077 3214 nullatenus

489 3248 868 3303 consentimus
894 3248 1019 3302 Sedi
1047 3247 1391 3317 Apostolicar.
1426 3247 1525 3301 llic
1546 3262 1761 3318 quoque
1799 3247 2078 3302 damnavit

497 3341 715 3395 Petrum
755 3350 809 3395 ct
838 3340 1149 3405 Aehatium,
1176 3341 1260 3395 vel
1288 3354 1477 3395 omnes
1506 3340 1762 3404 ha-rescs,
1791 3348 1846 3394 et
1873 3340 2078 3396 invenit

497 3432 844 3496 Manichacus,
897 3447 1034 3502 quos
1072 3446 1195 3487 cum
1248 3431 1648 3485 examinatione
1699 3431 1980 3502 plagarum
2022 3428 2075 3486 in

492 3522 720 3577 exilium
748 3520 1074 3591 deportavit,
1106 3529 1161 3575 et
1188 3534 1377 3576 eorum
1409 3514 1625 3576 codices
1667 3519 1915 3576 incendio
1946 3536 2079 3576 con-

501 3611 787 3665 cremavit.
820 3610 1023 3665 Eodem
1080 3620 1324 3681 tempore
1358 3610 1510 3665 venit
1551 3627 1673 3666 cum
1704 3612 1931 3681 gemmis
1954 3629 2080 3684 pre-

501 3702 656 3757 tiosis
690 3717 719 3756 a
772 3715 898 3773 rege
944 3701 1279 3757 Francorum
1318 3700 1602 3757 Clodovaeo
1639 3702 1949 3759 Christiano
1982 3704 2082 3760 do-

500 3809 629 3850 num
654 3795 716 3849 B.
751 3794 918 3849 Petro
943 3793 1226 3865 Apostolo.
1262 3792 1518 3866 Sepultus
1543 3804 1625 3851 est
1644 3802 1825 3850 autem
1852 3797 1906 3850 in
1936 3796 2081 3852 basi-

498 3884 606 3941 lica
654 3885 714 3940 B.
739 3885 887 3940 Petri
910 3884 1173 3955 Apostoli,
1206 3884 1258 3940 8.
1288 3884 1412 3941 ldus
1437 3884 1575 3956 Aug.
1601 3884 1891 3942 Consulatu
1914 3880 2081 3942 Maxié

502 3977 597 4033 mi.
628 3978 695 4033 Et
723 3978 961 4035 cessavit
994 3976 1350 4048 Episcopatus
1374 3976 1489 4032 dies
1521 3976 1575 4032 6.

1234 4070 1347 4127 LV.
1587 4063 1591 4067 ’

568 4162 826 4229 Joannes,
861 4163 1085 4219 natione
1127 4161 1365 4230 Tuscus,
1419 4179 1489 4220 ex
1531 4173 1687 4235 patre
1744 4164 2078 4233 Constantio,

502 4258 644 4314 sedit
676 4258 834 4313 annis
876 4256 933 4311 2.
989 4252 1323 4313 mensib.‘9.
1379 4256 1570 4313 diebus
1615 4256 1702 4312 17.
1727 4250 1835 4314 Hic
1862 4268 2084 4314 vocatus

505 4358 591 4404 est
617 4364 645 4402 a
674 4363 802 4418 rege
830 4346 1172 4402 Theoderico
1214 4348 1554 4416 Ravennam,
1579 4364 1739 4419 quem
1768 4358 1823 4405 et
1846 4350 1993 4405 misit
2027 4349 2082 4404 in

504 4437 829 4507 legationem
861 4436 1385 4510 Constantinopolim
1428 4440 1494 4494 ad
1532 4439 1800 4495 Iustinum
1844 4441 2082 4512 impera-

506 4538 683 4582 torem
744 4527 1128 4594 orthodoxum,
1166 4529 1255 4599 qui
1305 4529 1421 4599 ejus
1455 4530 1687 4587 consilio
1740 4547 1871 4587 usus
1917 4530 2086 4587 voluit

511 4634 698 4676 amore
730 4620 1009 4690 religionis
1036 4620 1362 4676 Christianae
1389 4623 1675 4678 lueretieos
1703 4623 1993 4689 extricare,
2026 4632 2086 4678 ut

508 4714 787 4771 Ecclesias
832 4713 1186 4768 Arrianorum
1222 4713 1533 4770 Catholicas
1578 4723 1941 4771 consecraret.
1979 4715 2089 4771 Pro

507 4822 620 4876 qua
649 4819 706 4860 re
728 4806 1019 4861 haereticus
1040 4818 1143 4861 rex
1174 4804 1545 4862 Theodericus
1579 4808 1807 4872 exarsit,
1837 4816 1892 4861 ct
1919 4800 2097 4864 voluit

510 4907 683 4953 totam
712 4895 920 4951 italiam
948 4896 1123 4968 gladio
1143 4897 1480 4966 extinguere.
1504 4894 1656 4952 Tune
1681 4895 1916 4953 Joannes
1944 4898 2087 4968 Papa

509 4995 745 5059 aegrotus
765 5002 887 5042 cum
909 4984 1035 5042 ﬂetu
1066 4986 1385 5052 ambulavit,
1416 4995 1469 5042 et
1490 4996 1790 5053 senatores,
1809 4996 1864 5044 et
1885 4988 2100 5044 Consu4

510 5077 595 5132 tes
620 5092 744 5132 cum
776 5090 864 5142 eo,
893 5076 945 5131 id
970 5086 1078 5142 est,
1103 5077 1421 5133 Theodorus
1440 5078 1802 5142 importunus,
1836 5077 2092 5142 Agapitus

2168 1866 2287 1935 ipse
2311 1881 2443 1921 vero
2466 1865 2610 1938 Papa
2646 1854 2879 1921 aﬂlietus
2903 1865 2958 1920 in
2993 1866 3240 1921 custodia
3269 1865 3488 1932 defecit,
3518 1877 3578 1922 et
3602 1884 3757 1923 mor-

2172 1955 2294 2010 tuus
2319 1964 2405 2011 est
2428 1950 2661 2027 martyr,
2687 1956 2775 2011 15.
2818 1940 3047 2012 Kalend.
3073 1941 3199 2011 Jun.
3227 1955 3397 2034 Quem
3441 1958 3636 2013 statim
3675 1959 3765 2015 de-

2172 2046 2392 2116 repente
2419 2055 2501 2102 est
2534 2046 2857 2102 intereundo
2887 2036 3210 2102 subsecutus
3236 2047 3350 2117 ipse
3379 2047 3761 2123 Theodoricus

2168 2128 2266 2193 rex
2309 2137 2615 2192 haereticus.
2658 2136 2867 2207 Corpus
2904 2153 3032 2193 vero
3070 2138 3129 2192 Β.
3172 2135 3399 2193 Joannis
3431 2139 3759 2194 translatum

2170 2236 2256 2282 est
2294 2228 2362 2283 de
2402 2224 2683 2292 Ravenna,
2731 2236 2784 2283 et
2826 2227 3092 2298 sepultum
3133 2236 3219 2303 est
3261 2227 3317 2282 in
3358 2226 3421 2281 Β.
3462 2228 3619 2284 Petri
3670 2229 3764 2283 ba-

2172 2319 2322 2375 silica
2383 2318 2437 2374 6.
2502 2318 2730 2375 Kalend.
2782 2316 2907 2375 Jun.
2970 2318 3040 2374 Et
3104 2320 3338 2376 cessavit
3398 2321 3765 2399 Episcopatus

2170 2413 2287 2469 dies
2328 2412 2416 2468 58.
3230 2400 3235 2404 ’

2903 2502 3034 2560 LVI.

2178 2608 2181 2611 ’
2238 2603 2446 2685 Feux,
2466 2618 2685 2674 natione
2727 2617 3006 2686 Samnius,
3033 2633 3099 2674 cx
3123 2627 3279 2690 patre
3302 2619 3579 2685 Castorio,
3618 2619 3762 2677 sedit

2173 2703 2332 2766 annis
2355 2710 2410 2764 4.
2443 2711 2721 2765 mensibus
2742 2709 2798 2763 2.
2826 2709 2971 2765 dieb.
2997 2710 3083 2765 l3.
3111 2710 3178 2765 Et
3204 2710 3448 2780 sepultus
3466 2720 3566 2779 est
3588 2713 3645 2784 in
3668 2713 3762 2768 ba-

2174 2806 2325 2861 silica
2367 2804 2428 2859 Β.
2467 2804 2613 2867 Petri
2650 2803 2914 2875 Apostoli,
2947 2804 3004 2860 4.
3046 2804 3171 2861 ldus
3200 2801 3395 2863 Octob.
3426 2804 3498 2863 Et
3525 2806 3766 2862 cessavit

2173 2897 2531 2969 Episcopatus
2555 2894 2746 2973 diebus
2767 2895 2822 2950 5.

2897 3010 3054 3069 [ΝΠ.

2104 3126 2150 3188 C
2248 3122 2590 3188 Bomncrus,
2617 3122 2839 3177 natione
2858 3121 3158 3189 Romanus,
3179 3137 3245 3178 cx
3268 3132 3427 3194 patre
3447 3123 3762 3196 Sigebaldo,

2178 3215 2320 3271 sedit
2341 3214 2499 3270 annis
2527 3215 2581 3269 Ξ.
2616 3215 2808 3270 diebus
2833 3213 2925 3268 26.
2963 3212 3064 3269 llic
3094 3213 3196 3268 fuit
3221 3215 3508 3271 ordinatus
3534 3216 3589 3270 in
3622 3216 3765 3272 basi-

2174 3305 2278 3360 lica
2312 3304 2440 3359 Julii
2479 3305 2578 3361 sub
2616 3305 2919 3361 intentione
2950 3320 3074 3360 cum
3110 3305 3389 3371 Dioscoro,
3418 3308 3511 3377 qui
3551 3308 3770 3362 ordina-

2179 3397 2339 3450 batur
2374 3395 2427 3449 in
2455 3394 2677 3451 basilica
2715 3394 3190 3451 Constantiniana.
3220 3395 3455 3467 Fuitque
3497 3398 3767 3453 dissensio

2179 3485 2233 3541 in
2264 3484 2413 3540 clero
2439 3493 2496 3539 et
2523 3492 2715 3545 senatu
2743 3484 2862 3540 dies
2886 3485 2978 3541 28.
3012 3484 3120 3541 Sed
3144 3486 3439 3542 Dioscorus
3471 3486 3593 3558 ipso
3619 3503 3764 3543 anno

2176 3577 2233 3632 2.
2283 3578 2407 3633 ldus
2461 3575 2712 3634 Octobris
2760 3577 3046 3635 defunctus
3078 3589 3183 3635 est.
3233 3579 3403 3648 Quem
3451 3581 3766 3638 Bonifacius
3824 3632 3829 3636 .

2179 3673 2295 3729 zelo
2324 3678 2515 3729 ductus
2538 3689 2659 3729 eum
2684 3675 2875 3745 grandi
2904 3674 3269 3729 amaritudine
3284 3675 3383 3730 sub
3398 3676 3763 3747 chirographo

2178 3765 2681 3831 anathematizavit,
2710 3773 2768 3819 et
2803 3779 2929 3820 eum
2975 3765 3200 3820 archivo
3229 3764 3485 3822 Ecclesia:
3518 3768 3761 3822 reti-usit.

2181 3857 2287 3914 Sed
2329 3858 2378 3913 ei
2436 3856 2618 3911 nullus
2656 3855 3006 3912 subscribere
3053 3855 3242 3913 voluit.
3287 3857 3386 3913 Hic
3435 3866 3762 3930 congregata

2181 3950 2399 4023 Synodo
2428 3950 2482 4005 in
2512 3949 2828 4005 basilieaB.
2859 3948 3007 4004 Petri
3037 3946 3304 4021 Apostoli,
3331 3949 3461 4006 fecit
3490 3966 3617 4006 cum
3647 3950 3766 4005 rbi-

2181 4043 2466 4115 rographis
2500 4042 2846 4098 sacerdotum
2876 4041 3258 4112 jusjurandum
3297 4051 3436 4099 antc‘
3464 4041 3763 4099 confessio-

2182 4149 2303 4190 nem
2348 4133 2587 4205 Apostoli
2635 4132 2779 4188 Petri
2815 4132 2867 4187 in
2909 4133 3197 4188 diaconum
3239 4133 3517 4205 Vigilium,
3564 4143 3625 4189 ut
3666 4133 3765 4190 sibi

2181 4228 2517 4283 succederet.
2563 4224 2898 4281 Unde-facta
2941 4225 3139 4280 iterum
3184 4223 3403 4296 Synodo
3430 4232 3770 4281 censuerunt

2183 4319 2497 4375 sacerdotes
2520 4332 2710 4373 omnes
2728 4327 2949 4388 propter
2979 4318 3333 4372 reverentiam
3360 4323 3566 4371 sancta!
3588 4314 3767 4380 Sedis,

2186 4411 2314 4482 quia
2364 4419 2553 4466 contra
2598 4422 2837 4464 canones
2884 4409 2985 4464 hoc
3036 4406 3216 4463 fuerat
3263 4406 3489 4473 factum,
3540 4415 3599 4462 et
3645 4406 3769 4477 quia

2113 4481 2164 4542 Ῐ)
2192 4502 2347 4573 culpa
2381 4516 2506 4558 eum
2537 4501 2877 4571 respiciebat,
2912 4502 3002 4571 qui
3036 4501 3137 4557 sibi
3167 4515 3534 4557 successorem
3560 4499 3769 4556 consti-

2196 4595 2407 4653 tuisset.
2444 4594 2786 4665 Quapropter
2821 4593 3133 4650 Bonifacius
3180 4609 3335 4650 reum
3392 4607 3453 4650 se
3488 4593 3772 4650 confessus

2193 4695 2297 4752 est,
2338 4685 2482 4756 quod
2526 4686 2579 4740 in
2616 4685 2911 4741 Diaconum
2941 4684 3193 4755 Vigilium
3223 4700 3322 4740 sua
3371 4685 3772 4756 subscriptione

2195 4779 2543 4851 chirographi
2592 4786 2719 4833 ante
2762 4776 3160 4833 confessionem
3212 4776 3273 4831 Β.
3326 4776 3472 4831 Petri
3532 4774 3770 4847 Apostoli

2198 4869 2457 4937 fecisset,
2506 4869 2792 4939 ipsumque
2847 4868 3265 4939 chirographum
3323 4868 3425 4923 sub
3485 4866 3770 4938 pmscntia

2196 4962 2437 5017 omnium
2459 4959 2799 5017 saeculotum
2844 4968 2899 5015 et
2919 4958 3080 5023 .cleri,
3104 4968 3161 5015 et
3186 4968 3408 5015 senatus
3444 4958 3498 5013 in
3525 4958 3774 5014 incendio

2194 5052 2557 5122 consumpsit.
2588 5051 2739 5106 Tunc
2783 5051 2932 5106 venit
2970 5051 3163 5107 relatio
3210 5051 3281 5106 ab
3322 5049 3469 5105 Afris
3496 5048 3773 5120 Episcopis
