4044 6326
188 354 286 408 i519

1181 340 1605 400 EXCERPTL’II
1631 343 1717 396 DE
1757 340 2002 397 GESTIS
2031 338 2194 394 R0.\I.
2241 335 2440 393 I'UNT.

3338 339 3449 395 530'

186 480 335 537 patre
360 465 632 537 Projecto,
663 467 730 521 de
755 464 916 519 Caelio
947 471 1150 528 monte,
1178 462 1313 517 sedit
1340 462 1495 515 anuis
1524 460 1577 512 Ξ.
1608 475 1759 513 men-
1788 468 1830 522 Α
1865 466 1992 509 nutu
2035 456 2216 509 divino
2243 453 2605 522 exstinguitur
2636 451 2967 517 Tlteodalus,
2992 462 3043 507 et
3076 454 3319 509 elevatur
3349 472 3447 509 rex

187 562 331 613 sibus
351 559 407 613 4.
437 558 631 612 diebus
658 557 712 611 6.
756 556 956 610 Eodem
990 565 1232 626 tempore
1275 551 1615 607 Justinianus
1652 551 1761 603 Au-

189 660 397 720 gustus,
429 649 521 701 vir
548 647 829 717 religiosus
859 661 1072 700 summo
1108 660 1293 698 amore
1324 643 1646 698 Christiana:
1682 656 1767 694 re-

189 741 399 811 ligionis
462 740 612 794 misit
665 739 823 794 fidem
882 754 1035 793 suam
1090 739 1347 807 scriptam
1403 736 1766 806 chirographo

190 829 403 900 proprio
434 830 505 883 ad
556 829 737 884 sedem
767 828 1132 898 Apostolicam
1160 843 1258 897 per
1302 826 1595 896 Episcopus
1626 825 1762 894 Epa-

191 923 339 984 tium,
386 928 445 974 et
495 920 849 975 Demetrium.
902 919 1158 989 Sepultus
1206 926 1291 973 est
1328 928 1508 971 autem
1537 915 1772 971 Joannes

192 1010 328 1081 Papa
376 1011 431 1065 in
473 1009 697 1066 basilica
730 1011 789 1063 Β.
822 1010 967 1064 Petri
1011 1009 1274 1079 Apostoli,
1307 1009 1360 1063 6.
1396 1008 1620 1061 Kalend.
1673 1005 1771 1061 Ju-

194 1105 322 1157 nias.
354 1103 422 1157 Et
445 1103 680 1158 cessavit
713 1103 1072 1172 Episcopatus
1106 1102 1223 1157 dies
1251 1102 1303 1156 6.

917 1193 1055 1247 LIX.

256 1286 558 1349 Aetrt'ws,
593 1284 811 1338 natione
837 1283 1141 1348 Romanus,
1190 1296 1257 1337 ex
1300 1291 1456 1352 patre
1499 1281 1774 1338 Gordiano

194 1377 509 1448 presbytero
562 1375 628 1429 ad
676 1383 897 1431 sanctos
922 1374 1186 1430 Joannem
1232 1383 1288 1430 et
1331 1373 1578 1440 Paulmn,
1636 1375 1777 1429 sedit

197 1468 422 1522 niensib.
447 1468 472 1520 I
490 1468 540 1521 I.
575 1468 763 1522 diebus
786 1467 871 1522 I8.
898 1466 995 1521 Hic
1017 1466 1226 1522 libellos
1248 1467 1613 1520 anathematis
1642 1479 1778 1534 quos

199 1559 405 1614 invidia:
435 1557 567 1613 dolo
593 1567 924 1624 extorserat,
962 1558 1273 1613 Bonifacius
1304 1574 1333 1611 a
1364 1558 1697 1629 presbyteris
1726 1565 1781 1633 et

199 1650 472 1720 Episcopis
502 1659 696 1705 contra
729 1664 969 1705 canones
1016 1661 1072 1704 et
1119 1658 1311 1704 contra
1357 1648 1673 1704 Dioscorum
1725 1648 1781 1702 iu

199 1741 366 1795 medio
400 1739 663 1796 Ecclesia:
693 1740 1033 1811 congregatis
1064 1739 1315 1794 omnibus
1364 1736 1617 1792 incendio
1651 1752 1780 1792 con-

201 1831 441 1900 sumpsit,
502 1838 564 1885 et
621 1840 790 1884 totam
848 1829 1147 1885 Ecclesiam
1209 1827 1462 1883 absolvit.

205 1920 387 1973 missus
408 1928 496 1973 est
546 1935 578 1974 a
626 1919 905 1973 Theodato
934 1933 1059 1989 rege
1085 1918 1486 1974 Gothorunrad
1514 1916 1781 1973 Domuum

207 2010 564 2065 Iustinianum
612 2011 953 2080 Augustum,
1006 2011 1098 2078 qui
1157 2008 1541 2079 indignabatur
1593 2017 1783 2063 contra

208 2103 439 2155 eamdem
475 2116 664 2171 regem
701 2100 845 2169 quod
873 2099 1159 2153 occidisset
1182 2097 1442 2167 Reginam
1470 2098 1786 2153 Amalsuen-

210 2192 342 2244 .ham
373 2191 819 2245 commendatam
866 2188 988 2255 sibi,
1037 2189 1202 2243 filiam
1233 2190 1438 2243 scilicet
1462 2187 1786 2243 Theoderici

211 2281 361 2350 regis,
389 2281 481 2349 qui
506 2296 635 2334 emn
681 2295 863 2350 regem
913 2280 1136 2335 fec’erat.
1183 2279 1464 2350 Ingressus
1486 2294 1617 2349 ergo
1648 2280 1788 2349 Aga-

215 2373 341 2438 pitus
369 2371 906 2440 Constantinopolim
944 2370 1031 2436 It),
1067 2370 1293 2425 Kalend.
1337 2370 1461 2426 Maii
1506 2379 1789 2440 susceptus

221 2471 288 2514 3st
314 2478 431 2515 cum
473 2462 674 2532 gloria,
704 2472 757 2516 et
780 2463 947 2532 cmpit
981 2461 1393 2517 altercationem
1431 2463 1634 2517 habere
1665 2479 1788 2517 cum

224 2552 505 2607 Iustiniano
569 2552 819 2623 Augusto
883 2552 950 2607 de
996 2552 1277 2622 religione.
1341 2552 1792 2622 Responsumque

225 2643 437 2696 reddidit
486 2642 935 2697 constantissime
976 2644 1043 2697 de
1092 2642 1321 2697 Domino
1366 2641 1493 2699 Iesu
1548 2642 1790 2707 Christo,

222 2731 318 2786 Deo
346 2743 396 2788 et
428 2734 675 2800 homine,
724 2734 867 2803 quod
909 2734 959 2787 in
998 2748 1104 2787 una
1154 2749 1384 2803 persona
1429 2734 1558 2789 Jssu
1587 2734 1792 2790 Christi

224 2822 327 2875 dua:
350 2824 455 2877 sint
483 2832 714 2878 naturae.
744 2824 860 2891 Qua
884 2824 1239 2878 altercatione
1269 2824 1621 2879 Anthemium
1653 2826 1795 2879 Con.

223 2917 747 2987 stantinopolitanum
803 2915 1126 2985 Episcopum
1187 2916 1396 2971 invenit
1456 2917 1793 2972 ltzereticuui.

228 3005 355 3059 Dixit
376 3008 558 3077 itaque
590 3007 889 3076 Imperator
910 3004 1140 3077 Agapito
1175 3023 1189 3059 :
1214 3009 1322 3061 Aut
1342 3006 1588 3061 consenti
1618 3007 1795 3072 nobis,

227 3104 309 3148 aut
332 3098 380 3150 in
414 3098 641 3153 exilium
669 3098 943 3167 deportari
976 3109 1028 3154 te
1054 3096 1274 3153 faciam.
1318 3099 1416 3153 Cui
1448 3099 1731 3168 respondit
1779 3118 1792 3153 :

1873 545 2118 615 Vuitigis.
2169 543 2269 609 Qui
2317 544 2625 597 Ravennam
2671 543 2895 597 veniens
2926 543 3049 598 tulit
3088 544 3189 597 sibi
3228 560 3454 598 uxorem

1870 636 2033 690 filiam
2059 635 2457 690 Amalasucntae
2488 635 2706 704 regina}.
2746 634 2895 690 Unde
2933 635 3244 704 indignatus
3274 636 3452 704 Impe-

1870 736 2018 781 rator
2059 725 2398 779 .Iustinianus
2441 725 2588 779 misit
2624 725 2954 779 Belesarium
3002 727 3279 795 patritium
3325 741 3451 780 cum

1870 819 2131 884 exercitu,
2177 825 2236 871 ut
2278 817 2530 871 liberaret
2560 833 2776 871 omnem
2812 816 3018 871 Italiam
3069 833 3098 871 a
3144 818 3457 888 captivitate

1871 906 2190 962 Gothorum.
2220 906 2371 961 Tunc
2401 908 2619 961 veniens
2648 907 2901 976 patritius
2933 908 2984 961 in
3014 917 3196 975 partes
3230 908 3455 963 Siciliae.

1872 1001 2078 1056 audivit
2126 1000 2267 1069 quod
2297 999 2455 1054 Gothi
2490 998 2745 1052 fecissent
2771 999 2871 1053 sibi
2901 1014 3101 1068 regem.
3137 1009 3191 1053 et
3212 998 3335 1052 inde
3363 1014 3460 1066 per

1873 1093 2222 1162 Campaniam
2256 1090 2564 1159 properavit
2598 1087 2896 1158 Neapolim,
2930 1104 3092 1158 quam
3129 1097 3184 1142 et
3209 1089 3460 1142 obsidem

1874 1184 2055 1253 cmpit,
2094 1182 2221 1251 quia
2257 1182 2405 1235 cives
2438 1180 2778 1249 Neapolitani
2811 1181 3099 1235 noluerant
3133 1183 3348 1251 aperire
3382 1182 3457 1235 ci.

1875 1272 1976 1339 Qui
2006 1272 2292 1343 pugnando
2337 1272 2613 1326 civitatem
2656 1271 2924 1334 introivit,
2968 1281 3021 1326 et
3052 1273 3244 1329 ductus
3281 1272 3463 1327 furore

1878 1363 2149 1418 interfecit
2183 1372 2238 1416 et
2277 1361 2505 1425 Gothos,
2550 1370 2603 1415 et
2638 1376 2829 1416 omnes
2874 1362 3023 1417 cives
3058 1360 3461 1432 Neapolitanos,

1878 1452 1954 1507 ita
1989 1460 2049 1505 ut
2083 1451 2208 1505 nulli
2239 1453 2414 1515 sexui,
2454 1451 2537 1506 vel
2564 1453 2707 1505 aetati
2739 1460 3006 1521 parceret,
3042 1466 3139 1505 nec
3170 1452 3468 1506 sacerdoti-

1879 1546 2003 1609 bus,
2029 1555 2123 1599 aut
2162 1546 2334 1601 servis
2369 1545 2484 1609 υει,
2520 1545 2602 1599 vel
2634 1545 3162 1599 sauctimonialibus.
3192 1545 3467 1613 Factaque

1880 1637 2119 1691 maximo
2152 1636 2292 1690 bello
2323 1648 2515 1691 contra
2560 1637 2813 1707 Vuitigis,
2856 1637 3135 1707 ingressus
3160 1646 3247 1691 est
3275 1635 3465 1691 urbem

1884 1731 2110 1786 Romam
2131 1730 2183 1784 4.
2209 1730 2333 1785 Idus
2357 1732 2635 1785 Decembr.
2654 1740 2706 1784 et
2725 1731 2997 1784 civitatem
3023 1730 3273 1786 munivit.
3301 1729 3468 1785 Nocte

1542 1828 1785 1898 Denique
1811 1838 1861 1897 Β
1891 1823 2024 1893 ipsa,
2057 1837 2160 1891 qua
2192 1822 2435 1876 introivit
2469 1823 2681 1887 urbem,
2723 1822 2777 1875 lii
2820 1822 2911 1891 qui
2939 1831 3095 1876 erant
3127 1823 3181 1877 in
3224 1823 3468 1882 civitate.

1882 1914 1965 1968 vel
1988 1913 2145 1977 foris,
2167 1914 2419 1983 fugerunt
2440 1912 2777 1981 Ravennam,
2807 1924 2861 1968 et
2886 1929 3077 1970 omnes
3101 1923 3287 1985 portas
3312 1915 3470 1968 dimi-

1883 2015 2070 2060 serunt
2103 2014 2338 2075 apertas.
2373 2005 2521 2060 Tunc
2551 2006 2809 2076 colligens
2840 2005 3070 2076 Vuitigis
3100 2023 3195 2060 rex
3229 2006 3473 2060 multitu-

1885 2098 2061 2153 dinem
2087 2099 2359 2154 exercitus
2382 2098 2681 2153 Gothorum
2718 2113 2997 2167 regressus
3026 2107 3214 2152 contra
3243 2098 3469 2151 Romam

1886 2192 1938 2247 9.
1969 2191 2192 2246 Kalend.
2226 2192 2381 2246 Mart.
2415 2200 2469 2246 et
2498 2191 2615 2244 fixit
2641 2200 2823 2244 castra
2854 2191 2919 2244 ad
2947 2200 3171 2259 pontem
3202 2189 3473 2252 Milviunt,

1887 2294 1941 2338 et
1971 2299 2078 2338 uno
2108 2274 2250 2337 anno
2280 2284 2355 2339 ita
2376 2285 2600 2339 obsessa
2621 2294 2705 2338 est
2725 2283 2919 2338 civitas
2949 2285 3218 2349 Romana,
3249 2291 3312 2338 ut
3337 2281 3470 2336 nulli

1888 2386 2033 2432 esset
2061 2375 2289 2430 facultas
2318 2376 2575 2439 exeundi,
2604 2375 2687 2431 vel
2731 2374 3063 2429 introeundi.
3103 2374 3247 2427 Intra
3284 2374 3474 2427 civita-

1894 2478 1997 2522 tem
2023 2476 2205 2523 autem
2233 2467 2452 2538 grandis
2474 2466 2645 2521 fames
2671 2477 2808 2530 erat,
2836 2476 2893 2518 ut
2914 2481 3051 2534 aqua
3074 2465 3477 2519 venundaretur

1891 2559 2086 2627 pretio,
2117 2558 2222 2613 nisi
2249 2557 2620 2628 Nympharum
2665 2555 3001 2629 [remedium]
3046 2557 3315 2611 rechcdus
3352 2555 3481 2609 sub-

1892 2649 2149 2704 venisset.
2198 2650 2396 2717 Pugna:
2442 2658 2624 2704 autem
2681 2650 2933 2703 maxima:
2979 2658 3158 2712 erant,
3211 2646 3480 2702 Belesario

1895 2741 2216 2796 defendente
2253 2742 2526 2797 Romanos
2549 2741 2632 2795 vel
2663 2741 2939 2796 civitatem
2979 2758 2991 2794 :
3023 2756 3185 2810 quam
3209 2748 3264 2793 ct
3292 2739 3480 2793 libera-

1897 2834 2029 2886 vita
2060 2832 2294 2899 Gothis;
2344 2848 2483 2903 quos
2537 2834 2877 2903 postmodum
2929 2833 3243 2888 Ravennam
3299 2832 3484 2899 fugere

1896 2924 2177 2994 compulit.
2227 2924 2380 2979 Tunc
2430 2935 2547 2979 erat
2584 2923 2809 2995 Vigilius
2872 2925 3140 2979 Diaconus
3189 2923 3485 2993 apocrisia-

1901 3016 2017 3069 rius
2064 3015 2119 3069 iu
2159 3014 2649 3085 Constantinopoli,
2707 3017 2798 3085 qui
2848 3017 3058 3071 sciebat
3084 3014 3327 3069 dolorem
3376 3015 3485 3066 An-

1900 3107 2040 3176 gusti
2077 3122 2175 3177 pro
2216 3107 2509 3162 Anthemio
2536 3107 2846 3170 Patriacba,
2878 3108 2967 3176 qui
3001 3106 3278 3176 depositus
3310 3105 3488 3160 fuerat

231 3188 329 3259 Ego
353 3190 568 3260 quidem
612 3200 866 3262 peccator
897 3192 962 3246 ad
997 3190 1365 3246 Iustinianum
1404 3191 1795 3261 Imperatorem
1825 3202 1868 3262 C
1902 3216 1931 3253 a
1964 3200 2307 3255 sanctissimo
2344 3199 2576 3269 Agapito
2624 3199 2790 3270 Papa,
2817 3215 2882 3253 eo
2908 3201 3048 3270 quod
3077 3198 3367 3254 hmreticus
3398 3213 3487 3250 re-

233 3279 742 3338 ChriStianissitnum
795 3285 982 3339 venire
1035 3284 1369 3352 desideravi,
1422 3300 1564 3340 nunc
1617 3295 1798 3340 autent

236 3367 610 3427 Diocletianum
652 3372 853 3427 inveni.
886 3373 1037 3428 Scito
1074 3383 1278 3441 tamen,
1309 3383 1361 3430 te
1389 3384 1444 3429 et
1476 3375 1798 3447 Episcopum

236 3468 367 3515 tuum
394 3463 619 3519 idoneos
656 3478 763 3519 non
803 3479 926 3520 esse
969 3465 1296 3522 Christiana:
1348 3467 1645 3539 religionis,
1695 3469 1799 3524 nisi

239 3551 354 3607 duas
382 3565 606 3611 naturas
657 3556 710 3611 in
751 3557 968 3613 Christo
1017 3559 1406 3614 confiteamini.
1452 3560 1689 3616 Tandem
1734 3578 1800 3617 ex

240 3660 484 3719 praecepto
535 3652 761 3723 Augusti
815 3654 1083 3707 accersito
1132 3653 1443 3719 Anthemio,
1484 3663 1539 3709 et
1592 3655 1804 3710 discus-

243 3740 374 3796 sione
425 3743 588 3808 facta,
646 3759 924 3813 nunquam
970 3745 1141 3800 voluit
1180 3745 1426 3800 confiteri
1474 3745 1527 3800 in
1559 3746 1803 3801 doctrina

243 3831 496 3889 catholica:
556 3834 968 3903 responsionis,
1030 3835 1129 3890 sed
1191 3836 1429 3890 convicit
1485 3851 1608 3890 eum
1668 3836 1806 3890 San-

244 3933 347 3978 ctus
384 3924 522 3995 Papa
565 3927 849 3997 Agapitus,
902 3939 956 3982 et
1001 3928 1071 3983 ob
1120 3928 1171 3982 id
1224 3930 1293 3983 ab
1342 3928 1595 3983 omnibus
1645 3928 1805 3982 Chri-

247 4014 413 4069 stianis
462 4027 549 4072 est
612 4016 965 4087 glorificatus.
1031 4016 1181 4071 Tunc
1247 4018 1568 4086 Imperator,
1613 4019 1809 4086 gaudio

249 4105 476 4175 repletus,
532 4109 842 4163 humiliavit
892 4124 970 4172 se,
1018 4118 1073 4163 et
1136 4108 1383 4163 adoravit
1433 4110 1809 4165 beatissimum

251 4194 424 4265 Papam
456 4200 778 4270 Agapetuin,
809 4201 936 4270 quia
975 4200 1357 4256 communione
1397 4200 1559 4271 ejecit
1599 4201 1809 4255 Anthe-

252 4294 418 4357 mium,
460 4305 513 4349 et
539 4295 749 4365 expulit
779 4296 833 4350 in
869 4295 1112 4360 exilium,
1157 4304 1214 4351 et
1254 4295 1373 4351 loco
1417 4295 1533 4364 ejus
1576 4294 1810 4349 anam

255 4385 443 4440 nomine
494 4386 837 4442 consecravit
902 4386 1228 4456 Episc0pum
1283 4384 1645 4441 Catholicum.
1707 4385 1811 4451 Qui

255 4474 419 4541 etiam,
445 4488 729 4548 postquam
749 4476 931 4530 omnia
946 4475 1202 4540 obtinuit,
1230 4490 1329 4545 pro
1351 4477 1549 4544 quibus
1575 4476 1815 4531 directus

1904 3300 2089 3361 pertus
2130 3299 2293 3355 esset,
2325 3299 2379 3345 et
2418 3293 2469 3343 in
2506 3290 2683 3344 locum
2728 3289 2844 3359 ejus
2887 3291 3112 3345 Ma'nam
3145 3305 3359 3345 servum
3390 3290 3487 3343 Du

1903 3384 2298 3437 constituisset.
2327 3382 2567 3437 Consilio
2593 3383 2828 3452 denique
2862 3382 3035 3453 \‘igilii
3086 3384 3233 3438 misit
3260 3383 3488 3437 Romam

1903 3475 2163 3543 epistolas
2196 3474 2426 3529 Silverio
2472 3474 2648 3544 Papa},
2684 3490 2878 3545 rogans
2919 3485 2975 3529 et
3021 3474 3316 3547 obsecrans
3351 3487 3367 3526 :
3397 3484 3493 3527 aut

1907 3566 1975 3619 ad
2003 3581 2123 3631 nos,
2156 3582 2223 3619 ne
2246 3566 2519 3636 pigriteris
2566 3566 2750 3621 venire
2797 3584 2810 3619 :
2857 3573 2949 3618 aut
2982 3574 3132 3621 certe
3166 3580 3355 3620 revoca
3382 3566 3493 3619 An-

1911 3656 2171 3711 themium
2206 3658 2257 3710 in
2291 3656 2466 3710 locum
2493 3672 2672 3711 suum.
2702 3655 2845 3722 Quas
2876 3657 3089 3711 litteras
3121 3656 3247 3710 dum
3273 3656 3495 3725 legisset

1908 3745 1970 3801 Β.
2020 3745 2303 3810 Silverius,
2339 3746 2621 3815 ingemuit,
2672 3754 2729 3800 et
2770 3747 2905 3799 dixit
2934 3764 2947 3801 ε
2975 3746 3130 3801 Modo
3169 3745 3301 3809 scio,
3351 3745 3495 3815 quod

1912 3836 2024 3890 IIJPC
2061 3852 2225 3891 causa
2256 3838 2415 3891 linem
2467 3838 2589 3891 vitte
2635 3850 2767 3891 mea:
2818 3837 3063 3891 adduxit.
3104 3837 3382 3892 Fiduciam
3412 3845 3491 3889 ta-

1912 3944 2033 3982 men
2062 3926 2266 3981 habens
2291 3926 2342 3979 in
2369 3925 2599 3982 Domino
2628 3927 2908 3997 rescripsit
2952 3928 3227 3996 Augustae.
3262 3927 3492 3981 Domina

1910 4018 2169 4087 Augusta,
2196 4032 2296 4086 ego
2330 4032 2441 4069 rem
2481 4018 2641 4071 istaut
2680 4032 2954 4086 nunquam
2985 4015 3233 4070 facturus
3268 4030 3383 4081 ero,
3441 4025 3499 4069 ut

1914 4124 2162 4164 revocem
2195 4109 2471 4163 hominem
2496 4109 2833 4175 haereticum,
2862 4109 2915 4161 in
2955 4123 3052 4162 sua
3079 4106 3313 4177 nequitia
3345 4107 3498 4162 dam-

1914 4214 2120 4257 natum.
2152 4199 2301 4255 Tunc
2326 4202 2600 4270 indignata
2629 4201 2870 4272 Angusta
2902 4199 3046 4254 misit
3075 4201 3140 4252 ad
3167 4199 3498 4254 Belesarium

1907 4291 2105 4361 jubens
2134 4307 2229 4362 per
2251 4291 2503 4363 V'igilium
2532 4292 2834 4348 diaconetn.
2864 4290 3000 4345 \‘idc
3026 4290 3237 4359 aliquas
3258 4290 3499 4345 occasio-

1916 4399 2012 4438 nes
2049 4383 2101 4437 in
2134 4382 2424 4438 Silverium
2462 4382 2698 4452 Papam,
2738 4390 2794 4438 et
2835 4382 3045 4452 depone
3085 4381 3235 4435 illum
3268 4381 3337 4436 ab
3375 4380 3501 4450 Epi-

1918 4484 2164 4543 scopatu,
2196 4483 2290 4529 aut
2318 4482 2467 4529 certe
2499 4473 2727 4529 festinus
2768 4474 3075 4528 transmitte
3106 4490 3228 4528 cum
3270 4474 3338 4527 ad
3379 4488 3498 4529 nos.

260 4563 411 4621 fuerat
448 4570 680 4638 quadam
710 4567 1028 4638 mgritudine
1072 4568 1360 4622 defunctus
1393 4576 1477 4622 est
1505 4567 1814 4623 Constanti-
1844 4552 1892 4611 Ῐ)
1920 4566 2058 4621 Ecce
2103 4566 2175 4621 ibi
2219 4566 2385 4621 habes
2432 4564 2680 4637 Vigilium
2725 4565 3185 4631 archidiaconem,
3214 4575 3269 4620 et
3297 4566 3505 4635 apocri-

261 4659 413 4722 nopoli
461 4661 551 4715 10.
608 4659 834 4713 Kalend.
888 4658 1037 4713 Maii.
1083 4659 1251 4729 Cujus
1294 4675 1491 4730 corpus
1540 4661 1591 4713 in
1642 4650 1818 4716 loculo

264 4745 481 4809 plumbeo
518 4752 836 4805 translatum
873 4761 956 4806 est
996 4752 1047 4805 in
1084 4750 1359 4806 basilicam
1394 4751 1456 4805 Β.
1497 4751 1643 4808 Petri
1675 4754 1819 4823 Apo-

265 4837 390 4901 stoli,
431 4842 514 4894 ubi
547 4850 603 4896 et
642 4841 910 4909 sepultum
963 4850 1063 4903 est,
1104 4842 1191 4896 12.
1227 4840 1452 4896 Kalend.
1504 4840 1696 4897 Octob.
1749 4843 1817 4897 Et

269 4931 475 4986 cessavit
498 4932 849 5002 Episcopatus
875 4932 990 4987 dies
1016 4932 1105 4988 58.

968 5023 1079 5079 LX.

333 5109 618 5180 Sttvsmus,
646 5117 869 5169 natione
891 5115 1220 5184 Campanus,
1253 5130 1318 5169 ex
1349 5125 1501 5185 patre
1532 5114 1816 5170 Hormisda

276 5198 509 5275 Episcopo
533 5208 792 5273 Romano,
815 5207 956 5263 sedit
977 5223 1118 5261 anno
1146 5210 1195 5262 1.
1222 5209 1451 5263 meusib.
1478 5208 1532 5263 5.
1558 5209 1700 5264 dieh.
1735 5210 1817 5264 tl.

279 5293 361 5349 llic
381 5298 575 5356 levatus
591 5312 673 5357 est
694 5317 722 5357 a
742 5310 973 5373 tyranno
995 5300 1273 5357 Theodato
1291 5303 1407 5359 sine
1428 5301 1821 5359 deliberatione

280 5380 473 5439 decreti.
505 5387 601 5456 Qui
631 5398 917 5460 corruptus
942 5391 1166 5460 pecunia
1198 5390 1357 5445 talem
1392 5393 1643 5447 timorem
1666 5393 1823 5447 indu-

281 5470 347 5522 xit
370 5473 520 5541 clero,
545 5487 602 5532 ut
622 5479 710 5546 qui
732 5496 836 5535 non
860 5481 1195 5535 consentiret
1221 5481 1272 5533 in
1298 5478 1459 5548 hujus
1481 5481 1826 5537 ordinatione

286 5560 438 5630 gladio
467 5572 754 5636 puniretur.
797 5572 1064 5639 Quocirca
1092 5574 1404 5628 sacerdotes
1437 5588 1541 5627 non
1584 5576 1827 5629 subscri-

288 5668 418 5718 psere
444 5670 560 5715 ante
585 5664 972 5721 ordinationem
1004 5663 1120 5732 ejus
1159 5665 1457 5720 secundum
1491 5681 1697 5721 morem
1731 5682 1827 5720 au-

292 5746 489 5820 Ii’luum.
530 5758 619 5813 sed
667 5761 1027 5831 postmodum.
1081 5758 1209 5815 Post
1254 5772 1467 5814 menses
1517 5775 1645 5816 vero
1691 5756 1824 5818 ducs

1919 4657 2144 4712 siarium
2188 4666 2434 4713 nostrum
2484 4658 2848 4723 carissimum,
2893 4660 2983 4728 qui
3031 4658 3186 4712 nobis
3229 4658 3507 4729 pollicitus

1921 4757 2003 4804 est
2063 4764 2322 4804 revocare
2371 4749 2722 4803 Anthemium
2788 4749 3176 4818 patriarcbam.
3237 4749 3501 4820 Suscepta

1913 4839 2161 4908 jussione
2216 4839 2520 4894 Belesarius
2561 4840 2697 4894 dixit
2733 4841 2884 4909 :Ego
2933 4839 3150 4909 quidem
3200 4839 3502 4907 jussionem

1921 4933 2083 4999 facio,
2121 4933 2214 4987 sed
2254 4932 2343 4987 ille
2378 4935 2469 5002 qui
2503 4933 2730 4987 interest
2776 4932 2825 4985 in
2871 4946 3002 4985 necc
3056 4930 3271 4985 Silverii
3323 4930 3503 4998 Papae,

1928 5028 2043 5096 ipse
2087 5026 2276 5081 reddat
2330 5026 2595 5079 rationem
2648 5026 2713 5079 de
2762 5024 2918 5079 factis
2959 5024 3071 5078 suis
3117 5022 3344 5077 Domino
3378 5019 3505 5075 Jssu

1928 5118 2163 5173 Christo.
2200 5116 2266 5169 Et
2304 5125 2534 5186 urgente
2560 5115 2821 5184 jussione,
2854 5115 3102 5168 exierunt
3129 5112 3347 5183 quidam
3385 5110 3506 5166 falsi

1932 5221 2123 5274 testes,
2148 5209 2242 5280 qui
2274 5209 2529 5264 dixerunt
2552 5226 2564 5261 :
2584 5207 2827 5275 Quadam
2852 5208 2969 5261 vice
2993 5203 3300 5258 invenimus
3332 5200 3510 5258 Silve-

1930 5303 2069 5355 rium
2101 5299 2301 5370 Papam
2330 5301 2532 5368 scripta
2557 5299 2860 5353 mittentem
2888 5297 2954 5352 ad
2983 5310 3164 5365 regem
3186 5293 3506 5357 Gothorum,

1933 5393 1985 5447 in
2023 5392 2220 5462 quibus
2260 5391 2657 5446 continebatur.
2697 5389 2827 5443 Veni
2869 5388 2935 5442 ad
2980 5395 3211 5457 portam,
3250 5401 3371 5456 quae
3410 5399 3508 5454 ap.

1930 5487 2184 5556 pellatur.
2236 5485 2485 5540 Asinaria
2517 5484 2670 5553 juxta
2737 5481 3018 5536 Laterauis
3048 5521 3061 5544 ,
3109 5488 3168 5535 et
3231 5480 3509 5535 civitatem

1935 5578 2087 5633 trado
2107 5593 2170 5631 ac
2195 5576 2528 5631 Belesariunt
2567 5573 2868 5643 patritium.
2914 5571 3065 5639 Quod
3095 5570 3319 5626 audiens
3356 5570 3509 5625 Bele-

1934 5669 2109 5722 sarins
2138 5684 2242 5722 non
2303 5666 2552 5729 credidit,
2583 5665 2762 5717 sciens
2791 5655 2934 5732 quod
2968 5678 3062 5732 per
3097 5662 3353 5715 invidiam
3396 5662 3512 5716 hzec

1938 5763 2269 5817 dicerentur.
2316 5759 2421 5816 Sed
2466 5759 2589 5813 dum
2636 5758 2787 5812 multi
2831 5758 2881 5811 in
2932 5756 3119 5812 eadem
3170 5756 3512 5812 accusatione
