3944 5414
465 140 564 196 55f

1462 140 1519 199 s.
1560 143 1858 201 ABBONIS
1896 147 2187 205 ABBATIS
2227 131 2725 221 FLORIACENSIS

3639 157 3744 213 553

458 276 529 319 ne
581 263 959 333 persisterent,
1012 264 1210 328 timuit,
1263 262 1496 336 fecitque
1525 266 1818 323 Silverium
1875 270 1941 325 ad
1987 287 2046 326 se
2076 278 2120 335 Α
2152 271 2406 339 Romam,
2434 273 2641 329 invenit
2662 288 2788 329 eum
2818 272 2870 329 in
2901 271 3149 330 Ecclesia
3182 270 3241 329 S.
3271 271 3492 329 Cecilire
3516 270 3605 326 l0.
3637 270 3744 327 Ka-

465 354 655 411 venirc
688 356 739 409 in
772 354 1029 425 palatium
1069 356 1267 419 Pincis,
1318 368 1371 412 et
1407 357 1541 415 foris
1576 362 1797 417 retineri
1831 379 2048 420 omnem

462 446 687 501 clerum.
731 446 973 518 Cumque
1003 448 1282 520 ingressus
1322 459 1469 506 esset
1509 468 1634 508 cum
1682 455 1798 510 solo
1830 453 2049 527 Vigilio,

435 540 735 596 ‘Antonina
766 541 1007 610 patritia,
1048 548 1108 596 ut
1145 541 1366 610 jacebat
1396 543 1450 598 in
1499 543 1660 614 lecto,
1691 548 1880 603 videns
1924 564 2048 606 cum

461 632 599 685 dixit
625 650 640 685 :
667 632 765 688 Dic
790 631 1020 688 Domine
1044 632 1238 690 Silveri
1264 634 1428 705 Papa,
1456 636 1583 707 quid
1611 636 1838 693 fecimus
1871 619 1963 694 tibi
1995 649 2052 695 et

457 722 740 787 Romanis,
775 732 834 777 ut
877 735 930 778 ttt
966 724 1134 779 velles
1167 740 1264 780 nos
1294 727 1349 781 in
1386 743 1579 782 manus
1604 727 1902 783 Gothorum
1943 740 2050 786 tra-

464 814 590 868 dere
620 814 852 871 ?Adhuc
880 831 944 869 ea
986 817 1264 885 loquente,
1317 818 1595 890 ingressus
1639 818 1879 876 Joannes
1913 820 2053 877 Sub-

464 905 726 960 diaconus
782 906 1120 978 regionarius
1165 909 1354 978 prima:
1385 909 1530 965 sedis
1562 911 1683 965 tulit
1711 912 1929 982 pallium
1984 914 2052 970 de

460 995 597 1050 collo
638 997 770 1067 ejus,
801 1006 855 1053 et
899 999 1052 1054 duxit
1090 1000 1141 1053 iu
1187 1000 1516 1064 cubiculum,
1558 1003 1647 1057 ubi
1692 1004 2049 1073 esspoliatum

462 1101 587 1141 eum
618 1088 791 1142 induit
821 1100 975 1144 veste
1004 1091 1344 1146 monachica.
1385 1091 1556 1159 Quem
1599 1091 1789 1149 Xistus
1827 1094 2051 1150 subdia-

457 1193 631 1233 conus
679 1180 915 1251 regionis
958 1193 1124 1236 sexta:
1170 1182 1359 1237 videns
1404 1185 1755 1249 monachum,
1802 1202 2053 1258 egressus

464 1268 613 1324 foras
659 1271 938 1327 nunciavit
966 1273 1032 1327 ad
1083 1273 1310 1339 clerum,
1359 1274 1589 1332 dicens:
1627 1276 1765 1345 Quia
1818 1281 2053 1335 domnus

454 1359 606 1429 ‘Papa
656 1361 936 1430 depositus
985 1373 1091 1429 est,
1144 1375 1199 1419 et
1250 1364 1424 1421 factus
1469 1378 1555 1421 est
1599 1368 1917 1425 monachus.
1950 1370 2053 1439 Qui

458 1453 768 1517 audientes,
819 1453 1071 1524 fugerunt
1122 1470 1335 1512 onmes.
1390 1456 1643 1528 Suscepit
1694 1470 1877 1515 autem
1929 1476 2055 1515 eum

464 1539 691 1606 Vigilius
720 1544 1142 1598 archidiaconus
1174 1547 1226 1599 iu
1255 1562 1351 1601 sua
1382 1550 1537 1618 quasi
1569 1551 1693 1617 fide,
1718 1560 1773 1606 et
1804 1552 1956 1607 misit
2001 1552 2053 1607 in

2156 360 2296 416 lcnd.
2332 360 2587 417 Decemb.
2631 372 2748 417 erat
2776 363 2920 417 enim
2953 363 3069 419 dies
3094 362 3291 418 natalis
3321 362 3463 432 ejus.
3492 360 3599 429 Qui
3628 376 3743 415 mu-

2154 467 2283 507 nera
2311 455 2585 526 erogattdo
2609 456 2676 509 ad
2698 453 2955 526 pupulum
2987 464 3234 527 repertus
3253 464 3356 519 est,
3380 463 3440 509 et
3467 452 3747 523 depositus

2153 544 2221 599 ad
2253 544 2530 617 Tyberim,
2568 546 2875 617 missusque
2922 547 2974 601 in
3017 546 3231 613 navim;
3283 559 3446 616 quem
3496 542 3656 615 plebs
3696 552 3749 597 et

2153 634 2380 706 populus
2408 637 2756 705 Sequebatur,
2785 636 3099 702 clamando,
3125 645 3183 690 ut
3220 637 3535 690 orationem
3579 634 3650 687 ab
3687 648 3749 687 eo

2154 726 2445 797 acciperet.
2496 727 2567 782 Et
2609 728 2733 781 data
2774 728 3044 791 oratione,
3086 727 3226 782 dixit
3261 726 3441 782 omnis
3491 724 3747 795 populus,

2153 815 2344 873 Amen.
2377 819 2443 873 Et
2474 828 2617 874 mota
2646 829 2732 874 est
2774 821 2949 874 navis.
2994 820 3254 875 Videntes
3297 817 3555 879 Romani,
3607 821 3748 886 quod

2155 914 2299 963 mota
2326 919 2411 965 est
2452 910 2628 974 navis,
2660 911 2713 965 in
2745 926 2849 981 qua
2879 911 3104 966 sedebat
3129 911 3378 981 Vigilius,
3413 920 3546 965 tunc
3577 925 3749 979 popu-

2155 999 2238 1056 lus
2269 1001 2435 1071 cmpit
2465 1011 2588 1072 post
2609 1016 2732 1056 eum
2754 1000 2966 1069 jactare
2997 1001 3221 1073 lapides,
3255 1001 3451 1065 fustes,
3483 998 3742 1064 cacabos,

2153 1101 2209 1149 et
2231 1094 2413 1150 dicere
2438 1109 2454 1149 :
2484 1095 2676 1151 Fames
2709 1104 2799 1149 tua
2844 1103 3043 1159 tecum,
3082 1094 3385 1150 mortalitas
3416 1102 3510 1148 tua
3548 1101 3748 1148 tecum.

2158 1185 2302 1243 male
2328 1187 2502 1243 fecisti
2533 1202 2658 1243 cum
2691 1186 2971 1252 Romanis,
3001 1185 3142 1241 male
3165 1186 3414 1240 invenias
3443 1184 3537 1239 ubi
3570 1184 3745 1237 vadis.

2158 1277 2225 1332 Et
2260 1280 2479 1349 quidem
2506 1287 2783 1335 amatores
2804 1279 2922 1349 ejus
2959 1278 3129 1334 secuti
3159 1291 3284 1332 sunt
3303 1292 3431 1331 eum
3464 1277 3537 1331 de
3562 1276 3749 1331 Eccle-

2163 1374 2264 1428 sia.
2314 1370 2419 1439 Qui
2472 1370 2750 1441 ingressus
2796 1369 3038 1425 Siciliam
3079 1369 3133 1423 in
3179 1368 3402 1423 civitate
3462 1367 3750 1423 Catinensi

2164 1463 2465 1536 permissus
2492 1472 2576 1517 est
2602 1459 2783 1517 facere
2811 1461 3212 1516 ordinationem
3243 1475 3341 1531 per
3368 1474 3619 1515 mensem
3647 1458 3750 1513 De-

2159 1554 2333 1610 cemb.
2365 1553 2708 1623 presbyteros
2756 1559 2812 1606 et
2838 1551 3116 1606 diaconos.
3146 1550 3225 1605 Ex
3268 1550 3469 1620 quibus
3513 1559 3753 1605 reti-arts-

462 1635 685 1688 exilium
717 1636 770 1690 in
799 1635 1036 1701 Ponzas,
1059 1653 1122 1694 ac
1154 1642 1479 1696 sustentavit
1499 1660 1622 1697 eum
1650 1660 1789 1714 pane
1826 1645 2051 1701 tribula-
2087 1639 2127 1698 Β
2158 1645 2305 1699 misit
2343 1642 2568 1696 Romam
2594 1641 2927 1713 Ampliatum
2944 1641 3321 1713 presbyterum
3347 1640 3751 1695 vicedominum

439 1726 629 1780 itionis
681 1736 737 1781 et
784 1743 921 1797 aqua
982 1731 1262 1799 augustire.
1317 1732 1420 1801 Qui
1472 1735 1730 1792 deficiens
1772 1738 2054 1796 confessor

470 1827 717 1871 mortuus
740 1829 843 1883 est,
883 1829 937 1873 et
966 1822 1208 1890 sepultus
1243 1824 1294 1878 in
1323 1825 1514 1881 eodem
1547 1826 1665 1883 loco
1707 1829 1792 1884 12.
1823 1831 2050 1890 Kalend.

465 1906 575 1961 Jul.
613 1908 793 1978 ibique
820 1911 1102 1966 salvantur
1149 1913 1371 1970 infirmi.
1401 1915 1469 1970 Et
1494 1918 1732 1974 cessavit
1764 1920 2056 1993 Episcopa-

471 2009 556 2054 tus
587 2000 702 2055 dies
732 2001 785 2055 5.

1190 2098 1304 2154 LXI
1317 2140 1331 2154 .

535 2183 801 2251 VlGiLll'S,
839 2188 1059 2245 natione
1088 2188 1392 2259 Romanus,
1417 2208 1482 2249 cx
1509 2204 1664 2265 patre
1684 2194 1748 2251 ,ιο
1766 2213 1891 2252 mne
1915 2196 2060 2253 Con-

462 2276 602 2340 sule,
638 2279 781 2333 sedit
804 2281 967 2334 antiis
1006 2282 1092 2336 17.
1120 2284 1400 2340 mensibus
1432 2285 1485 2340 6.
1515 2286 1707 2342 diebus
1728 2287 1822 2342 26.
1856 2288 2058 2344 Eodem

470 2378 715 2438 tempore
754 2369 1060 2427 Belesarius
1099 2375 1374 2431 commisit
1412 2375 1613 2432 bellum
1658 2388 1850 2434 contra
1888 2378 2060 2436 Vuitio

465 2474 585 2528 gem
618 2477 796 2532 regem
828 2463 1154 2532 Gothorum,
1187 2484 1348 2538 quem
1378 2468 1677 2540 fugientem
1722 2482 1885 2529 noctu
1916 2474 2063 2530 inse-

462 2557 625 2604 cutus
650 2562 734 2606 est
767 2551 1006 2610 Joannes
1034 2554 1294 2628 Magister
1324 2558 1578 2626 militum,
1610 2561 1698 2616 cui
1729 2540 2061 2633 cognomen-

466 2653 581 2697 tum
647 2642 1062 2715 Sanguinarius,
1105 2655 1162 2702 et
1209 2649 1382 2704 tenuit
1424 2664 1574 2717 eum,
1625 2652 1961 2723 adduxitque
1995 2653 2062 2709 ad

464 2735 821 2803 Belesarium,
856 2739 946 2808 qui
985 2740 1239 2809 perduxit
1268 2757 1395 2796 eum
1435 2743 1535 2798 sub
1580 2757 1926 2801 sacramento
1957 2747 2063 2802 sal-

465 2843 591 2882 vum
619 2830 684 2884 ad
708 2828 1095 2901 Imperatorem
1122 2830 1483 2888 Iustinianum
1513 2835 2058 2909 Constantinopolim.

465 2919 641 2987 Quem
681 2921 981 2992 Imperator
1011 2921 1138 2978 fecit
1172 2925 1454 2994 patritium
1482 2937 1537 2982 et
1570 2929 1848 2994 comitem,
1880 2938 2061 2985 trans-

2161 1753 2343 1802 suum,
2366 1744 2422 1790 et
2445 1735 2789 1791 Valentinum
2816 1735 3143 1804 Episcopum
3181 1735 3248 1789 ad
3280 1734 3339 1788 S.
3382 1733 3663 1798 Rufinam,
3697 1742 3755 1788 et

2163 1828 2472 1883 Secundum
2516 1826 2584 1880 ad
2627 1826 3045 1880 custodiendum
3087 1824 3404 1889 Lateranis,
3452 1834 3511 1879 et
3555 1826 3756 1893 guber-

2162 1918 2400 1971 nandum
2428 1915 2660 1971 clerum.
2685 1915 2801 1982 Qui-
2823 1914 3151 1969 valefaciens
3179 1915 3437 1975 omnibus
3468 1913 3753 1984 ingressus

2160 2019 2245 2066 est
2265 2008 2790 2079 Constantitmpolim
2820 2008 2875 2062 in
2915 2007 3106 2077 Vigilia
3150 2007 3362 2064 Domini
3409 2007 3589 2061 nostri
3624 2006 3749 2061 Iesu

2163 2100 2391 2156 Christi.
2435 2100 2607 2166 Quem
2655 2099 2849 2154 obvius
2877 2098 3179 2168 imperator
3215 2098 3498 2154 osculatus
3547 2108 3653 2160 est,
3699 2106 3753 2151 et

2164 2193 2329 2261 cmpit
2362 2190 2513 2254 flere,
2549 2206 2612 2244 ac
2641 2189 2796 2260 plebs
2828 2189 2916 2243 illa
2949 2190 3213 2258 psallebat
3239 2198 3365 2243 ante
3406 2203 3541 2242 eum
3586 2202 3752 2257 usque

2164 2283 2231 2336 ad
2267 2264 2564 2336 Ecclesium
2607 2280 2665 2333 S.
2719 2278 2955 2349 Sophim,
3004 2279 3142 2334 Ecce
3187 2280 3399 2333 advenit
3446 2279 3752 2332 donabantur

2166 2369 2446 2434 Dominus,
2475 2380 2583 2423 etc.
2612 2368 2716 2423 Per
2740 2370 3017 2423 biennium
3059 2371 3204 2424 enim
3243 2369 3465 2424 fuerant
3496 2369 3753 2424 intentio-

2166 2476 2263 2516 nes
2291 2461 2358 2515 de
2375 2460 2666 2515 Anthemio
2691 2462 3032 2530 patriarcha,
3062 2462 3413 2518 ostendentes
3442 2462 3751 2516 cautionem

2165 2566 2357 2606 manus
2390 2550 2525 2618 ejus,
2558 2566 2664 2620 qua
2693 2552 3020 2621 promiserat
3045 2568 3169 2607 eum
3207 2567 3466 2608 revocare
3492 2554 3551 2607 in
3579 2552 3750 2607 locum

2165 2657 2344 2696 suum.
2377 2640 2483 2696 Sed
2519 2641 2749 2712 Vigilius
2794 2644 2969 2712 magis
3017 2646 3334 2700 desiderans
3379 2644 3543 2707 mori,
3595 2660 3749 2715 quam

2165 2734 2367 2800 vivere,
2395 2733 2703 2790 nullatenus
2733 2735 2905 2791 voluit
2925 2737 3004 2792 eis
3028 2739 3360 2802 consentire,
3386 2748 3446 2793 et
3470 2739 3614 2793 dixit
3640 2757 3656 2793 :
3684 2736 3752 2794 Ut

2164 2826 2341 2894 video,
2384 2844 2489 2882 non
2532 2843 2621 2883 me
2650 2827 2899 2884 fecerunt
2922 2831 3108 2885 venire
3148 2831 3216 2885 ad
3246 2844 3306 2886 se
3330 2828 3676 2887 Justinianus
3698 2839 3750 2884 et

2175 2916 2481 2983 Theodora,
2509 2919 2605 2972 sed
2629 2918 2995 2974 Diocletianus
3025 2929 3079 2975 et
3116 2919 3452 2976 Eleutheria.
3479 2919 3669 2976 Facite
3694 2930 3752 2975 ut

471 3011 727 3081 misitque
766 3014 918 3079 juxta
970 3014 1106 3070 fines
1150 3015 1464 3085 Persarum,
1518 3020 1607 3075 tibi
1654 3021 1820 3076 vitam
1868 3021 2061 3077 finivit.

2169 3006 2352 3073 vultis,
2388 3008 2548 3080 digna
2576 3011 2721 3064 enim
2748 3009 2909 3065 factis
2935 3011 3160 3082 recipio.
3190 3010 3342 3067 Tunc
3367 3014 3522 3067 dedit
3541 3012 3747 3080 alapam

470 3100 745 3157 Belesario
777 3119 907 3158 vero
936 3120 1102 3176 egere
1129 3108 1333 3178 gratias
1362 3108 1668 3179 Imperator
1703 3121 1759 3167 et
1797 3114 2060 3185 Augusta,

465 3200 528 3247 et
560 3193 884 3247 remiserunt
905 3209 1028 3250 eum
1055 3195 1108 3249 in
1135 3196 1400 3261 Africam,
1434 3215 1555 3269 qua:
1592 3201 1809 3257 redacta
1851 3214 1932 3258 est
1964 3209 2065 3260 sub

472 3282 774 3353 republica,
805 3283 1092 3340 interfecto
1127 3288 1226 3341 sub
1264 3288 1386 3343 dolo
1411 3292 1560 3359 pacis
1595 3288 1896 3367 [Cundaro]
1940 3294 2066 3350 Vui-

471 3375 677 3431 marith
733 3391 859 3446 rege
919 3376 1485 3449 VandolorumrQuo
1540 3391 1786 3455 tempore
1845 3387 2067 3458 scripsit

473 3467 759 3525 Theodora
788 3469 1027 3539 Augusta
1050 3471 1117 3527 ad
1141 3472 1392 3546 Vigilium
1427 3476 1626 3547 Papam
1657 3496 1670 3530 :
1698 3476 1856 3547 Veni,
1892 3481 2067 3535 adim-

471 3560 562 3633 ple
593 3562 771 3627 nobis,
804 3578 924 3634 quae
954 3579 1127 3635 prona
1170 3566 1444 3623 voluntate
1481 3569 1778 3639 promisisti
1815 3570 1883 3626 de
1912 3580 2067 3642 patre

471 3659 664 3707 nostro
691 3652 1008 3720 Anthemio,
1044 3662 1100 3708 ct
1132 3670 1325 3711 revoca
1370 3674 1492 3713 eum
1527 3658 1579 3713 in
1622 3656 1854 3715 officium
1888 3676 2065 3716 suum.

472 3744 555 3798 Ad
590 3746 705 3800 hinc
739 3746 1022 3818 rescripsit
1053 3746 1483 3820 VigiliuszAbsit
1505 3752 1608 3805 hoc
1635 3766 1665 3805 ιι
1700 3768 1807 3817 me,
1840 3752 2067 3808 Domina

472 3835 736 3906 Augusta.
790 3835 949 3892 Prius
1001 3835 1214 3893 locutus
1265 3855 1386 3894 sum
1440 3840 1581 3896 male
1627 3849 1683 3896 et
1723 3842 2067 3913 insipienter,

475 3928 636 3982 tnodo
666 3936 849 3981 autem
891 3927 1038 3983 nullo
1080 3929 1241 3983 modo
1289 3929 1381 3985 tibi
1427 3932 1790 3997 consentiam,
1826 3941 1883 3986 ut
1915 3948 2070 3988 revo-

472 4034 592 4075 cem
623 4019 896 4074 hominem
927 4021 1241 4076 htereticunt
1269 4032 1324 4075 ct
1345 4023 1888 4078 auathematizatum.
1914 4023 2067 4091 Quod

477 4112 521 4165 si
555 4107 804 4181 indignus
835 4110 1070 4166 vicarius
1094 4127 1213 4165 sum
1244 4111 1300 4165 Β.
1326 4110 1468 4166 Petri
1500 4112 1768 4182 Apostoli,
1798 4112 2071 4181 quomodo

477 4198 699 4255 fuerunt
743 4209 1119 4257 antecessores
1156 4202 1260 4257 mei
1307 4202 1662 4269 sanctissimi,
1711 4202 1972 4273 Agapitus
2017 4211 2071 4256 et

478 4290 766 4355 Silverius,
791 4292 881 4362 qui
910 4308 1032 4346 cum
1065 4292 1427 4347 damnavere?
1473 4293 1625 4347 Tunc
1666 4293 1896 4347 Romani
1944 4309 2073 4364 sug-

2165 3101 2218 3156 iu
2256 3100 2452 3157 faciem
2495 3102 2611 3172 ejus
2658 3105 2900 3174 quidam,
2951 3105 3137 3161 dicens
3177 3104 3528 3173 :Homicida,
3576 3108 3751 3162 nescis

2165 3193 2364 3263 quibus
2393 3193 2663 3262 loqueris?
2695 3196 2894 3259 nescis,
2928 3196 3053 3266 quia
3092 3195 3384 3250 Silverium
3422 3195 3631 3265 Papam
3657 3211 3748 3250 oc-

2166 3285 2383 3341 cidisti?
2408 3296 2462 3340 et
2489 3284 2658 3339 filiutu
2684 3286 2929 3342 mulieris
2964 3287 3140 3343 vidua:
3169 3287 3409 3343 calcibus
3440 3298 3494 3342 et
3516 3287 3751 3343 fustibus

2166 3373 2533 3431 interfecisti?
2561 3372 2713 3431 Tunc
2736 3375 2948 3446 fugiens
2970 3377 3023 3431 in
3051 3377 3334 3432 basilicam
3356 3382 3414 3431 S.
3441 3378 3750 3448 Euphemia:

2167 3467 2339 3522 tenuit
2381 3467 2690 3522 columnam
2724 3468 2929 3524 altaris.
2960 3468 3063 3535 Qui
3106 3478 3311 3525 tractus
3336 3471 3406 3526 ab
3429 3486 3519 3535 ea,
3565 3481 3621 3526 et
3646 3470 3750 3539 eje—

2166 3564 2284 3611 ctus
2306 3554 2440 3610 foris
2461 3556 2783 3623 Ecclesiam,
2824 3557 3073 3614 fecerunt
3103 3560 3243 3613 mitti
3277 3557 3466 3614 funem
3513 3562 3571 3615 in
3610 3561 3746 3616 collo

2169 3647 2308 3719 ejus,
2334 3660 2389 3703 et
2419 3656 2704 3704 traxerunt
2755 3665 2878 3705 eum
2913 3667 3010 3721 per
3043 3660 3210 3706 totam
3258 3651 3540 3708 civitatem
3585 3668 3751 3722 usque

2169 3741 2239 3793 ad
2288 3755 2602 3810 vesperum.
2639 3740 2790 3796 Tunc
2818 3742 3017 3798 missus
3063 3752 3146 3797 est
3190 3742 3245 3798 in
3291 3744 3620 3809 custodiam,
3666 3745 3751 3800 ubi

2172 3831 2446 3886 dabantur
2490 3832 2541 3887 ei
2593 3832 2805 3888 modice
2850 3834 3005 3903 panis
3044 3845 3099 3888 et
3128 3849 3292 3903 aqua.
3324 3835 3520 3890 Clerus
3571 3844 3751 3895 autem

2172 3922 2470 3987 Romanus,
2523 3923 2763 3993 quicum
2806 3939 2871 3978 eo
2910 3934 3043 3987 erat,
3097 3926 3298 3981 missus
3333 3935 3418 3979 est
3450 3927 3503 3981 in
3539 3925 3752 3983 exibam

2172 4032 2271 4086 per
2294 4016 2505 4071 diversa
2531 4016 2747 4071 metalla
2780 4017 3090 4072 incidenda.
3134 4017 3286 4073 Tunc
3311 4016 3477 4073 Gothi
3503 4034 3628 4073 cum
3664 4033 3755 4072 suo

2175 4123 2302 4179 rege
2327 4107 2567 4173 Bandua,
2596 4109 2686 4177 qui
2708 4107 2882 4162 Totila
2908 4108 3344 4177 nuncupabatur,
3368 4110 3755 4164 descendentes

2175 4199 2403 4254 Romam
2442 4200 2772 4254 obsederunt
2795 4214 2941 4265 eam,
2971 4210 3028 4255 et
3053 4198 3198 4254 facta
3220 4206 3305 4254 est
3335 4198 3512 4254 tantes
3546 4200 3601 4253 in
3631 4200 3756 4255 civi-

2179 4302 2285 4347 tate
2322 4292 2588 4357 Romana,
2614 4302 2675 4347 ut
2698 4292 2866 4347 etiam
2890 4301 3048 4348 natos
3070 4307 3198 4347 suos
3224 4292 3427 4349 vellent
3450 4293 3756 4348 comedere.

452 4390 786 4454 gesserunt,
838 4383 981 4453 quod
1030 4383 1256 4438 consilio
1313 4383 1493 4455 Vigilii
1546 4384 1825 4454 depositus
1877 4382 2068 4439 fuisset
2097 4378 2416 4453 DQuadam
2468 4382 2651 4453 itaque
2697 4382 2783 4438 die
2833 4381 3057 4437 intravit
3106 4397 3201 4438 rex
3246 4381 3479 4437 Romam
3528 4396 3561 4436 a
3611 4392 3757 4453 porta

472 4472 768 4535 Silverins.
807 4472 1150 4538 mandantes,
1177 4473 1302 4544 quia
1336 4473 1475 4529 male
1502 4473 1612 4543 agit
1644 4490 1767 4528 cum
1809 4472 2071 4529 Romanis

474 4564 656 4622 servis
696 4564 828 4631 tuis,
858 4571 912 4620 et
953 4579 1075 4622 cum
1127 4565 1242 4635 ipsa
1294 4564 1451 4636 plebe
1493 4574 1582 4619 tua
1618 4583 1635 4620 :
1684 4565 1763 4621 sic
1801 4565 1947 4620 enim
1987 4573 2072 4621 est

477 4658 741 4726 furiosus,
774 4667 833 4714 ut
872 4658 1028 4714 daret
1059 4656 1271 4729 alapam
1307 4657 1519 4713 notario
1545 4672 1666 4723 suo,
1696 4656 1788 4728 qui
1832 4671 1955 4711 mox
1983 4670 2074 4712 ca-

475 4752 617 4810 dens
661 4754 729 4808 ad
774 4750 943 4822 pedes
990 4751 1109 4823 ejus
1150 4750 1440 4822 expiravit.
1482 4749 1614 4806 Item
1665 4749 1815 4805 dedit
1858 4758 2072 4820 neptem

477 4860 636 4903 suam
661 4845 916 4920 Vigiliam
942 4842 1199 4900 Astlterio
1219 4842 1441 4900 Consuli
1473 4843 1583 4898 ﬁlio
1604 4842 1848 4898 mulieris
1874 4843 2069 4906 viduae,

479 4952 642 5008 quem
687 4936 816 4993 fecit
858 4934 1027 4993 teneri
1064 4946 1246 5003 nocte,
1279 4943 1334 4991 et
1369 4934 1574 4988 tamdiu
1621 4933 1776 4997 caedi,
1814 4934 2073 5003 quamdiu

483 5029 649 5085 vitam
683 5031 883 5087 finiret.
912 5030 1030 5100 Quo
1054 5029 1259 5096 audito,
1291 5028 1530 5098 Augusta
1551 5025 1701 5081 misit
1722 5027 2073 5083 Anthemium

482 5119 806 5178 Scribonem
837 5139 961 5178 cum
990 5123 1190 5177 virtute
1218 5118 1407 5189 majori
1441 5119 1508 5173 ad
1545 5118 1800 5183 Romam,
1840 5120 2027 5174 dicens
2059 5138 2072 5173 :

487 5210 727 5282 Excepto
771 5214 828 5267 in
873 5214 1096 5268 basilica
1148 5212 1206 5267 S.
1248 5210 1654 5278 Petri,parcc.
1703 5216 1982 5275 ccetcrum,
2029 5210 2074 5265 si

490 5301 546 5354 in
582 5301 883 5364 Lateranis,
909 5313 1000 5356 aut
1023 5304 1076 5357 in
1100 5301 1320 5373 palatio,
1348 5308 1442 5353 aut
1470 5300 1524 5352 in
1556 5297 1797 5367 qualibet
1829 5300 2072 5355 Ecclesia

495 5391 507 5400 '
554 5407 645 5410 ---κ
720 5392 760 5414 ⁸,,
793 5392 979 5414 |H__-|_-__
1022 5410 1035 5414 _
1090 5395 1101 5414 ε
1167 5394 1397 5414 ..,,,ξ......
1427 5406 1549 5414 ..-λη
1581 5389 1700 5414 ..η--τ

1291 5402 1397 5414 1....-
1427 5406 1549 5414 manui
1581 5405 1699 5414 -‘---.-
1724 5402 1925 5414 αιηαιιΙ--ιι
1955 5406 2068 5414 ιιι-α...-

2177 4474 2235 4529 S.
2270 4472 2446 4539 Pauli,
2496 4472 2789 4528 indictione
2828 4471 2895 4526 15
2930 4481 2984 4527 et
3018 4471 3284 4527 habitavit
3312 4487 3442 4527 cum
3482 4470 3757 4533 Romanis.

2176 4567 2330 4638 quasi
2366 4576 2525 4636 pater
2551 4581 2676 4621 cum
2704 4564 2845 4620 ﬁliis.
2886 4564 3120 4632 Quidam
3149 4578 3279 4620 vero
3310 4564 3379 4619 de
3403 4563 3759 4620 Senatoribus

2176 4659 2447 4731 fugientes
2486 4656 2713 4729 ingressi
2753 4664 2880 4710 sunt
2920 4655 3471 4728 Constantinopolim,
3506 4666 3568 4712 et
3601 4670 3761 4715 vene-

2176 4760 2303 4807 runt
2326 4752 2394 4806 ad
2422 4749 2807 4819 Imperatorem
2842 4746 3024 4805 afllicti
3062 4758 3118 4804 et
3157 4747 3407 4804 desolati.
3450 4747 3603 4816 Quos
3640 4762 3761 4802 cono

2180 4842 2386 4899 solatus
2410 4850 2495 4898 est
2518 4840 2840 4911 imperator,
2868 4851 2925 4897 et
2952 4841 3100 4897 misit
3126 4840 3420 4897 Narsetum
3441 4838 3761 4896 Eunuchum

2179 4947 2233 4991 et
2275 4934 2668 4991 cubicularium
2707 4950 2866 4991 suum
2909 4934 2965 4989 in
3006 4934 3238 4989 Italiam.
3277 4933 3378 4991 Cui
3419 4931 3553 4989 data
3590 4943 3762 5002 pugna

2179 5043 2303 5084 cum
2331 5028 2524 5084 Gothis
2563 5027 2786 5082 donavit
2824 5026 2971 5082 Deus
2998 5025 3311 5090 victoriam,
3349 5032 3407 5080 et
3442 5025 3662 5080 occisus
3686 5030 3762 5076 es:

2181 5134 2273 5175 rex
2302 5129 2357 5174 ct
2386 5119 2673 5175 multitudo
2698 5119 3001 5176 Gothorum
3035 5118 3317 5173 interfecta
3348 5126 3455 5171 est.
3490 5116 3763 5171 Tuuead-

2182 5220 2377 5266 unatus
2415 5213 2596 5267 clerus
2638 5213 2846 5282 rogavit
2877 5209 3182 5276 Narsetcm,
3225 5218 3283 5262 ut
3325 5224 3435 5262 una
3480 5223 3609 5263 cum
3655 5207 3766 5276 ejus

2180 5302 2522 5373 suggestione
2559 5312 2776 5370 rogaret
2806 5300 3141 5370 Principem,
3181 5307 3239 5352 ut
3267 5300 3311 5352 si
3343 5300 3529 5354 adhuc
3564 5298 3766 5352 vivere!

2182 5391 2406 5414 ‘Y:m:|:---
2453 5392 2588 5414 n___
2663 5401 2749 5414 ..ι-,ι
2779 5390 3077 5414 ..-....Ι...ιΑ-ζ

2350 5407 2406 5414 η..
2453 5392 2588 5414 n___
2663 5401 2749 5414 ..ι-,ι
2779 5392 3077 5414 ..-....Ι...ιΑ-ζ

3136 5404 3230 5414 ’.Λ-ι
3262 5388 3473 5414 Anan:
3540 5387 3624 5414 ..ΑΙ
3667 5382 3767 5414 Διη-
