3944 5414
172 183 197 211 ΓΞ
207 184 266 211 "'f

169 214 233 233 1)οο

238 185 269 234 5
1020 224 1021 227 η
1205 182 1628 237 EXCERPTUM
1670 181 1753 235 DE

1878 180 2024 232 STlS
2062 178 2226 235 ROM.
2268 177 2465 232 PONT.

3320 178 3422 235 554

162 297 285 352 cleri
321 294 547 349 Romani
578 294 736 348 hctus
765 294 989 349 ell‘ectus
1019 304 1103 348 est
1130 294 1425 362 Imperator
1456 301 1512 345 ct
1549 304 1744 343 omnes
1774 300 1820 354 Α
1850 290 2224 343 sanctissimus
2265 289 2480 357 quidem
2523 286 2759 339 Joannes
2793 285 3056 339 habitavit
3091 285 3259 340 multo
3293 298 3427 341 tem-

163 389 342 458 inclyti
380 388 517 456 ejus,
548 404 613 443 eo
647 388 792 456 quod
824 389 1067 458 requiem
1100 387 1335 441 dedisset
1378 387 1521 440 Deus
1550 384 1749 436 Roma-

165 481 263 534 nis.
296 478 416 531 Mox
449 478 617 541 misit,
650 494 748 547 per
770 478 983 532 diversa
1014 478 1145 539 loca,
1180 478 1268 530 ubi
1304 476 1519 529 fuerant
1548 476 1599 528 in
1632 475 1751 527 exi-

164 572 284 624 lium
312 570 607 638 deportati.
641 571 695 623 in
725 568 903 639 Cypso
928 580 981 624 et
1005 571 1334 633 Proconeso,
1366 578 1419 621 et
1440 568 1599 637 jussit
1628 576 1751 619 ante

164 681 217 717 se
242 664 773 733 venirelmperator,
812 665 995 717 dicens
1026 664 1107 718 eis
1137 681 1150 717 :
1183 663 1356 716 Vultis
1390 662 1630 729 recipere
1670 660 1753 713 Vi-

163 761 367 830 gilium,
431 768 493 812 ut
546 759 649 811 fuit
706 759 850 827 Papa
912 770 1114 823 vester,
1176 774 1243 811 an
1314 757 1751 811 archidiaconunt

164 859 398 901 vestrum
457 848 758 917 Pelagium,
806 859 858 902 et
903 864 1094 901 manus
1136 864 1255 901 mea
1301 848 1415 901 erit.
1452 848 1749 900 vobiscum.

164 938 587 1008 Responderunt
622 954 813 993 omnes
839 953 858 994 :
889 939 1124 1008 Imperet
1152 938 1293 993 Deos
1319 938 1503 1007 pietati
1550 947 1670 1000 tum,
1698 945 1756 989 ιιι

164 1031 418 1083 restituat
460 1028 617 1083 nobis
658 1031 823 1084 modo
862 1030 1141 1100 Vigilinm,
1177 1039 1231 1084 et
1278 1029 1493 1099 quando
1526 1029 1755 1083 voluerit

163 1136 278 1173 eum
328 1119 479 1174 Deos
509 1120 743 1173 transire
777 1120 840 1174 de
869 1120 969 1174 hoc
998 1119 1218 1183 smculo,
1248 1130 1375 1174 tunc
1404 1136 1529 1174 cum
1573 1130 1756 1174 vestra

165 1213 534 1281 prmceptione
561 1212 797 1265 donetur
819 1213 972 1267 nobis
997 1211 1246 1283 Pelagius
1276 1221 1462 1267 noster
1485 1212 1755 1265 archidia-

166 1320 351 1359 conus.
380 1304 539 1357 Tunc
564 1304 772 1357 dimisit
796 1319 984 1358 omnes
1010 1320 1131 1358 cum
1161 1304 1377 1370 \‘igilio.
1410 1282 1473 1355 ctt
1496 1309 1762 1356 venerunt

166 1400 409 1454 Siciliam
447 1401 502 1453 in
534 1401 811 1455 civitatem
843 1399 1151 1470 Syracusis,
1182 1400 1273 1453 ubi
1306 1399 1534 1454 alllictus
1565 1397 1757 1452 calculi

169 1490 350 1545 dolore
382 1500 637 1545 mortuus
663 1501 763 1546 est.
791 1491 956 1559 Cujus
980 1507 1176 1561 corpus
1201 1490 1519 1545 translatum
1550 1500 1632 1545 est
1653 1490 1760 1544 Ro-

169 1600 332 1650 mam,
364 1593 424 1637 et
459 1584 709 1653 sepultus
735 1594 817 1638 est
851 1584 916 1637 ad
948 1583 1009 1637 S.
1033 1583 1365 1647 Marcellum,
1400 1583 1485 1636 via
1526 1582 1757 1637 Salaria.

169 1674 229 1727 Et
253 1674 494 1728 cessavit
521 1674 878 1745 Episcopatus
910 1688 1124 1729 menses
1152 1674 1185 1727 ὅ
1214 1683 1269 1727 et
1298 1674 1413 1728 dies
1440 1674 1493 1728 5.

879 1766 1015 1819 LXII

232 1856 532 1919 Psuctcs,
563 1857 785 1912 natione
822 1857 1114 1922 Romanus,
1149 1872 1213 1910 ex
1244 1865 1399 1925 patre
1424 1854 1633 1910 Joanne
1674 1854 1762 1909 Vi-

168 1948 407 2010 cariano,
468 1949 609 2003 sedit
659 1949 817 2002 annis
868 1947 926 2002 11
979 1949 1255 2002 mensibus
1302 1946 1389 2011 10,
1440 1947 1633 2001 diebus
1671 1946 1759 2001 18.

172 2041 359 2106 Quem,
391 2042 526 2094 dum
561 2055 667 2094 non
707 2040 889 2095 essent
928 2040 1198 2109 Episcopi,
1235 2040 1325 2108 qui
1376 2054 1498 2092 eum
1546 2040 1765 2093 ordina-

173 2138 306 2192 rent,
338 2146 406 2185 eo
435 2130 583 2199 quod
615 2128 903 2185 multitudo
929 2131 1303 2199 religiosorum
1337 2132 1684 2199 sapientium,
1710 2139 1764 2183 et

174 2220 432 2273 nobilium
461 2220 798 2273 subduxerat
829 2234 885 2274 se
910 2233 938 2272 a
966 2221 1350 2275 communione
1380 2221 1521 2289 ejus,
1552 2222 1763 2284 dicens,

175 2311 290 2378 quia
333 2311 387 2363 in
428 2321 610 2364 morte
641 2310 819 2380 Vigilii
865 2309 1023 2379 Papae
1060 2324 1117 2363 se
1154 2311 1464 2373 immiscuit,
1497 2319 1558 2364 ut
1595 2311 1765 2365 tantis

176 2404 341 2468 pcenis
370 2401 730 2473 amigeretur,
754 2402 1145 2456 ordinaverunt
1174 2403 1279 2457 duo
1303 2402 1577 2472 Episc0pi,
1602 2401 1767 2456 Joan-

178 2508 266 2547 nes
294 2495 361 2547 de
394 2493 645 2551 Perusia.
680 2500 733 2545 et
772 2494 951 2546 Bonus
983 2494 1049 2548 de
1080 2495 1391 2558 Ferentino,
1423 2505 1480 2549 et
1524 2495 1768 2549 Andreas

178 2584 464 2653 presbyter
490 2585 558 2637 de
590 2584 797 2637 Ilostia.
828 2583 958 2636 Nam
988 2590 1102 2637 non
1130 2592 1247 2637 erat
1276 2584 1327 2638 in
1358 2584 1505 2638 clero
1532 2586 1617 2637 vel
1647 2599 1765 2637 mo-

180 2676 457 2739 nasteriis,
518 2675 609 2743 qui
657 2684 838 2744 posset
883 2675 1211 2744 promoveri.
1268 2676 1419 2729 Tunc
1458 2674 1658 2729 Narscs
1712 2684 1767 2728 et

177 2764 423 2837 Pelagius
440 2766 589 2835 Papa
612 2766 839 2821 consilio
863 2767 993 2819 inito
1018 2775 1228 2836 sumpta
1252 2765 1462 2819 Litania
1485 2780 1515 2817 a
1542 2763 1597 2819 S.
1623 2764 1765 2817 Pan-

176 2859 343 2911 eratin
373 2874 503 2909 cum
539 2858 755 2927 hymnis
783 2866 835 2909 et
861 2857 1086 2912 canticis
1108 2857 1481 2926 spiritualibus
1506 2864 1771 2911 venerunt

181 2952 241 3002 ad
286 2949 340 3002 8.
398 2950 628 3002 l’ctt‘ttm
678 2948 1009 3017 Apostolum,
1063 2949 1339 3003 ttbi'idem
1391 2947 1533 3017 Papa
1582 2958 1771 3001 tenens

1852 395 1979 448 pore
2017 380 2068 432 in
2102 379 2374 433 cimiterio
2412 378 2739 432 Sanctorum
2782 376 3013 431 Tiburtii
3044 387 3099 431 et
3132 375 3424 432 Valeriani.

1851 468 2048 522 Narses
2100 484 2227 523 vero
2288 470 2512 523 Romam
2565 469 2839 539 ingressus
2878 478 3000 537 post
3039 469 3263 523 multum
3297 479 3430 524 tem-

1851 559 1998 627 poris
2030 569 2275 614 mortuus
2310 568 2413 614 est.
2448 559 2841 615 Sanctissimus
2867 575 3080 628 quoque
3110 558 3345 615 Joannes
3375 570 3432 615 et

1856 656 1967 720 ipse
1998 661 2239 706 mortuus
2266 652 2507 722 sepultus
2536 660 2618 707 est
2667 653 2719 706 in
2772 651 2989 706 basilica
3025 650 3085 705 Β.
3116 651 3258 705 Petri
3288 654 3432 724 Apo-

1854 743 2000 797 stoli.
2032 743 2095 796 Et
2121 743 2722 813 cessavitEpiscopatus
2747 744 3020 798 mensibus
3046 745 3128 797 10.
3162 745 3351 797 diebus
3376 745 3430 799 5.

2555 833 2736 889 LXIV.

1924 924 2287 987 Bsxsmcrcs,
2319 926 2537 979 natione
2581 924 2878 989 Romanus,
2921 926 2987 979 de
3028 934 3179 994 patre
3218 924 3436 979 Bonifa-

1857 1017 1959 1078 cio,
1993 1016 2133 1071 sedit
2156 1016 2313 1077 annis
2342 1015 2393 1069 4.
2424 1030 2608 1070 mense
2638 1018 2683 1069 l.
2704 1007 2906 1069 'diebus
2928 1015 3014 1072 29.
3062 1016 3261 1070 Eodem
3295 1024 3435 1070 tem-

1858 1125 1988 1179 pore
2014 1124 2145 1179 gens
2178 1106 2654 1177 Langobardorum
2703 1107 2897 1160 invasit
2935 1122 3151 1160 omnem
3206 1107 3435 1167 ltaliam.

1858 1200 2128 1270 simulque
2162 1210 2217 1255 et
2251 1199 2422 1255 fames
2451 1200 2617 1253 nimia
2648 1198 2807 1263 adeo,
2848 1207 2906 1252 ttt
2940 1199 3103 1253 etiam
3147 1199 3438 1253 multitudo

1861 1300 2164 1345 castrorum
2213 1305 2271 1344 se
2320 1291 2559 1345 traderet
2592 1289 2983 1360 Langobardis,
3028 1298 3084 1343 ut
3137 1298 3440 1360 temperare

1862 1390 2082 1448 possent
2106 1382 2173 1434 ab
2201 1380 2375 1450 inopia
2414 1381 2589 1435 famis.
2621 1381 2676 1434 In
2715 1381 3037 1450 istisitaque
3075 1380 3349 1436 laboribus
3386 1390 3443 1435 et

1863 1470 2241 1525 afﬂictionibus
2266 1472 2471 1540 positus
2496 1472 2872 1525 sanctissimus
2898 1471 3039 1541 Papa
3068 1481 3313 1527 mortuus
3336 1483 3436 1534 est.

1863 1576 1916 1618 et
1938 1565 2181 1633 sepultus
2209 1565 2261 1618 in
2289 1565 2348 1617 Β.
2382 1565 2524 1619 Petri
2562 1565 2802 1635 Apostoli
2847 1566 3068 1621 basilica
3114 1566 3165 1619 in
3199 1576 3443 1621 secreta-

1794 1658 1837 1717 Β
1872 1658 1968 1709 rio.
1998 1656 2063 1709 Et
2097 1657 2327 1711 cessavit
2352 1655 2704 1726 Episc0patus
2731 1671 2946 1711 menses
2973 1657 3027 1709 5.
3069 1657 3185 1710 dies
3214 1656 3297 1709 10.

2568 1746 2728 1801 LXV.

1934 1839 2221 1904 Psucws,
2261 1840 2481 1894 natione
2520 1839 2816 1902 Romanus,
2862 1839 2929 1895 de
2969 1848 3124 1909 patre
3170 1839 3445 1909 Unigildo,

1864 1932 2002 1985 sedit
2033 1930 2191 1985 annis
2222 1932 2307 1985 10.
2357 1946 2529 1987 mens.
2578 1932 2632 1984 2.
2686 1932 2827 1986 dieb.
2876 1932 2959 1985 10.
3016 1933 3115 1987 llic
3164 1934 3447 1987 ordinatur

1866 2026 2069 2093 alrsquc
2090 2024 2337 2092 jnssione
2364 2024 2653 2095 Principis,
2690 2039 2755 2079 eo
2782 2026 2925 2094 quod
2969 2026 3282 2079 obsiderent
3310 2025 3445 2079 civi-

1871 2124 2034 2169 tatem
2093 2116 2391 2168 Romanam
2451 2114 2824 2184 Langobardi,
2880 2115 2971 2183 qui
3020 2114 3226 2168 ltaliant
3280 2115 3445 2169 multa

1870 2206 2174 2260 vastatione
2205 2205 2553 2261 infestabant.
2582 2205 2746 2273 Cujus
2772 2207 3108 2276 temporibus
3136 2216 3298 2261 tanta:
3326 2206 3449 2276 plu-

1869 2298 1969 2350 viae
1997 2296 2235 2363 fuerunt,
2269 2306 2329 2351 ut
2362 2314 2551 2353 omnes
2580 2299 2847 2363 dicerent,
2892 2300 3015 2367 quia
3068 2314 3224 2368 aqua:
3261 2300 3449 2355 diluvii

1870 2389 2454 2456 superinundaverunt,
2485 2399 2541 2443 et
2572 2390 2693 2445 talis
2717 2390 2897 2446 clades
2926 2390 3045 2452 fuit,
3072 2391 3329 2462 qualemn
3352 2407 3454 2446 sa:-

1872 2479 1994 2533 culo
2023 2479 2200 2534 nullus
2243 2480 2487 2534 meminit
2519 2480 2703 2535 fuisse.
2735 2481 2831 2535 llic
2863 2492 3108 2537 mortuus
3144 2492 3246 2545 est,
3275 2492 3329 2537 et
3359 2498 3453 2537 se-

1873 2569 2053 2637 pultus
2074 2570 2141 2623 ad
2167 2568 2227 2622 B.
2260 2568 2481 2624 Petrum
2509 2570 2847 2639 Apostolum.
2877 2571 2943 2625 Et
2970 2572 3207 2627 cessavit
3236 2571 3454 2642 Episco-

1874 2671 2029 2731 patus
2049 2678 2260 2718 menses
2286 2664 2341 2719 5.
2370 2665 2485 2719 dies
2510 2664 2599 2719 25.

2570 2757 2753 2813 LXVI.

1945 2844 2272 2905 Caesonius,
2308 2846 2527 2902 natione
2554 2847 2852 2915 Romanus,
2882 2865 2947 2905 ex
2969 2861 3126 2921 patre
3155 2851 3455 2919 Gordiano;

1876 2936 2019 2991 sedit
2056 2941 2216 2991 anan
2262 2940 2349 2993 15.
2390 2954 2559 2993 mens.
2608 2938 2661 2993 6.
2692 2940 2880 2996 diebus
2924 2942 3009 2997 10.
3066 2941 3164 2998 Hic
3209 2950 3459 3013 exposuit

180 3038 469 3105 Evangelia
511 3048 565 3090 et
605 3052 821 3090 crucem
861 3037 1072 3091 Domini
1107 3052 1271 3107 super
1311 3046 1472 3106 caput
1515 3052 1671 3092 suum
1716 3039 1767 3092 in
1800 3006 1844 3068 Ο
1876 3030 2127 3087 bomilias
2180 3031 2614 3104 Evangeliorum,
2667 3044 2722 3090 et
2770 3033 2937 3091 multa
2984 3034 3110 3102 alia,
3149 3054 3270 3109 qua:
3318 3055 3456 3095 cnu-

182 3129 469 3183 amboaent
518 3128 783 3192 ascendit,
807 3138 861 3183 et
885 3129 1151 3184 satisfecit
1173 3130 1388 3200 populo,
1416 3130 1538 3197 quia
1564 3130 1769 3183 nullttnt

185 3222 374 3273 malum
414 3220 721 3289 peregisset
748 3228 936 3273 contra
971 3218 1249 3289 Vigilium,
1286 3220 1551 3289 petiitque
1575 3220 1770 3273 contir-

186 3312 334 3375 mari,
368 3320 432 3365 ut
470 3311 515 3364 si
540 3310 665 3379 quis
697 3310 782 3363 ille
809 3320 890 3364 est
921 3310 971 3363 in
1002 3320 1188 3365 sancta
1221 3310 1461 3365 Ecclesia
1496 3311 1564 3363 ab
1586 3310 1769 3365 Ostia-

189 3407 262 3461 rio
289 3423 468 3477 usque
514 3407 582 3458 ad
634 3406 859 3476 gradum
905 3404 1175 3475 Episcopi,
1206 3421 1379 3474 neque
1426 3420 1523 3474 per
1559 3420 1771 3469 aurem,

188 3514 354 3567 neque
383 3514 486 3568 per
510 3498 720 3565 aliquas
742 3496 1130 3566 promissiones
1150 3497 1421 3565 proﬁciat,
1445 3497 1568 3566 quia
1596 3497 1773 3550 Simo-

190 3591 398 3645 niacum
420 3599 529 3643 est.
556 3589 795 3641 Mortuus
818 3597 900 3641 est
923 3596 1101 3640 autem
1126 3596 1183 3640 et
1205 3587 1447 3657 sepultus
1474 3588 1524 3639 in
1550 3586 1772 3640 basilica

190 3679 246 3732 Β.
277 3681 423 3736 Petri
450 3677 719 3750 Apostoli.
748 3678 813 3731 Et
840 3677 1067 3732 cessavit
1098 3677 1451 3747 Episcopatus
1478 3691 1694 3731 menses
1716 3677 1771 3739 2,

193 3773 297 3827 dies
327 3774 423 3828 25.

891 3862 1069 3916 LXIII.

258 3960 516 4019 Jota'xlzs,
558 3972 622 4009 ex
664 3966 814 4024 patre
857 3957 1146 4010 Anastasio
1178 3954 1395 4017 illustri,
1444 3953 1584 4008 sedit
1618 3952 1776 4006 annis

198 4049 277 4102 12.
326 4048 614 4102 mensibus
660 4048 743 4099 11.
785 4046 925 4099 dieb.
966 4046 1055 4099 26.
1102 4046 1177 4099 Eo
1212 4054 1456 4114 tempore
1500 4044 1682 4097 lleruli
1724 4045 1775 4097 in

194 4142 481 4195 Tharsiatn
511 4148 793 4201 venerunt,
832 4138 1009 4192 levato
1044 4153 1205 4207 super
1234 4152 1295 4191 se
1332 4151 1458 4205 rege
1496 4135 1776 4197 Sindaldo,

194 4240 248 4284 et
269 4230 596 4299 premebant
624 4238 871 4283 cunctam
906 4228 1135 4283 Italiam.
1174 4226 1373 4283 Contra
1416 4242 1552 4297 quos
1582 4225 1779 4279 Narses

198 4338 470 4393 egressus,
504 4337 687 4393 regem
710 4337 897 4376 eorum
925 4320 1219 4383 interfecit,
1248 4328 1537 4375 etomnem
1560 4328 1775 4389 gentem

200 4412 525 4484 subiugavit.
564 4411 768 4465 Deinde
798 4410 959 4465 simili
996 4412 1155 4465 modo
1181 4409 1479 4479 lmmingns
1506 4419 1560 4464 et
1597 4408 1778 4463 Bucel-

203 4500 349 4555 lenus
378 4502 550 4555 duces
586 4498 916 4554 Francorum
945 4500 1267 4569 premebant
1306 4499 1534 4563 Italiam,
1562 4499 1655 4553 sed
1686 4515 1781 4553 au—

203 4590 423 4646 xiliante
459 4588 713 4651 Domino.
753 4599 801 4643 et
845 4591 942 4659 ipsi
986 4607 1016 4645 a
1064 4588 1291 4643 Narsete
1335 4589 1603 4645 interfecti
1632 4600 1777 4644 sunt.

204 4681 447 4750 Cumque
489 4680 579 4733 tali
621 4689 815 4733 eventu
863 4680 1123 4749 gauderet
1172 4686 1282 4732 tota
1333 4678 1504 4743 Italia,
1554 4679 1780 4733 Romani

206 4772 405 4825 invidia
452 4770 597 4824 ducti
673 4780 1060 4839 suggesscrunt
1115 4769 1424 4824 Justiniano
1465 4779 1521 4825 ct
1570 4769 1799 4824 Summe

210 4858 490 4930 [Sophim],
521 4859 644 4928 quia
678 4857 934 4913 Romanis
959 4858 1134 4929 magis
1169 4860 1464 4927 expetierat
1495 4858 1647 4914 Gotis
1678 4874 1789 4915 ser-

209 4953 320 5004 vire
375 4966 541 5020 quam
588 4950 815 5017 Grzecis,
851 4953 935 5008 ubi
976 4950 1180 5005 Narscs
1213 4952 1499 5009 Eunuchus
1538 4954 1786 5023 imperat.

208 5046 357 5112 Quod
389 5045 589 5101 Narses
616 5046 838 5101 audiens
860 5055 923 5101 de
951 5046 1127 5100 Roma
1153 5046 1299 5099 venit
1322 5046 1697 5118 Campaniam,
1729 5060 1784 5102 et

211 5139 518 5207 indignatus
566 5139 782 5206 scripsit
819 5142 954 5209 genti
992 5136 1496 5207 Langobardorum,
1533 5150 1592 5195 ut
1634 5142 1786 5196 veni-

211 5242 347 5295 rent,
366 5240 427 5285 et
455 5232 792 5300 possiderent
819 5232 1046 5288 Italiam.
1066 5228 1206 5294 .Qum
1224 5232 1433 5297 omnia,
1451 5244 1511 5289 ut
1535 5234 1787 5301 cognovit

208 5321 444 5375 Joannes
466 5322 630 5392 Papa,
678 5324 896 5381 festinus
942 5324 1100 5379 venit
1139 5320 1438 5391 Neapolim,
1469 5338 1522 5383 et
1553 5325 1787 5380 obtinuit

1876 3124 2090 3180 merare
2136 3141 2241 3179 non
2291 3141 2597 3196 possumus,
2638 3128 2945 3199 adjecitque
2980 3129 3033 3184 in
3067 3146 3296 3186 canone.
3330 3132 3457 3187 Diu

1874 3228 2081 3271 nostros
2104 3219 2158 3271 in
2183 3228 2273 3271 tua
2297 3236 2424 3288 pace
2444 3221 2683 3289 dispone,
2708 3230 2814 3277 etc.
2843 3222 2985 3277 Misit
3006 3223 3167 3278 etiam
3196 3225 3457 3293 praedica-

1877 3318 2020 3364 tores
2059 3310 2125 3364 ad
2176 3319 2390 3380 gentem
2436 3311 2755 3381 Anglorum,
2798 3314 2887 3383 qui
2932 3329 3026 3368 eos
3074 3324 3458 3371 converterent

1878 3401 1943 3454 ad
2001 3400 2285 3455 Dominum
2350 3401 2516 3456 Jssuu
2580 3404 2879 3458 Christum.
2949 3404 3178 3460 Domum
3244 3422 3464 3477 quoque

1876 3509 2030 3548 suam
2059 3495 2445 3549 monasterium
2474 3497 2777 3550 constituit.
2803 3497 2905 3564 Qui
2936 3508 3183 3553 mortuus
3210 3500 3455 3568 sepultus

1876 3593 1956 3639 est
1976 3585 2041 3637 ad
2061 3585 2120 3638 Β.
2142 3584 2362 3640 Petrum
2391 3586 2706 3654 Apostolum
2730 3598 2854 3641 ante
2879 3589 3246 3643 Secretarium
3265 3590 3351 3644 die
3375 3591 3460 3643 l2.

1878 3675 2081 3728 mensis
2129 3675 2325 3729 Martii.
2370 3676 2433 3728 Et
2470 3678 2701 3731 cessavit
2749 3678 3101 3748 Episcopatus
3143 3694 3360 3735 menses
3402 3680 3461 3734 ὅ.

1886 3765 1996 3819 dies
2028 3765 2110 3819 l9.

2577 3855 2777 3908 LXVII.

1950 3946 2289 4009 Summus,
2323 3946 2540 4000 natione
2572 3945 2802 4011 Tuscus,
2836 3948 2901 4000 de
2930 3930 3150 4003 civitate
3180 3949 3359 4015 Blera,
3392 3964 3461 4005 ex

1880 4045 2035 4106 patre
2076 4036 2243 4099 Bono,
2277 4036 2415 4090 sedit
2443 4052 2643 4090 annum
2685 4039 2735 4090 1.
2782 4052 2997 4093 menses
3026 4038 3080 4093 5.
3115 4040 3230 4095 dics
3260 4041 3313 4097 9.
3346 4041 3466 4110 Quo

1883 4138 2125 4198 tempore
2158 4128 2261 4181 fuit
2294 4126 2467 4182 fames
2495 4128 2678 4199 gravis
2717 4130 2768 4183 in
2799 4130 3021 4187 civitate
3059 4131 3328 4188 Romana.
3361 4136 3470 4203 Qui

1885 4219 2024 4275 facta
2062 4235 2195 4289 pace
2225 4235 2347 4274 cum
2381 4231 2541 4288 gente
2571 4220 3051 4290 Langobardorum
3076 4223 3240 4292 jussit
3268 4230 3469 4297 aperiri

1886 4311 2080 4366 borrea
2121 4311 2373 4366 Ecclesia:
2414 4321 2468 4366 et
2506 4313 2805 4368 venundari
2844 4312 3115 4370 frumenta
3160 4332 3258 4387 pro
3296 4319 3472 4373 solido

1890 4422 1997 4462 uno
2036 4408 2243 4463 modios
2279 4408 2366 4462 50.
2416 4406 2511 4463 llic
2554 4409 2607 4461 in
2654 4409 2894 4466 Ecclesia
2935 4410 2994 4466 Β.
3038 4411 3181 4467 Petri
3230 4413 3473 4482 Apostoli

1890 4498 2175 4551 luminaria
2237 4498 2462 4552 addidit.
2515 4498 2617 4566 Qui
2677 4500 2921 4570 sepultus
2973 4508 3059 4555 est
3120 4501 3173 4555 in
3225 4503 3470 4558 Ecclesia

1889 4590 1949 4643 B.
1982 4588 2125 4643 Petri
2156 4589 2416 4657 Apostoli.
2454 4588 2741 4659 Depositus
2780 4602 2963 4648 autem
2991 4601 3077 4645 est
3108 4591 3209 4646 sub
3254 4593 3342 4647 die
3376 4593 3469 4648 22.

1891 4693 2065 4734 mens.
2093 4679 2354 4734 Februar.
2380 4679 2445 4734 Et
2467 4680 2701 4735 cessavit
2720 4680 3077 4751 Episcopatus
3095 4682 3375 4735 mensibus
3394 4681 3479 4733 10.

1890 4772 2031 4825 dieb.
2061 4771 2148 4824 26.

2581 4863 2814 4917 LXVI".

1964 4957 2306 5019 BONIFACIUS,
2345 4956 2569 5012 natione
2611 4958 2931 5022 Romanus,
2976 4968 3045 5006 ex
3079 4960 3233 5017 patre
3267 4951 3493 5013 Joanne,

1890 5049 2032 5103 sedit
2059 5046 2335 5101 mensibus
2362 5048 2414 5102 8.
2447 5047 2641 5104 diebus
2667 5047 2756 5101 22.
2793 5049 2911 5107 Hic
2942 5040 3175 5099 obtinuit
3202 5047 3340 5107 apud
3362 5040 3499 5093 Pho-

1890 5148 2067 5195 catem
2096 5136 2427 5206 Principem,
2460 5146 2519 5191 ut
2547 5137 2703 5193 sedes
2728 5132 3064 5206 Apostolica
3092 5128 3153 5181 Β.
3191 5126 3335 5183 Petri
3361 5132 3503 5197 Apo-

1892 5228 2014 5282 stoli
2057 5234 2223 5292 eaput
2265 5236 2413 5279 esset
2439 5228 2683 5281 omnium
2714 5224 3129 5284 Ecclesiarum,
3176 5231 3310 5284 quia
3354 5216 3509 5271 sedes

1893 5316 2491 5383 Constantinopolitana
2540 5318 2769 5386 primam
2838 5336 2905 5376 se
2953 5305 3199 5369 omnium
3259 5305 3521 5361 Ecclesia-

3207 5398 3219 5409 ⁸
3285 5399 3324 5414 π
3394 5397 3406 5414 1
