3944 5414
470 280 573 356 ea.
1450 296 1509 353 s.
1549 294 1836 356 ABBONlS
1876 296 2166 352 sonans
2206 298 2696 356 FLOltlACt-ZXSIS

468 430 630 483 mate,
659 428 712 474 ut
737 417 914 474 nullus
938 390 1200 473 Pontifice
1223 414 1436 470 vivente
1461 413 1783 485 Epise0pum
1806 411 2046 465 civitatis
2081 422 2122 476 Α

467 528 527 568 se
573 519 864 582 prmsumat
912 508 1115 571 dicere,
1168 515 1260 563 aut
1304 517 1490 578 partes
1530 505 1635 562 sibi
1680 504 1747 561 de
1785 504 2051 560 electione

469 591 668 664 facere,
713 601 815 656 nisi
873 599 1032 654 tertio
1080 597 1167 653 die
1213 594 1565 667 depositionis
1612 595 1750 665 ejus.
1813 603 2052 663 tuncque

465 693 700 747 adunato
724 691 870 747 clero
897 700 952 745 et
979 689 1102 744 tiliis
1139 688 1394 744 Ecclesia:
1424 687 1620 743 electio
1654 685 1770 741 tiat.
1800 694 1855 739 et
1891 700 2050 754 quem

464 768 586 853 quis
617 782 865 846 voluerit,
892 779 1117 837 habebit
1154 779 1258 836 sibi
1290 778 1565 835 licentiam
1600 777 1832 849 eligendi
1871 792 2055 833 sacer-

409 909 416 915 -
466 878 667 933 dotem.
714 860 1012 931 Defunctus
1064 882 1243 929 autem
1288 871 1535 943 sepultus
1579 880 1659 927 est
1706 874 1759 924 in
1808 869 2050 925 Ecclesia

464 965 529 1020 Β.
556 965 700 1020 Petri
729 964 974 1034 Apostoli
998 963 1086 1018 die
1116 963 1206 1018 12.
1231 978 1405 1019 meus.
1435 959 1695 1017 Novemb.
1729 959 1796 1014 Et
1823 960 2054 1015 cessavit

462 1054 821 1126 Episcopatus
849 1067 1024 1110 meus.
1056 1052 1140 1107 10.
1176 1052 1293 1108 dies
1322 1051 1377 1107 6.

1167 1161 1355 1219 LXIX.

531 1261 872 1321 Bomracws,
901 1256 1125 1313 natione
1168 1255 1400 1322 Marsus,
1440 1254 1510 1310 de
1546 1255 1770 1310 civitate
1812 1254 2050 1320 Valeria,

463 1369 531 1408 ex
566 1361 723 1423 patre
765 1348 975 1405 Joanne
1015 1347 1251 1412 medico,
1295 1348 1438 1403 sedit
1474 1348 1632 1402 anuis
1679 1346 1732 1402 6.
1775 1361 1948 1402 mens.
1996 1345 2051 1401 8.

466 1444 656 1500 diebus
708 1441 794 1497 15.
857 1438 1026 1508 llujus
1084 1438 1416 1510 temporibus
1468 1438 1664 1505 fames,
1720 1436 2050 1508 pestilentia,

463 1547 521 1592 et
558 1535 936 1591 inundationes
976 1548 1242 1605 aquartun
1297 1530 1637 1600 gravissima:
1675 1528 1910 1584 fuerunt.
1951 1528 2055 1595 Qui

464 1629 619 1697 petiit
664 1642 694 1681 a
742 1625 978 1680 Phocate
1024 1623 1268 1693 principe
1310 1621 1593 1692 templum,
1639 1620 1786 1692 quod
1823 1619 2056 1691 appella-

468 1723 629 1774 batur
681 1719 988 1780 Pantheon,
1041 1716 1094 1772 in
1145 1731 1256 1787 quo
1319 1715 1447 1770 fecit
1497 1715 1799 1771 Ecclesiam
1852 1715 2049 1780 beatas,

466 1826 788 1882 semperque
830 1809 1065 1880 Virginis
1113 1807 1316 1864 Marire.
1365 1807 1466 1874 Qui
1506 1806 1792 1862 defunctus
1832 1806 1920 1862 die
1955 1806 2049 1861 25.
2085 1788 2125 1846 θ

467 1903 670 1959 mensis
697 1900 843 1967 Maii,
873 1900 1114 1971 sepultus
1143 1907 1222 1955 est
1254 1900 1321 1954 ad
1348 1900 1566 1954 beatum
1601 1897 1921 1970 Apostolum
1944 1897 2045 1954 Pe-

468 2005 631 2050 trum.

1183 2106 1344 2163 LXX.

538 2199 878 2267 DEUSDEDI'I',
909 2198 1131 2257 natione
1161 2198 1460 2264 Romanus,
1492 2214 1557 2255 ex
1594 2207 1749 2269 patre
1777 2197 2055 2268 Stephano

470 2291 827 2357 subdiacono,
872 2290 1016 2348 sedit
1059 2290 1218 2346 annis
1253 2291 1309 2348 5.
1361 2290 1555 2348 diebus
1588 2290 1681 2346 25.
1725 2288 1823 2345 llic
1847 2288 2054 2346 clerum

472 2384 704 2440 multum
738 2382 949 2440 dilexit.
987 2381 1311 2440 Sacerdotes
1348 2392 1406 2439 et
1445 2382 1652 2438 clerum
1689 2382 1756 2436 ad
1792 2381 1910 2437 loca
1936 2380 2055 2452 pri-

469 2476 613 2532 stina
638 2473 1103 2545 revocavit.Cujus
1128 2474 1461 2545 temporibus
1477 2473 1702 2528 veniens
1717 2472 2057 2528 Eleutherius

474 2565 729 2637 patritius
774 2576 829 2621 et
868 2564 1237 2621 cubicularius
1267 2564 1551 2629 Ravenna,
1600 2563 1800 2619 occidit
1842 2578 2055 2629 omnes,

476 2658 572 2729 qui
615 2658 671 2713 in
715 2671 907 2713 necem
941 2654 1168 2712 Joannis
1214 2655 1469 2720 Exarchi,
1499 2664 1555 2711 et
1587 2654 1789 2724 judicis
1822 2654 2054 2725 Reipub.

477 2749 714 2817 fuerant.
743 2749 989 2820 Cumque
1020 2758 1307 2820 susceptus
1335 2757 1480 2804 esset
1517 2747 1723 2820 optime
1764 2763 1794 2802 a
1822 2748 2055 2804 sanctis-

474 2842 615 2896 simu
645 2839 939 2897 Deusdedit
964 2840 1130 2910 Papa,
1157 2854 1410 2912 egressus
1436 2838 1503 2895 de
1530 2838 1699 2894 Roma
1750 2838 1898 2894 venit
1918 2837 2057 2893 Nea-

477 2932 664 3003 polim,
713 2949 835 3003 qua:
875 2932 1162 2988 tenebatur
1207 2948 1238 2987 a
1285 2930 1498 2988 Joanne
1534 2929 1771 2987 Consino
1818 2939 2057 2988 antarta.

471 3022 674 3079 Contra
694 3038 853 3092 quem
877 3022 1165 3093 pugnando
1183 3021 1455 3078 interfecit
1476 3023 1724 3079 eumdem
1749 3032 2056 3093 tyrannum,

3629 290 3724 359 sa.

2836 413 3040 469 LXXII.

2228 524 2523 589 llotvomus,
2555 526 2773 581 natione
2822 525 3149 596 Campanus,
3190 540 3253 580 ex
3285 534 3439 597 patre
3466 524 3719 581 Petronio

2153 617 2405 682 Consule,
2443 619 2579 674 sedit
2607 619 2765 673 annis
2813 618 2903 674 12.
2955 618 3232 673 mensibus
3278 618 3366 673 11.
3407 618 3604 673 diebus
3640 618 3720 673 Π.

2155 710 2257 767 llic
2292 711 2594 774 constituit,
2642 718 2699 765 et
2748 710 2991 766 decrevit
3050 709 3101 763 in
3151 707 3417 773 Ecclesia,
3471 716 3533 762 ut
3585 710 3726 762 omni

2156 802 2491 859 hebdomada
2517 801 2794 858 Sabbatho
2840 803 2926 857 die
2960 811 3117 857 exeat
3142 800 3366 856 Lelania
3398 816 3428 855 a
3478 799 3537 855 S.
3575 800 3722 870 Apol-

2155 893 2316 950 liuari
2355 896 2420 949 ad
2466 893 2526 949 Β.
2554 885 2773 949 Petrum
2806 892 3146 966 Apostolum,
3175 902 3232 947 et
3270 907 3393 947 eum
3434 891 3653 963 hymnis
3679 900 3724 945 et

2155 987 2382 1043 canticis
2429 986 2607 1041 omnis
2645 987 2875 1057 pepulus
2922 985 2971 1041 ei
3027 999 3317 1041 occurrere
3359 983 3577 1039 debeat.
3632 981 3728 1049 Qui

2152 1078 2395 1148 sepultus
2443 1085 2528 1132 est
2583 1077 2674 1132 ubi
2730 1093 2915 1147 supra,
2960 1075 3064 1131 sub
3120 1076 3206 1131 die
3252 1058 3314 1130 6.
3366 1074 3489 1130 ldus
3538 1074 3729 1130 Octob.

2158 1170 2223 1224 Et
2269 1184 2332 1224 re
2362 1168 2503 1223 savit
2549 1167 2906 1239 Episcopatus
2968 1182 3110 1223 anno
3159 1167 3210 1221 I.
3270 1181 3443 1222 mens.
3503 1166 3560 1222 7.
3618 1164 3732 1220 dic-

2152 1261 2256 1317 bus
2289 1261 2357 1318 I8
3006 1278 3007 1281 ‘

2833 1372 3061 1430 LXXIII.

2225 1465 2549 1530 Ssvsutxus,
2596 1465 2814 1520 natione
2855 1465 3150 1528 Itonianus,
3193 1478 3261 1518 ex
3305 1472 3460 1533 patre
3505 1461 3738 1526 Abieno,

2153 1557 2296 1613 sedit
2320 1557 2598 1611 mensibus
2621 1555 2677 1610 2.
2715 1556 2904 1610 diebus
2932 1555 2987 1610 4.
3017 1554 3183 1624 Ινιυῇιιε
3213 1556 3572 1624 temporibus,
3613 1534 3757 1611 cum‘

2156 1658 2363 1703 tantum
2398 1657 2541 1704 esset
2569 1650 2795 1711 electus.
2832 1647 3068 1703 nondum
3099 1657 3279 1702 autem
3309 1647 3619 1712 ordinatus,
3651 1647 3737 1702 de-

2155 1750 2425 1797 vastatum
2466 1749 2553 1797 est
2600 1740 2945 1811 Episcopium
2990 1739 3360 1794 Lateraueuse
3402 1755 3435 1793 a
3487 1738 3738 1794 Blauritio

2152 1832 2508 1898 chartulario,
2537 1842 2592 1889 et
2624 1833 2836 1890 llisatio
2876 1833 3100 1904 patritio
3138 1833 3387 1888 Exarcho
3427 1832 3616 1896 Italiae,
3651 1833 3737 1903 qui

2154 1927 2415 1983 adversus
2446 1926 2746 1983 Ecclesiam
2776 1927 2874 1982 Πει
2908 1927 3044 1983 inito
3072 1926 3300 1982 consilio
3325 1926 3740 1981 concitaverunt

2153 2018 2453 2076 exercitum
2487 2018 2809 2083 Romanum,
2833 2018 3118 2075 dicentes:
3152 2017 3292 2086 Quid
3323 2018 3567 2089 prodest,
3599 2018 3743 2088 quod

2156 2117 2317 2163 tautae
2344 2107 2585 2178 pecuniae
2607 2117 2948 2179 congregatae
2977 2108 3086 2164 sint
3113 2108 3166 2163 iu
3197 2107 3488 2178 Episcopio
3514 2105 3739 2163 Latera-

2154 2201 2308 2256 nensi
2356 2200 2424 2255 ab
2465 2199 2702 2255 IIonorio
2746 2199 2912 2271 Papa,
2957 2208 3015 2256 et
3062 2199 3321 2256 militibus
3365 2198 3501 2255 nihil
3548 2200 3741 2255 exinde

2153 2294 2496 2360 subvenitur,
2537 2294 2758 2365 quando
2794 2302 2852 2350 et
2886 2309 3029 2366 rogze
3062 2304 3276 2357 vestras,
3310 2306 3453 2363 quas
3502 2293 3744 2347 Domnus

2157 2387 2454 2456 Imperator
2480 2384 2635 2440 vobis
2662 2399 2760 2455 per
2790 2384 2937 2439 vices
2963 2383 3256 2448 mandavit,
3289 2382 3360 2437 ibi
3392 2390 3523 2437 sunt
3551 2396 3585 2435 a
3609 2395 3739 2435 sau-

2156 2486 2246 2533 eto
2265 2476 2382 2532 viro
2404 2474 2736 2531 reconditae?
2758 2472 2854 2530 His
2874 2473 3076 2529 auditis
3099 2488 3290 2529 omnes
3308 2472 3505 2527 armati
3523 2486 3554 2525 a
3576 2486 3745 2541 puero

2158 2583 2328 2638 usque
2355 2567 2421 2623 ad
2452 2580 2638 2623 senem
2675 2573 2939 2620 venerunt
2970 2564 3038 2619 ad
3069 2562 3382 2634 prmdictam
3411 2562 3744 2621 Ecclesian.

2157 2674 2321 2729 quam
2349 2668 2528 2714 tamen
2560 2656 2862 2727 irrumpere
2886 2671 2991 2711 non
3019 2664 3336 2727 potuerunt.
3362 2654 3745 2711 resistentibus

2159 2748 2263 2813 his,
2308 2747 2400 2818 qui
2443 2761 2566 2800 cum
2608 2745 2956 2801 sanctissimo
2993 2744 3262 2800 Severino
3298 2745 3547 2801 aderant.
3594 2743 3745 2799 Unde

2159 2838 2461 2903 Mauritins,
2492 2837 2637 2909 quod
2668 2838 2720 2892 vi
2762 2832 2870 2893 non
2912 2838 3111 2908 potuit,
3142 2837 3267 2892 dolo
3302 2835 3429 2892 fecit
3470 2837 3746 2907 ingressus

2160 2932 2474 2989 vestiarium
2538 2929 3296 3000 Lateranensilepiseopii.
3357 2939 3415 2984 et
3486 2927 3745 2998 sigillam

2159 3022 2341 3079 omnia
2374 3036 2495 3092 quae
2521 3019 2955 3077 Christianorum
3001 3020 3178 3092 pietas
3232 3034 3334 3090 pro
3371 3018 3746 3087 redemptian

474 3113 750 3184 ingressus
778 3111 1082 3184 Neapolim,
1107 3121 1163 3169 et
1191 3127 1314 3169 eum
1342 3127 1408 3168 eo
1430 3112 1565 3168 alios
1594 3111 1793 3168 multos
1819 3130 1833 3168 :
1867 3114 2057 3184 sicque
2085 3146 2131 3208 ο
2163 3116 2469 3171 animarum
2494 3130 2715 3170 suarum
2744 3130 2935 3171 sancto
2964 3115 3125 3170 Petro
3148 3113 3464 3182 reliquerat.
3495 3111 3747 3179 Misitque

474 3219 730 3263 reversus
776 3213 859 3261 est
919 3204 1270 3270 Ravennam,
1315 3203 1408 3260 ubi
1451 3205 1576 3261 data
1619 3204 1883 3261 militibus
1924 3221 2055 3276 roga

477 3293 622 3349 facta
664 3302 748 3351 est
781 3309 884 3365 pax
915 3309 1108 3365 magna
1153 3295 1208 3350 in
1260 3304 1373 3352 tota
1399 3293 1576 3351 Italia.
1630 3293 1730 3349 llic
1776 3297 2059 3352 constituit

477 3384 770 3440 secundam
809 3383 1028 3439 Missam
1073 3383 1190 3439 fieri
1233 3384 1286 3439 in
1322 3383 1495 3440 clero.
1535 3383 1655 3451 Quo
1705 3393 1945 3455 tempore
1982 3385 2059 3442 fa-

475 3484 598 3530 ctus
626 3486 712 3531 est
736 3482 1075 3531 terraemotus
1104 3490 1335 3545 magnus
1381 3490 1569 3531 mense
1601 3476 1867 3547 Augusto,
1914 3477 2056 3533 indi-

476 3566 658 3629 ctione
700 3565 754 3621 6.
806 3565 935 3621 Post
978 3567 1095 3623 haec
1119 3575 1304 3623 secuta
1340 3577 1426 3625 est
1455 3567 1637 3624 clades
1660 3569 1965 3627 scabierum
1998 3572 2053 3628 in

480 3657 696 3730 populo,
750 3658 826 3715 ita
880 3667 939 3713 ut
982 3658 1162 3714 nullus
1206 3669 1373 3726 esset,
1408 3659 1502 3730 qui
1548 3671 1731 3731 posset
1780 3673 2053 3719 mortuum

475 3766 632 3807 suum
648 3763 1053 3820 recognoscere.
1068 3749 1168 3817 Qui
1192 3738 1478 3806 defunctus
1502 3752 1766 3823 subgdiem
1789 3753 1841 3808 8.
1859 3754 2060 3809 mensis

482 3838 745 3897 Novemb.
775 3838 1018 3908 sepultus
1039 3847 1122 3895 est
1150 3840 1216 3895 ad
1244 3839 1303 3893 Β.
1337 3839 1557 3897 Petrum
1588 3842 1927 3912 Apostolum.
1962 3842 2060 3900 llic

482 3931 687 3988 dimisit
711 3945 809 4003 pro
832 3930 1096 4001 obsequio
1128 3945 1228 3986 suo
1263 3930 1332 3987 ad
1363 3945 1581 3987 omnem
1623 3930 1828 3987 clerum
1872 3948 2058 4005 rogant

482 4039 645 4081 unam
691 4024 976 4093 integram.
1012 4021 1079 4079 Et
1115 4022 1349 4078 cessavit
1394 4021 1748 4095 Episcopatus
1789 4037 1973 4081 mense
2004 4025 2058 4081 1.

476 4112 670 4169 diebus
709 4112 789 4169 I6.
1202 4166 1203 4169 η
1528 4126 1541 4141 ¹

1179 4227 1364 4284 LXXI.

560 4318 901 4386 Bostrtcws,
931 4320 1151 4375 natione
1183 4318 1514 4389 Campanus,
1562 4319 1630 4375 de
1668 4320 1892 4375 civitate
1925 4320 2065 4376 Nea-

484 4412 616 4484 poli,
654 4428 719 4468 ex
743 4422 897 4483 patre
924 4412 1155 4479 Joanne,
1182 4414 1323 4469 sedit
1345 4415 1503 4469 annis
1533 4414 1587 4470 5.
1619 4412 1718 4470 llic
1759 4414 2063 4480 constituit,

2162 3206 2504 3278 posmodum
2522 3205 2856 3260 'Ravennam
2879 3204 3136 3277 epistolas
3163 3205 3230 3259 ad
3258 3203 3546 3259 Ilisatium'
3567 3201 3747 3271 patri-

2164 3297 2321 3360 tium,
2362 3295 2455 3365 qui
2501 3295 2649 3350 illico
2696 3294 2923 3350 Romam
2974 3295 3201 3351 veniens
3247 3308 3440 3348 omnes
3486 3292 3748 3364 primates

2163 3388 2418 3444 Ecclesia:
2453 3387 2507 3441 in
2552 3385 2803 3442 exsilium
2851 3386 3124 3456 deportari
3162 3385 3351 3456 jussit,
3380 3398 3447 3438 ne
3467 3392 3617 3438 esset
3654 3381 3747 3451 qui

2164 3478 2518 3550 impediretur
2539 3478 2653 3533 suis
2682 3477 2933 3549 negotiis.
2965 3476 3170 3532 Deiu.?e
3198 3485 3321 3546 post
3344 3476 3463 3530 dies
3493 3473 3568 3529 ali
3609 3488 3748 3543 napo

2165 3580 2250 3627 tos
2279 3572 2553 3642 ingressus
2593 3567 2965 3625 Lateraneuse
2996 3566 3341 3638 Episcopium
3382 3580 3482 3637 per
3525 3566 3647 3621 dies
3692 3565 3746 3619 8.

2163 3663 2505 3734 depr:edatus
2537 3671 2621 3719 est
2660 3661 2813 3726 illud,
2860 3670 3177 3733 partemque
3215 3661 3511 3715 maximam
3550 3657 3749 3713 direxit

2162 3753 2685 3824 Constantinopolim
2717 3751 2984 3812 Heraclio,
3014 3750 3359 3821 Imperatori,
3398 3758 3455 3804 et
3492 3748 3575 3803 sic
3604 3747 3751 3801 ordio

2165 3856 2326 3902 natus
2345 3854 2429 3901 est
2453 3845 2830 3901 sanctissimus
2854 3843 3169 3899 Severinus.
3197 3840 3298 3911 Qui
3321 3841 3488 3898 etiam
3509 3837 3751 3910 sepultus

2163 3944 2249 3993 est
2298 3936 2367 3991 ad
2436 3936 2655 3990 beatum
2712 3931 2934 3989 Petrum
3000 3931 3319 4003 Apustulum
3386 3931 3492 3986 sub
3552 3928 3643 3983 die
3695 3925 3748 3980 ι.

2171 4025 2309 4081 Non.
2357 4024 2586 4095 August.
2640 4021 2706 4078 Et
2757 4022 2994 4078 cessavit
3022 4020 3381 4092 Episcopatus
3437 4031 3659 4074 menses
3691 4015 3748 4069 ι.

2168 4115 2357 4172 diebus
2379 4113 2473 4171 29.

2842 4224 3076 4283 LXXIV.

2232 4322 2489 4386 Joannes,
2540 4319 2760 4375 natione
2820 4319 3090 4383 Dalmata,
3137 4333 3202 4373 ex
3271 4326 3433 4387 patre
3483 4315 3751 4372 Venantio

2169 4411 2530 4477 Scltolastico,
2577 4410 2718 4466 sedit
2751 4424 2896 4465 anno
2928 4408 2981 4464 l.
3017 4407 3298 4463 mensibus
3338 4406 3394 4463 9.
3430 4406 3628 4462 diebus
3659 4403 3747 4460 19.

485 4512 548 4558 ιιι
585 4512 967 4559 testamentum
994 4503 1174 4559 valeat
1209 4504 1505 4559 secundum
1529 4503 1826 4572 iussionem
1856 4504 2064 4561 l’rinci-
2093 4501 2143 4560 D
2170 4505 2271 4562 llic
2317 4503 2469 4560 misit
2509 4500 2710 4558 multas
2742 4500 3002 4573 pecunias
3032 4514 3132 4571 per
3162 4513 3381 4555 omnem
3427 4497 3751 4553 Dalmatiam

487 4596 592 4665 pis,
624 4604 679 4651 et
724 4605 783 4651 ut
809 4595 991 4651 nullus
1021 4597 1272 4650 trahatur
1315 4595 1382 4650 de
1427 4594 1698 4657 Ecclesia.
1732 4610 1832 4651 nec
1857 4610 2063 4665 praesuo

486 4688 898 4760 matacolytbus
918 4688 1179 4760 reliquias
1192 4686 1516 4744 Sanctorum
1541 4687 1837 4760 Martyrum
1861 4689 2062 4754 levare,

483 4777 590 4836 nisi
641 4781 947 4851 presbyter,
996 4788 1053 4834 et
1088 4788 1146 4833 ut
1194 4779 1247 4833 in
1280 4777 1571 4834 Lateranis
1625 4777 1908 4850 acolythus
1958 4794 2065 4834 non

483 4873 721 4943 baptizet
769 4887 893 4928 cum
947 4872 1198 4934 diacono,
1243 4871 1336 4925 sed
1387 4869 1702 4925 subdiaconi
1754 4879 2065 4939 sequentes.

484 4963 688 5019 Eodem
741 4971 983 5035 tempore
1011 4971 1137 5015 ante
1176 4962 1316 5015 diem
1352 4959 1712 5016 ordinationis
1750 4960 1868 5032 ejus
1906 4959 2066 5015 Eleu-

487 5054 698 5109 tberius
736 5053 992 5125 patritius
1044 5058 1103 5107 et
1158 5052 1442 5106 Exarchus
1496 5059 1711 5105 antarta
1771 5053 2060 5122 assumpsit

488 5159 733 5215 regnum.
784 5144 885 5210 Qui
934 5145 1161 5199 veniens
1217 5143 1285 5197 ad
1338 5142 1615 5198 civitatem
1656 5141 1979 5209 Romanam,
2009 5146 2065 5201 in

490 5244 697 5299 castro,
727 5235 870 5304 quod
895 5234 1116 5299 dicitur,
1151 5233 1432 5299 Luciolus,
1470 5248 1502 5287 a
1539 5234 1805 5290 militibus
1849 5235 2065 5292 Raven-

493 5323 713 5378 natibus
768 5325 1090 5379 interlectus
1150 5333 1273 5388 est,
1323 5333 1379 5378 et
1434 5334 1596 5394 caput
1649 5324 1766 5393 ejus
1828 5326 2065 5382 delatum

2167 4613 2261 4653 seu
2287 4594 2547 4651 Histriam
2580 4608 2680 4665 per
2700 4592 3108 4648 sanctissimum
3138 4599 3195 4647 et
3215 4590 3596 4645 ﬁdelissimum
3618 4586 3753 4643 Iar-

2168 4689 2342 4744 tinum
2376 4685 2642 4743 Abbatem
2680 4694 2903 4755 propter
2932 4682 3360 4753 redemptionem
3383 4682 3747 4752 captivorum.

2167 4779 2261 4849 qui
2321 4791 2352 4830 a
2416 4774 2667 4846 gentibus
2716 4772 3013 4842 ‘deprmdati
3073 4770 3311 4825 fuerant.
3385 4770 3754 4841 Sepultusque

2168 4876 2250 4924 est
2272 4865 2340 4922 ad
2377 4866 2439 4920 Β.
2474 4864 2695 4919 Petrum
2724 4862 3040 4933 Apostolum
3070 4862 3171 4917 sub
3213 4862 3302 4917 die
3339 4860 3419 4917 Id.
3454 4860 3647 4918 Octob.
3688 4858 3755 4913 Et

2168 4957 2404 5015 cessavit
2428 4956 2781 5029 Episcopatus
2810 4968 2997 5009 mense
3024 4953 3079 5008 1.
3122 4953 3269 5009 dieb.
3304 4951 3394 5008 10.

2848 5041 3059 5099 LXXV.

2240 5143 2578 5203 Tueooouus,
2624 5136 2847 5194 natione
2889 5136 3131 5201 Graccus,
3169 5150 3239 5191 ex
3275 5144 3436 5206 patre
3469 5133 3754 5190 Theodoro

2173 5234 2439 5306 Episcopo
2479 5231 2547 5286 de
2592 5227 2817 5284 civitate
2862 5226 3258 5299 Hierosolyma,
3312 5226 3461 5282 sedit
3498 5227 3651 5281 annis
3695 5223 3752 5277 6.

2174 5323 2451 5383 mensibus
2473 5321 2527 5377 5.
2559 5321 2755 5376 diebus
2782 5318 2872 5376 18.
2903 5317 3076 5387 Hujus
3107 5318 3449 5388 temporibus
3473 5316 3759 5374 Hauﬁtius
