3944 5414
226 271 316 320 55⁵1

1225 266 1640 322 EXCERPTUM
1686 265 1772 320 DE
1805 265 1972 320 GES'I
1988 265 2047 318 IS
2087 265 2249 318 R011.
2279 264 2484 319 PDN].

3339 261 3444 317 558

223 377 395 433 volens
424 375 525 432 sibi
562 376 770 449 regium
807 391 1000 433 nomen
1035 377 1331 446 imponere.
1387 376 1513 432 Ilaec
1555 377 1779 430 audiens
1808 383 1852 441 Α
1884 373 2010 427 1111111
2041 371 2336 428 secundum
2377 369 2620 425 instituta
2667 367 3090 424 ortltodoxorum
3134 365 3352 423 Patrum
3391 370 3446 424 in

223 468 448 526 lIisatius
482 469 629 524 misit
665 468 871 522 Donum
909 468 1222 538 magistrum
1255 468 1483 522 militttm
1513 467 1778 540 111500111-

221 561 396 617 laritun
443 577 600 616 suum
630 562 697 614 ad
738 562 1011 616 civitatem
1061 559 1385 622 Romanam,
1427 561 1537 623 cui,
1591 560 1781 614 relicto

223 625 478 715 hlaiiritio,
524 651 766 704 occurrit
797 650 974 704 omnis
1013 650 1284 704 exercitus
1329 649 1623 702 Romanus.
1663 648 1780 717 Ipse

223 757 340 796 vero
360 739 644 793 Mauritius
671 739 809 809 fugit
831 740 894 793 ad
919 739 976 792 S.
1004 739 1221 791 Mariam
1245 739 1308 792 ad
1332 737 1595 808 Praesepe.
1627 737 1780 794 Unde

219 834 512 885 abstractus
542 830 743 883 misere
770 830 918 897 bojas
946 829 998 882 in
1033 827 1168 882 collo
1192 827 1330 896 ejus,
1360 844 1422 882 ac
1449 845 1569 881 cum
1602 828 1779 881 0.11111‹

218 925 308 976 bus
332 920 442 973 suis
463 919 812 982 eousdiariis,
835 917 1085 985 inbojatis
1107 920 1454 972 transmissus
1466 927 1548 972 est
1573 918 1784 971 Raven-

217 1029 328 1068 nam
357 1027 452 1082 per
484 1026 679 1063 manus
707 1009 896 1063 Marini
929 1009 1226 1074 Scribuuis,
1253 1018 1305 1062 et
1330 1007 1576 1061 ’1110011111
1607 1007 1778 1062 Char-

216 1103 403 1160 tularii.
431 1101 602 1168 Quem
641 1101 807 1154 etiam
845 1097 998 1167 juxta
1047 1099 1356 1152 Ravennam
1395 1098 1447 1151 111
1499 1098 1641 1161 loco,
1687 1099 1779 1167 qui

215 1195 414 1255 dicitur,
455 1191 694 1245 Ficudas
735 1191 821 1244 l2.
864 1190 1117 1245 milliario
1149 1206 1177 1242 a
1219 1191 1440 1244 civitate
1477 1189 1779 1243 decollave-

214 1293 345 1345 runt,
375 1283 518 1335 sicut
538 1279 610 1334 ab
639 1281 848 1333 llisatio
871 1281 1181 1333 mandatum
1209 1278 1404 1332 fuerat.
1436 1278 1602 1349 Cujus
1623 1286 1784 1346 eaput

215 1373 515 1444 perductum
545 1382 633 1426 est
661 1363 995 1423 Ravennam.
1028 1369 1180 1436 Quod
1211 1379 1496 1438 postquam
1525 1369 1656 1422 vidit
1687 1368 1783 1422 111-

213 1465 388 1528 satius,
419 1463 582 1518 valde
620 1463 837 1533 gavisus
859 1461 926 1514 ad
960 1459 1264 1529 exemplum
1305 1460 1596 1513 multorum
1618 1458 1782 1527 jussit

212 1570 297 1626 per
335 1554 614 1608 civitatem
654 1551 1012 1614 circumferri,
1047 1563 1101 1605 et
1145 1561 1264 1621 post
1305 1551 1357 1604 itt
1405 1551 1588 1620 stipite
1634 1551 1780 1620 poni.

213 1646 322 1699 Illos
362 1654 572 1709 autem,
617 1645 710 1715 qui
745 1659 863 1698 eum
905 1643 1022 1714 ipso
1060 1644 1247 1698 directi
1291 1642 1505 1698 Inerant
1535 1643 1777 1714 iubojati,

1880 462 2120 518 Ecclesia
2151 461 2452 516 Salvatoris
2479 460 2631 530 juxta
2675 459 3018 530 Episcopium
3049 457 3448 527 Lateranense,

1882 553 2244 608 residentibus
2275 553 2554 622 Episcopis
2585 566 2648 606 ac
2679 553 3032 622 presbyteris,
3063 559 3116 607 et
3145 552 3451 607 astantibus

1882 644 2221 710 diacouibus,
2265 655 2320 698 et
2357 643 2502 698 clero
2531 645 2807 707 universo,
2840 642 2927 698 tibi
2958 644 3455 700 condemnaverunt

1881 739 1982 792 sub
2017 736 2382 790 auathematis
2423 735 2626 790 ultione
2668 736 2946 805 perculsos
2981 736 3180 808 Cyrum
3211 736 3448 792 Alexan-

1883 832 2119 894 drinum,
2154 829 2446 899 Pyrrhum,
2478 828 2724 899 Sergium
2755 840 2805 883 et
2828 828 3050 883 Paulum
3081 830 3446 900 patriarcltam

1882 919 2562 988 Constantinopolitatttttn.
2601 919 2736 987 Ipsis
2769 920 2956 974 diebus
2984 920 3182 974 direxit
3217 919 3453 988 Impera-

1886 1023 1968 1068 tor
1994 1014 2046 1067 111
2077 1012 2281 1066 Italiam
2317 1010 2618 1082 Olympium
2648 1011 2786 1064 rubii
2807 1011 3036 1064 ulariuut
3076 1024 3127 1065 et
3150 1012 3448 1066 exat-chum

1883 1104 1948 1156 ad
1997 1103 2286 1171 regendam
2336 1116 2550 1154 omnem
2597 1100 2827 1164 Italiam,
2865 1102 3178 1170 prmcipiens
3205 1103 3279 1168 ei,
3314 1103 3456 1157 sicut

1884 1191 2082 1247 Paulus
2123 1200 2498 1260 suggesserat,
2547 1199 2605 1244 ut
2649 1191 2700 1243 in
2757 1200 2880 1261 typo
2921 1175 3090 1246 libelli
3136 1196 3204 1246 ab
3260 1193 3452 1247 eodem

1883 1283 2049 1337 Paulo
2078 1282 2205 1335 editi
2237 1297 2425 1337 omnes
2457 1281 2751 1351 Episcopos
2775 1281 2937 1338 Italia:
2985 1284 3325 1340 subscribere
3372 1283 3455 1338 fa-

1883 1383 2047 1428 ceret.
2081 1375 2137 1428 Si
2170 1385 2350 1428 autem
2398 1389 2615 1445 quoquo
2665 1375 2822 1430 modo
2867 1374 2983 1430 ﬁeri
3034 1385 3235 1446 posset,
3279 1378 3453 1450 ipsum

1882 1462 2180 1518 Martinam
2229 1463 2430 1534 Papam
2478 1473 2709 1528 teneret,
2750 1467 2877 1535 quia
2923 1475 3047 1520 ttnte
3079 1465 3292 1522 facilius
3330 1467 3455 1538 Epi-

1883 1555 2031 1623 scopi
2087 1554 2250 1608 Italiae
2305 1555 2731 1610 subscribcrcut.
2777 1556 2927 1623 Quod
2959 1557 3001 1612 si
3035 1557 3329 1621 Romanus,
3361 1558 3448 1612 vel

1883 1645 2213 1701 Ravennatis
2248 1647 2519 1701 exercitus
2568 1649 2984 1714 contradicerct,
3013 1658 3067 1703 et
3095 1649 3461 1718 inpraesentia—

211 1735 396 1804 positos
423 1733 526 1788 sub
555 1743 708 1788 arcta
732 1733 994 1797 eustoilia,
1021 1733 1145 1788 dum
1188 1734 1452 1804 COgitaret
1479 1749 1584 1803 qua
1611 1744 1779 1788 morte
1809 1719 1856 1778 Β
1886 1755 2002 1792 rum
2049 1738 2254 1803 sileret,
2295 1738 2467 1795 donec
2513 1755 2725 1794 omnem
2777 1741 3044 1796 obtineret
3094 1743 3454 1812 provinciam.

211 1842 295 1881 eos
327 1827 566 1896 puniret,
603 1834 737 1880 nutu
779 1825 875 1879 DEI
920 1840 1210 1894 percussus
1254 1827 1482 1891 interiit,
1519 1836 1575 1881 et
1620 1827 1672 1880 hi
1716 1829 1782 1882 de

213 1933 418 1972 carcere
453 1918 525 1972 ad
557 1934 656 1972 sua
689 1928 812 1972 sunt
842 1919 1064 1972 reversi.
1098 1917 1334 1972 Audiens
1366 1933 1577 1988 quoque
1605 1917 1780 1989 Impe-

213 2021 349 2065 rator
389 2021 623 2066 mortem
676 2010 887 2077 Ilisatii,
935 2012 1082 2066 misit
1117 2012 1458 2067 Theodorum
1499 2014 1780 2083 patritium

212 2101 522 2166 exarchum,
576 2101 666 2155 eui
701 2110 1140 2172 cognomentum,
1175 2102 1438 2171 Calliopa,
1473 2103 1539 2156 ad
1589 2119 1780 2172 regen-

212 2194 322 2248 tlant
344 2209 561 2249 omnem
584 2194 820 2249 Italiam.
849 2196 963 2261 Quo
992 2205 1232 2264 tempore
1270 2196 1412 2248 venit
1449 2194 1691 2266 Pyrrhus
1717 2211 1780 2250 cx

213 2285 399 2348 Africa,
422 2287 516 2356 qui
546 2285 730 2341 luerat
753 2287 1048 2357 Episcopus
1092 2295 1147 2340 et
1182 2288 1487 2356 patriarcha
1517 2287 1786 2341 Constan-

215 2376 591 2446 tinopolitanus
640 2378 708 2430 ad
765 2377 951 2432 limina
998 2379 1396 2447 Apostolorum,
1449 2387 1504 2430 et
1546 2377 1782 2430 libellum

213 2482 324 2520 cum
352 2482 446 2520 sua
474 2467 876 2538 subscriptione
897 2468 1091 2522 obtulit
1116 2468 1438 2538 Apostolicze
1470 2467 1618 2531 Sedi,
1655 2485 1785 2523 con—

215 2558 462 2613 demuaus
492 2561 702 2622 omnia,
740 2575 859 2628 quae
888 2575 916 2612 a
953 2575 1033 2624 se,
1064 2560 1147 2613 vel
1186 2576 1213 2612 a
1257 2559 1631 2613 decessoribus
1674 2560 1787 2613 suis

216 2652 400 2720 scripta
428 2651 515 2706 vel
538 2661 658 2706 acta
682 2651 1099 2717 Wil,adVB¢"Slls
1119 2650 1366 2706 impiam]
1383 2661 1515 2706 sxw.
1541 2661 1783 2704 nostram

217 2740 384 2794 Iidem.
413 2741 592 2807 Quem
619 2741 889 2796 honoraus
918 2742 1155 2797 Domuus
1176 2743 1343 2812 Papa,
1369 2743 1784 2796 tttsacercl'ot.xt1'i

217 2833 364 2901 regia:
389 2833 658 2898 civitatis,
687 2832 810 2887 fecit
842 2834 890 2888 ei
919 2834 1230 2888 cathedram
1259 2832 1412 2900 juxta
1444 2833 1612 2888 altare
1636 2833 1784 2902 poni.

217 2918 312 2975 Sed
340 2937 559 2986 rursus,
601 2937 724 2976 cum
752 2939 902 2977 more
928 2925 1081 2978 canis
1104 2923 1167 2976 ad
1194 2925 1466 2994 proprium
1497 2923 1789 2993 impietatis

215 3011 462 3066 vomitum
497 3014 830 3082 repedasset,
858 3015 1231 3069 sanctissimus
1249 3015 1563 3070 Theodorus
1588 3031 1787 3070 convo-

217 3103 344 3156 cavit
373 3104 666 3158 universos
687 3106 1010 3166 sacerdotes.
1037 3118 1092 3159 et
1119 3106 1340 3168 elerum,
1366 3121 1429 3161 ac
1462 3108 1512 3160 in
1547 3107 1785 3162 Ecclesia
1813 3083 1858 3144 ε

215 3192 270 3246 Β.
315 3191 462 3247 Petri
505 3193 887 3262 Apostolorum
931 3194 1200 3264 Principis
1240 3197 1614 3250 condemnavit
1663 3213 1786 3252 eum

216 3282 308 3336 sub
356 3283 582 3340 viueulo
637 3287 1016 3341 anatltetnatis.
1078 3287 1276 3342 Deinde
1335 3287 1561 3341 Paulum
1625 3290 1785 3358 regite

149 3432 168 3452 .
217 3375 438 3428 civitatis
465 3376 838 3444 patriarcham
865 3376 1180 3446 regulariter
1206 3378 1524 3448 increpavit,
1549 3395 1647 3433 nec
1678 3395 1783 3433 non

216 3467 745 3538 per'apocrisiarios
806 3470 1108 3536 admonuit,
1172 3479 1439 3539 quatenus
1507 3472 1785 3542 proprium

217 3559 517 3612 emendaret
548 3571 929 3625 commentum,
958 3569 1119 3632 atque
1137 3560 1204 3615 ad
1227 3561 1580 3616 orthodoxam
1607 3562 1785 3626 (idem,

220 3647 650 3723 catho'lieamque
699 3649 990 3705 Ecclesium
1049 3661 1342 3706 remearet.
1395 3653 1494 3718 Qui
1549 3653 1786 3717 tandem,

219 3751 330 3790 euut
358 3754 482 3792 eum
519 3756 628 3794 non
655 3750 838 3810 posset
865 3757 891 3795 a
925 3758 1022 3796 suo
1058 3743 1346 3797 conamine
1389 3758 1666 3806 revocare,
1697 3759 1787 3798 se-

220 3827 443 3882 cundum
482 3830 850 3899 Apostolicam
890 3833 1267 3887 auctoritatem
1318 3833 1672 3902 depositionis
1709 3832 1790 3885 ul~

222 3922 356 3976 tione
398 3927 694 3992 percussit.
727 3926 980 3995 Sepultus
1015 3937 1095 3984 est
1146 3937 1326 3982 autent
1368 3928 1430 3981 Β.
1470 3929 1788 3984 Theodorus

221 4011 281 4064 ad
302 4013 357 4066 Β.
383 4012 614 4068 Petrum
643 4016 980 4086 Apostolutn,
1009 4018 1182 4086 pridie
1207 4017 1328 4072 ldus
1358 4017 1502 4072 Maii.

889 4105 1120 4160 LXXVI.

285 4193 588 4258 MARTI‘NUS,
615 4197 681 4252 de
706 4196 926 4252 civitate
947 4198 1240 4252 Tudertina
1253 4198 1540 4268 provincia:
1553 4199 1784 4264 Tusciae,

223 4284 352 4338 sedit
379 4285 545 4339 annis
569 4286 620 4339 6.
652 4300 838 4341 mense
863 4286 913 4340 I.
945 4287 1132 4341 diebus
1151 4286 1240 4340 26.
1269 4287 1436 4357 Hujus
1461 4287 1787 4358 temporibus

223 4370 411 4426 Paulus
439 4373 1051 4444 Constantinopolitanre
1099 4376 1250 4432 urbis
1276 4378 1568 4447 Episcopus
1595 4379 1783 4447 spirittt

224 4463 487 4529 superbia
531 4463 920 4530 inﬂammatus;
943 4482 1047 4520 non
1071 4466 1242 4522 solum
1269 4468 1465 4529 verbis,
1499 4468 1592 4522 sed
1620 4468 1782 4521 etiam
1817 4439 1865 4498 θ

224 4547 386 4613 libris,
427 4554 718 4608 sententiis
752 4554 1258 4610 nefandissimorum
1298 4556 1675 4610 haereticorum
1698 4571 1790 4610 ca~

226 4641 478 4698 tltolicum
528 4647 716 4715 dogma
766 4663 1026 4703 enervare
1070 4649 1301 4714 studuit;
1362 4648 1651 4713 definiens,
1688 4664 1788 4704 nec

228 4745 403 4796 unam,
469 4749 572 4787 nec
631 4736 762 4792 duas
815 4737 1146 4802 voluntates,
1200 4747 1294 4793 aut.
1337 4741 1680 4808 operationes
1734 4742 1786 4796 in

227 4817 436 4876 Christo
485 4823 712 4880 Domino
758 4827 1022 4882 confiteri.
1088 4828 1201 4895 Qua
1258 4830 1672 4898 praesumptione
1721 4832 1789 4886 ad

229 4920 426 4965 tantum
455 4913 728 4968 insaniam
760 4917 997 4982 devenit,
1028 4928 1086 4972 ttt
1114 4919 1285 4972 altare
1313 4929 1514 4974 sancta:
1537 4919 1794 4975 Romana:

229 5003 386 5064 sedis,
417 5005 564 5072 quod
593 5006 782 5059 eratin
811 5006 970 5060 domo
994 5007 1245 5062 Placidia:
1260 5017 1552 5070 sacratum,
1571 5006 1791 5060 subver-

230 5100 396 5152 teret.
442 5102 608 5152 alque
637 5095 1018 5152 aDOCt'isiarios
1040 5107 1254 5150 nostros
1279 5097 1673 5150 immaculatum
1703 5097 1797 5149 ho-

1883 1829 2048 1899 Cujus
2070 1829 2240 1900 jussis
2279 1846 2480 1900 parens
2518 1829 2796 1902 Olympius
2823 1834 2968 1887 venit
3002 1833 3249 1896 Romam,
3280 1844 3336 1889 et
3375 1835 3460 1888 iu-

1882 1921 2030 1974 vcttit
2058 1930 2302 1974 sanetam
2329 1921 2625 1975 Ilomauam
2653 1921 2950 1976 Ecclesiatu
2977 1923 3030 1976 in
3060 1923 3162 1976 fide
3183 1923 3458 1978 Catholica

1883 2010 2275 2074 ﬁrmissimam,
2305 2011 2576 2081 voluitque
2606 2021 2847 2066 armatus
2881 2028 3004 2067 cutn
3040 2014 3280 2069 exercitu
3313 2013 3458 2068 schi-

1883 2115 1998 2154 suta
2027 2100 2403 2163 intromittere,
2435 2100 2528 2154 sed
2555 2101 2856 2170 prohibitus
2881 2101 2972 2154 DEI
3006 2101 3205 2156 virtute
3233 2119 3457 2158 necesse

1885 2189 2068 2243 habuit
2099 2189 2275 2258 palam
2307 2190 2579 2246 declinare
2609 2208 2636 2244 a
2668 2206 2761 2246 sua
2793 2191 2930 2244 tuala
2958 2192 3273 2247 intentione.
3303 2193 3459 2248 Unde

1885 2280 1937 2334 iu
1961 2279 2198 2334 Ecclesia
2230 2291 2433 2335 sancta:
2462 2280 2557 2336 υει
2587 2283 2862 2351 genitricis
2892 2285 3073 2340 Mariae
3099 2287 3164 2341 ad
3189 2286 3457 2356 Przesepe,

1883 2371 2010 2425 dutn
2058 2372 2106 2425 ei
2165 2371 2403 2426 Domuus
2463 2372 2605 2442 Papa
2654 2374 2796 2428 inter
2843 2373 3124 2431 Missurum
3195 2378 3458 2432 solemnia

1885 2463 2320 2516 communionem
2363 2463 2681 2533 porrigeret,
2733 2463 2902 2519 voluit
2941 2481 3063 2520 eum
3102 2467 3408 2522 interﬁcere
3441 2483 3454 2521 :

1887 2552 1960 2605 ita
2008 2552 2152 2605 enim
2210 2553 2563 2608 mandaverat
2613 2570 2710 2609 suo
2762 2557 3058 2624 spathario.
3109 2573 3266 2628 quem
3318 2559 3458 2613 Deus

1888 2643 2232 2712 omnipotens
2294 2645 2624 2708 excmcavit,
2685 2659 2752 2699 ne
2813 2647 3140 2702 sanctissimi
3205 2647 3456 2717 Episcopi

1889 2733 2111 2802 sanguis
2156 2730 2543 2795 eli'uuderezur,
2577 2743 2628 2786 et
2663 2733 2902 2789 Ecclesia
2953 2736 3228 2790 Catholica
3263 2738 3459 2794 lueresi

1888 2823 2287 2893 subjugaretur.
2337 2821 2467 2875 Nam
2509 2825 2798 2892 praxlictus
2843 2825 3079 2894 armiger
3105 2825 3460 2896 jurejurando

1890 2916 1964 2970 ita
2017 2917 2279 2971 accidisse
2332 2915 2606 2986 professus
2639 2926 2740 2971 est.
2780 2915 2980 2972 Videtis
3010 2934 3139 2988 ergo
3179 2919 3458 2992 Olympius

1891 3007 2182 3070 exercitus,
2209 3007 2332 3076 quia
2365 3021 2556 3059 manus
2580 3007 2675 3059 DEI
2705 3007 3128 3078 circumtegeltat
3159 3011 3456 3066 Martinam

1891 3099 2294 3154 sanctissimum
2341 3097 2574 3168 Papam,
2630 3114 2817 3168 pacem
2881 3116 3004 3155 cum
3057 3118 3122 3157 eo
3179 3103 3336 3167 iniit,
3394 3118 3460 3159 ac

1890 3189 2085 3243 deinde
2141 3189 2373 3244 collecto
2430 3191 2673 3244 exercitu
2741 3188 2981 3244 Siciliam
3039 3192 3313 3260 profectus
3374 3202 3461 3248 est

1890 3281 2154 3337 adversus
2201 3290 2414 3350 gentem
2465 3281 2910 3345 Sarracenorum,
2971 3283 3060 3339 ubi
3110 3284 3462 3355 major‘pars

1891 3374 2166 3429 exercitus
2189 3373 2419 3428 Romani
2467 3374 2689 3436 interiit,
2731 3384 2788 3429 et
2829 3377 3097 3432 exarebus
3129 3378 3242 3446 ipse
3270 3380 3461 3432 morbo

1889 3465 2140 3520 decessit.
2203 3466 2301 3520 Cui
2367 3466 2630 3520 successit
2704 3466 2944 3520 directus
3002 3466 3070 3520 ab
3131 3467 3460 3536 lmperatore

1890 3553 2204 3610 Theodorus
2253 3556 2548 3618 exarehus,
2605 3556 2694 3624 qui
2743 3556 3222 3626 cog-nominabatur
3267 3556 3462 3612 Callio-

1887 3663 2006 3718 pas,
2043 3664 2166 3702 cum
2206 3647 2494 3703 Theodoro
2549 3647 2815 3717 imperiali
2869 3649 3221 3713 cubiculario,
3269 3650 3361 3718 qui
3407 3661 3463 3706 ct

1887 3737 2156 3791 Pellurius
2180 3737 2478 3792 dicebatur.
2511 3739 2610 3804 Qui
2653 3739 2896 3792 tollentes
2933 3739 3220 3793 Martiuum
3258 3741 3458 3810 Papam
3506 3734 3528 3754 ⁸

1891 3830 1955 3884 tle
1980 3829 2221 3883 Ecclesia
2252 3828 2569 3892 Salvatoris,
2600 3844 2718 3896 quae
2747 3830 3194 3883 Constantiniana
3226 3831 3462 3900 appella~

1893 3928 2002 3982 tur,
2038 3920 2406 3988 perduxerunt
2451 3919 2998 3989 Constantitmpolitn,
3046 3931 3100 3975 et
3142 3936 3239 3976 nec
3268 3921 3348 3975 sic
3379 3923 3462 3976 eis

1889 4009 2183 4078 acquievit.
2239 4009 2576 4079 Quapropter
2617 4011 2855 4063 directus
2897 4017 2980 4063 est
3011 4009 3063 4064 111
3100 4011 3339 4072 erilium,
3375 4011 3459 4066 vel

1891 4099 2066 4154 locutu
2103 4099 2195 4168 qui
2235 4096 2430 4153 dicitur
2459 4099 2720 4166 Cersoua,
2763 4099 2874 4165 ubi,
2909 4100 3050 4154 sicut
3093 4099 3204 4155 Deo
3235 4101 3456 4171 placuit,

1888 4190 2054 4244 vitam
2078 4191 2130 4243 iu
2155 4205 2287 4259 pace
2322 4190 2496 4244 finivit
2523 4190 2621 4245 sub
2645 4191 2728 4245 die
2757 4191 2844 4244 l7.
2879 4192 3080 4246 mensis
3103 4193 3457 4261 Septembris.

1889 4280 1991 4348 Qui
2040 4280 2318 4336 confessor
2364 4280 2532 4338 multa
2569 4282 2834 4338 mirabilia
2878 4293 3136 4354 operatur
3183 4300 3350 4356 usque
3402 4287 3457 4342 iu

1892 4372 2208 4428 hodiernum
2236 4372 2398 4428 diem.

2551 4460 2803 4518 Lxxvu.
2909 4490 2983 4535 ,ς

1967 4551 2256 4616 Euensxcs,
2288 4551 2507 4606 natione
2547 4553 2846 4619 Romanus,
2890 4553 2965 4610 _de
3016 4555 3237 4624 regione
3285 4555 3458 4626 prima

1894 4639 2261 4702 Aventinensi,
2277 4641 2505 4696 clericus
2521 4657 2549 4694 a
2567 4634 2868 4709 cunabulis,
2891 4655 2962 4698 ex‘
2981 4653 3131 4713 patre
3154 4645 3458 4712 Iluliuiauo,

1896 4729 2036 4785 sedit
2062 4733 2218 4786 annis
2243 4732 2297 4785 2.
2337 4734 2614 4789 mensibus
2647 4735 2700 4789 9.
2733 4735 2921 4789 diebus
2953 4736 3043 4791 24.
3085 4736 3178 4790 llis
3208 4742 3463 4808 tempori-

1896 4820 1998 4874 bus
2024 4819 2220 4876 Petrus
2257 4823 2571 4891 patriarcha
2606 4825 3243 4895 Constantinopolitanus
3272 4831 3468 4883 direxit

1897 4908 2222 4980 Syttodicatn
2258 4913 2412 4982 juxta
2437 4914 2982 4975 consuetudinemad
3013 4917 3195 4970 sedem
3235 4920 3470 4989 Aposto-

1897 4997 2053 5052 lieam
2080 5001 2300 5054 omnino
2334 5002 2796 5065 obscurissimam,
2831 5005 2883 5058 in
2910 5021 3013 5073 qua
3041 5021 3143 5058 non
3175 5007 3476 5062 declaravit.

1896 5092 2241 5152 operationes
2279 5099 2372 5144 aut
2414 5091 2723 5146 voluntates
2768 5094 2818 5145 in
2853 5095 3077 5148 Domino
3118 5107 3315 5151 nostro
3349 5097 3474 5151 .It-z.:u
