3944 5414
468 292 572 348 3:59

1455 276 1515 339 S.
1548 275 1836 338 ABBONIS
1862 270 2153 336 ABBATIS
2190 277 2673 337 FLORIACENSlS

3623 270 3727 324 5C0

471 405 579 458 lum
614 402 714 458 sub
735 401 824 457 die
860 400 914 454 4.
946 398 1127 455 Nonas
1155 395 1279 452 Jun.
1311 395 1379 450 Et
1417 395 1654 450 cessavit
1683 393 2039 464 Episc0patus
2071 403 2115 456 Α
2148 392 2399 446 instituit.
2430 389 2594 457 Cujus
2628 385 2958 457 temporibus
3002 385 3241 440 Ecclesia
3275 384 3573 447 Ravennae,
3605 399 3726 453 qua:

471 511 657 553 mense
685 496 736 550 1.
767 491 959 549 diebus
983 490 1076 546 28.

1111 597 1399 654 LXXVIII.

542 704 905 762 Vt't‘ALIANUS,
962 692 1180 748 natione
1237 687 1561 759 Segnensis,
1626 701 1694 742 ex
1752 683 2031 755 provincia

473 792 801 863 (hunpanite,
855 803 922 843 ex
973 793 1129 856 patre
1187 781 1494 843 Anastasio,
1551 777 1692 834 sedit
1742 775 1898 830 annis
1955 773 2043 828 14.

474 884 752 940 mensibus
787 878 839 934 6.
871 877 970 932 Hic
993 875 1193 930 direxit
1239 869 1580 941 responsales
1621 882 1748 923 suos
1785 882 1907 922 cum
1947 865 2047 936 Sy-

474 975 666 1030 nodit-a
714 972 866 1044 juxta
898 964 1344 1022 consuetudinem
1400 961 1454 1014 in
1502 960 1706 1030 regiam
1753 956 1942 1012 urbem
1980 954 2048 1010 ad

474 1065 748 1136 piissimos
785 1058 1082 1128 Principes,
1121 1055 1437 1126 significans
1465 1051 1530 1106 de
1553 1065 1648 1105 sua
1681 1048 2045 1103 ordinatione.

472 1157 642 1227 Cujus
707 1149 1046 1223 temporibus
1103 1148 1253 1201 venit
1307 1143 1700 1199 Constantinus
1773 1140 2049 1210 Augustus

473 1249 723 1308 Romam,
759 1251 1042 1312 susceptus
1075 1238 1142 1292 ab
1176 1237 1364 1292 eodem
1397 1234 1560 1304 Papa,
1590 1233 1676 1287 cui
1706 1241 1760 1286 et
1788 1229 2046 1292 occurrit,

474 1338 769 1396 indictione
799 1342 972 1398 sexta,
1009 1329 1199 1401 quinto
1225 1326 1481 1382 milliario
1508 1325 1576 1379 ab
1608 1326 1765 1378 urbe.
1806 1321 2050 1388 Cumque

473 1448 571 1502 per
597 1425 880 1484 duodecim
921 1423 1036 1477 dies
1084 1420 1139 1475 in
1193 1418 1413 1473 civitate
1458 1415 1699 1470 Romana
1742 1413 2054 1467 demoratus

477 1539 571 1596 per
593 1523 805 1578 diversa
827 1519 944 1573 loca
965 1514 1194 1586 plurima
1223 1513 1363 1567 dona
1384 1508 1692 1572 obtulisset,
1720 1506 1901 1560 omnia
1933 1517 2053 1573 quae

475 1595 633 1670 erant
662 1614 715 1668 iu
758 1627 865 1667 tere
892 1609 960 1663 ad
988 1614 1238 1662 ornatum
1289 1602 1527 1657 civitatis
1556 1599 1827 1670 deposuit.
1864 1595 1968 1650 Sed
1999 1605 2053 1649 et

478 1705 772 1761 Ecclesiam
818 1699 877 1755 S.
921 1697 1111 1752 Manut
1140 1695 1204 1750 ad
1231 1694 1496 1766 Martyres
1532 1691 1725 1761 tegulis
1750 1687 1907 1744 aereis
1938 1686 2051 1741 dis-

2152 496 2212 537 se
2237 482 2305 536 ab
2336 480 2574 534 Ecclesia
2609 478 2854 532 Romana
2895 484 3274 547 segregaverat
3299 488 3463 530 causa
3501 485 3726 528 autoce-

2148 573 2341 646 phaliat
2371 574 2546 628 denuo
2571 587 2628 627 se
2648 571 2890 640 pristinae
2915 572 3028 626 sedi
3052 569 3373 639 Apostoliem
3395 565 3722 636 subiugavit.

2149 663 2313 733 Cujus
2333 663 2586 718 Ecclesite
2603 661 2819 731 prtesul,
2843 663 3062 716 nomine
3083 661 3409 733 Reparatus,
3429 679 3460 714 e
3477 661 3726 730 vestigio,

2148 763 2208 808 ut
2230 753 2342 808 Deo
2369 753 2593 822 placuit,
2628 753 2794 806 vitam
2831 751 3025 806 finivit.
3062 751 3160 805 Hic
3189 752 3314 805 dum
3345 759 3493 806 esset
3522 749 3730 805 electus

2146 846 2386 916 Augusto
2424 860 2630 910 mense,
2659 844 2812 900 stella
2846 860 2875 898 a
2920 852 3072 914 parte
3117 842 3356 898 Orientis
3392 843 3652 912 apparuit
3696 859 3726 896 a

2149 940 2440 1011 gallicantu
2497 953 2668 1008 usque
2723 951 2884 992 mane
2931 952 3028 1006 per
3079 947 3190 992 tres
3235 951 3469 1000 menses,
3515 946 3571 990 et
3615 934 3732 1004 ejus

2149 1030 2284 1085 radii
2318 1029 2486 1086 ccelos
2513 1028 2891 1098 penetrabant.
2925 1026 3056 1092 Qua:
3091 1036 3216 1097 post
3254 1030 3606 1097 semetipsam
3648 1042 3734 1081 re-

2149 1133 2306 1174 versa
2351 1119 2637 1190 disparuit,
2676 1126 2789 1173 eta
2837 1129 2993 1178 parte
3034 1119 3262 1173 orientis
3299 1120 3535 1172 maxima
3587 1134 3736 1172 mors

2153 1211 2430 1265 hominum
2475 1211 2766 1265 subsecuta
2807 1210 2979 1264 afl'uit.
3015 1210 3268 1280 Sepultus
3311 1220 3494 1263 autem
3541 1218 3628 1263 est
3668 1211 3736 1263 ad

2151 1303 2212 1357 B.
2244 1303 2460 1359 Petrum
2491 1302 2806 1373 Apostolum
2836 1304 2936 1358 sub
2965 1303 3052 1357 die
3075 1304 3129 1357 5.
3167 1302 3291 1356 ldus
3319 1300 3485 1370 April.
3524 1301 3592 1355 Et
3619 1315 3740 1355 ceso

2153 1394 2294 1448 savit
2323 1393 2678 1463 Episcopatus
2707 1393 2941 1446 mensib.
2975 1392 3030 1446 2.
3062 1394 3205 1448 dieb.
3235 1379 3323 1446 l5.

2825 1504 3063 1560 LXXXI.

2224 1595 2470 1664 AGA'I'HO,
2497 1596 2718 1650 natione
2742 1595 2979 1660 Siculus,
3013 1597 3153 1651 sedit
3182 1597 3340 1652 annis
3370 1597 3424 1651 2.
3461 1597 3745 1651 mensibus

2158 1686 2210 1742 6.
2235 1687 2425 1761 diebus
2451 1688 2502 1742 5.
2536 1687 2706 1756 Hujus
2741 1691 3077 1758 temporibus
3108 1688 3428 1744 Theodorus
3455 1688 3750 1758 Archiepi-

477 1794 758 1866 cooperuit
787 1833 801 1856 ,
856 1801 912 1845 et
962 1804 1083 1844 cum
1135 1787 1255 1840 aliis
1303 1785 1460 1840 rebus
1508 1784 1560 1838 in
1611 1782 1811 1854 regiam
1863 1780 2051 1834 urbem
2085 1757 2128 1815 Β
2159 1794 2354 1846 seopus
2395 1779 2669 1834 Ravennae
2709 1781 3059 1849 semetipsum
3099 1781 3214 1835 sedi
3258 1779 3590 1851 Apostolicte
3623 1788 3749 1849 post

485 1891 701 1950 direxit.
746 1889 1019 1944 Reversus
1043 1891 1221 1938 autem
1250 1879 1491 1935 Siciliam
1517 1875 1784 1958 habitavit
1821 1872 2058 1944 Syracu-

481 1987 581 2050 sis,
610 1984 698 2039 ubi
729 1982 863 2036 tales
890 1977 1206 2034 afllictiones
1231 1971 1429 2044 populo
1470 1970 1870 2041 provinciarum
1900 1964 2059 2021 Cala-

483 2079 635 2143 briae,
669 2073 892 2136 Sicilia},
935 2068 1150 2132 Africae,
1195 2065 1281 2121 vel
1319 2063 1584 2120 Sardinia:
1611 2055 1708 2133 per
1738 2057 2056 2130 diagrapha,

465 2174 577 2224 ‘seu
624 2166 800 2236 capita
834 2172 997 2232 atque
1044 2159 1443 2215 nautieationes
1491 2153 1765 2226 imposuit,
1814 2150 2002 2221 quales
2029 2164 2059 2202 a

482 2259 680 2317 saeculo
737 2269 1015 2327 nunquam
1069 2252 1286 2306 fuerant
1338 2248 1572 2310 auditae,
1622 2245 1875 2301 auferens
1929 2257 2060 2296 vasa

482 2367 659 2416 sacra,
695 2347 781 2405 vel
817 2346 1018 2403 cimilia
1061 2352 1371 2399 sanctarum
1412 2340 1508 2395 De:
1545 2338 1931 2394 Ecclesiarum.
1960 2332 2062 2399 Qui

484 2441 826 2515 postmodum
855 2439 920 2493 15
957 2437 1042 2492 die
1073 2433 1274 2489 mensis
1298 2431 1448 2498 Julii,
1470 2444 1569 2501 per
1595 2426 1941 2483 indictionem
1976 2421 2062 2476 l2.

485 2531 734 2605 proditus
778 2529 832 2582 in
885 2526 1082 2582 balneo
1135 2523 1348 2578 occisus
1399 2530 1505 2575 est.
1573 2517 1768 2573 Secuta
1817 2522 1900 2569 est
1954 2521 2066 2568 sta-

494 2627 591 2680 tim
648 2638 796 2679 mors
837 2618 1166 2676 sanctissimi
1225 2612 1500 2680 Vitaliaui,
1541 2611 1632 2682 qui
1695 2606 1938 2679 sepultus
1983 2612 2068 2660 cst

487 2717 554 2771 ad
614 2715 674 2770 S.
743 2714 965 2768 Petrum
1037 2707 1352 2779 Apostolum
1413 2705 1514 2760 sub
1577 2703 1666 2758 die
1726 2701 1778 2756 6.
1833 2695 2064 2752 Kalend.

485 2805 746 2860 Februar.
813 2801 881 2857 Et
935 2799 1170 2856 cessavit
1238 2796 1593 2868 Episcopatus
1666 2790 1946 2847 mensibus
2009 2789 2066 2842 2.

487 2896 674 2952 diebus
702 2894 790 2948 15.
1121 2979 1124 2982 4

583 3022 586 3026 '
1160 2999 1394 3058 LXXIX.

559 3123 907 3182 Aosoonus,
947 3116 1168 3171 natione
1206 3115 1507 3178 Romanus,
1550 3126 1619 3166 ex
1661 3106 1964 3172 monachis,
2001 3119 2070 3160 ex
2098 3114 2142 3178 α

490 3223 642 3283 patre
673 3209 923 3271 Joviano,
959 3207 1101 3263 sedit
1139 3207 1298 3261 annis
1327 3203 1380 3258 4.
1422 3202 1652 3258 mensib.
1689 3201 1747 3256 2.
1785 3198 1976 3254 diebus
2009 3195 2064 3250 5.

493 3301 664 3368 llnjtts
689 3299 1025 3369 temporibus
1047 3295 1365 3359 Mezentius,
1396 3293 1487 3365 qui
1510 3300 1630 3348 erat
1653 3291 1707 3346 in
1732 3288 1916 3345 Sicilia
1944 3300 2070 3342 cum

492 3398 736 3454 exercitu
789 3392 1050 3450 Orientali
1106 3401 1325 3463 arrepto
1371 3405 1538 3461 regno
1599 3384 1963 3446 intarzizavit,
2014 3389 2072 3436 et

494 3475 766 3543 exercitus
811 3485 976 3540 Italite
1017 3499 1114 3554 per
1165 3483 1378 3537 diversa
1430 3479 1587 3551 fugit,
1633 3491 1914 3548 quousque
1963 3475 2071 3528 Deo

496 3577 794 3633 auxiliante
855 3575 996 3629 idem
1049 3574 1408 3641 interemptus
1458 3581 1562 3634 est,
1626 3578 1682 3623 et
1738 3573 1902 3636 caput
1954 3565 2072 3634 ejus

497 3670 695 3723 iutarta
753 3664 1278 3735 Constantinopolim
1328 3662 1671 3733 perductum.
1730 3658 1862 3713 Post
1918 3656 2073 3725 cujus

495 3767 724 3813 mortem
761 3754 1050 3812 Sarraceni
1095 3753 1336 3809 Siciliam
1369 3752 1745 3814 obtinuerunt,
1794 3757 1852 3802 et
1890 3747 2076 3802 multis

495 3847 714 3911 occisis,
747 3845 975 3916 populus
1014 3845 1068 3899 in
1109 3843 1404 3908 montanis,
1435 3857 1527 3896 seu
1567 3841 1620 3896 iu
1658 3839 1857 3895 castris
1884 3836 2076 3892 confu-

496 3941 640 4010 gium
690 3938 840 3994 fecit.
893 3937 973 3992 llli
1025 3950 1152 3991 vero
1200 3933 1403 3990 reversi
1453 3932 1841 3989 Alexandriam
1889 3944 2072 3986 secum

497 4039 935 4101 asportaverunt,
971 4045 1092 4100 qua:
1122 4044 1152 4084 a
1179 4028 1403 4083 civitate
1427 4026 1674 4082 Romana
1703 4025 1829 4080 illuc
1858 4023 2076 4092 navigio

497 4121 712 4175 fuerant
749 4119 947 4175 delata.
992 4118 1291 4173 Praedictus
1327 4131 1541 4186 quoque
1571 4113 1952 4170 sanctissimus
1994 4113 2080 4165 vir

497 4211 696 4267 casalia
729 4211 1083 4281 conquisivit,
1118 4219 1172 4264 et
1205 4211 1260 4265 in
1290 4209 1398 4264 vita
1441 4223 1538 4263 sua
1567 4206 1832 4261 Abbatem
1863 4215 1917 4260 et
1942 4220 2078 4260 cono-

500 4305 869 4373 gregationem
895 4303 1093 4357 ibidem
1115 4303 1414 4357 constituit.
1446 4301 1576 4355 Post
1601 4299 1757 4369 cujus
1782 4298 2076 4352 transitum

503 4402 665 4446 tantae
693 4394 882 4462 pluviae
904 4401 960 4447 et
990 4393 1227 4449 tonitrua
1261 4391 1504 4456 fuerunt,
1537 4389 1719 4458 qualia
1756 4388 1900 4442 nulla
1941 4397 2075 4442 tetas

502 4483 766 4536 meminit.
795 4483 862 4538 Et
883 4483 988 4538 nisi
1011 4498 1105 4552 per
1130 4481 1408 4545 Letanias,
1438 4496 1558 4551 qua:
1584 4481 1828 4551 quotidie
1853 4479 2072 4538 fiebant.

502 4573 766 4627 Dominus
791 4573 1114 4643 propitiatus
1137 4581 1303 4637 esset,
1323 4571 1572 4626 homines
1599 4580 1655 4624 et
1685 4583 1881 4639 pecora
1912 4569 2081 4622 inter-

510 4665 671 4718 irent.
704 4664 1133 4721 Renascentibus
1169 4678 1387 4734 quoque
1435 4662 1796 4732 leguminibus
1823 4660 1999 4714 denuo
2025 4659 2078 4713 in

503 4757 708 4827 campis
736 4763 956 4827 propter
981 4756 1178 4812 nimias
1203 4755 1414 4826 pluvias
1439 4755 1513 4808 uil
1546 4754 1752 4808 triturae
1789 4753 1840 4806 iu
1885 4753 2080 4806 horrea

503 4846 801 4902 recondere
822 4846 1093 4902 valebant.
1119 4846 1376 4915 Sepultus
1399 4853 1578 4900 autem
1613 4853 1697 4901 est
1730 4843 2080 4900 beatissimus

502 4940 813 4995 Adeodatus
865 4941 934 4995 ad
987 4939 1046 4994 S.
1096 4937 1317 4992 Petrum
1373 4937 1686 5009 Apostolum
1736 4938 1838 4992 sub
1883 4937 1972 4990 die
2023 4935 2076 4989 6.

503 5028 626 5083 ldus
674 5027 778 5082 Jul.
840 5029 908 5084 Et
966 5028 1200 5084 cessavit
1265 5027 1622 5098 Episcopatus
1678 5027 1957 5082 mensibus
2020 5026 2075 5079 4.

504 5119 694 5175 diebus
737 5119 821 5174 l5.

1186 5231 1397 5286 LXXX.

578 5342 774 5405 Domus,
803 5346 1019 5401 natione
1055 5343 1350 5404 Romanus,
1384 5359 1451 5396 ex
1486 5350 1642 5409 patre
1685 5339 2079 5414 Mauritio,_se-
2111 5331 2114 5336 ’

2164 1871 2457 1926 multorum
2501 1887 2769 1943 annorum
2802 1873 3068 1929 curricula
3098 1875 3460 1944 prtesentavit.
3494 1873 3749 1943 Suscepit

2161 1971 2342 2017 autem
2383 1961 2615 2033 divalem
2662 1960 2960 2030 iussionem
3011 1965 3377 2035 piissimorum
3427 1963 3746 2034 Principum

2160 2052 2538 2119 Constantini,
2584 2052 2820 2109 Heraclii
2863 2065 2918 2110 et
2959 2055 3178 2125 Tyberii
3227 2056 3599 2128 Augustorum
3650 2070 3748 2123 per

2163 2144 2524 2216 Epiphanium
2550 2145 2845 2216 gloriosum
2887 2163 2917 2201 a
2948 2149 3197 2212 secretis,
3229 2165 3349 2217 qua:
3374 2150 3540 2204 missa
3567 2148 3749 2203 fuerat

2163 2237 2549 2306 praedecessori
2588 2252 2685 2291 suo
2716 2237 2866 2293 Dono
2891 2239 3070 2308 Papae,
3095 2241 3423 2306 exhortans,
3466 2251 3529 2296 ut
3551 2240 3753 2295 debeat

2165 2331 2476 2386 sacerdotes
2500 2329 2586 2384 vel
2617 2330 2784 2384 misso
2817 2346 2944 2387 suos
2966 2333 3202 2401 dirigere
3235 2334 3287 2387 in
3319 2335 3524 2404 regiam
3551 2333 3746 2385 urbem

2165 2436 2262 2490 pro
2309 2421 2638 2476 adunatione
2681 2431 2993 2476 sanctarum
3026 2409 3542 2478 Dst'Ecclesiarum.
3595 2422 3750 2490 Quod

2173 2509 2354 2566 facere
2376 2527 2482 2565 non
2514 2511 2742 2577 distulit,
2776 2521 2832 2566 et
2858 2513 3152 2584 Episcopos
3173 2529 3237 2569 ac
3263 2515 3634 2586 presbyteros,
3664 2512 3750 2567 vel

2171 2602 2449 2674 religiosos
2486 2606 2782 2659 monachos
2831 2605 2956 2660 illuc
3005 2616 3347 2684 quantocyus
3375 2606 3600 2661 direxit.
3631 2605 3750 2673 Quo

2174 2702 2418 2764 tempore
2467 2693 2617 2748 Luna
2689 2691 2927 2767 ecly'psin
2988 2697 3227 2767 pertulit.
3288 2698 3354 2752 18
3400 2699 3488 2752 die
3549 2698 3752 2752 mensis

2169 2784 2336 2848 Junii,
2384 2784 2680 2840 indictione
2724 2788 2778 2841 8.
2830 2787 3002 2854 Quam
3068 2788 3371 2843 mortalitas
3424 2788 3750 2858 gravissima

2168 2888 2266 2944 per
2297 2883 2408 2930 tres
2431 2885 2720 2945 sequentes
2749 2890 2963 2930 menses
3003 2877 3314 2942 subsecuta,
3350 2879 3498 2932 intus
3523 2889 3580 2932 et
3621 2878 3752 2931 foris

2172 2967 2372 3024 Urbem
2437 2968 2559 3023 talis
2616 2968 2934 3038 depopulata
2989 2980 3090 3035 est,
3138 2971 3316 3040 qualis
3373 2987 3474 3027 nec
3520 2971 3754 3025 aliorum

2175 3057 2496 3114 Pontificum
2528 3059 2860 3131 temporibus
2911 3060 3075 3116 fuisse
3122 3074 3474 3119 memoratur.
3517 3063 3754 3134 Ingressi

2173 3150 2406 3220 denique
2441 3150 2603 3221 legati
2642 3151 2965 3221 Apostolica:
2997 3151 3154 3208 Sedis
3197 3155 3400 3225 regiam
3441 3154 3636 3209 urbem
3669 3153 3756 3208 die

2174 3243 2240 3296 10
2279 3243 2479 3297 mensis
2525 3242 2786 3298 Novemb.
2828 3243 3124 3300 indictione
3172 3247 3226 3302 9.
3281 3247 3508 3301 Domino
3582 3248 3755 3302 comi-

2175 3344 2326 3390 tante
2356 3345 2482 3390 sunt
2513 3336 2746 3404 suscepti
2780 3336 2833 3390 in
2860 3336 3081 3391 oraculo
3113 3337 3172 3391 Β.
3200 3338 3340 3392 Petri
3370 3338 3756 3409 Apostolorum

2174 3427 2441 3496 Principis
2484 3427 2622 3482 intra
2669 3426 2951 3497 palatium,
2997 3430 3335 3498 porrigentes
3376 3429 3424 3482 ei
3463 3438 3519 3483 et
3551 3429 3753 3497 scripta

2173 3519 2475 3575 Pontificis.
2532 3520 2678 3586 Quos
2721 3520 2845 3574 dum
2903 3522 3250 3591 suscepisset,
3296 3523 3660 3586 commonuit,
3701 3529 3759 3574 ut

2176 3611 2518 3666 remittentes
2547 3610 2878 3665 assertioues
2926 3611 3346 3680 philosophicas,
3393 3627 3498 3665 non
3549 3611 3755 3676 furore,

2175 3701 2266 3756 setl
2294 3700 2515 3771 pacifica
2543 3701 2896 3771 dispositione
2927 3718 3114 3771 puram
3149 3713 3465 3758 sanctorum
3500 3701 3753 3764 Patrum,

2177 3793 2682 3861 scripturarumque
2707 3794 3115 3860 comprobatam
3148 3794 3306 3849 fidem
3335 3809 3430 3864 per
3459 3793 3754 3865 Synodalia

2177 3881 2394 3936 decreta
2436 3881 2837 3946 satisfacerent,
2883 3891 2937 3936 et
2974 3883 3220 3936 inducias
3250 3885 3316 3936 ad
3350 3887 3756 3939 retractandum

2177 3971 2343 4035 dedit,
2376 3971 2620 4026 tribuens
2656 3973 2736 4027 eis
2786 3973 2988 4037 omnia,
3035 3989 3154 4044 qum
3198 3975 3264 4027 ad
3306 3978 3754 4029 sustentationem

2177 4061 2516 4118 sufficiebant
2560 4063 2611 4117 in
2649 4063 2832 4128 domo,
2878 4080 2996 4133 quae
3027 4065 3330 4136 appellatur
3358 4067 3622 4122 Placidia.
3656 4069 3757 4122 Do-

2180 4155 2374 4209 minica
2406 4155 2589 4224 itaque
2621 4154 2706 4209 die
2734 4157 2974 4212 evocatis
3003 4157 3068 4210 ad
3097 4157 3350 4212 Sanctam
3383 4159 3477 4213 Dei
3520 4158 3756 4214 Geuitri-

2178 4261 2296 4302 cem
2325 4246 2392 4299 ad
2423 4245 2756 4301 Blachernas
2783 4246 2835 4300 in
2863 4257 3007 4302 tanta
3036 4249 3472 4309 hooorificentia.
3503 4262 3565 4306 ut
3592 4251 3754 4306 etiam

2178 4338 2259 4392 eis
2290 4338 2341 4392 in
2380 4336 2582 4407 palatio
2617 4338 2855 4392 caballos
2884 4355 3005 4393 cum
3047 4341 3307 4410 obsequio
3350 4343 3633 4410 dirigeret.
3669 4347 3758 4400 Die

2107 4461 2156 4519 Ι)
2183 4443 2393 4498 quoque
2414 4427 2505 4482 22.
2536 4429 2738 4483 mensis
2765 4427 3024 4484 Novemb.
3067 4415 3402 4497 in'basilica,
3433 4425 3567 4502 qua:
3603 4435 3757 4489 Trul-

2186 4521 2266 4574 lus
2286 4519 2612 4588 appellatur,
2637 4519 2737 4574 sub
2757 4519 2921 4588 regali
2951 4519 3098 4575 culttt
3126 4525 3325 4578 resedit
3350 4523 3676 4594 Imperator,
3706 4535 3759 4579 et

2184 4627 2304 4664 cum
2356 4623 2421 4664 eo
2464 4607 2729 4680 Georgius
2756 4611 3067 4680 patriarcha
3099 4613 3757 4684 Constantinopolitanus,

2186 4713 2240 4759 et
2267 4703 2536 4757 Macarius
2560 4703 2953 4768 Antiochenus,
2985 4705 3244 4775 missique
3265 4707 3412 4761 sedis
3438 4708 3760 4778 Apostolieat

2184 4811 2304 4850 cum
2336 4793 2615 4863 Episcopis
2660 4791 3017 4848 Orientalium
3060 4797 3317 4866 partium,
3362 4814 3594 4854 numero
3640 4799 3758 4856 150.

2187 4886 2314 4939 Post
2350 4885 2466 4938 haec
2514 4883 2926 4941 intromiserunt
2965 4884 3151 4950 libros,
3185 4896 3240 4941 et
3275 4895 3451 4942 tomos
3497 4888 3756 4950 diversos,

2189 4986 2244 5031 et
2269 4975 2535 5053 Syuo‘dos,
2578 4991 2713 5045 quas
2755 4973 3090 5031 falsaveruut
3134 4977 3373 5033 haeretici
3405 4981 3756 5040 :estimantes.

2191 5083 2296 5121 non
2338 5078 2562 5136 propter
2593 5066 2900 5130 veritatem,
2941 5068 3034 5122 sed
3075 5083 3172 5137 per
3221 5069 3569 5125 mendacium
3609 5087 3759 5142 supe-

2194 5174 2331 5222 rare,
2363 5161 2452 5229 qui
2480 5173 2585 5213 non
2613 5158 2769 5223 duas,
2799 5159 2893 5214 sed
2921 5175 3082 5214 unam
3119 5160 3454 5216 voluntatem
3492 5173 3548 5217 et
3573 5179 3758 5232 opera-

2195 5250 2393 5302 tionem
2430 5248 2682 5303 dicebant
2719 5249 2772 5303 in
2815 5249 3070 5316 Christo;
3118 5253 3259 5320 quod
3297 5269 3483 5307 coram
3515 5254 3761 5323 Principe

2189 5351 2244 5394 et
2287 5339 2504 5409 Synodo
2541 5338 2757 5393 claruit.
2804 5340 3018 5414 Deinde
3050 5343 3306 5411 prteecpit
3349 5344 3472 5412 pius
3509 5343 3762 5411 Princeps
