3944 5414
198 382 284 437 561
1192 374 1611 430 EXCERPTUM
1648 374 1736 429 DE

1850 374 2012 429 LSTIS
2035 374 2197 430 ROM.
2242 376 2438 431 ΡΟᾸΤ.

3313 377 3405 431 569

197 496 254 548 Et
278 503 453 547 vocate
477 491 709 561 Georgio
739 491 987 555 diacono,
1027 498 1083 543 et
1126 489 1508 559 Clll‘l‘lpllylace
1539 487 1723 542 Eccle-

1850 488 1987 555 prius
2016 488 2292 543 decretum
2334 490 2586 558 generale
2616 490 2993 544 introducatur
3024 506 3053 543 a
3088 491 3228 559 regia
3280 490 3406 544 urbe

195 584 277 637 sia:
334 580 927 649 Constantinopolitana:
992 590 1316 649 pr.ecep!u;n
1380 587 1463 632 est
1514 579 1612 641 ei,
1678 584 1737 630 ut

190 671 326 737 juxta
376 684 565 723 eorum
620 669 867 722 notitiam
915 668 1128 721 codices
1184 683 1249 721 ex
1289 667 1609 721 bibliotheca
1639 666 1741 721 Ec-

195 762 353 816 clesia:
403 760 469 814 ad
520 761 754 814 medium
808 760 1224 813 deducerentur.
1299 760 1354 813 lu
1406 760 1601 828 quibus
1656 775 1739 813 re-

195 864 382 923 pertum
457 864 539 907 est
601 854 734 907 duas
805 864 1064 918 naturas,
1130 854 1370 921 duasque
1430 853 1737 908 voluntates

194 942 264 995 vel
307 942 642 1011 Operationes
693 956 812 995 esse
865 942 921 994 in
974 941 1208 995 Christo.
1256 941 1560 1010 Contraque
1612 958 1741 996 con-

193 1032 344 1085 fessus
411 1030 721 1086 Macharius
794 1031 1045 1086 inventus
1110 1042 1194 1087 est
1258 1034 1513 1087 mendax.
1590 1033 1740 1089 Tunc

194 1123 445 1176 interdixit
499 1124 674 1192 pictas
721 1124 1031 1191 Augustalis
1096 1124 1329 1193 Georgio
1380 1124 1733 1189 Patriarchze,

192 1223 241 1263 ut
300 1211 510 1264 minime
553 1212 606 1264 in
672 1209 913 1265 Ecclesia
965 1228 1060 1266 sua
1119 1215 1418 1282 susciperet
1480 1214 1731 1269 eumdem

192 1300 457 1355 Macarium
508 1302 735 1371 ejusque
779 1317 1067 1371 sequaces.
1128 1304 1346 1367 Deinde,
1394 1313 1453 1358 ut
1496 1305 1741 1360 veritatis

190 1390 350 1444 lumen
392 1400 700 1460 appareret,
751 1392 1064 1447 intromissa
1117 1403 1244 1449 sunt
1292 1409 1473 1449 coram
1523 1395 1741 1466 Synodo

193 1483 552 1535 venerabilium
586 1482 806 1536 Patrum
847 1484 989 1537 dicta
1021 1482 1244 1538 Joannis
1289 1485 1741 1555 Constantinopo-

191 1572 341 1635 Iitaui,
378 1573 588 1642 Cyrilli,
626 1574 932 1638 Athanasii,
978 1574 1187 1639 Basilii,
1223 1574 1466 1647 Gregorii
1512 1575 1742 1631 Nazian-

191 1667 314 1730 zeni,
340 1665 596 1736 Dionysii,
624 1665 835 1731 llilarii,
870 1666 1166 1733 Ambrosii,
1192 1668 1501 1737 Augustini,
1529 1676 1582 1722 et
1609 1667 1743 1722 Leo-

192 1760 262 1813 nis
288 1759 412 1813 duas
446 1767 694 1823 naturas,
723 1758 856 1814 duas
881 1759 1183 1814 voluntates
1212 1758 1294 1814 vel
1322 1760 1663 1829 operationcs
1690 1762 1739 1815 in
1790 1798 1799 1811 ,

1841 580 2136 633 secundum
2193 581 2466 650 antiquam
2513 580 2978 635 consuetudinem.
3026 578 3278 647 Sepultus
3328 588 3405 634 est

1845 679 2021 721 autem
2058 680 2279 724 sanctus
2316 670 2525 739 Agatho
2555 670 2619 724 ad
2652 668 2711 724 Β.
2749 669 2967 724 Petrum
2999 669 3311 739 Apostolum
3355 670 3388 722 4

1842 760 1966 814 Idus
1990 758 2213 813 Januar.
2245 760 2311 814 Et
2339 760 2570 815 cessavit
2606 761 2953 832 Episcopatus
2995 774 3137 813 anno
3182 759 3231 813 1.
3265 772 3404 813 llll‘ll-

1842 853 1991 907 sibus
2016 853 2069 905 Ἰ.
2099 851 2287 907 diebus
2315 853 2367 906 5.

2490 1004 2745 1060 LXXXII.

1914 1116 2242 1187 L£ojuui0r,
2280 1116 2498 1171 natione
2526 1116 2761 1179 Siculus,
2806 1116 2869 1168 de
2906 1124 3059 1186 patre
3100 1113 3290 1177 Paulo,
3329 1129 3398 1167 se-

1844 1208 1922 1262 dit
1953 1208 2227 1262 mensibus
2249 1207 2332 1261 I0.
2359 1207 2647 1275 diebusl7.
2673 1205 2770 1260 Hic
2800 1205 2898 1260 fuit
2922 1205 3407 1275 eloquentissimus.

1844 1298 1896 1352 in
1942 1298 2136 1353 divinis
2187 1297 2483 1368 Scripturis
2520 1296 2848 1352 sufficienter
2882 1295 3178 1359 institutus,
3233 1310 3405 1365 grzeca

1843 1386 2118 1458 latinaque
2160 1388 2343 1457 lingua
2389 1386 2664 1451 eruditus,
2704 1384 2975 1442 cantilena
3016 1399 3079 1439 ac
3118 1383 3407 1453 psalmodia

1842 1480 2165 1549 pnecipuus,
2196 1487 2249 1531 et
2286 1480 2336 1532 in
2369 1494 2555 1532 earum
2595 1476 2843 1533 sensibus
2874 1474 3220 1531 subtilissima
3255 1488 3405 1529 exer-

1844 1572 2100 1628 citatione
2136 1570 2372 1624 limatus.
2398 1569 2496 1625 llic
2538 1570 2838 1640 suscipiens
2873 1576 3114 1625 sanctam
3148 1566 3197 1621 6.
3240 1567 3405 1638 Syno-

1845 1664 1992 1727 dum,
2039 1677 2160 1731 quae
2203 1661 2255 1714 in
2285 1660 2428 1732 regia
2476 1662 2607 1715 urbe
2650 1671 2769 1715 acta
2807 1660 2979 1714 fuerat
3019 1658 3119 1714 sub
3150 1658 3405 1713 Constan-

1848 1752 1959 1805 tino
1988 1750 2239 1820 Principe
2266 1765 2290 1802 a
2320 1750 2532 1804 duobus
2572 1749 2930 1813 Patriarchis,
2964 1748 3405 1817 Constantinopo

191 1852 381 1905 Christo
423 1853 668 1905 dicentes
721 1852 785 1905 ad
844 1850 1269 1905 satisfactionem
1315 1850 1603 1920 Principis,
1652 1852 1735 1905 vel
1771 1845 1810 1901 ll
1839 1840 2007 1895 lilano
2056 1849 2109 1895 et
2156 1839 2495 1895 Antiocheno
2551 1849 2712 1909 atque
2759 1840 2861 1894 150
2926 1838 3237 1909 Episcopis,
3294 1853 3410 1891 eam

193 1941 387 2012 Synodi.
418 1942 677 2010 Sequenti
720 1943 803 1997 die
842 1942 1039 1998 relecta
1078 1952 1163 1997 est
1202 1942 1470 2013 Synodica
1511 1943 1739 1999 sanctis-

192 2036 293 2088 sluii
338 2032 637 2103 Agathonis
693 2033 869 2104 νίψω,
922 2050 1085 2105 quam
1147 2033 1443 2093 Catholicis
1490 2033 1742 2088 Patribus

193 2125 570 2192 comprobatam
608 2125 1039 2194 subscripserant
1077 2123 1454 2179 Occidentales
1495 2124 1740 2193 Episcopi

194 2213 294 2267 420.
328 2214 447 2270 Post
478 2215 595 2271 h:ec
632 2215 831 2270 hortati
864 2223 989 2270 srurt
1020 2214 1315 2269 Macarium
1343 2230 1556 2278 omnes,
1590 2224 1648 2268 ut
1678 2216 1742 2270 de

192 2307 439 2363 voluntate
463 2309 546 2363 vel
572 2310 884 2379 Operatione
914 2308 1111 2363 Christi
1138 2322 1288 2363 suam
1321 2306 1589 2377 proferret
1619 2323 1743 2361 sen-

194 2400 407 2453 tentiam.
442 2400 543 2467 Qui
577 2417 695 2455 cum
722 2415 895 2471 neque
920 2416 1105 2463 uuam,
1138 2414 1311 2468 neque
1342 2399 1475 2453 duas
1496 2398 1744 2453 volunta-

194 2502 279 2554 tes,
333 2491 411 2545 vcl
470 2493 817 2560 operationes
877 2492 1061 2547 dicere
1113 2492 1296 2557 vellet,
1353 2490 1743 2545 Sereuissimus

192 2581 419 2652 Princeps
470 2594 679 2637 tomum
730 2582 897 2651 ipsius
946 2582 1164 2637 Macarii
1217 2583 1457 2653 protulit,
1521 2583 1571 2635 in
1635 2596 1743 2649 quo

194 2674 504 2741 apertissime
530 2690 693 2727 unam
725 2674 1049 2729 voluntatem
1080 2674 1131 2728 in
1175 2674 1402 2727 Domino
1436 2672 1741 2727 afﬁrmave-

195 2778 279 2828 rat,
323 2776 371 2819 et
408 2782 571 2820 manu
616 2782 711 2821 sua
758 2767 1157 2835 subscripserat
1206 2782 1327 2821 cum
1365 2766 1647 2821 Theodoro
1687 2776 1742 2822 et

193 2856 394 2927 Georgio
420 2858 775 2913 Patriarchis.
808 2858 911 2913 Sed
948 2859 1211 2929 Georgius
1243 2860 1617 2913 sanctissimus
1645 2860 1743 2912 Pa-

196 2946 396 3001 triarcha
428 2950 509 3004 sui
542 2950 751 3005 erroris
792 2950 1063 3020 paenituit,
1094 2960 1147 3005 et
1191 2951 1265 3004 ita
1310 2950 1531 3004 credere
1568 2965 1646 3013 se,
1690 2959 1745 3004 et

194 3039 455 3103 pnedicare
486 3039 771 3109 professus
798 3049 895 3103 est,
934 3041 1075 3095 sicut
1101 3042 1256 3095 sedes
1284 3039 1589 3109 Apostoliea
1635 3050 1741 3094 tra-

193 3128 276 3182 dit.
328 3130 472 3185 Unde
527 3148 659 3185 cum
724 3131 842 3185 aliis
907 3132 1201 3187 Catholicis
1264 3130 1740 3185 anathematizavit

1847 1928 2244 1983 studiosissime
2322 1929 2390 1983 de
2458 1944 2633 1999 graeco
2704 1928 2755 1981 in
2823 1927 3046 1981 latinum
3119 1926 3411 1981 transtulit.

1846 2020 1947 2087 Qui
2008 2020 2168 2074 etiam
2221 2018 2491 2074 damnatis
2538 2018 2656 2073 aliis
2714 2018 2981 2073 hmreticis
3026 2019 3160 2073 duos
3209 2028 3410 2072 tantum

1847 2112 2113 2177 absolvit,
2176 2112 2227 2165 id
2284 2120 2406 2177 est,
2471 2111 2815 2165 Anastasium
2891 2112 3304 2181 presbyterum,
3364 2121 3411 2164 et

1846 2200 2169 2257 Leontinum
2217 2202 2505 2256 diaconum
2551 2201 2603 2255 in
2663 2202 2750 2257 die
2808 2210 2995 2257 sancto
3048 2201 3411 2271 Theophani-.r

1846 2302 2179 2362 exponentes
2260 2307 2357 2361 per
2419 2293 2638 2362 propria
2704 2292 2905 2362 scripta
2985 2291 3142 2346 ﬁdem
3219 2305 3411 2357 suam,

1839 2383 1993 2452 juxta
2044 2384 2187 2453 quod
2240 2391 2426 2437 sancta
2486 2383 2734 2453 Synodus
2799 2382 3201 2437 determinavit.
3252 2379 3412 2451 Hujus

1847 2478 2178 2549 temporihus
2228 2488 2579 2547 percurrente
2654 2476 2813 2531 divali
2879 2475 3121 2545 jussione
3190 2475 3413 2544 piissimi

1846 2572 2112 2642 Principis
2147 2573 2392 2627 rcsﬁtuta
2434 2579 2516 2625 est
2559 2569 2797 2625 Ecclesia
2835 2569 3163 2624 Ravennatis
3203 2568 3304 2624 sub
3331 2583 3409 2623 or—

1846 2662 2120 2717 dinatione
2170 2661 2493 2732 Apostolicre
2536 2661 2701 2725 sedis,
2745 2669 2801 2713 ut
2841 2660 3095 2715 defuncto
3132 2660 3409 2729 Archiepi-

1846 2767 2008 2821 scopo
2041 2752 2245 2806 electus
2279 2751 2345 2803 ad
2378 2751 2649 2804 civitatem
2702 2749 2998 2803 Romanam
3048 2749 3226 2804 veniat
3272 2749 3410 2802 ordi-

1850 2844 2079 2909 nandus,
2133 2852 2187 2896 ct
2226 2842 2528 2903 constituit,
2557 2842 2682 2910 quid
2715 2842 2924 2896 solvere
2957 2842 3148 2896 debeat
3182 2858 3280 2911 pro
3318 2856 3413 2894 usu

1844 2931 2014 3002 pallii,
2044 2940 2136 2985 aut
2175 2932 2401 2985 diversis
2430 2930 2682 2984 Ecclesia:
2705 2930 2911 2986 oﬂiciis.
2941 2930 3045 2985 Sed
3068 2940 3121 2985 et
3148 2946 3215 2985 ne
3247 2929 3413 2984 Mauri

1843 3022 2114 3093 quondam
2151 3021 2401 3093 Episcopi
2453 3021 2817 3075 anniversitas
2869 3029 2963 3075 aut
3008 3020 3223 3091 Agenda
3273 3020 3409 3075 cele-

1844 3115 2051 3177 bretur,
2097 3128 2196 3167 nec
2253 3128 2360 3166 non
2408 3124 2588 3183 typum
2642 3109 3058 3180 antecephalim,
3108 3125 3267 3180 quem
3315 3109 3413 3165 sili

194 3236 358 3276 omnes
399 3222 711 3287 ιιεενριῑίξος,
762 3232 815 3277 et
864 3223 1034 3291 ipsum
1088 3222 1402 3286 Macarium,
1454 3230 1739 3290 postquam

1850 3205 2139 3259 elicuerant
2169 3204 2235 3259 ad
2266 3204 2592 3274 amputanda
2627 3202 2879 3258 scandala
2922 3202 3065 3257 sedis
3094 3200 3414 3271 Apostolica:

191 3313 322 3380 jussu
348 3314 543 3384 Synodi
584 3325 636 3369 et
668 3315 934 3383 Principis
960 3316 1009 3369 ei
1042 3314 1282 3370 ablatum
1325 3323 1408 3368 est
1436 3313 1675 3367 orarium
1713 3329 1741 3365 a

196 3402 365 3457 Basilio
392 3406 643 3460 Cretensi
670 3405 952 3475 Episcopo,
982 3414 1034 3459 et
1062 3405 1579 3459 anathematizatum
1617 3403 1746 3458 foris

196 3492 441 3564 Synodum
484 3495 655 3551 simul
685 3511 805 3549 cum
848 3512 944 3549 suo
973 3497 1168 3550 throno
1192 3496 1488 3565 proiecere.
1515 3494 1747 3565 Stepha-

197 3601 302 3639 num
326 3598 499 3643 autem
533 3578 859 3656 discipulum
890 3584 1006 3653 ejus
1030 3587 1334 3641 cervicibus
1365 3602 1394 3640 a
1431 3585 1489 3641 S.
1522 3585 1745 3656 Synodo

198 3672 395 3729 Romani
439 3676 627 3731 clerici
661 3675 1003 3745 expulerunt.
1038 3676 1236 3730 Eadem
1272 3676 1400 3729 hora
1434 3684 1596 3731 tantm
1628 3676 1747 3731 telae

199 3778 488 3819 aranearum
538 3764 848 3834 nigerrima:
880 3765 931 3817 in
977 3765 1157 3817 medio
1198 3765 1375 3834 populi
1408 3765 1747 3829 ceciderunt,

200 3865 248 3907 ut
270 3872 443 3912 omnes
483 3858 836 3918 mirarentur,
869 3872 929 3910 ac
962 3855 1034 3909 ita
1068 3855 1316 3909 sordibus
1344 3856 1616 3911 licereseon
1653 3872 1748 3910 ex-

201 3947 341 4013 pulsis
367 3950 512 4001 unita
542 3957 628 4002 est
656 3957 837 4002 sancta
870 3948 961 4001 DEI
998 3946 1260 4002 Ecclesia.
1300 3948 1355 4001 lu
1405 3948 1579 4003 locum
1617 3963 1747 4002 vero

203 4032 395 4092 Macarii
416 4039 700 4091 ordinatus
739 4047 819 4092 est
853 4038 1237 4107 Theophanius
1270 4039 1447 4094 Ahbas
1477 4048 1748 4094 monaste-

205 4126 256 4179 rii
283 4126 479 4197 Pagias,
508 4128 697 4184 insula:
717 4128 1033 4193 Siciliensis,
1058 4138 1112 4184 et
1138 4128 1312 4185 factus
1335 4139 1419 4184 est
1438 4130 1746 4200 patriarcha

202 4218 519 4275 Auziochenaa
561 4220 837 4276 Ecclesiae.
894 4220 1159 4275 Macarius
1208 4236 1421 4292 quoque
1468 4237 1588 4275 cum
1635 4222 1749 4276 suis

206 4313 510 4366 aenatoribus
562 4313 797 4367 directus
838 4322 921 4366 cst
970 4312 1021 4365 in
1075 4312 1296 4365 exilium
1351 4314 1416 4365 ad
1468 4314 1744 4367 civitatem

206 4398 503 4470 Ituiuanam,
554 4407 933 4473 decretumque
976 4414 1081 4468 est,
1131 4414 1190 4459 ut
1234 4404 1489 4459 tollantur
1530 4407 1747 4459 nomina

208 4488 620 4548 Patriarcharum
672 4497 737 4548 de
785 4494 1056 4565 dyptichis
1107 4494 1495 4561 Ecclesiarum,
1544 4494 1628 4549 vel
1682 4496 1747 4550 de

1850 3298 2225 3352 restituerunt.
2277 3297 2532 3366 Ejusdem
2582 3311 2798 3366 quoque
2868 3296 3199 3364 temporibus
3270 3293 3417 3348 Luna

1845 3386 2086 3457 eclypsin
2127 3385 2350 3455 pertulit
2381 3386 2467 3439 die
2503 3384 2585 3439 I5.
2621 3384 2822 3439 mensis
2859 3384 3078 3454 Aprilis,
3119 3382 3416 3438 indictione

1848 3478 1935 3532 11.
1966 3477 2098 3533 Post
2118 3492 2329 3533 cuinam
2366 3476 2576 3532 Domini
2613 3485 2770 3530 nocte
2802 3489 2959 3546 paene
2989 3484 3094 3529 tota
3126 3474 3176 3527 in
3210 3472 3420 3544 sangui-

1849 3586 1970 3626 nem
1998 3586 2171 3627 versa.
2227 3570 2327 3638 Qui
2365 3570 2527 3629 etiam
2564 3568 2932 3640 sepultusest
2985 3566 3051 3620 ad
3085 3565 3146 3619 Β.
3198 3562 3417 3619 Petrum

1846 3663 2184 3732 Apostolum,
2214 3662 2313 3716 sub
2341 3662 2429 3718 die
2453 3661 2506 3715 5.
2534 3660 2712 3716 Nonas
2732 3658 2922 3715 Julias.
2949 3657 3014 3713 Et
3035 3655 3268 3713 cessavit
3290 3654 3420 3724 Epi-

1792 3752 1795 3755 λ
1848 3763 2070 3825 copatus
2097 3769 2310 3810 menses
2344 3754 2425 3809 ll.
2453 3754 2568 3809 dies
2605 3753 2694 3807 ‘22.

2496 3909 2779 3964 LXXXIII.

1919 4045 2279 4114 Bsxemcrcs,
2338 4047 2525 4116 junior
2593 4046 2813 4100 natione
2882 4044 3199 4105 Romanus,
3270 4048 3421 4110 patre

1847 4136 2076 4205 Joanne,
2100 4139 2240 4193 sedit
2261 4150 2477 4193 menses
2503 4136 2588 4191 10.
2614 4137 2727 4191 dies
2758 4134 2845 4189 12.
2875 4134 2972 4188 llic
2998 4148 3027 4187 a
3050 4132 3241 4203 puerili
3266 4139 3421 4186 aetate

1851 4227 1905 4281 in
1935 4227 2220 4297 scripturis
2266 4235 2320 4280 et
2361 4226 2632 4281 cantilena
2663 4224 3006 4280 doctissimus
3043 4230 3097 4276 et
3132 4219 3416 4290 benignus,

1850 4317 2089 4387 suscepit
2118 4314 2616 4385 divalesjussiones
2636 4311 2979 4369 Constantini
3004 4310 3185 4382 magni
3212 4308 3421 4365 Princi-

1853 4408 1933 4477 pis
1961 4408 2027 4462 ad
2059 4407 2423 4462 venerabilem
2462 4406 2667 4460 clerum
2699 4414 2755 4459 et
2787 4401 3063 4474 populum,
3100 4408 3263 4468 atque
3304 4399 3423 4456 feli-

1852 4498 2130 4552 cissimum
2176 4497 2477 4552 exercitum
2522 4496 2779 4551 Romana:
2838 4493 3098 4557 civitatis,
3150 4507 3247 4561 per
3290 4505 3422 4560 quas

212 4584 431 4650 picturis,
458 4597 551 4641 aut
575 4588 798 4651 foribus,
823 4588 911 4642 ubi
941 4604 1062 4643 esse
1088 4597 1355 4657 poterant,
1388 4589 1437 4642 id
1469 4599 1571 4656 est,
1601 4589 1748 4660 Cyri,
1784 4575 1827 4631 θ
1854 4590 2145 4655 concessit,
2186 4597 2245 4643 ut
2288 4587 2378 4658 qui
2407 4586 2613 4642 electus
2659 4584 2821 4638 fuerit
2852 4586 2907 4639 in
2936 4583 3077 4638 Sede
3114 4582 3423 4652 Apostolica

211 4677 377 4747 Sergii,
416 4680 607 4752 Pyrrhi
633 4691 685 4736 et
714 4681 887 4746 Pauli,
919 4697 1017 4735 nec
1046 4696 1151 4734 non
1180 4690 1235 4735 et
1271 4681 1439 4747 Petri,
1488 4699 1584 4751 per
1617 4698 1751 4751 quos

211 4780 344 4820 error
382 4770 477 4823 iste
510 4770 881 4840 pullulaverat.
912 4771 1175 4826 Catholici
1221 4787 1348 4825 vero
1384 4772 1562 4842 populi
1605 4783 1752 4827 tanta

213 4853 295 4909 luit
328 4861 517 4929 gratia,
548 4868 607 4913 ut
634 4862 697 4914 ad
735 4860 973 4914 laetitiam
1020 4859 1192 4914 sancti
1223 4860 1475 4926 Conciiii,
1512 4862 1659 4930 quod
1697 4864 1750 4916 in

214 4946 336 5012 regia
366 4950 495 5001 urbe
525 4956 666 5011 erat,
705 4946 935 5003 Joannes
971 4947 1286 5001 Portueusis
1314 4949 1629 5020 Episcopus,
1659 4953 1749 5020 qui

216 5048 331 5087 unus
376 5036 691 5106 Legatorum
745 5048 881 5101 erat,
937 5038 1340 5094 Dominicorum
1396 5043 1482 5096 die
1544 5056 1749 5097 octava:

215 5120 408 5180 Pascha:
455 5130 505 5181 in
555 5128 785 5182 Ecclesia
829 5129 885 5183 S.
934 5128 1150 5195 SOphia:
1191 5146 1372 5184 coram
1420 5132 1670 5201 Principe
1698 5143 1753 5187 et

218 5211 497 5240 D-._:.-..,|_-
529 5219 755 5240 μηιλξ---
780 5218 964 5240 ιιξμ.--
991 5218 1150 5240 ιλιι..-
1190 5220 1312 5240 ..-Ι-ι
1467 5233 1478 5240 .
1572 5232 1583 5240 .

1853 4695 1883 4733 e
1912 4679 2140 4750 vestigio
2166 4680 2369 4748 absque
2396 4678 2647 4731 tarditate
2679 4676 2976 4745 Episcopus
2996 4675 3295 4728 ordinetur.
3328 4670 3427 4724 IIic

1855 4784 1960 4823 una
1989 4786 2109 4824 cum
2134 4768 2279 4825 clero
2308 4769 2619 4823 etexercitu
2645 4767 2883 4836 suscepit
2916 4764 3177 4818 mallones
3205 4759 3429 4829 capillo-

1856 4875 1973 4913 rum
2004 4858 2473 4914 DomuiJustiniet
2502 4855 2731 4913 Heraclii
2765 4855 2996 4909 ﬁliorum
3023 4845 3430 4905 clementissimi

1855 4949 2147 5017 Principis.
2190 4948 2309 5015 Quo
2341 4958 2581 5018 tempore
2602 4947 2855 5015 apparuit
2884 4941 3047 4997 stella
3086 4950 3246 4994 noctu
3274 4935 3436 5013 veluti

1858 5040 1984 5093 luna
2013 5040 2113 5093 sub
2160 5040 2299 5094 nube
2339 5040 2480 5093 inter
2524 5038 2759 5093 natalem
2811 5032 3026 5092 Domini
3078 5042 3133 5084 et
3168 5026 3443 5095 Theop‘m‘

1859 5133 2028 5187 "iam'
2060 5132 2191 5185 “cm
2245 5147 2411 5202 Prope
2449 5131 2654 5186 ettitum
2687 5129 2896 5185 mensis
2946 5121 3237 5176 Februarii
3275 5120 3331 5172 iu
3368 5115 3451 5213 die

3226 5209 3453 5232 Λ-.2ιυι1ἱιι

2913 5220 2967 5234 2...
3001 5220 3126 5234 nos-nl
3150 5227 3190 5232 ς-
