3944 5414
477 292 596 363 $65
1498 296 1554 351 s.
1579 296 1867 354 A880le
1901 295 2186 354 sanans
2214 291 2704 352 FLORlACENSlS
3574 316 3579 321 ς
3611 285 3709 340 set

1107 435 1393 499 LXXXIV.

543 550 802 619 ἔσηπε,
843 553 1062 608 natione
1093 551 1282 624 Syrus,
1312 556 1378 608 de
1421 554 1694 625 provincia
1722 554 2040 620 Antiochia},

467 652 624 715 patre
668 644 942 711 Quiriaeo,
979 645 1122 699 sedit
1163 660 1307 698 anno
1354 645 1401 699 1.
1435 645 1624 698 diebus
1666 645 1718 699 9.
1765 645 1861 699 llic
1887 645 2041 700 valde

468 741 744 799 strenuus,
796 742 958 803 atque
995 734 1217 789 scientia
1257 735 1533 804 praeditus,
1576 750 1697 789 cum
1729 745 1875 790 esset
1916 735 2044 799 Dia-

467 844 637 883 conus
664 829 860 883 missus
886 844 915 883 a
953 837 1155 884 sancta:
1189 829 1463 883 memoriae
1493 828 1779 898 Agathone
1809 830 1950 899 Papa
1984 830 2037 884 in

468 924 671 993 regiam
706 923 893 978 urbem
916 939 1037 977 cum
1061 923 1181 978 aliis
1204 922 1599 988 sacerdotibus,
1632 921 2041 993 reprmsentavit

463 1011 641 1066 locum
669 1012 994 1080 Apostolicte
1020 1011 1177 1067 Sedis
1202 1012 1256 1066 in
1288 1022 1471 1067 sancta
1502 1024 1651 1066 sexta
1673 1011 1910 1083 Synodo.
1936 1011 2036 1076 Qtti
2096 1036 2099 1039 π

464 1101 767 1170 impetratis
799 1117 827 1155 a
855 1100 1279 1156 clementissimo
1307 1101 1555 1170 Principe
1586 1100 1692 1164 bis,
1718 1115 1814 1168 pro
1841 1096 2038 1168 quibus

464 1191 603 1247 ierat
654 1206 906 1247 reversus
943 1201 1046 1257 ρει,
1088 1201 1145 1247 et
1186 1192 1237 1246 in
1288 1192 1523 1255 Ecclesia
1556 1201 1635 1246 «ἀει
1668 1192 1871 1246 electus
1897 1192 2038 1244 Con-

465 1281 819 1336 stautiniaua.
858 1282 976 1349 Quo
1000 1292 1237 1350 tempore
1271 1284 1528 1351 regnabat
1552 1281 1886 1337 Justinianus
1924 1283 2034 1337 Au-

458 1380 651 1442 gustus
700 1370 953 1427 defuncto
994 1384 1149 1444 patre
1203 1373 1257 1437 in
1307 1373 1461 1427 initio
1509 1375 1712 1429 mensis
1755 1373 2034 1445 Septemb.

462 1452 757 1518 indictione
806 1464 894 1518 li.
938 1474 994 1519 et
1035 1465 1218 1519 statim
1250 1466 1548 1520 auxiliante
1599 1466 1709 1523 Deo
1749 1468 2038 1523 constituit

458 1569 647 1625 pacem
700 1569 822 1610 cum
876 1566 1037 1627 gente
1088 1557 1515 1612 Sarracenorum
1572 1559 1834 1614 deceuuio
1888 1571 2033 1616 terra

458 1643 726 1713 marique.
756 1645 861 1701 Sed
891 1656 944 1700 et
968 1646 1243 1715 provincia
1269 1646 1466 1701 Afrirtc
1492 1647 1774 1717 subjugata
1809 1658 1889 1705 est
1921 1650 2034 1705 Ro-

458 1749 622 1788 mano
670 1735 919 1805 Imperio,
958 1752 1020 1791 ac
1062 1746 1388 1791 restaurata.
1433 1736 1532 1791 Hic
1575 1748 1697 1807 post
1739 1739 2031 1794 multorum

456 1841 723 1883 annorum
757 1829 1023 1883 curricula
1067 1828 1386 1899 Episcopum
1416 1829 1723 1887 Turritame
1752 1832 2029 1898 Ecclesite,

459 1932 626 1985 quem
676 1918 793 1973 sine
838 1919 1162 1973 auctoritate
1220 1917 1448 1972 Romani
1499 1918 1779 1976 Pontificis
1827 1920 2031 1976 fecerat

454 2008 739 2064 Citonatus
767 2010 1222 2079 Arcbiepiscopus
1258 2008 1601 2065 Caralitanus
1637 2010 1738 2065 sub
1770 2012 2028 2067 ditionem

454 2100 696 2170 ejusdem
725 2100 980 2155 Ecclesia:
1011 2100 1401 2169 redintegravit
1435 2109 1601 2169 atque
1631 2100 1890 2157 firmavit.
1925 2103 2027 2169 Qui

436 2190 832 2247 sanctissimus
852 2190 937 2244 vir
964 2190 1174 2244 diutina
1219 2191 1468 2245 detentus
1499 2191 1816 2248 infirmitate
1842 2193 2028 2249 defua-

382 2290 393 2304 ‘
458 2290 579 2336 etus
603 2290 759 2337 estae
774 2281 1015 2352 sepultus
1035 2283 1100 2336 ad
1124 2281 1181 2337 Β.
1199 2281 1416 2337 Petrum
1432 2282 1770 2353 Apostolum,
1790 2288 2027 2341 secunda

453 2371 541 2427 die
571 2374 768 2429 mensis
792 2374 1043 2446 Augusti.
1069 2374 1136 2429 Et
1161 2374 1394 2430 cessavit
1432 2374 1785 2449 Episcopatus
1816 2391 2027 2434 menses

452 2460 509 2517 2.
532 2461 646 2519 dies
672 2462 751 2519 l8.

1107 2581 1365 2638 LXXXV.

520 2696 719 2763 Corsos,
758 2698 1017 2754 oriundus
1052 2711 1208 2771 patre
1245 2701 1531 2762 Traceseo.
1578 2700 1842 2757 educatus
1880 2702 2021 2772 apud

451 2782 711 2850 Siciliam,
752 2788 1093 2856 postmodum
1124 2788 1348 2843 Romam
1386 2791 1531 2846 venit
1562 2790 1735 2845 eidem
1765 2788 2023 2847 Ecclesia:

449 2872 801 2941 militaturus,
833 2884 994 2947 atque
1021 2877 1087 2932 ad
1124 2878 1446 2950 presbyterii
1476 2878 1735 2934 bonorctu
1766 2879 2019 2945 devenit;

449 2964 591 3017 sedit
639 2965 912 3022 mensibus
958 2967 1042 3022 ll.
1090 2968 1146 3023 In
1186 2966 1339 3037 cujus
1388 2968 1704 3024 electionem
1746 2970 2021 3025 consensit

448 3053 627 3110 clerus
655 3067 711 3111 ct
749 3058 995 3127 populus,
1025 3061 1151 3115 dum
1182 3075 1286 3114 non
1317 3062 1539 3116 minima
1570 3063 1846 3117 contentio
1874 3061 2018 3119 facta

2071 414 2121 481 Α
2150 410 2412 465 diaconus
2429 408 2616 465 videns
2636 406 2880 462 eumdem
2905 404 3189 471 infirmari,
3213 404 3511 476 cupiditate
3523 403 3709 458 ductus

2142 518 2332 556 aurum
2356 501 2565 556 solvere
2587 500 2782 563 noluit,
2810 500 2904 553 sed
2934 497 3151 568 scripsit
3187 498 3458 553 Ravenna:
3477 488 3709 551 moranti

2141 590 2334 645 Joanni
2384 590 2617 662 glorioso
2647 606 2785 645 novo
2831 590 3069 644 exarcbo
3101 590 3423 657 promittens
3466 588 3632 649 dona.
3665 588 3709 642 si

2140 682 2376 737 factione
2416 683 2558 738 illius
2597 683 2709 752 ipse
2744 681 2810 736 ad
2846 680 3183 736 Pontificituu
3217 680 3530 751 eligeretur.
3562 677 3711 747 Quod

2139 775 2406 832 exat-chus
2442 776 2662 830 Romam
2702 775 2922 829 mittens
2957 757 3070 826 fieri
3118 772 3305 827 voluit.
3339 771 3601 843 Sepultus
3631 779 3712 825 est

2138 874 2318 921 autem
2351 866 2696 923 beatissimus
2727 864 2973 920 Pontifex
3008 863 3072 917 ad
3122 863 3179 918 Β.
3210 863 3431 919 Petrum
3474 863 3711 931 Aposto-

2150 956 2284 1023 lunt,
2312 958 2410 1013 sub
2440 959 2525 1012 die
2549 958 2639 1013 22.
2673 957 2875 1012 mensis
2919 955 3194 1026 Septemb.
3236 954 3302 1009 Et
3328 953 3563 1010 cessavit
3592 951 3711 1023 Epi-

2137 1057 2391 1120 scopatus
2419 1064 2635 1105 menses
2657 1048 2714 1103 2.
2746 1048 2860 1103 dies
2892 1045 2986 1101 23.

2786 1135 3068 1192 LXXXVI.

2208 1228 2461 1292 SERGIUS.
2498 1228 2719 1283 natione
2748 1227 2940 1299 Syrus,
2968 1226 3251 1282 Antiochia
3281 1224 3505 1298 regione
3533 1232 3713 1292 ortus,

2134 1319 2202 1375 de
2230 1329 2383 1390 patre
2410 1318 2629 1375 Tiberio
2660 1321 2710 1375 in
2734 1319 3004 1375 Panortno
3031 1318 3249 1383 Sicili-.r.
3270 1318 3410 1374 sedit
3432 1317 3596 1372 annis
3630 1315 3710 1372 13.

2136 1410 2412 1467 mensibus
2451 1412 2507 1467 8.
2557 1412 2748 1467 diebus
2791 1411 2881 1466 25.
2929 1410 3028 1467 llic
3077 1410 3300 1466 floream
3340 1411 3571 1466 veniens
3614 1409 3715 1465 sub

2134 1512 2338 1558 sancta:
2378 1505 2655 1559 memoria:
2693 1504 2969 1559 Adeodalo
3019 1503 3280 1559 Pontilice
3323 1504 3374 1558 in
3418 1502 3570 1558 clero
3604 1501 3714 1557 Ro—

2137 1610 2308 1650 mana:
2329 1596 2585 1652 Ret-lesitc
2618 1607 3039 1652 connumrratus
3063 1607 3164 1652 est.
3198 1596 3263 1652 Et
3284 1598 3409 1667 quia
3439 1598 3715 1653 studiosus

2134 1695 2274 1749 erat,
2303 1696 2357 1740 et
2379 1703 2549 1755 capax
2582 1687 2635 1741 in
2670 1687 2845 1741 ollicio
2875 1688 3182 1749 cantileme,
3211 1687 3377 1756 priori
3412 1686 3712 1742 Cantorum

2064 1782 2108 1842 Β
2136 1790 2235 1844 pro
2271 1778 2512 1832 doctrina
2559 1787 2639 1831 est
2690 1778 2940 1842 traditus,
2976 1778 3367 1849 acoly.bnsque
3395 1776 3576 1832 factus
3613 1792 3716 1848 per

2131 1867 2376 1922 ordinem
2435 1869 2678 1923 ascendit
2725 1884 2897 1938 usque
2946 1868 3011 1921 ad
3068 1870 3547 1939 presbyteratum,
3602 1883 3715 1937 quo

2131 1969 2486 2016 consecratus
2511 1969 2593 2016 est
2620 1977 2648 2015 a
2682 1959 2862 2016 Leone
2894 1960 3157 2016 Pontilice
3203 1961 3254 2015 iu
3288 1957 3446 2016 titulo
3490 1958 3552 2014 S.
3605 1957 3712 2014 Sn-

2130 2069 2329 2109 samne.
2356 2052 2597 2124 Cmnque
2630 2053 2886 2108 defuncto
2916 2062 3120 2108 sancta:
3154 2051 3433 2107 memoria:
3459 2051 3708 2116 Conone,

2133 2145 2332 2201 utﬁeri
2384 2144 2541 2210 solet,
2591 2145 2767 2215 pepuli
2827 2144 3052 2198 Romani
3104 2160 3230 2214 pars
3275 2143 3616 2198 consentiret
3652 2142 3709 2195 in

2128 2239 2391 2294 electione
2446 2235 2712 2291 Theodori
2767 2235 3256 2307 archipresbyteri,
3314 2249 3444 2306 pars
3494 2233 3551 2288 in
3594 2232 3710 2288 ele-

2126 2328 2592 2385 etiouePaScbalis
2614 2327 3007 2389 archidiaconi.
3028 2334 3081 2382 et
3106 2335 3475 2396 utraquepars
3505 2324 3707 2379 imma-

2127 2422 2267 2476 niter
2316 2422 2576 2491 inceptis
2623 2422 2967 2492 perduraret,
3019 2418 3283 2489 primates
3325 2418 3597 2489 judieum,
3649 2426 3708 2472 et

2128 2513 2398 2568 exercitus
2434 2511 2689 2568 Romamn
2730 2510 2957 2575 militiae.
2993 2510 3077 2565 vel
3118 2510 3247 2566 eleri
3292 2508 3525 2579 plurima
3576 2523 3705 2578 pars

2128 2604 2191 2657 ad
2220 2618 2434 2659 sacrum
2466 2602 2722 2672 palatium
2759 2611 3136 2671 perrexerunt,
3175 2608 3233 2656 et
3284 2600 3419 2653 inito
3471 2599 3705 2654 consilio

2129 2703 2523 2759 tractaverunt,
2550 2693 2783 2764 qualiter
2807 2692 3184 2748 altercantium
3212 2691 3485 2761 sopiretur
3525 2691 3699 2744 inlen-

2127 2788 2230 2851 tio,
2268 2787 2458 2855 sicque
2513 2785 2622 2840 Deo
2678 2793 2953 2839 annuente
3012 2784 3064 2837 in
3121 2796 3402 2852 personam
3452 2783 3697 2853 prtedicti

2124 2878 2298 2950 Sergii
2333 2880 2690 2932 devenerunt.
2718 2875 2888 2942 Quem
2917 2876 2984 2930 de
3012 2875 3186 2929 medio
3218 2874 3399 2943 pepuli
3446 2873 3699 2928 tollentes

2122 2972 2175 3029 in
2203 2971 2483 3026 oraculum
2527 2967 2588 3022 Β.
2633 2967 2857 3024 Cmsarii
2884 2966 3140 3038 martyris
3188 2963 3388 3021 Christi
3432 2967 3580 3035 quod
3614 2976 3694 3021 εει

2121 3067 2262 3123 intra
2304 3068 2584 3139 palatium,
2620 3066 3055 3129 introduxerunt,
3083 3073 3137 3119 et
3167 3063 3360 3117 exinde
3404 3062 3474 3117 ad
3534 3062 3691 3117 Late-

449 3154 615 3208 t‘ssct,
657 3160 721 3201 eo
753 3149 892 3217 quod
922 3150 1098 3205 clerus
1127 3150 1181 3205 in
1214 3150 1430 3207 Petrum
1459 3152 2018 3226 Archipresbyterutn,
2049 3142 2094 3206 C
2125 3175 2357 3215 ranense
2401 3158 2739 3228 Episcd'pium
2776 3171 2899 3209 eum
2943 3154 3161 3209 laudum
3205 3152 3691 3208 adclamationibus

445 3245 501 3290 et
531 3237 804 3293 exercitus
833 3239 886 3295 in
918 3251 1233 3311 sequentem
1271 3242 1389 3312 ejus
1421 3241 1762 3297 Theodorum
1790 3244 2019 3316 presby-

446 3336 625 3409 terum
656 3329 986 3388 intendebat.
1003 3332 1245 3404 Cumque
1265 3333 1444 3387 clerus
1467 3342 1592 3388 ante
1615 3334 1758 3390 fores
1783 3335 2020 3391 basilica:

447 3416 910 3478 Constantiniaute
932 3422 1247 3479 observaret
1274 3424 1548 3479 custodias
1580 3434 1636 3479 et
1663 3426 1933 3481 exercitus
1961 3425 2017 3481 itt

446 3509 673 3566 basilica
718 3511 779 3567 Β.
825 3513 1083 3585 Stepbaui
1133 3516 1566 3587 protomartyris,
1619 3526 1785 3587 atque
1828 3526 2017 3572 neutra

447 3614 574 3670 pars
600 3600 757 3658 alteri
784 3602 1027 3670 cederet,
1054 3605 1368 3661 sacerdotes
1396 3612 1450 3659 et
1483 3605 1663 3661 clerus
1690 3605 2020 3660 unanimiter

447 3691 815 3763 ingredientes
876 3696 1217 3767 Episcopium
1289 3696 1671 3760 Laterauense,
1737 3697 2018 3767 elegerunt

445 3787 814 3859 supradictqu
853 3786 1191 3852 Pontilicem,
1233 3787 1285 3842 in
1324 3803 1433 3859 quo
1460 3802 1588 3843 vere
1613 3797 1732 3842 erat
1762 3799 2018 3857 aspectus

444 3877 738 3950 angelicas,
784 3877 1090 3933 veneranda
1136 3878 1387 3942 canities,
1418 3892 1597 3932 sermo
1640 3892 1822 3933 verus.
1864 3877 2015 3945 Quod

442 3970 635 4025 videns
660 3969 930 4025 exercitus
953 3980 1077 4041 post
1102 3969 1408 4041 aliquantos
1436 3969 1551 4024 dies
1571 3967 1740 4025 ﬂexus
1763 3984 1886 4026 cum
1909 3969 2019 4024 cle-

442 4061 574 4116 rit-is
603 4061 941 4132 subscripsit,
966 4071 1046 4125 et.
1076 4075 1135 4116 ut
1162 4077 1278 4117 mos
1299 4069 1399 4125 est,
1424 4060 1630 4131 legatos
1658 4059 1723 4113 ad
1754 4058 2016 4115 excellen-

444 4152 712 4206 tissimum
738 4152 1078 4208 Theodorum
1101 4152 1395 4208 exarrlnun
1418 4151 1636 4206 direxit.
1663 4149 1759 4205 llic
1780 4152 2018 4221 suscep't

444 4240 678 4296 divalem
702 4239 1002 4309 jussiouetu
1044 4240 1335 4299 Iustiniani
1377 4240 1669 4311 Principis,
1708 4258 1813 4311 qua
1844 4242 2015 4312 signi-

2120 3250 2476 3306 deduxerunt.
2512 3249 2627 3315 Quo
2673 3246 2928 3318 palatium
2968 3244 3213 3315 ingresso
3242 3258 3380 3297 unus
3409 3259 3442 3297 e
3483 3243 3693 3297 duobus

2119 3342 2326 3407 electis,
2357 3341 2408 3396 id
2438 3349 2539 3405 est,
2569 3340 2889 3395 Theodorus
2911 3335 3352 3406 archipresbyter
3379 3333 3529 3389 illico
3544 3336 3692 3404 quie-

2116 3433 2215 3497 vil,
2239 3448 2301 3486 ac
2329 3446 2387 3487 se
2416 3430 2746 3485 humiliando
2772 3428 3026 3484 salutavit
3056 3437 3110 3481 et
3141 3424 3418 3481 osculatus
3449 3432 3556 3480 est.
3598 3424 3697 3478 Pa-

2116 3523 2314 3579 schalis
2344 3537 2471 3577 vero
2501 3521 2647 3577 mdlo
2689 3519 2847 3575 modo
2884 3519 3135 3589 primitus
3173 3517 3466 3587 acquievit,
3500 3531 3690 3572 verum

2119 3613 2332 3667 tandem
2363 3612 2652 3684 aliquando
2677 3610 2948 3666 salutavit.
2977 3608 3083 3665 Sed
3104 3607 3351 3663 clanculo
3378 3619 3563 3661 tamen
3587 3622 3689 3659 non

2115 3702 2366 3760 cessabat
2428 3690 2744 3756 Ravennam
2808 3700 3047 3761 mittere,
3106 3698 3440 3768 persuadens
3495 3694 3689 3751 Joanni

2116 3793 2343 3849 Patritio
2368 3803 2423 3849 et
2449 3794 2686 3848 exarcbo
2716 3791 2939 3846 Romam
2965 3790 3171 3846 venire.
3205 3788 3308 3858 Qui
3340 3802 3531 3843 amore
3562 3802 3688 3858 pro-

2115 3886 2294 3941 missae
2330 3885 2569 3956 pecunize
2606 3884 2851 3946 veniens.
2893 3883 3020 3936 dum
3067 3897 3258 3935 omnes
3297 3881 3350 3935 in
3396 3896 3686 3956 personam

2116 3974 2289 4046 Sergii
2309 3974 2633 4029 sanctissimi
2659 3974 2948 4028 invenisset
2974 3974 3337 4036 consensisse,
3362 3972 3616 4026 Pascliali
3639 3971 3689 4025 id

2114 4066 2331 4136 quidem
2373 4063 2653 4134 suffragari
2684 4079 2790 4118 non
2835 4063 3022 4127 valuit,
3063 4073 3119 4118 et
3157 4063 3278 4116 ideo
3315 4061 3581 4117 Ecclesia:
3624 4059 3684 4114 Β.

2114 4156 2258 4212 Peiri
2280 4155 2517 4225 Apostoli
2545 4168 2642 4209 suo
2667 4153 2933 4224 stipendio
2955 4152 3210 4207 damnum
3242 4151 3445 4215 intulit,
3467 4151 3607 4206 aleo
3631 4161 3688 4203 ut

2114 4256 2333 4302 centum
2375 4245 2541 4301 libras
2584 4244 2700 4299 auri
2741 4260 2771 4297 a
2814 4243 3071 4313 prmdicto
3116 4241 3381 4297 Pontilice
3419 4241 3688 4309 exigeret,

444 4330 574 4389 ﬂeat
608 4341 730 4387 acta
784 4342 949 4389 sextae
989 4332 1189 4406 Synodi
1231 4333 1369 4401 apud
1401 4348 1458 4386 se
1492 4333 1710 4398 habere,
1752 4346 1872 4401 qua:
1913 4330 2015 4399 pia:
2110 4354 2252 4411 quas
2294 4338 2582 4411 prmdictus
2627 4337 2966 4391 miserrimus
3004 4334 3439 4388 Arcbidiaconus
3485 4332 3688 4401 promi-

444 4425 724 4481 memoritc
772 4426 1004 4481 doumus
1057 4423 1442 4479 Constantinus
1487 4424 1700 4493 genitor
1741 4422 1859 4492 cjas
1902 4422 2015 4478 Deo

2116 4431 2294 4484 sisset.
2332 4428 2433 4496 Qui
2464 4437 2583 4498 post
2613 4426 2836 4482 tnultutn
2869 4434 3079 4494 tempus
3105 4431 3328 4492 propter
3358 4421 3687 4477 incantatioo

442 4519 735 4574 auxiliante
756 4516 1157 4586 fecerat.llujus
1182 4516 1509 4586 temporibus
1530 4515 2013 4586 pictaslmperialis
2042 4497 2090 4557 Ῐ)
2115 4536 2212 4576 nes
2237 4530 2291 4575 et
2320 4518 2521 4575 loculos
2547 4516 2739 4592 [lucos]
2772 4531 2909 4586 quos
2936 4515 3167 4576 colebat.
3203 4512 3282 4567 vel
3312 4523 3517 4573 sortes,
3553 4524 3687 4580 quas

441 4610 703 4665 relevavit
728 4610 830 4665 duo
856 4621 1083 4666 centena
1130 4625 1378 4676 annnam,
1415 4626 1550 4680 quas
1592 4609 1796 4666 Brutiis
1828 4620 1882 4666 et
1905 4609 2013 4665 Lu-

441 4701 613 4756 cania:
635 4716 811 4757 annue
839 4701 1235 4772 persolvebaut.
1275 4699 1375 4757 llic
1405 4701 1543 4756 ultra
1568 4701 2011 4757 consuetudinem

441 4796 648 4866 absque
674 4803 942 4851 censensu
974 4794 1106 4851 eleri
1135 4794 1549 4851 Constantinum
1591 4794 1875 4849 diaconum
1912 4792 2011 4847 Ec-

439 4886 619 4943 clesia:
647 4887 1001 4959 Syracusana:
1038 4886 1322 4941 Rectorem
1362 4885 1416 4940 itt
1456 4885 1783 4954 patrimonio
1811 4882 2011 4939 Silicize

439 4978 1061 5047 constituit,’bominem
1109 4978 1282 5034 ferum
1329 4987 1383 5034 et
1436 4977 1873 5049 tergiversutum.
1923 4974 2012 5029 cui

2116 4612 2386 4668 tractabat
2407 4612 2649 4681 privatus
2674 4609 2726 4663 in
2762 4606 3091 4662 monasterio
3117 4602 3434 4662 retruditur,
3465 4616 3530 4655 ac
3568 4608 3687 4669 post

2114 4705 2537 4775 quinquennium
2587 4702 2705 4772 pra!
2739 4699 2920 4754 cordis
2967 4695 3166 4752 duritia
3214 4691 3565 4763 imptnnitcns
3604 4697 3685 4742 est

2115 4795 2420 4852 defunctus.
2461 4794 2702 4863 Denique
2732 4789 2893 4858 hujus
2929 4787 3103 4858 Sergii
3148 4786 3485 4855 temporibus
3520 4781 3682 4838 Justio

2113 4889 2309 4944 nianus
2356 4884 2653 4956 Imperator
2690 4882 2803 4936 tieri
2855 4880 3155 4936 Concilium
3201 4875 3368 4944 jussit
3421 4876 3477 4929 in
3537 4873 3680 4943 regia

2112 4978 2273 5040 urbe.
2303 4977 2357 5031 in
2386 4992 2489 5045 qua
2519 4983 2573 5028 ct
2612 4972 2771 5043 legati
2811 4970 2972 5026 Sedis
3002 4966 3325 5038 Apostolicm
3357 4965 3676 5035 quibusdam
