3944 5414
216 228 307 282 565
1150 232 1574 295 EXCERPTUM
1596 238 1684 294 DE
1712 239 1957 296 GESTIS
1989 238 2155 296 ROM.
2191 236 2395 295 ΡΟΝΤ.

3336 238 3439 293 566

214 344 455 402 strianum
487 346 708 404 Romam
742 354 908 419 nnsit,
931 356 1019 425 qui
1047 356 1309 413 Joannem
1337 358 1447 416 Deo
1469 360 1757 417 amabilem
1790 366 1835 423 Α
1868 376 2020 425 enni,
2053 361 2145 430 qui
2181 358 2414 414 Horreas
2445 360 2665 421 dicitur,
2702 357 2962 412 fossatum
2993 355 3209 427 ﬁgeret,
3236 358 3437 411 mulus-

211 434 541 491 Portucnsem
595 439 941 512 Episcopum,
994 462 1087 502 seu
1123 448 1460 505 Bonifacium
1514 452 1765 507 consilia-

214 527 334 580 rium
384 527 589 583 Domini
638 530 799 603 Papa:
839 534 891 589 in
937 539 1141 608 regiam
1176 539 1500 596 transferret
1548 542 1759 596 urbem.

214 618 393 674 Deinde
441 618 762 678 Zachariam
810 631 1308 696 protospatharium
1357 648 1516 686 suum
1541 634 1763 698 direxit,

208 709 377 764 iubens
422 711 562 765 idem
616 713 798 771 facere
848 718 913 771 de
958 720 1207 776 Romano
1258 722 1539 781 Pontificc.
1593 722 1764 777 Porro

209 798 558 855 misericordia
605 801 704 858 Der
739 806 1030 862 excitatum
1063 819 1147 865 est
1176 827 1271 866 cor
1308 812 1638 867 Ravennatis
1665 813 1765 866 mi-

208 890 337 954 litiae,
373 891 610 949 Dueatns
645 895 809 951 etiam
850 897 1269 970 Pentapolitani,
1297 903 1389 972 qui
1434 904 1536 958 hoc
1585 904 1766 974 prohi-

207 980 417 1036 buerunt
459 984 598 1051 fieri,
652 987 879 1057 ingressi
930 1006 1027 1060 per
1076 1002 1287 1062 portam
1331 994 1392 1050 Β.
1446 993 1590 1051 Petri
1642 1011 1764 1050 eum

206 1073 356 1128 armis
403 1084 457 1130 et
515 1078 675 1133 turba
733 1079 1119 1139 Lateranensis
1182 1086 1458 1158 Episcopii
1522 1087 1766 1145 volentes

204 1165 369 1222 videre
420 1167 765 1236 Pontificem,
818 1189 978 1243 quem
1042 1177 1313 1233 sublatum
1379 1180 1599 1250 navigio
1669 1196 1767 1251 per

204 1267 394 1312 noctem
427 1257 568 1314 fama
603 1261 933 1332 vulgaverat.
978 1266 1244 1338 Egressus
1286 1270 1453 1341 igitur
1479 1272 1763 1327 sanctissi-

206 1364 309 1400 mus
338 1348 558 1421 Sergius
601 1351 848 1409 Pontifex
884 1356 1097 1411 obviam
1144 1361 1403 1416 militibus
1454 1372 1579 1417 ante
1622 1363 1766 1420 fores

203 1437 440 1506 basilicas,
473 1458 596 1511 qua:
635 1444 836 1500 dicitur
876 1447 1068 1504 Domni
1100 1448 1369 1507 Theodori
1415 1452 1573 1523 Papa:
1613 1456 1765 1509 suavi

205 1546 442 1602 responso
492 1552 684 1591 eorum
734 1537 914 1595 linivit
957 1545 1143 1609 corda,
1186 1554 1240 1599 et
1287 1544 1634 1613 Zachariam,
1675 1549 1765 1617 qui

204 1640 308 1679 sese
340 1628 437 1682 sub
466 1628 611 1684 lecto
638 1631 756 1702 ejus
792 1632 1179 1701 absconderat,
1205 1638 1272 1691 de
1307 1640 1555 1693 manibus
1578 1654 1766 1693 eormn

203 1716 404 1785 eripuit,
436 1720 564 1787 quia
600 1738 722 1776 eum
755 1740 878 1779 cum
907 1726 1122 1796 injuriis
1144 1737 1198 1782 et
1228 1731 1573 1785 contumeliis
1594 1748 1621 1784 a
1654 1730 1761 1785 Ro-
1798 1723 1837 1780 Β

205 1821 346 1860 mana
373 1812 505 1864 urbe
533 1814 807 1882 expellere
834 1816 1109 1873 volebant.
1146 1818 1264 1887 Quo
1303 1822 1357 1875 in
1395 1831 1659 1892 tempore,
1714 1823 1761 1878 is

204 1902 281 1963 qui
312 1912 429 1951 eum
468 1902 716 1967 miserat,
762 1905 874 1960 Dso
918 1908 1276 1975 retribuente,
1314 1926 1485 1979 regno
1522 1912 1764 1981 privatus

204 1996 272 2041 est
298 1998 349 2042 ct
382 1988 641 2047 Beck-site
674 2002 843 2050 status
879 1995 1099 2053 Christo
1134 1999 1363 2068 prtesnle
1390 2009 1639 2056 servatus
1658 2012 1758 2056 est.

203 2075 443 2135 Ceterum
491 2083 687 2139 beatus
728 2087 812 2141 vir
853 2089 905 2141 in
948 2091 1194 2145 sacrario
1233 2090 1290 2146 S.
1335 2090 1478 2147 Petri
1519 2092 1761 2163 Apostoli

204 2186 401 2240 Capsam
445 2188 765 2247 argenteam
800 2181 851 2235 in
880 2184 1078 2253 angulo
1096 2184 1760 2254 obscurissimojacentem

207 2260 409 2327 invertit,
455 2268 545 2320 cui
589 2268 824 2339 sigillum
864 2272 1187 2341 impressum
1228 2276 1472 2339 abstulit,
1512 2276 1762 2331 locellum

205 2354 414 2420 aperuit,
457 2357 512 2411 in
556 2375 665 2429 quo
713 2361 941 2419 interius
988 2366 1353 2434 plumbazinni
1385 2366 1759 2438 [plumacinm]

204 2460 261 2499 ex
290 2445 588 2505 boloserico
627 2457 1049 2526 superpositum,
1082 2460 1225 2528 quod
1260 2460 1588 2515 Staurarium
1625 2461 1761 2515 dici-

208 2545 285 2589 tur
324 2538 550 2605 invenit,
593 2557 766 2613 eoque
801 2546 980 2602 ablato
1019 2548 1243 2605 inferius
1278 2565 1491 2606 crucem
1535 2550 1764 2606 diversis

206 2641 261 2679 ac
298 2630 552 2697 pretiosis
602 2633 866 2703 lapidibus
912 2649 1161 2694 ornatam
1229 2642 1483 2713 inspexit.
1534 2642 1606 2697 De
1659 2660 1763 2713 qua

207 2715 447 2776 detraCtis
485 2735 729 2792 quatuor
772 2728 980 2797 petalis.
1013 2731 1066 2785 in
1106 2732 1255 2801 quib.
1301 2749 1527 2805 gemma:
1570 2736 1766 2791 clausa:

205 2819 343 2861 erant
372 2811 524 2865 mine
552 2817 957 2884 magnitudinis,
990 2820 1309 2878 ineffabilem
1342 2825 1641 2894 portionem
1671 2841 1762 2881 sa-

207 2895 377 2952 lutaris
406 2900 537 2971 ligni
568 2902 860 2962 Dominica:
886 2911 1067 2965 crucis
1096 2915 1509 2984 repperit,qnod
1539 2931 1635 2985 pro
1673 2932 1765 2971 sa-

206 2986 301 3043 lute
326 2990 544 3048 humani
579 2998 797 3066 generis
825 2999 892 3053 ab
915 3001 1060 3055 omni
1111 3003 1308 3073 populo
1341 3005 1653 3061 Christiano
1678 3006 1764 3062 die

1864 466 1968 519 que
1988 459 2150 514 esset,
2176 450 2266 519 qni
2293 449 2342 503 ci
2382 448 2629 502 resistere
2651 457 2848 517 posset,
2881 446 3167 515 prmdictus
3191 445 3374 498 Pontif
3405 461 3436 499 κ

1866 542 2047 597 missis
2091 541 2464 597 sacerdotibus
2510 556 2634 595 cum
2678 539 3003 609 Apostolieis
3050 537 3288 592 donariis
3328 537 3438 590 uni-

1868 649 2051 689 versos
2107 633 2352 701 captivos
2400 633 2466 687 de
2515 647 2702 688 eorum
2758 632 3009 687 manibus
3064 629 3331 693 redemit,
3389 638 3444 682 ct

1868 724 2015 777 illum
2065 738 2191 778 cum
2232 738 2332 777 suo
2386 722 2541 776 hoste
2594 721 2661 775 ad
2711 720 2929 790 propria
2984 718 3242 787 repedare
3290 718 3443 771 fecit.

1867 812 1993 867 Post
2018 811 2170 881 cujus
2194 812 2401 867 obitum
2440 813 2673 866 cessavit
2706 809 3062 881 Episcopatus
3089 820 3332 862 mensem
3384 805 3433 859 I.

1867 904 1985 957 dies
2006 903 2092 958 18.

2493 1031 2819 1090 LXXXVIII.

1937 1147 2189 1213 Joasass,
2218 1147 2438 1203 natione
2467 1146 2708 1211 Graecus,
2737 1150 2889 1217 patre
2911 1143 3156 1209 Platone,
3181 1140 3320 1197 sedit
3348 1156 3444 1197 an-

1868 1242 1951 1297 nis
1979 1242 2035 1296 9..
2068 1242 2295 1296 tnensib.
2349 1241 2399 1294 7.
2448 1240 2590 1294 dieb.
2650 1239 2733 1294 I7.
2790 1239 2872 1292 vir
2916 1234 3335 1298 eruditissimus,
3387 1241 3449 1287 et,

1870 1333 2133 1387 facundus
2156 1331 2477 1401 eloquentia.
2512 1327 2678 1398 llujns
2706 1320 2994 1399 temporib.
3014 1326 3318 1393 Aripertus,
3349 1335 3442 1374 rex

1870 1421 2725 1494 Langobardorum,donationem
2756 1416 3065 1489 patrimonii
3094 1413 3305 1483 Alpium
3320 1409 3443 1463 Cot-

1871 1514 2066 1567 tiarnm
2118 1513 2169 1566 in
2216 1512 2411 1566 litteris
2442 1510 2624 1565 aureis
2661 1509 2923 1572 exaravit,
2950 1504 3144 1576 acjuri
3191 1504 3445 1556 Romana:

1870 1603 2123 1659 Ecclesia:
2153 1601 2485 1666 reformavit,
2512 1618 2631 1672 qua:
2657 1617 2752 1672 per
2781 1600 2937 1670 longa
2972 1609 3211 1667 tempera
3244 1594 3310 1648 ab
3347 1609 3442 1648 ea-

1869 1692 1989 1747 dem
2014 1692 2490 1763 Langobardorum
2516 1701 2671 1761 gente
2694 1690 3092 1745 detinebantur.
3110 1686 3257 1741 Tunc
3283 1685 3442 1739 etiam

1869 1784 2201 1841 .lnstinianus
2244 1784 2542 1853 Imperator
2577 1800 2604 1837 a
2648 1784 2893 1853 partibus
2923 1780 3168 1837 Gazaria:
3195 1794 3292 1850 per
3328 1778 3444 1832 loca

1868 1874 2131 1946 Bulgaria:
2158 1890 2281 1929 cum
2320 1873 2567 1928 Trebello
2597 1888 2766 1941 usque
2799 1875 2866 1926 ad
2904 1872 3105 1940 regiam
3139 1872 3327 1923 urbem
3355 1885 3446 1922 ve-

1871 1966 2025 2019 niens
2068 1980 2292 2035 regnum
2335 1964 2635 2033 proprium,
2678 1964 2819 2017 unde
2858 1961 3065 2030 ejectus
3108 1959 3309 2019 fuerat,
3349 1960 3444 2011 ad-

1870 2068 2028 2125 eptus
2065 2065 2166 2111 cst.
2199 2054 2429 2110 Leonem
2459 2070 2675 2125 quoque
2711 2066 2763 2108 et
2801 2053 3099 2115 Tiberium,
3138 2051 3228 2121 qui
3265 2051 3443 2105 locum

1870 2154 1987 2223 ejus
2019 2160 2433 2223 usurpaverant,
2474 2152 2635 2221 cepit,
2681 2159 2735 2205 et
2776 2150 2829 2204 in
2869 2148 3047 2204 medio
3077 2145 3221 2202 Circi
3260 2158 3443 2199 eorazn

1870 2245 2016 2299 omni
2055 2243 2250 2314 populo
2270 2242 2508 2314 jngnlari
2541 2242 2688 2296 fecit.
2717 2240 2888 2295 Porro
2916 2247 3092 2293 tomos
3116 2253 3254 2308 quos
3281 2247 3442 2290 antea

1872 2334 1970 2388 sub
1994 2335 2199 2388 Domno
2228 2332 2418 2404 Sergio
2447 2332 2769 2402 Apostolica:
2795 2331 3070 2386 memoria:
3098 2328 3326 2385 Romam
3364 2327 3447 2380 di-

1874 2435 2110 2491 rexerat,
2138 2426 2189 2480 in
2221 2425 2417 2495 quibus
2443 2424 2653 2479 diversa
2689 2421 2923 2493 capitula
2961 2421 3220 2477 Romana:
3257 2416 3446 2483 Eccle-

1872 2519 1964 2571 si.e
1995 2519 2264 2573 contraria
2296 2518 2531 2582 inerant,
2563 2533 2659 2587 per
2685 2516 2818 2573 duos
2848 2513 3289 2585 Metmpolitanos
3315 2512 3445 2582 Epi-

1871 2623 2064 2679 scopus
2102 2609 2421 2674 transmisit,
2455 2608 2709 2678 adjurans
2740 2616 2796 2663 ut
2830 2606 3154 2677 Apostolieae
3191 2603 3447 2661 Ecclesia:

1872 2705 2174 2760 Concilium
2202 2713 2544 2775 aggregaret,
2571 2712 2626 2758 et
2657 2718 2776 2773 quae
2806 2700 2990 2756 evulsa
3021 2708 3203 2755 essent
3233 2696 3443 2753 stabili-

1876 2811 1979 2865 ret,
2023 2818 2141 2872 quze
2178 2818 2306 2857 vero
2341 2802 2564 2855 adversa
2605 2798 2879 2854 renuendo
2910 2806 3173 2853 eassaret.
3204 2793 3310 2849 Sed
3358 2792 3447 2846 hic

1874 2894 2112 2947 lnnnana
2136 2891 2426 2963 fragilitate
2444 2889 2773 2945 timidushos
2794 2880 3446 2957 nequaquamemendans

1875 2985 2107 3055 Principi
2133 2983 2516 3046 retransmisit,
2542 2990 2824 3052 postquam
2860 2994 2966 3033 non
2993 2976 3083 3031 diu
3119 2975 3171 3029 in
3206 2974 3307 3027 hac
3334 2971 3442 3024 vita

206 3081 537 3141 cxaltationis
589 3085 650 3141 S.
699 3091 876 3145 crucis
926 3092 980 3146 in
1021 3093 1243 3149 basilica
1295 3096 1618 3163 Salvator-is,
1650 3115 1768 3170 qua:

1877 3077 2213 3147 perduravit,
2251 3077 2344 3131 sed
2377 3075 2664 3130 defunctus
2704 3072 2982 3143 appositus
3023 3077 3107 3126 est
3152 3066 3221 3121 ad
3263 3072 3447 3137 patres

206 3173 489 3239 appellatur
537 3176 1006 3249 Constantiniana,
1055 3185 1288 3241 osculari
1321 3203 1385 3243 ac
1418 3189 1634 3243 adorari
1686 3190 1767 3244 in-

207 3263 380 3318 stituit.
413 3265 513 3322 Hie
545 3277 669 3339 post
700 3271 888 3337 multa,
914 3288 1035 3343 qua:
1077 3275 1130 3329 in
1168 3276 1423 3334 Ecelesiis
1467 3279 1565 3333 DEI
1619 3278 1766 3346 fecit,

209 3358 489 3420 renovavit,
527 3374 625 3413 seu
658 3361 904 3427 contulit,
957 3374 1015 3418 ut
1065 3376 1312 3436 tempore
1346 3368 1628 3425 fractionis
1655 3369 1767 3427 Do-

208 3445 324 3501 mini
344 3451 613 3520 corporis,
643 3453 831 3517 Agnus
859 3454 980 3521 DEI,
1010 3457 1100 3526 qui
1133 3460 1276 3516 tollis
1306 3470 1526 3530 peccata
1558 3462 1769 3529 mundi,

207 3548 323 3603 etc.,
356 3556 385 3593 a
413 3541 565 3596 clero
599 3553 654 3598 et
692 3545 886 3614 populo
909 3546 1230 3604 decantetnr
1260 3551 1516 3607 instituit.
1559 3552 1772 3610 Consti-

211 3629 300 3683 tuit
322 3632 504 3700 etiam,
538 3642 598 3687 ut
624 3634 835 3690 scilicet
855 3638 1043 3694 diebus
1063 3641 1501 3698 adnunciationis
1530 3643 1768 3709 Domini,

209 3723 569 3793 domuitionis,
594 3737 648 3784 et
674 3730 977 3787 nativitatis
1002 3743 1205 3788 sancta:
1226 3733 1321 3789 [ρει
1353 3734 1641 3792 Genitricis
1663 3736 1776 3792 Ma-

210 3816 292 3871 ria:
318 3835 379 3874 ac
398 3820 455 3875 S.
487 3822 761 3878 Simeonis
790 3826 929 3893 quod
959 3825 1248 3898 hypapanti
1274 3828 1448 3884 Gra'ei
1481 3830 1778 3900 appellant.

210 3908 416 3969 Letania
437 3927 599 3972 exeat
621 3934 649 3971 a
686 3928 880 3974 sancto
903 3920 1140 3977 Adriano
1168 3932 1221 3977 et
1252 3922 1318 3977 ad
1348 3923 1404 3977 S.
1436 3921 1658 3978 Mariam
1682 3940 1779 3994 po-

210 4005 347 4070 pulus
366 4021 640 4065 occurrat.
660 4008 1196 4081 Sepultnsestautem
1212 4013 1300 4068 hic
1321 4013 1511 4069 beatus
1526 4015 1669 4068 virin
1683 4014 1775 4069 ba.

210 4096 362 4152 silica.
380 4098 419 4153 Β
441 4099 587 4154 Petri
601 4102 840 4171 Apostoli
865 4103 916 4156 6.
943 4102 1065 4158 ldus
1083 4102 1359 4173 Septemb.
1378 4104 1668 4160 indictione
1684 4103 1771 4159 11.

211 4184 412 4245 Tiberio
440 4193 707 4263 Augusto.
739 4192 806 4249 Et
844 4194 1075 4250 cessavit
1121 4194 1477 4268 Episcopatus
1505 4210 1692 4253 mense
1724 4197 1781 4253 1.

209 4278 338 4336 dieb.
365 4281 462 4339 20.

833 4416 1145 4478 LXXXVII.

271 4545 521 4615 Joannes,
552 4552 771 4610 natione
794 4553 1037 4619 Grazcus,
1062 4556 1203 4612 sedit
1232 4557 1389 4613 annis
1412 4558 1466 4613 3.
1495 4556 1774 4613 mensibus

210 4636 258 4691 2.
280 4640 463 4698 diebus
487 4642 576 4697 19..
607 4642 772 4713 I-lnjus
800 4648 1138 4717 temporibus
1155 4649 1303 4703 venit
1330 4644 1771 4719 Theopliylactus

214 4727 565 4787 cubicularius
613 4730 868 4790 Patritius
904 4746 960 4791 et
1008 4735 1291 4792 Exarchus
1330 4737 1494 4792 Italia:
1521 4738 1587 4791 de
1616 4747 1772 4809 parte

216 4816 401 4875 Sicilia:
434 4823 489 4876 in
523 4823 705 4879 urbem
744 4823 990 4880 Romam.
1026 4825 1129 4894 Qui
1164 4826 1349 4882 volens
1372 4827 1606 4899 propriis
1645 4826 1772 4882 sub-

218 4908 418 4965 stantiis
452 4911 725 4968 denudare
748 4915 1009 4984 quosdam
1045 4913 1376 4971 habitatores
1403 4913 1589 4981 Urbis,
1616 4931 1768 4971 com—

219 5000 371 5053 tuovit
403 5003 686 5057 adversum
719 5020 779 5060 se
816 5004 1195 5076 gravissimam
1235 5007 1574 5071 seditionem,
1606 5020 1769 5077 quam

218 5084 448 5146 Pontifex
481 5094 695 5150 monitis
724 5094 1056 5152 salutaribus
1083 5096 1309 5164 sedavit,
1355 5100 1446 5168 qui
1495 5110 1618 5154 sese
1661 5112 1773 5154 me-

219 5177 351 5233 dium
382 5183 530 5238 dans
555 5196 731 5255 portas
763 5189 1001 5244 civitatis
1029 5185 1243 5252 clausit,
1266 5200 1320 5244 et
1345 5190 1660 5248 sacerdotes
1705 5188 1773 5243 ad

218 5268 487 5346 fossatum,
539 5277 589 5333 in
635 5294 739 5349 quo
780 5296 882 5338 una
931 5289 1320 5348 convenerant,
1361 5284 1533 5339 misit.
1570 5279 1772 5337 Deinde

220 5374 357 5414 vero.
386 5366 515 5414 dum
542 5369 772 5414 ΩῖςιιΙΓηα
791 5374 894 5414 (In!
926 5369 1115 5414 nantis
1157 5368 1634 5414 [unanimi-Annum
1674 5371 1775 5414 Rea

1872 3183 2023 3225 suos.
2057 3168 2127 3223 Et
2150 3167 2382 3224 cessavit
2413 3166 2771 3239 EpisCOpatus
2803 3161 3082 3221 mensibus
3106 3162 3160 3214 3.

2370 3370 2393 3377 κ
2432 3372 2435 3375 δ
2506 3293 2801 3353 LXXXIX.
2880 3312 2883 3313 ί

1942 3412 2228 3477 Srsmstes,
2259 3410 2477 3465 natione
2509 3406 2699 3479 Syrus,
2725 3414 2879 3477 patre
2904 3402 3132 3467 Joanne,
3164 3399 3305 3455 sedit
3330 3398 3447 3451 dies

1870 3504 1960 3560 20.
1994 3505 2092 3572 Qui
2120 3505 2203 3558 vir
2229 3503 2521 3573 podagrico
2560 3518 2624 3557 ac
2657 3498 2964 3570 cliiragrico
2993 3498 3220 3552 humore
3252 3493 3323 3546 ita
3355 3490 3447 3543 de-

1875 3597 2153 3650 tinebatur
2177 3595 2456 3659 astrictus,
2487 3601 2540 3646 ut
2568 3592 2669 3647 sibi
2700 3590 2935 3660 propriis
2975 3586 3228 3641 manibus
3268 3582 3448 3638 cibum

1874 3690 2135 3745 exhibere
2169 3704 2272 3743 non
2312 3687 2539 3741 valeret.
2567 3684 2717 3740 Unde
2751 3681 3029 3753 repentina
3059 3687 3232 3733 morte
3263 3674 3453 3728 defun-

1874 3789 1992 3837 ctus
2014 3789 2121 3834 est.
2150 3779 2213 3833 Et
2240 3778 2473 3833 cessavit
2496 3775 2850 3847 Episcopatus
2878 3785 3117 3829 mensem
3150 3770 3197 3822 I.
3217 3767 3331 3821 dies
3358 3764 3445 3819 ‘28.

2604 3883 2697 3942 XC

1948 4004 2377 4064 CONSTANTINUS,
2416 3999 2632 4054 natione
2657 4000 2843 4069 Syrus.
2877 4005 3029 4067 patre
3052 3994 3277 4059 Joanne,
3311 3990 3452 4046 sedit

1877 4094 2035 4149 annis
2060 4093 2112 4145 7.
2141 4093 2329 4147 diebus
2361 4090 2446 4145 15.
2481 4088 2798 4147 mitissimus
2828 4086 3002 4142 valde.
3043 4085 3209 4155 Cujus
3243 4096 3452 4152 tempca

1879 4189 2027 4242 ribus
2052 4186 2105 4242 in
2134 4186 2266 4241 urbe
2293 4184 2461 4239 Roma
2488 4183 2630 4237 facta
2654 4191 2737 4237 est
2761 4181 2929 4237 fames
2950 4196 3139 4251 magna
3163 4195 3257 4247 per
3280 4187 3446 4231 annos

1880 4289 2011 4343 tres,
2047 4292 2211 4348 quam
2250 4285 2433 4330 secuta
2470 4282 2557 4328 est
2597 4281 2744 4326 tanta
2778 4272 3020 4336 ubertas,
3059 4279 3118 4323 ut
3156 4266 3450 4323 fertilitatis

1801 4395 1808 4401 -
1880 4369 2035 4438 copia
2082 4366 2384 4423 sterilitatis
2422 4364 2658 4435 inopiam
2697 4361 2956 4417 oblivioni
2998 4360 3302 4415 mandaret.
3353 4355 3451 4410 llic

1802 4443 1849 4503 υ
1875 4459 2147 4516 ordinavit
2174 4456 2408 4512 Felicem
2435 4453 2915 4522 ArrbiepiseOpum
2942 4447 3331 4512 Ravennatem,
3357 4446 3449 4514 qui

1874 4554 2168 4608 secundum
2222 4548 2465 4619 priorqu
2515 4560 2738 4600 suorum
2785 4542 3229 4598 consuetudinem
3280 4536 3451 4592 noluit

1874 4640 2059 4696 facere
2092 4638 2395 4699 cautiones,
2436 4634 2527 4689 sed
2554 4649 2651 4702 per
2680 4633 2977 4703 potentiam
3008 4629 3251 4695 jndicnm
3288 4640 3453 4693 capo.

1875 4733 2006 4798 suit,
2037 4740 2098 4787 ut
2130 4729 2321 4784 voluit.
2354 4729 2699 4796 Quapropter
2725 4725 2948 4779 mittens
2987 4718 3325 4775 Justinianus
3351 4717 3453 4770 lm-

1872 4830 2093 4892 perator
2118 4818 2462 4872 Theodorum
2504 4812 2796 4869 Patritium
2826 4821 2879 4866 et
2911 4810 3148 4880 primum
3185 4804 3455 4861 exercitus

1872 4890 2065 4968 insula:
2101 4905 2301 4964 Sicilia:
2336 4919 2459 4962 cum
2498 4903 2673 4960 classe
2712 4900 3037 4957 Ravennam
3073 4897 3241 4963 cepit,
3278 4890 3463 4963 priet-a-

1874 5011 1986 5055 tum
2029 4996 2513 5067 Archiepiseopum
2555 5002 2912 5059 arrogantem
2955 4984 3013 5037 iu
3050 4984 3179 5035 navi
3226 4984 3462 5034 vinctum

1875 5092 2068 5158 tenuit,
2116 5087 2320 5143 lumine
2347 5084 2630 5140 oculorum
2668 5080 2945 5149 privavit,
2969 5076 3030 5126 ἰιι
3057 5072 3282 5127 exilium
3324 5079 3473 5158 trans

1874 5157 2110 5239 Pontum
2140 5178 2308 5245 misit,
2336 5186 2391 5233 et
2415 5190 2607 5231 omnes
2636 5172 2905 5236 rebelles,
2935 5178 3073 5235 quos
3102 5162 3197 5216 ibi
3224 5157 3478 5233 repperit.

1875 5271 2230 5346 compedibus
2252 5268 2495 5335 strinxit,
2523 5263 2748 5321 divitias
2775 5254 3244 5322 eorumabstulit,
3267 5264 3320 5308 et
3345 5250 3484 5345 Con-

1876 5342 2285 5414 staniinonolim
2318 5357 2484 5414 misit.
2518 5357 2670 5412 Tunc
2714 5359 2900 5414 etiam
2942 5357 3095 5404 530m
3133 5342 3489 5414 Ῐτυνθνίηθτῖθ
