3944 5414
507 358 598 405 53':

1567 357 1622 412 S.
1650 357 1933 415 ABBONlS
1958 361 2242 416 ABBATIS
2270 363 2757 420 FLORlACENSIS

3634 365 3728 421 563

507 460 800 529 Episcopus
851 460 920 515 de
955 461 1114 532 Sylva
1157 463 1418 529 Candida,
1465 464 1755 537 Georgius.
1780 468 2075 541 Episcopus
2104 480 2145 532 Α
2179 487 2303 525 num
2320 470 2518 541 Papam
2543 474 2795 542 pertinet.
2825 474 3066 545 Denique
3088 477 3314 546 populus
3336 479 3607 534 Romanus
3626 492 3724 535 sta-

507 550 840 614 l’ortuensis,
907 552 1238 621 Michaelius,
1283 555 1502 621 Paulus,
1547 557 1810 629 Georgius
1852 564 2075 633 presby-

505 640 626 704 teri,
678 639 966 710 Gregorius
1010 644 1286 710 diaconus,
1336 646 1601 718 Georgius
1647 651 2068 719 secundieerius,

509 729 739 787 loannes
785 732 1127 789 defensorum
1180 736 1411 806 primus,
1461 738 1688 801 Cosmas
1735 742 2068 807 sacellarius.

504 817 775 875 Sisinnius
821 823 1211 891 nomenclator,
1255 824 1475 897 Sergius
1522 830 1856 895 scriniarius,
1903 832 2071 887 Doro-

506 912 665 967 theus
691 920 745 967 et
772 912 1016 970 Julianus
1049 916 1390 983 subdiaconi,
1431 927 1486 975 et
1531 921 1599 975 de
1640 921 1863 991 reliquis
1890 923 2072 989 gradi-

501 998 603 1056 bus
632 1002 886 1059 Ecclesia:
914 1004 1093 1060 clerici
1117 1008 1296 1076 pauci.
1321 1008 1556 1065 Veniens
1585 1012 1747 1082 igitur
1767 1011 2066 1083 Neapolim,

501 1089 613 1144 tllic
666 1094 901 1162 repperit
948 1109 1071 1150 eum
1104 1094 1342 1152 Joannes
1377 1098 1627 1168 patritius
1679 1111 1735 1157 et
1781 1102 2067 1160 Exarchus

500 1193 857 1253 cognomento
896 1184 1220 1260 RizocOpus,
1259 1191 1348 1258 qui
1382 1191 1566 1247 Romae
1600 1193 1805 1263 positus
1835 1195 2069 1250 decolla-

499 1272 577 1327 vit
606 1272 847 1344 Sajnlum
878 1277 1188 1346 diaconum,
1231 1278 1448 1347 Petrum
1489 1283 1776 1349 arcarium,
1816 1284 2065 1357 Sergium

498 1364 747 1423 abbatem
801 1377 856 1423 et
891 1370 1137 1443 Sergium
1186 1374 1579 1441 ordinatorem,
1629 1385 1914 1447 postquam
1959 1377 2069 1432 Ra-

499 1475 725 1515 vennam
776 1452 1028 1519 reversus
1078 1466 1387 1536 turpissima
1429 1478 1601 1524 morte
1639 1468 1794 1523 obiit.
1826 1469 2068 1540 Denique

499 1566 712 1608 summo
737 1552 984 1611 Pontiﬁci
1008 1571 1129 1612 cum
1155 1558 1266 1613 suis
1289 1556 1529 1615 Siciliam
1558 1559 1800 1630 pergenti
1817 1560 2068 1616 Theodo-

496 1657 591 1698 rus
623 1632 876 1713 patritius
895 1655 950 1702 et
970 1648 1224 1719 stratigos
1249 1648 1510 1721 languore
1530 1649 2062 1720 detentusjoccurrit,

497 1748 658 1804 quem
689 1750 809 1791 cum
836 1727 1189 1794 veneratione
1216 1755 1409 1809 magna
1452 1741 1753 1812 suscipiens
1799 1742 2062 1798 medelam

2176 558 2277 614 tuit
2311 576 2652 632 nequaquam
2676 565 2916 619 haeretici
2954 565 3300 635 imperatoris
3315 584 3532 633 nomen,
3555 579 3643 624 aut
3680 572 3729 624 iu

2172 651 2397 717 chartis,
2428 662 2524 707 aut
2556 653 2610 707 in
2643 654 2829 722 figuris
2853 656 3081 710 solidum
3118 659 3414 729 suscipere,
3448 676 3549 714 nec
3599 660 3729 715 inter

2171 738 2458 795 Missarum
2502 743 2766 799 solemnia
2793 748 3365 803 commemorationem
3394 750 3510 818 ejus
3540 749 3729 805 facere.

2168 826 2409 900 Contigit
2444 844 2643 896 autem,
2676 842 2734 888 ut
2775 833 2971 890 Petrus
3002 836 3218 903 quidam
3248 852 3347 907 pro
3384 836 3589 893 Ducatu
3635 837 3731 892 Ro-

2171 933 2343 973 manae
2369 923 2518 977 urbis
2552 923 2864 979 Ravennam
2892 925 3166 997 dirigeret,
3195 937 3250 982 et
3277 943 3470 983 nomen
3501 931 3730 984 haeretici

2169 1008 2514 1079 Imperatoris
2545 1014 2597 1067 in
2626 1030 2719 1069 sua
2752 1019 3090 1085 promotione
3119 1029 3464 1086 annotasset;
3510 1036 3732 1092 quapro-

2169 1106 2291 1168 pter
2318 1101 2458 1156 hunc
2481 1103 2675 1159 Ducem
2698 1107 2923 1175 populus
2949 1107 3222 1164 Romanus
3243 1112 3521 1182 suscipere
3549 1112 3729 1177 noluit,

2166 1196 2224 1242 et
2262 1189 2652 1263 Christophoro
2699 1196 2844 1252 Duce
2887 1199 3021 1253 adeo
3055 1198 3251 1254 bellum
3292 1203 3451 1257 civile
3488 1215 3733 1258 exortum

2167 1286 2277 1343 est,
2318 1290 2375 1332 ut
2411 1280 2464 1334 in
2499 1283 2585 1336 via
2628 1298 2783 1339 sacra
2819 1295 2946 1341 ante
2981 1287 3239 1356 palatium
3283 1305 3403 1345 sese
3438 1293 3731 1347 committe

2170 1380 2310 1437 rent,
2337 1381 2393 1425 et
2415 1374 2694 1444 utriusque
2714 1378 2886 1446 partis
2905 1378 3134 1450 amplius
3153 1396 3314 1451 quam
3335 1383 3428 1448 50,
3454 1384 3531 1437 ita
3557 1382 3734 1456 flagel-

2167 1460 2409 1516 larentur
2451 1473 2509 1517 ut
2553 1464 2839 1521 interirent
2887 1484 2902 1521 :
2959 1485 3058 1525 nec
3100 1482 3368 1526 cessatum
3420 1483 3527 1537 est,
3574 1477 3734 1530 donec

2170 1548 2415 1606 Pontifex
2444 1554 3024 1613 mitteret‘sacerdotes
3054 1576 3176 1614 cum
3205 1561 3516 1632 Evangeliis
3541 1574 3596 1619 et
3620 1581 3738 1619 cru-

2167 1640 2342 1703 cibus,
2378 1643 2470 1711 qui
2504 1645 2643 1700 hanc
2688 1647 3107 1703 commotionum
3142 1651 3414 1705 sedarent.
3466 1653 3587 1708 Non
3626 1667 3735 1723 post

2168 1728 2365 1784 multos
2391 1730 2490 1785 hos
2517 1732 2633 1788 dies
2667 1735 2816 1789 venit
2843 1737 3061 1792 nuntius
3087 1753 3118 1792 a
3160 1737 3368 1806 Sicilia,
3404 1741 3498 1810 qui
3543 1741 3733 1811 Philip-

496 1824 724 1892 adeptus
749 1834 833 1881 est
862 1827 1112 1894 celerem,
1156 1829 1621 1901 transfretansque
1658 1847 1756 1902 per
1797 1831 2060 1902 Rhegium

2164 1834 2292 1888 pum
2317 1820 2625 1877 haereticum
2653 1839 2683 1878 a
2717 1826 3000 1897 principali
3032 1828 3233 1882 vertice
3262 1829 3550 1899 depulsum
3585 1831 3731 1885 inno-

495 1923 552 1968 et
602 1913 893 1971 Cortonam
941 1918 1261 1989 Callipolim,
1315 1921 1405 1976 ubi
1459 1932 1705 1978 mortuus
1748 1933 1831 1979 est
1875 1923 2060 1979 Niccta

495 2002 814 2076 Episcopus,
838 2017 891 2063 et
913 2006 1175 2081 Hydrunti
1198 2027 1377 2067 moras
1401 2012 1603 2069 faciens
1621 2029 1686 2068 co
1712 2016 1852 2085 quod
1874 2016 2065 2086 hyems

495 2107 675 2161 esset,
701 2096 810 2153 illic
837 2102 1074 2171 suscepit
1094 2102 1326 2172 sigillum
1348 2103 1629 2175 lmperiale
1653 2121 1749 2177 per
1777 2106 2064 2178 Theopha-

495 2186 646 2242 nium
698 2191 1085 2261 regionarium,
1113 2209 1221 2264 quo
1245 2194 1643 2260 continebatur,
1677 2207 1735 2252 ut
1765 2198 1837 2252 ita
1871 2213 2061 2254 omnes

492 2274 700 2343 iudices
729 2280 1066 2351 susciperent
1096 2282 1434 2350 Pontificem,
1467 2301 1530 2340 ac
1561 2287 1602 2341 si
1628 2287 1802 2356 ipsum
1829 2287 2062 2359 impera-

496 2374 692 2421 torem.
719 2367 846 2423 lnde
876 2372 1078 2441 egressi
1105 2386 1206 2443 per
1241 2372 1469 2428 insulam
1500 2374 1703 2430 Cheam
1731 2377 2063 2432 devenerunt

497 2457 567 2512 ad
596 2458 884 2528 septimum
929 2461 1239 2516 milliarium
1300 2465 1458 2535 regiae
1504 2466 1678 2530 urbis,
1709 2467 1798 2521 ubi
1844 2468 2059 2523 obviam

497 2561 750 2619 egressus
780 2560 865 2606 est
888 2550 1136 2609 Tiberius
1164 2554 1461 2622 Imperator
1485 2556 1623 2633 filius
1645 2555 1933 2614 Justiniani
1955 2558 2056 2612 Au-

492 2639 665 2709 gusti,
693 2650 747 2696 et
778 2641 951 2713 Cyrus
979 2642 1295 2702 Patriarcha
1320 2662 1441 2701 cum
1471 2647 1615 2702 clero
1641 2656 1694 2702 et
1722 2649 1898 2720 populi
1924 2648 2061 2702 mul-

494 2728 747 2798 titudine,
784 2746 974 2790 omnes
1015 2734 1260 2793 laitames
1304 2747 1359 2794 et
1399 2738 1540 2794 diem
1592 2738 1788 2795 festum
1815 2751 2055 2811 agentes.

498 2822 691 2879 Sellari
736 2816 951 2897 quoque
976 2828 1241 2898 imperiali
1280 2845 1410 2887 usus
1432 2831 1774 2901 Apostolicus
1810 2831 2056 2887 Pontifex

496 2913 779 2984 ingressus
818 2924 903 2972 est
932 2917 1225 2983 civitatem,
1259 2935 1380 2975 cum
1410 2920 1757 2988 camellauco,
1785 2928 1844 2975 ut
1872 2920 2061 2977 solitus

493 3010 579 3056 est
600 3003 784 3060 Romae
812 3006 1121 3075 procedere.
1152 3008 1304 3089 Quod
1332 3010 1558 3065 audiens
1580 3008 1918 3067 Justinianus
1944 3011 2053 3065 lm-

493 3102 715 3160 perator
742 3094 936 3163 gaudio
958 3096 1192 3167 repletus
1221 3114 1252 3153 a
1278 3098 1454 3154 Nicaea
1491 3099 1755 3172 Bithyniae
1804 3100 1945 3156 misit
1979 3117 2061 3157 sa-

2166 1922 2418 1979 tesceret,
2482 1930 2547 1969 ac
2602 1916 2952 1972 Anastasium
3005 1917 3364 1974 ouhodoxum
3416 1921 3727 1993 Augustalis

2163 2012 2378 2071 sceptra
2432 2007 2739 2076 suscepisse
2792 2008 3086 2063 nuntiaret.
3138 2010 3311 2076 Quem
3363 2014 3547 2067 sancti
3598 2016 3733 2069 sexti

2161 2095 2389 2152 Coucilii
2440 2100 2831 2165 confessorem,
2874 2111 2928 2155 et
2969 2118 3107 2157 vera-
3158 2105 3280 2158 fidei
3329 2107 3735 2174 praedicatorem

2163 2185 2535 2244 Scholasticus
2590 2190 2977 2257 cubicularius,
3042 2193 3294 2263 patritins
3346 2206 3402 2250 et
3454 2196 3734 2252 Exarihus

2163 2275 2389 2332 Romam
2456 2277 2677 2333 veniens
2751 2279 3004 2334 omnibus
3071 2281 3385 2336 declaravit.
3466 2282 3735 2339 Caeterum

2164 2374 2282 2434 post
2333 2366 2466 2420 tanti
2516 2365 2797 2423 Pontiﬁcis
2840 2368 3047 2423 obitum
3098 2371 3331 2426 cessavit
3376 2371 3733 2446 EpiscOpatus

2162 2454 2277 2509 dies
2310 2454 2399 2509 ω.

2880 2550 3013 2606 XCI.

2232 2636 2557 2705 Gnscomus,
2597 2640 2815 2698 natione
2838 2641 3141 2708 Romanus,
3170 2659 3233 2698 ex
3267 2655 3420 2714 patre
3457 2644 3724 2708 Marcello.

2161 2730 2297 2782 sntit
2328 2732 2484 2784 annis
2522 2731 2607 2786 15.
2648 2733 2879 2787 tnensib.
2929 2734 2983 2787 8.
3027 2734 3214 2789 diebus
3248 2735 3340 2788 24.
3381 2735 3509 2789 Fuit
3555 2745 3725 2791 autem

2164 2820 2494 2887 temporibus
2513 2822 2814 2889 Anastasii,
2840 2821 3150 2888 Theodosii,
3174 2823 3369 2879 Leonis
3407 2836 3580 2896 atque
3599 2827 3725 2881 Con-

2161 2910 2381 2964 stantini
2410 2910 2794 2981 Angustorum,
2827 2914 3066 2969 nutritus
3087 2914 3139 2967 in
3169 2930 3331 2984 parva
3358 2926 3525 2971 aetate
3552 2920 3607 2971 in
3636 2934 3725 2987 pa-

2163 2999 2421 3054 triarchio
2441 3002 2541 3055 sub
2568 3010 2771 3057 sancta:
2801 3004 3076 3058 memoria:
3105 3004 3309 3060 Domno
3337 3004 3484 3076 Papa
3520 3008 3727 3079 Sergia,

2164 3101 2327 3162 atque
2364 3093 2689 3152 Sacellarius
2718 3096 2892 3152 factus
2924 3097 3273 3154 Bibliotheca:
3312 3100 3387 3155 illi
3416 3118 3555 3155 cura
3585 3118 3725 3156 com-

492 3197 643 3238 cram
668 3185 963 3253 gratiarum
993 3188 1206 3245 actione
1235 3189 1470 3261 plenam,
1500 3200 1689 3260 petens
1710 3201 1770 3246 ut
1794 3193 1842 3247 ei
1872 3192 2057 3248 Ponti-
2088 3187 2132 3247 (Σ
2165 3185 2328 3240 missa
2355 3195 2459 3240 est.
2486 3186 2688 3241 Deinde
2712 3187 2779 3241 ad
2819 3188 3142 3243 Diaconatus
3171 3191 3417 3245 ordinem
3450 3203 3730 3262 promotus

495 3271 585 3327 fex
606 3283 919 3351 occurreret
939 3275 1280 3343 Nicomediae,
1308 3287 1364 3335 et
1394 3281 1508 3349 ipse
1550 3282 1759 3336 veniret
1780 3297 1809 3335 a
1843 3281 2016 3338 Nicma
2041 3300 2057 3347 ;

496 3366 639 3435 quod
659 3375 713 3421 et
735 3366 934 3422 factum
962 3379 1065 3425 est.
1088 3370 1391 3426 Prostravit
1411 3381 1591 3428 autem
1620 3389 1677 3428 se
1705 3373 2063 3430 Christianis-

497 3454 667 3510 simus
694 3457 988 3528 Augustus,
1015 3468 1075 3516 et
1098 3461 1347 3517 osculans
1371 3462 1537 3532 pedes
1569 3462 1843 3519 Pontificis
1864 3464 1917 3519 in
1947 3479 2063 3519 ain-

487 3543 685 3627 plexus
714 3554 928 3603 mutuos
963 3559 1213 3636 ruerunt,
1253 3566 1318 3605 ac
1361 3552 1556 3607 deinde
1581 3567 1706 3608 cum
1748 3553 1863 3622 ipso
1910 3562 2060 3610 tanta

490 3647 674 3702 latitia
711 3646 907 3717 Missas
947 3647 1036 3704 die
1083 3647 1370 3704 Dominico
1399 3647 1718 3719 Imperatori
1767 3651 1913 3720 fecit,
1962 3669 2072 3724 qua

487 3740 901 3796 communicans
926 3741 996 3796 ab
1016 3739 1136 3807 ejus
1156 3740 1410 3797 manibus
1435 3740 1694 3802 Princeps
1715 3761 1814 3806 pro
1837 3747 1953 3803 suis
1976 3748 2073 3826 de-_-

491 3823 645 3884 lictis
668 3836 726 3881 ut
753 3834 1137 3899 deprecaretur
1173 3834 1427 3900 obtinuit,
1459 3850 1645 3907 sicque
1677 3843 1857 3894 omnia
1892 3823 2060 3910 privié

494 3916 627 3986 legia
652 3934 763 3975 sute
785 3921 1042 3981 Ecclesia:
1086 3928 1382 3982 renovavit.
1412 3928 1642 3985 Romam
1674 3932 1840 4002 igitur
1878 3948 2060 3987 rever-

496 4014 616 4063 tens
646 4025 677 4063 a
701 4010 1010 4069 Nicomedia
1058 4016 1276 4073 civitate
1314 4028 1434 4089 post
1468 4020 1714 4085 crebram
1761 4022 2061 4093 navigatio-

491 4113 637 4167 nem,
662 4100 887 4158 Domino
911 4107 1225 4176 sospitatem
1248 4109 1517 4164 tribuente
1537 4110 1820 4166 incolumis
1844 4121 2057 4182 portum

488 4186 690 4260 Cajetze
725 4193 923 4265 attigit,
967 4196 1055 4251 ubi
1098 4200 1391 4254 maximam
1438 4201 1836 4256 multitudinem
1877 4202 2058 4276 pepuli

489 4278 716 4337 Romani
764 4288 1020 4354 repperit,
1067 4304 1131 4344 ac
1169 4290 1260 4344 24.
1309 4291 1398 4347 die
1436 4292 1637 4348 mensis
1681 4293 1873 4349 Octob.
1923 4294 2060 4348 indi-

496 4372 676 4427 ctione
700 4374 783 4428 10.
818 4375 1042 4433 Romam
1070 4380 1347 4452 ingressus
1383 4392 1486 4437 est.
1511 4382 1865 4440 Postmenses
1877 4394 2057 4440 autem

491 4471 603 4517 tres
642 4464 882 4533 lugubris
910 4469 1132 4525 nuntius
1187 4473 1501 4541 supervenit
1547 4474 1753 4535 dicens,
1798 4473 2059 4529 Justinia-

2165 3289 2286 3328 cum
2311 3285 2500 3329 sancto
2533 3275 2793 3331 Pontilice
2820 3276 3179 3332 Constantino
3208 3280 3274 3334 ad
3316 3281 3527 3350 regiam
3560 3281 3732 3351 profe-

2164 3375 2283 3422 ctus
2308 3377 2391 3420 est
2421 3366 2640 3432 Urbem,
2663 3383 2728 3422 ac
2761 3384 2789 3421 a
2814 3368 3121 3423 Justiniano
3145 3369 3397 3439 Principe
3421 3386 3596 3442 super
3621 3373 3733 3441 qni-

2164 3455 2388 3510 busdam
2414 3456 2666 3526 capitulis
2685 3458 2887 3527 optima
2915 3459 3267 3526 responsione
3294 3475 3731 3531 unamquamque

2166 3544 2421 3614 persolvit
2452 3547 2824 3613 qumstionem.
2862 3546 2994 3600 Erat
3032 3546 3178 3600 enim
3218 3547 3302 3600 vir
3336 3557 3549 3612 castus,
3586 3558 3642 3604 et
3680 3549 3729 3601 in

2164 3637 2362 3691 divinis
2402 3636 2700 3707 Scripturis
2726 3641 2989 3706 eruditus,
3030 3639 3096 3694 ad
3128 3654 3288 3708 quem
3316 3640 3561 3695 Joannes
3594 3639 3731 3696 Con-

2157 3718 2670 3788 stantinopolitanus
2727 3726 2954 3774 antistes
3029 3719 3358 3789 Synodicam
3423 3720 3601 3787 misit,
3653 3721 3737 3776 cui

2152 3807 2295 3863 idem
2330 3806 2581 3877 Pontifex
2610 3807 2953 3878 subscripsit.
2989 3807 3086 3863 llic
3130 3809 3273 3864 inter
3322 3810 3564 3878 plurima
3601 3810 3736 3864 bona

2151 3913 2274 3969 quae
2303 3896 2447 3963 fecit,
2481 3898 2534 3951 in
2582 3897 2873 3953 Germania
2907 3914 3004 3968 per
3027 3897 3370 3954 Bonifacium
3405 3898 3734 3970 EpiscOpum

2151 3991 2378 4047 verbum
2427 3990 2619 4045 salutis
2644 3990 2978 4060 praedicavit,
3006 4000 3061 4045 et
3094 4000 3311 4061 gentem
3352 3992 3502 4047 illam
3542 3993 3732 4047 seden-

2151 4092 2258 4139 tem
2292 4084 2348 4138 in
2381 4083 2620 4139 tenebris
2641 4084 2891 4139 doctrina
2921 4084 3059 4139 lucis
3091 4085 3159 4138 ad
3189 4084 3470 4141 Christum
3501 4100 3734 4140 conven-

2153 4177 2233 4230 tit.
2270 4175 2390 4243 Quo
2439 4186 2681 4247 tempore
2716 4177 3084 4246 Luitprandus
3122 4177 3615 4249 Longobardorum
3647 4191 3735 4231 rex

2152 4269 2499 4323 donationem
2520 4268 2841 4324 Patrimonii
2863 4269 3080 4339 Alpium
3107 4269 3412 4336 Cotiarum,
3433 4282 3604 4339 quam
3627 4269 3717 4322 Διί

2150 4370 2336 4430 pertus
2360 4376 2455 4415 rex
2490 4361 2713 4427 fecerat,
2743 4362 3115 4416 admonitione
3166 4360 3302 4415 tanti
3336 4361 3439 4414 viri
3470 4361 3735 4419 redditam

2148 4450 2509 4506 confirmavit.
2537 4450 2762 4521 Signum
2783 4465 3009 4521 quoque
3034 4450 3087 4503 in
3112 4449 3267 4504 Luna
3301 4447 3508 4503 factum
3540 4459 3625 4503 est
3647 4463 3737 4518 per

491 4566 618 4606 num
646 4555 1031 4623 orthodoxum,
1064 4540 1409 4625 trucidatum,
1452 4571 1508 4617 et
1549 4561 1906 4634 Philippicum
1947 4565 2059 4619 hrc-

2162 4544 2499 4599 indictionem
2556 4543 2641 4609 Μ,
2678 4558 2801 4613 qua:
2854 4543 2971 4598 visa
3005 4551 3088 4596 cst
3118 4541 3333 4596 cruoris
3362 4540 3519 4610 plena
3567 4552 3737 4609 usque

490 4645 718 4700 relicum
763 4648 830 4702 ad
871 4648 1162 4719 imperium
1193 4660 1516 4721 promotum,
1551 4654 1702 4723 cujus
1743 4664 1798 4708 et
1841 4668 2054 4710 sacram

492 4751 614 4790 cum
661 4738 811 4805 pravi
856 4739 1123 4810 dogmatis
1152 4743 1468 4798 exaratione
1506 4745 1763 4814 suscepit,
1809 4747 1903 4800 sed
1931 4760 2054 4799 cum

485 4827 814 4893 Apostolica:
846 4828 1001 4884 Sedis
1024 4831 1269 4887 Concilio
1316 4834 1539 4903 respuit.
1580 4834 1780 4890 Eodem
1816 4845 2078 4920 tempore.

490 4916 640 4971 Felix
679 4918 1128 4991 Archiepiscopus
1153 4922 1424 4977 Ravenna:
1460 4924 1529 4977 ab
1572 4924 1735 4978 exilio‘
1778 4925 2054 4988 reductus,

484 5008 805 5074 pmnitentia
859 5019 1057 5075 motus,
1096 5020 1151 5066 et
1193 5012 1317 5068 licet
1338 5012 1616 5068 oculorum
1646 5012 1846 5067 lumine
1874 5015 2053 5083 priva-

487 5108 587 5142 1ης
625 5110 804 5142 lnnmn
838 5103 905 5142 ad
936 5106 1211 5142 nmnrinnt
1246 5104 1402 5142 νοιΙῖἲο
1443 5106 1691 5142 ηινηηηιη
1726 5114 1776 5142 ΔΙ
1807 5106 1929 5142 nilo:
1958 5122 2051 5142 ar-

2149 4636 2217 4693 ad
2242 4635 2477 4691 mediam
2501 4643 2738 4691 noctem.
2766 4633 2994 4689 Theudo
3014 4634 3180 4689 etiam
3202 4632 3311 4688 dux
3341 4631 3521 4702 gentis
3547 4631 3735 4701 Bajoa-

2149 4728 2357 4783 riorum
2391 4726 2458 4782 ad
2485 4725 2545 4781 B.
2574 4725 2719 4782 Petri
2762 4725 3013 4796 Apostoli
3036 4725 3225 4779 limina
3247 4725 3460 4795 primus
3487 4725 3557 4780 de
3586 4731 3737 4794 gente

2148 4820 2335 4875 eadem
2380 4819 2642 4885 occurrit,
2697 4818 2965 4874 orationis
2990 4808 3140 4873 voto.
3190 4816 3258 4871 Et
3294 4826 3421 4887 post
3447 4817 3564 4871 hrec
3591 4815 3734 4869 Ana—

2148 4913 2351 4968 stasius
2433 4911 2733 4982 Imperator
2788 4912 3021 4968 classem
3095 4911 3319 4964 navium
3379 4914 3734 4980 praeparatam

2147 5004 2484 5060 Alexandriae
2541 5003 2739 5060 direxit
2780 5011 2973 5059 contra
3018 5003 3325 5072 Agarenos,
3361 5003 3459 5072 qui
3500 5000 3569 5055 ad
3594 4995 3734 5053 aliud

2148 5096 2287 5142 versi
2318 5097 2607 5142 rnngilium
2633 5098 2703 5142 ah
2731 5097 2927 5142 irim-rp.
2962 5096 3141 5142 medio
3170 5096 3241 5142 ah
3263 5095 3473 5142 regiam
3504 5089 3733 5142 regressi
