  <div class='ocr_page' id='page_1' title='image "/cluster/home/n/w/nwhite01/storage/ocr_20150623/139/hvd.32044015471782/290.png"; bbox 0 0 3944 5414; ppageno 0'>
   <div class='ocr_carea' id='block_1_1' title="bbox 126 369 1707 441">
    <p class='ocr_par' dir='ltr' id='par_1_1' title="bbox 126 369 1707 433">
     <span class='ocr_line' id='line_1_1' title="bbox 126 369 1707 433; baseline 0.011 -17"><span class='ocrx_word' id='word_1_1' title='bbox 126 369 207 418; x_wconf 73' lang='grc' dir='ltr'><strong>δΰυ</strong></span> <span class='ocrx_word' id='word_1_2' title='bbox 1057 374 1431 432; x_wconf 70' lang='grc' dir='ltr'><strong>ΡΒΑΞΡΑΤΙΟ</strong></span> <span class='ocrx_word' id='word_1_3' title='bbox 1471 379 1707 433; x_wconf 67' lang='grc' dir='ltr'><strong>(ΣΟΜΜΕ</strong></span> 
     </span>
    </p>
   </div>
   <div class='ocr_carea' id='block_1_2' title="bbox 1782 369 2590 441">
    <p class='ocr_par' dir='ltr' id='par_1_2' title="bbox 1782 381 2590 441">
     <span class='ocr_line' id='line_1_2' title="bbox 1782 381 2590 441; baseline 0.005 -8"><span class='ocrx_word' id='word_1_4' title='bbox 1782 381 1820 433; x_wconf 86' lang='grc' dir='ltr'><strong>Γ.</strong></span> <span class='ocrx_word' id='word_1_5' title='bbox 1853 381 1915 435; x_wconf 78' lang='lat' dir='ltr'><strong>IN</strong></span> <span class='ocrx_word' id='word_1_6' title='bbox 1957 382 2236 439; x_wconf 74' lang='lat' dir='ltr'><strong>CYCLUM</strong></span> <span class='ocrx_word' id='word_1_7' title='bbox 2280 385 2590 441; x_wconf 68' lang='lat' dir='ltr'><strong>\‘lCTOlill.</strong></span> 
     </span>
    </p>
   </div>
   <div class='ocr_carea' id='block_1_3' title="bbox 3256 400 3357 455">
    <p class='ocr_par' dir='ltr' id='par_1_3' title="bbox 3256 400 3357 455">
     <span class='ocr_line' id='line_1_3' title="bbox 3256 400 3357 455; baseline 0.02 -2"><span class='ocrx_word' id='word_1_8' title='bbox 3256 400 3357 455; x_wconf 87' lang='lat'><strong>570</strong></span> 
     </span>
    </p>
   </div>
   <div class='ocr_carea' id='block_1_4' title="bbox 128 484 3361 566">
    <p class='ocr_par' dir='ltr' id='par_1_4' title="bbox 128 484 3361 566">
     <span class='ocr_line' id='line_1_4' title="bbox 128 484 3361 566; baseline 0.008 -30"><span class='ocrx_word' id='word_1_9' title='bbox 128 485 212 547; x_wconf 63' lang='lat' dir='ltr'><strong>tiit,</strong></span> <span class='ocrx_word' id='word_1_10' title='bbox 232 484 473 553; x_wconf 84' lang='lat' dir='ltr'><strong>datoque</strong></span> <span class='ocrx_word' id='word_1_11' title='bbox 516 486 621 539; x_wconf 82' lang='lat' dir='ltr'><strong>sibi</strong></span> <span class='ocrx_word' id='word_1_12' title='bbox 662 498 1002 542; x_wconf 82' lang='lat' dir='ltr'><strong>sacramento</strong></span> <span class='ocrx_word' id='word_1_13' title='bbox 1036 490 1267 545; x_wconf 74' lang='lat' dir='ltr'><strong>clericus</strong></span> <span class='ocrx_word' id='word_1_14' title='bbox 1307 492 1480 547; x_wconf 81' lang='lat' dir='ltr'><strong>factus</strong></span> <span class='ocrx_word' id='word_1_15' title='bbox 1519 504 1679 563; x_wconf 87' lang='lat' dir='ltr'><strong>atque</strong></span> <span class='ocrx_word' id='word_1_16' title='bbox 1708 502 1760 557; x_wconf 82' lang='grc' dir='ltr'>Α</span> <span class='ocrx_word' id='word_1_17' title='bbox 1786 495 1930 550; x_wconf 92' lang='lat' dir='ltr'><strong>dicto</strong></span> <span class='ocrx_word' id='word_1_18' title='bbox 1980 495 2225 551; x_wconf 78' lang='lat' dir='ltr'><strong>Pontifici</strong></span> <span class='ocrx_word' id='word_1_19' title='bbox 2280 514 2463 554; x_wconf 76' lang='lat' dir='ltr'><strong>missa.</strong></span> <span class='ocrx_word' id='word_1_20' title='bbox 2515 500 2590 553; x_wconf 80' lang='lat' dir='ltr'><strong>Ex</strong></span> <span class='ocrx_word' id='word_1_21' title='bbox 2638 500 2865 558; x_wconf 85' lang='lat' dir='ltr'><strong>Francis</strong></span> <span class='ocrx_word' id='word_1_22' title='bbox 2903 520 3032 559; x_wconf 83' lang='lat' dir='ltr'><strong>vero</strong></span> <span class='ocrx_word' id='word_1_23' title='bbox 3067 506 3211 561; x_wconf 88' lang='lat' dir='ltr'><strong>mille</strong></span> <span class='ocrx_word' id='word_1_24' title='bbox 3242 518 3361 566; x_wconf 88' lang='lat' dir='ltr'><strong>tan-</strong></span> 
     </span>
    </p>
   </div>
   <div class='ocr_carea' id='block_1_5' title="bbox 126 577 1681 655">
    <p class='ocr_par' dir='ltr' id='par_1_5' title="bbox 126 577 1681 655">
     <span class='ocr_line' id='line_1_5' title="bbox 126 577 1681 655; baseline 0.007 -24"><span class='ocrx_word' id='word_1_25' title='bbox 126 577 387 648; x_wconf 80' lang='lat' dir='ltr'><strong>presbyter</strong></span> <span class='ocrx_word' id='word_1_26' title='bbox 408 589 493 633; x_wconf 84' lang='lat' dir='ltr'><strong>est</strong></span> <span class='ocrx_word' id='word_1_27' title='bbox 511 591 884 635; x_wconf 85' lang='lat' dir='ltr'><strong>consecratus.</strong></span> <span class='ocrx_word' id='word_1_28' title='bbox 918 582 1252 639; x_wconf 91' lang='lat' dir='ltr'><strong>Theodosius</strong></span> <span class='ocrx_word' id='word_1_29' title='bbox 1277 600 1407 640; x_wconf 87' lang='lat' dir='ltr'><strong>vero</strong></span> <span class='ocrx_word' id='word_1_30' title='bbox 1435 588 1681 655; x_wconf 88' lang='lat' dir='ltr'><strong>protinus</strong></span> 
     </span>
    </p>
   </div>
   <div class='ocr_carea' id='block_1_6' title="bbox 127 671 1681 749">
    <p class='ocr_par' dir='ltr' id='par_1_6' title="bbox 127 671 1681 749">
     <span class='ocr_line' id='line_1_6' title="bbox 127 671 1681 749; baseline 0.006 -26"><span class='ocrx_word' id='word_1_31' title='bbox 127 671 285 724; x_wconf 80' lang='lat' dir='ltr'><strong>urbem</strong></span> <span class='ocrx_word' id='word_1_32' title='bbox 331 672 538 742; x_wconf 78' lang='lat' dir='ltr'><strong>regiam</strong></span> <span class='ocrx_word' id='word_1_33' title='bbox 582 673 881 743; x_wconf 87' lang='lat' dir='ltr'><strong>ingressus,</strong></span> <span class='ocrx_word' id='word_1_34' title='bbox 917 691 1038 746; x_wconf 79' lang='lat' dir='ltr'><strong>qua:</strong></span> <span class='ocrx_word' id='word_1_35' title='bbox 1080 691 1109 730; x_wconf 91' lang='lat' dir='ltr'><strong>a</strong></span> <span class='ocrx_word' id='word_1_36' title='bbox 1142 676 1439 749; x_wconf 76' lang='lat' dir='ltr'><strong>Philippico</strong></span> <span class='ocrx_word' id='word_1_37' title='bbox 1478 678 1681 746; x_wconf 81' lang='lat' dir='ltr'><strong>dejecta</strong></span> 
     </span>
    </p>
   </div>
   <div class='ocr_carea' id='block_1_7' title="bbox 130 746 1684 832">
    <p class='ocr_par' dir='ltr' id='par_1_7' title="bbox 130 746 1684 832">
     <span class='ocr_line' id='line_1_7' title="bbox 130 746 1684 832; baseline 0.008 -19"><span class='ocrx_word' id='word_1_38' title='bbox 130 762 321 817; x_wconf 77' lang='lat' dir='ltr'><strong>fuerant</strong></span> <span class='ocrx_word' id='word_1_39' title='bbox 350 763 401 815; x_wconf 92' lang='lat' dir='ltr'><strong>in</strong></span> <span class='ocrx_word' id='word_1_40' title='bbox 430 764 721 832; x_wconf 89' lang='lat' dir='ltr'><strong>pristinum</strong></span> <span class='ocrx_word' id='word_1_41' title='bbox 752 768 926 820; x_wconf 84' lang='lat' dir='ltr'><strong>erexit</strong></span> <span class='ocrx_word' id='word_1_42' title='bbox 954 776 1154 821; x_wconf 87' lang='lat' dir='ltr'><strong>statum</strong></span> <span class='ocrx_word' id='word_1_43' title='bbox 1189 778 1238 823; x_wconf 93' lang='lat' dir='ltr'><strong>et</strong></span> <span class='ocrx_word' id='word_1_44' title='bbox 1270 746 1528 823; x_wconf 69' lang='lat' dir='ltr'><strong>Ecclesiae</strong></span> <span class='ocrx_word' id='word_1_45' title='bbox 1554 771 1684 825; x_wconf 86' lang='lat' dir='ltr'><strong>satis</strong></span> 
     </span>
    </p>
   </div>
   <div class='ocr_carea' id='block_1_8' title="bbox 126 854 1683 921">
    <p class='ocr_par' dir='ltr' id='par_1_8' title="bbox 126 854 1683 921">
     <span class='ocr_line' id='line_1_8' title="bbox 126 854 1683 921; baseline 0.006 -16"><span class='ocrx_word' id='word_1_46' title='bbox 126 854 297 921; x_wconf 82' lang='lat' dir='ltr'><strong>profuit</strong></span> <span class='ocrx_word' id='word_1_47' title='bbox 332 854 553 909; x_wconf 77' lang='lat' dir='ltr'><strong>fervore</strong></span> <span class='ocrx_word' id='word_1_48' title='bbox 593 871 706 911; x_wconf 76' lang='lat' dir='ltr'><strong>sua:</strong></span> <span class='ocrx_word' id='word_1_49' title='bbox 747 856 891 911; x_wconf 81' lang='lat' dir='ltr'><strong>ﬁdei.</strong></span> <span class='ocrx_word' id='word_1_50' title='bbox 934 858 1087 913; x_wconf 90' lang='lat' dir='ltr'><strong>Tunc</strong></span> <span class='ocrx_word' id='word_1_51' title='bbox 1134 860 1327 915; x_wconf 90' lang='lat' dir='ltr'><strong>ﬂuvius</strong></span> <span class='ocrx_word' id='word_1_52' title='bbox 1364 861 1573 915; x_wconf 78' lang='lat' dir='ltr'><strong>Tiberis</strong></span> <span class='ocrx_word' id='word_1_53' title='bbox 1600 861 1683 914; x_wconf 93' lang='lat' dir='ltr'><strong>al-</strong></span> 
     </span>
    </p>
   </div>
   <div class='ocr_carea' id='block_1_9' title="bbox 128 948 1683 1015">
    <p class='ocr_par' dir='ltr' id='par_1_9' title="bbox 128 948 1683 1015">
     <span class='ocr_line' id='line_1_9' title="bbox 128 948 1683 1015; baseline 0.005 -20"><span class='ocrx_word' id='word_1_54' title='bbox 128 958 256 997; x_wconf 72' lang='lat' dir='ltr'><strong>veum</strong></span> <span class='ocrx_word' id='word_1_55' title='bbox 280 960 443 999; x_wconf 90' lang='lat' dir='ltr'><strong>suum</strong></span> <span class='ocrx_word' id='word_1_56' title='bbox 473 961 745 1015; x_wconf 89' lang='lat' dir='ltr'><strong>egressus,</strong></span> <span class='ocrx_word' id='word_1_57' title='bbox 781 948 920 1001; x_wconf 91' lang='lat' dir='ltr'><strong>ultra</strong></span> <span class='ocrx_word' id='word_1_58' title='bbox 960 950 1175 1003; x_wconf 84' lang='lat' dir='ltr'><strong>modum</strong></span> <span class='ocrx_word' id='word_1_59' title='bbox 1211 950 1488 1015; x_wconf 90' lang='lat' dir='ltr'><strong>intumuit,</strong></span> <span class='ocrx_word' id='word_1_60' title='bbox 1521 950 1592 1003; x_wconf 89' lang='lat' dir='ltr'><strong>ita</strong></span> <span class='ocrx_word' id='word_1_61' title='bbox 1624 959 1683 1003; x_wconf 89' lang='lat' dir='ltr'><strong>ut</strong></span> 
     </span>
    </p>
   </div>
   <div class='ocr_carea' id='block_1_10' title="bbox 128 1037 1682 1113">
    <p class='ocr_par' dir='ltr' id='par_1_10' title="bbox 128 1037 1682 1113">
     <span class='ocr_line' id='line_1_10' title="bbox 128 1037 1682 1113; baseline 0.003 -23"><span class='ocrx_word' id='word_1_62' title='bbox 128 1038 169 1091; x_wconf 91' lang='lat' dir='ltr'><strong>in</strong></span> <span class='ocrx_word' id='word_1_63' title='bbox 190 1040 261 1091; x_wconf 78' lang='lat' dir='ltr'><strong>via</strong></span> <span class='ocrx_word' id='word_1_64' title='bbox 278 1037 418 1092; x_wconf 86' lang='lat' dir='ltr'><strong>Lata</strong></span> <span class='ocrx_word' id='word_1_65' title='bbox 442 1040 508 1093; x_wconf 91' lang='lat' dir='ltr'><strong>ad</strong></span> <span class='ocrx_word' id='word_1_66' title='bbox 531 1056 694 1094; x_wconf 92' lang='lat' dir='ltr'><strong>unam</strong></span> <span class='ocrx_word' id='word_1_67' title='bbox 724 1049 778 1094; x_wconf 90' lang='lat' dir='ltr'><strong>et</strong></span> <span class='ocrx_word' id='word_1_68' title='bbox 802 1040 965 1094; x_wconf 81' lang='lat' dir='ltr'><strong>semis</strong></span> <span class='ocrx_word' id='word_1_69' title='bbox 994 1050 1255 1095; x_wconf 88' lang='lat' dir='ltr'><strong>staturam</strong></span> <span class='ocrx_word' id='word_1_70' title='bbox 1284 1059 1421 1113; x_wconf 86' lang='lat' dir='ltr'><strong>aqua</strong></span> <span class='ocrx_word' id='word_1_71' title='bbox 1443 1044 1682 1113; x_wconf 78' lang='lat' dir='ltr'><strong>ejusdem</strong></span> 
     </span>
    </p>
   </div>
   <div class='ocr_carea' id='block_1_11' title="bbox 126 1130 1683 1203">
    <p class='ocr_par' dir='ltr' id='par_1_11' title="bbox 126 1130 1683 1203">
     <span class='ocr_line' id='line_1_11' title="bbox 126 1130 1683 1203; baseline 0.004 -21"><span class='ocrx_word' id='word_1_72' title='bbox 126 1130 337 1184; x_wconf 87' lang='lat' dir='ltr'><strong>ﬂuminis</strong></span> <span class='ocrx_word' id='word_1_73' title='bbox 362 1132 719 1195; x_wconf 77' lang='lat' dir='ltr'><strong>excrevisset,</strong></span> <span class='ocrx_word' id='word_1_74' title='bbox 748 1143 909 1199; x_wconf 84' lang='lat' dir='ltr'><strong>atque</strong></span> <span class='ocrx_word' id='word_1_75' title='bbox 940 1148 967 1184; x_wconf 90' lang='lat' dir='ltr'><strong>a</strong></span> <span class='ocrx_word' id='word_1_76' title='bbox 1002 1145 1153 1202; x_wconf 90' lang='lat' dir='ltr'><strong>porta</strong></span> <span class='ocrx_word' id='word_1_77' title='bbox 1180 1134 1240 1187; x_wconf 87' lang='grc' dir='ltr'><strong>Β.</strong></span> <span class='ocrx_word' id='word_1_78' title='bbox 1270 1134 1411 1189; x_wconf 91' lang='lat' dir='ltr'><strong>Petri</strong></span> <span class='ocrx_word' id='word_1_79' title='bbox 1439 1135 1683 1203; x_wconf 76' lang='lat' dir='ltr'><strong>Apostoli</strong></span> 
     </span>
    </p>
   </div>
   <div class='ocr_carea' id='block_1_12' title="bbox 127 1224 1680 1296">
    <p class='ocr_par' dir='ltr' id='par_1_12' title="bbox 127 1224 1680 1296">
     <span class='ocr_line' id='line_1_12' title="bbox 127 1224 1680 1296; baseline 0.005 -22"><span class='ocrx_word' id='word_1_80' title='bbox 127 1238 270 1291; x_wconf 88' lang='lat' dir='ltr'><strong>usque</strong></span> <span class='ocrx_word' id='word_1_81' title='bbox 317 1226 388 1277; x_wconf 84' lang='lat' dir='ltr'><strong>ad</strong></span> <span class='ocrx_word' id='word_1_82' title='bbox 439 1235 655 1293; x_wconf 89' lang='lat' dir='ltr'><strong>pontem</strong></span> <span class='ocrx_word' id='word_1_83' title='bbox 712 1224 950 1279; x_wconf 85' lang='lat' dir='ltr'><strong>Milvinm</strong></span> <span class='ocrx_word' id='word_1_84' title='bbox 999 1242 1152 1296; x_wconf 67' lang='lat' dir='ltr'><strong>aquae</strong></span> <span class='ocrx_word' id='word_1_85' title='bbox 1190 1244 1248 1282; x_wconf 93' lang='lat' dir='ltr'><strong>se</strong></span> <span class='ocrx_word' id='word_1_86' title='bbox 1295 1228 1680 1283; x_wconf 88' lang='lat' dir='ltr'><strong>distenderent.</strong></span> 
     </span>
    </p>
   </div>
   <div class='ocr_carea' id='block_1_13' title="bbox 126 1310 1682 1386">
    <p class='ocr_par' dir='ltr' id='par_1_13' title="bbox 126 1310 1682 1386">
     <span class='ocr_line' id='line_1_13' title="bbox 126 1310 1682 1386; baseline 0.002 -19"><span class='ocrx_word' id='word_1_87' title='bbox 126 1313 253 1368; x_wconf 84' lang='lat' dir='ltr'><strong>Unde</strong></span> <span class='ocrx_word' id='word_1_88' title='bbox 278 1314 540 1369; x_wconf 78' lang='lat' dir='ltr'><strong>Romanis</strong></span> <span class='ocrx_word' id='word_1_89' title='bbox 568 1314 848 1369; x_wconf 79' lang='lat' dir='ltr'><strong>tribulatio</strong></span> <span class='ocrx_word' id='word_1_90' title='bbox 884 1316 1115 1370; x_wconf 76' lang='lat' dir='ltr'><strong>maxima</strong></span> <span class='ocrx_word' id='word_1_91' title='bbox 1156 1317 1495 1382; x_wconf 86' lang='lat' dir='ltr'><strong>imminebat,</strong></span> <span class='ocrx_word' id='word_1_92' title='bbox 1538 1310 1682 1386; x_wconf 86' lang='lat' dir='ltr'><strong>quod</strong></span> 
     </span>
    </p>
   </div>
   <div class='ocr_carea' id='block_1_14' title="bbox 126 1409 1687 1479">
    <p class='ocr_par' dir='ltr' id='par_1_14' title="bbox 126 1409 1687 1479">
     <span class='ocr_line' id='line_1_14' title="bbox 126 1409 1687 1479; baseline 0.002 -18"><span class='ocrx_word' id='word_1_93' title='bbox 126 1422 280 1461; x_wconf 74' lang='lat' dir='ltr'><strong>serere</strong></span> <span class='ocrx_word' id='word_1_94' title='bbox 309 1422 418 1462; x_wconf 90' lang='lat' dir='ltr'><strong>non</strong></span> <span class='ocrx_word' id='word_1_95' title='bbox 447 1416 700 1476; x_wconf 84' lang='lat' dir='ltr'><strong>poterant</strong></span> <span class='ocrx_word' id='word_1_96' title='bbox 746 1426 757 1461; x_wconf 90' lang='lat'><em>:</em></span> <span class='ocrx_word' id='word_1_97' title='bbox 796 1417 851 1461; x_wconf 90' lang='lat' dir='ltr'><strong>et</strong></span> <span class='ocrx_word' id='word_1_98' title='bbox 892 1409 1092 1464; x_wconf 90' lang='lat' dir='ltr'><strong>idcirco</strong></span> <span class='ocrx_word' id='word_1_99' title='bbox 1115 1424 1145 1463; x_wconf 88' lang='lat' dir='ltr'><strong>a</strong></span> <span class='ocrx_word' id='word_1_100' title='bbox 1184 1410 1383 1463; x_wconf 87' lang='lat' dir='ltr'><strong>domno</strong></span> <span class='ocrx_word' id='word_1_101' title='bbox 1412 1410 1554 1479; x_wconf 85' lang='lat' dir='ltr'><strong>Papa</strong></span> <span class='ocrx_word' id='word_1_102' title='bbox 1583 1410 1687 1464; x_wconf 87' lang='lat' dir='ltr'><strong>Le-</strong></span> 
     </span>
    </p>
   </div>
   <div class='ocr_carea' id='block_1_15' title="bbox 126 1500 1682 1555">
    <p class='ocr_par' dir='ltr' id='par_1_15' title="bbox 126 1500 1682 1555">
     <span class='ocr_line' id='line_1_15' title="bbox 126 1500 1682 1555; baseline 0.003 -4"><span class='ocrx_word' id='word_1_103' title='bbox 126 1500 260 1553; x_wconf 72' lang='lat' dir='ltr'><strong>tanize</strong></span> <span class='ocrx_word' id='word_1_104' title='bbox 287 1501 486 1553; x_wconf 89' lang='lat' dir='ltr'><strong>crebro</strong></span> <span class='ocrx_word' id='word_1_105' title='bbox 519 1501 740 1553; x_wconf 84' lang='lat' dir='ltr'><strong>ﬂebant.</strong></span> <span class='ocrx_word' id='word_1_106' title='bbox 772 1500 1009 1555; x_wconf 89' lang='lat' dir='ltr'><strong>Tandem</strong></span> <span class='ocrx_word' id='word_1_107' title='bbox 1054 1510 1244 1555; x_wconf 84' lang='lat' dir='ltr'><strong>octava</strong></span> <span class='ocrx_word' id='word_1_108' title='bbox 1298 1501 1385 1555; x_wconf 90' lang='lat' dir='ltr'><strong>die</strong></span> <span class='ocrx_word' id='word_1_109' title='bbox 1430 1516 1682 1555; x_wconf 85' lang='lat' dir='ltr'><strong>cessave-</strong></span> 
     </span>
    </p>
   </div>
   <div class='ocr_carea' id='block_1_16' title="bbox 127 1591 1683 1660">
    <p class='ocr_par' dir='ltr' id='par_1_16' title="bbox 127 1591 1683 1660">
     <span class='ocr_line' id='line_1_16' title="bbox 127 1591 1683 1660; baseline 0.005 -19"><span class='ocrx_word' id='word_1_110' title='bbox 127 1601 230 1643; x_wconf 87' lang='lat' dir='ltr'><strong>runt</strong></span> <span class='ocrx_word' id='word_1_111' title='bbox 250 1600 414 1660; x_wconf 86' lang='lat' dir='ltr'><strong>atque</strong></span> <span class='ocrx_word' id='word_1_112' title='bbox 444 1591 529 1645; x_wconf 74' lang='grc'><strong>15.</strong></span> <span class='ocrx_word' id='word_1_113' title='bbox 563 1593 878 1646; x_wconf 90' lang='lat' dir='ltr'><strong>indictione.</strong></span> <span class='ocrx_word' id='word_1_114' title='bbox 907 1593 1207 1647; x_wconf 76' lang='lat' dir='ltr'><strong>Cumanum</strong></span> <span class='ocrx_word' id='word_1_115' title='bbox 1238 1596 1403 1648; x_wconf 89' lang='lat' dir='ltr'><strong>etiam</strong></span> <span class='ocrx_word' id='word_1_116' title='bbox 1443 1604 1683 1649; x_wconf 90' lang='lat' dir='ltr'><strong>castrum</strong></span> 
     </span>
    </p>
   </div>
   <div class='ocr_carea' id='block_1_17' title="bbox 127 1680 1685 1759">
    <p class='ocr_par' dir='ltr' id='par_1_17' title="bbox 127 1680 1685 1759">
     <span class='ocr_line' id='line_1_17' title="bbox 127 1680 1685 1759; baseline 0.005 -25"><span class='ocrx_word' id='word_1_117' title='bbox 127 1681 222 1749; x_wconf 78' lang='lat' dir='ltr'><strong>ipso</strong></span> <span class='ocrx_word' id='word_1_118' title='bbox 247 1680 423 1736; x_wconf 78' lang='lat' dir='ltr'><strong>fuerat</strong></span> <span class='ocrx_word' id='word_1_119' title='bbox 465 1692 709 1753; x_wconf 79' lang='lat' dir='ltr'><strong>tempore</strong></span> <span class='ocrx_word' id='word_1_120' title='bbox 748 1702 775 1739; x_wconf 91' lang='lat' dir='ltr'><strong>a</strong></span> <span class='ocrx_word' id='word_1_121' title='bbox 817 1685 1186 1756; x_wconf 85' lang='lat' dir='ltr'><strong>Laugobardis</strong></span> <span class='ocrx_word' id='word_1_122' title='bbox 1224 1690 1374 1757; x_wconf 82' lang='lat' dir='ltr'><strong>pacis</strong></span> <span class='ocrx_word' id='word_1_123' title='bbox 1403 1689 1525 1743; x_wconf 79' lang='lat' dir='ltr'><strong>dolo</strong></span> <span class='ocrx_word' id='word_1_124' title='bbox 1562 1705 1685 1759; x_wconf 87' lang='lat' dir='ltr'><strong>per-</strong></span> 
     </span>
    </p>
   </div>
   <div class='ocr_carea' id='block_1_18' title="bbox 68 1774 1681 1849">
    <p class='ocr_par' dir='ltr' id='par_1_18' title="bbox 68 1774 1681 1849">
     <span class='ocr_line' id='line_1_18' title="bbox 68 1774 1681 1849; baseline 0.011 -30"><span class='ocrx_word' id='word_1_125' title='bbox 68 1790 69 1793; x_wconf 52' lang='grc' dir='ltr'><strong>η</strong></span> <span class='ocrx_word' id='word_1_126' title='bbox 126 1785 304 1825; x_wconf 72' lang='lat' dir='ltr'><strong>rasum.</strong></span> <span class='ocrx_word' id='word_1_127' title='bbox 350 1774 507 1841; x_wconf 87' lang='lat' dir='ltr'><strong>Quod</strong></span> <span class='ocrx_word' id='word_1_128' title='bbox 553 1792 676 1829; x_wconf 89' lang='lat' dir='ltr'><strong>cum</strong></span> <span class='ocrx_word' id='word_1_129' title='bbox 715 1776 953 1833; x_wconf 88' lang='lat' dir='ltr'><strong>Domnus</strong></span> <span class='ocrx_word' id='word_1_130' title='bbox 979 1780 1120 1848; x_wconf 88' lang='lat' dir='ltr'><strong>Papa</strong></span> <span class='ocrx_word' id='word_1_131' title='bbox 1152 1797 1249 1835; x_wconf 91' lang='lat' dir='ltr'><strong>nec</strong></span> <span class='ocrx_word' id='word_1_132' title='bbox 1279 1782 1546 1849; x_wconf 86' lang='lat' dir='ltr'><strong>precibus,</strong></span> <span class='ocrx_word' id='word_1_133' title='bbox 1582 1799 1681 1838; x_wconf 90' lang='lat' dir='ltr'><strong>nec</strong></span> 
     </span>
    </p>
   </div>
   <div class='ocr_carea' id='block_1_19' title="bbox 1787 588 3359 657">
    <p class='ocr_par' dir='ltr' id='par_1_19' title="bbox 1787 588 3359 657">
     <span class='ocr_line' id='line_1_19' title="bbox 1787 588 3359 657; baseline 0.011 -22"><span class='ocrx_word' id='word_1_134' title='bbox 1787 592 1896 637; x_wconf 92' lang='lat' dir='ltr'><strong>tum</strong></span> <span class='ocrx_word' id='word_1_135' title='bbox 1964 596 2018 639; x_wconf 91' lang='lat' dir='ltr'><strong>et</strong></span> <span class='ocrx_word' id='word_1_136' title='bbox 2083 588 2476 657; x_wconf 83' lang='lat' dir='ltr'><strong>quinquaginta</strong></span> <span class='ocrx_word' id='word_1_137' title='bbox 2552 591 2604 643; x_wconf 90' lang='lat' dir='ltr'><strong>in</strong></span> <span class='ocrx_word' id='word_1_138' title='bbox 2674 593 2860 646; x_wconf 88' lang='lat' dir='ltr'><strong>eodem</strong></span> <span class='ocrx_word' id='word_1_139' title='bbox 2931 593 3069 648; x_wconf 88' lang='lat' dir='ltr'><strong>bello</strong></span> <span class='ocrx_word' id='word_1_140' title='bbox 3143 595 3359 653; x_wconf 82' lang='lat' dir='ltr'><strong>fuerunt</strong></span> 
     </span>
    </p>
   </div>
   <div class='ocr_carea' id='block_1_20' title="bbox 1786 675 3354 753">
    <p class='ocr_par' dir='ltr' id='par_1_20' title="bbox 1786 675 3354 753">
     <span class='ocr_line' id='line_1_20' title="bbox 1786 675 3354 753; baseline 0.012 -27"><span class='ocrx_word' id='word_1_141' title='bbox 1786 675 1988 730; x_wconf 88' lang='lat' dir='ltr'><strong>mortui</strong></span> <span class='ocrx_word' id='word_1_142' title='bbox 2040 690 2055 729; x_wconf 89' lang='lat'><strong>:</strong></span> <span class='ocrx_word' id='word_1_143' title='bbox 2107 693 2174 731; x_wconf 77' lang='lat' dir='ltr'><strong>ex</strong></span> <span class='ocrx_word' id='word_1_144' title='bbox 2217 679 2410 748; x_wconf 90' lang='lat' dir='ltr'><strong>quibus</strong></span> <span class='ocrx_word' id='word_1_145' title='bbox 2462 681 2580 735; x_wconf 89' lang='lat' dir='ltr'><strong>ideo</strong></span> <span class='ocrx_word' id='word_1_146' title='bbox 2620 681 2800 750; x_wconf 84' lang='lat' dir='ltr'><strong>plures</strong></span> <span class='ocrx_word' id='word_1_147' title='bbox 2854 700 2961 738; x_wconf 92' lang='lat' dir='ltr'><strong>non</strong></span> <span class='ocrx_word' id='word_1_148' title='bbox 3012 686 3354 753; x_wconf 89' lang='lat' dir='ltr'><strong>interierunt,</strong></span> 
     </span>
    </p>
   </div>
   <div class='ocr_carea' id='block_1_21' title="bbox 1787 765 3359 837">
    <p class='ocr_par' dir='ltr' id='par_1_21' title="bbox 1787 765 3359 837">
     <span class='ocr_line' id='line_1_21' title="bbox 1787 765 3359 837; baseline 0.012 -22"><span class='ocrx_word' id='word_1_149' title='bbox 1787 765 1913 835; x_wconf 89' lang='lat' dir='ltr'><strong>quia</strong></span> <span class='ocrx_word' id='word_1_150' title='bbox 1964 781 2107 822; x_wconf 87' lang='lat' dir='ltr'><strong>anno</strong></span> <span class='ocrx_word' id='word_1_151' title='bbox 2166 771 2445 837; x_wconf 62' lang='lat' dir='ltr'><strong>praemisso</strong></span> <span class='ocrx_word' id='word_1_152' title='bbox 2497 771 2634 826; x_wconf 88' lang='lat' dir='ltr'><strong>idem</strong></span> <span class='ocrx_word' id='word_1_153' title='bbox 2692 775 2806 828; x_wconf 76' lang='lat' dir='ltr'><strong>Dux</strong></span> <span class='ocrx_word' id='word_1_154' title='bbox 2848 775 2997 831; x_wconf 87' lang='lat' dir='ltr'><strong>Eudo</strong></span> <span class='ocrx_word' id='word_1_155' title='bbox 3044 778 3094 830; x_wconf 87' lang='lat' dir='ltr'><strong>in</strong></span> <span class='ocrx_word' id='word_1_156' title='bbox 3139 778 3359 833; x_wconf 87' lang='lat' dir='ltr'><strong>benedi-</strong></span> 
     </span>
    </p>
   </div>
   <div class='ocr_carea' id='block_1_22' title="bbox 1785 857 3362 941">
    <p class='ocr_par' dir='ltr' id='par_1_22' title="bbox 1785 857 3362 941">
     <span class='ocr_line' id='line_1_22' title="bbox 1785 857 3362 941; baseline 0.011 -33"><span class='ocrx_word' id='word_1_157' title='bbox 1785 857 2020 911; x_wconf 85' lang='lat' dir='ltr'><strong>ctionem</strong></span> <span class='ocrx_word' id='word_1_158' title='bbox 2067 868 2175 913; x_wconf 82' lang='lat' dir='ltr'><strong>tres</strong></span> <span class='ocrx_word' id='word_1_159' title='bbox 2205 861 2457 930; x_wconf 81' lang='lat' dir='ltr'><strong>spongias</strong></span> <span class='ocrx_word' id='word_1_160' title='bbox 2492 878 2517 915; x_wconf 87' lang='lat' dir='ltr'><strong>a</strong></span> <span class='ocrx_word' id='word_1_161' title='bbox 2558 862 2813 931; x_wconf 78' lang='lat' dir='ltr'><strong>pracdicto</strong></span> <span class='ocrx_word' id='word_1_162' title='bbox 2845 866 3103 922; x_wconf 86' lang='lat' dir='ltr'><strong>Pontilice</strong></span> <span class='ocrx_word' id='word_1_163' title='bbox 3142 885 3362 941; x_wconf 88' lang='lat' dir='ltr'><strong>accepe-</strong></span> 
     </span>
    </p>
   </div>
   <div class='ocr_carea' id='block_1_23' title="bbox 1787 951 3391 1033">
    <p class='ocr_par' dir='ltr' id='par_1_23' title="bbox 1787 951 3391 1033">
     <span class='ocr_line' id='line_1_23' title="bbox 1787 951 3391 1033; baseline 0.011 -33"><span class='ocrx_word' id='word_1_164' title='bbox 1787 956 1892 1012; x_wconf 88' lang='lat' dir='ltr'><strong>rat,</strong></span> <span class='ocrx_word' id='word_1_165' title='bbox 1921 964 1984 1002; x_wconf 81' lang='lat' dir='ltr'><strong>ex</strong></span> <span class='ocrx_word' id='word_1_166' title='bbox 2012 951 2204 1019; x_wconf 87' lang='lat' dir='ltr'><strong>quibus</strong></span> <span class='ocrx_word' id='word_1_167' title='bbox 2235 953 2285 1005; x_wconf 90' lang='lat' dir='ltr'><strong>in</strong></span> <span class='ocrx_word' id='word_1_168' title='bbox 2315 953 2469 1017; x_wconf 86' lang='lat' dir='ltr'><strong>hora,</strong></span> <span class='ocrx_word' id='word_1_169' title='bbox 2502 970 2607 1023; x_wconf 87' lang='lat' dir='ltr'><strong>qua</strong></span> <span class='ocrx_word' id='word_1_170' title='bbox 2642 957 2837 1011; x_wconf 90' lang='lat' dir='ltr'><strong>bellum</strong></span> <span class='ocrx_word' id='word_1_171' title='bbox 2876 962 3223 1015; x_wconf 83' lang='lat' dir='ltr'><strong>commissum</strong></span> <span class='ocrx_word' id='word_1_172' title='bbox 3255 972 3357 1033; x_wconf 84' lang='lat' dir='ltr'><strong>est,</strong></span> <span class='ocrx_word' id='word_1_173' title='bbox 3386 992 3391 1001; x_wconf 87' lang='lat'><strong>-</strong></span> 
     </span>
    </p>
   </div>
   <div class='ocr_carea' id='block_1_24' title="bbox 1785 1038 3360 1121">
    <p class='ocr_par' dir='ltr' id='par_1_24' title="bbox 1785 1038 3360 1121">
     <span class='ocr_line' id='line_1_24' title="bbox 1785 1038 3360 1121; baseline 0.012 -32"><span class='ocrx_word' id='word_1_174' title='bbox 1785 1038 2093 1108; x_wconf 88' lang='lat' dir='ltr'><strong>quicunque</strong></span> <span class='ocrx_word' id='word_1_175' title='bbox 2122 1042 2190 1095; x_wconf 89' lang='lat' dir='ltr'><strong>ad</strong></span> <span class='ocrx_word' id='word_1_176' title='bbox 2236 1041 2554 1097; x_wconf 89' lang='lat' dir='ltr'><strong>sumendum</strong></span> <span class='ocrx_word' id='word_1_177' title='bbox 2600 1048 2863 1103; x_wconf 89' lang='lat' dir='ltr'><strong>modicam</strong></span> <span class='ocrx_word' id='word_1_178' title='bbox 2901 1062 3092 1104; x_wconf 91' lang='lat' dir='ltr'><strong>nactus</strong></span> <span class='ocrx_word' id='word_1_179' title='bbox 3123 1063 3204 1106; x_wconf 93' lang='lat' dir='ltr'><strong>est</strong></span> <span class='ocrx_word' id='word_1_180' title='bbox 3230 1070 3360 1121; x_wconf 89' lang='lat' dir='ltr'><strong>par-</strong></span> 
     </span>
    </p>
   </div>
   <div class='ocr_carea' id='block_1_25' title="bbox 1787 1126 3361 1212">
    <p class='ocr_par' dir='ltr' id='par_1_25' title="bbox 1787 1126 3361 1212">
     <span class='ocr_line' id='line_1_25' title="bbox 1787 1126 3361 1212; baseline 0.01 -32"><span class='ocrx_word' id='word_1_181' title='bbox 1787 1126 2024 1190; x_wconf 89' lang='lat' dir='ltr'><strong>ticulam,</strong></span> <span class='ocrx_word' id='word_1_182' title='bbox 2051 1143 2151 1183; x_wconf 89' lang='lat' dir='ltr'><strong>nec</strong></span> <span class='ocrx_word' id='word_1_183' title='bbox 2172 1129 2503 1196; x_wconf 84' lang='lat' dir='ltr'><strong>vulneratus,</strong></span> <span class='ocrx_word' id='word_1_184' title='bbox 2531 1148 2629 1187; x_wconf 87' lang='lat' dir='ltr'><strong>nec</strong></span> <span class='ocrx_word' id='word_1_185' title='bbox 2655 1145 2898 1190; x_wconf 87' lang='lat' dir='ltr'><strong>mortuus</strong></span> <span class='ocrx_word' id='word_1_186' title='bbox 2921 1148 3022 1192; x_wconf 90' lang='lat' dir='ltr'><strong>est.</strong></span> <span class='ocrx_word' id='word_1_187' title='bbox 3055 1139 3361 1212; x_wconf 87' lang='lat' dir='ltr'><strong>Eodemque</strong></span> 
     </span>
    </p>
   </div>
   <div class='ocr_carea' id='block_1_26' title="bbox 1788 1220 3358 1297">
    <p class='ocr_par' dir='ltr' id='par_1_26' title="bbox 1788 1220 3358 1297">
     <span class='ocr_line' id='line_1_26' title="bbox 1788 1220 3358 1297; baseline 0.011 -28"><span class='ocrx_word' id='word_1_188' title='bbox 1788 1224 2026 1287; x_wconf 87' lang='lat' dir='ltr'><strong>tempore</strong></span> <span class='ocrx_word' id='word_1_189' title='bbox 2052 1220 2106 1273; x_wconf 92' lang='lat' dir='ltr'><strong>in</strong></span> <span class='ocrx_word' id='word_1_190' title='bbox 2128 1220 2436 1290; x_wconf 64' lang='lat' dir='ltr'><strong>Campaniae</strong></span> <span class='ocrx_word' id='word_1_191' title='bbox 2457 1224 2700 1293; x_wconf 88' lang='lat' dir='ltr'><strong>partibus</strong></span> <span class='ocrx_word' id='word_1_192' title='bbox 2732 1227 3067 1281; x_wconf 87' lang='lat' dir='ltr'><strong>combustum</strong></span> <span class='ocrx_word' id='word_1_193' title='bbox 3094 1230 3358 1297; x_wconf 88' lang='lat' dir='ltr'><strong>triticum,</strong></span> 
     </span>
    </p>
   </div>
   <div class='ocr_carea' id='block_1_27' title="bbox 1786 1308 3359 1390">
    <p class='ocr_par' dir='ltr' id='par_1_27' title="bbox 1786 1308 3359 1390">
     <span class='ocr_line' id='line_1_27' title="bbox 1786 1308 3359 1390; baseline 0.009 -28"><span class='ocrx_word' id='word_1_194' title='bbox 1786 1308 2067 1375; x_wconf 85' lang='lat' dir='ltr'><strong>hordeum,</strong></span> <span class='ocrx_word' id='word_1_195' title='bbox 2098 1312 2213 1366; x_wconf 87' lang='lat' dir='ltr'><strong>sive</strong></span> <span class='ocrx_word' id='word_1_196' title='bbox 2234 1312 2693 1385; x_wconf 82' lang='lat' dir='ltr'><strong>legumina,quasi</strong></span> <span class='ocrx_word' id='word_1_197' title='bbox 2716 1318 2889 1387; x_wconf 53' lang='lat' dir='ltr'><strong>pluvia</strong></span> <span class='ocrx_word' id='word_1_198' title='bbox 2916 1320 2967 1372; x_wconf 93' lang='lat' dir='ltr'><strong>in</strong></span> <span class='ocrx_word' id='word_1_199' title='bbox 2994 1320 3108 1375; x_wconf 93' lang='lat' dir='ltr'><strong>loco</strong></span> <span class='ocrx_word' id='word_1_200' title='bbox 3128 1324 3359 1390; x_wconf 88' lang='lat' dir='ltr'><strong>quodam</strong></span> 
     </span>
    </p>
   </div>
   <div class='ocr_carea' id='block_1_28' title="bbox 1785 1402 3360 1483">
    <p class='ocr_par' dir='ltr' id='par_1_28' title="bbox 1785 1402 3360 1483">
     <span class='ocr_line' id='line_1_28' title="bbox 1785 1402 3360 1483; baseline 0.008 -27"><span class='ocrx_word' id='word_1_201' title='bbox 1785 1416 1815 1456; x_wconf 88' lang='lat' dir='ltr'><strong>e</strong></span> <span class='ocrx_word' id='word_1_202' title='bbox 1845 1402 1981 1458; x_wconf 82' lang='lat' dir='ltr'><strong>etelo</strong></span> <span class='ocrx_word' id='word_1_203' title='bbox 2010 1404 2175 1459; x_wconf 88' lang='lat' dir='ltr'><strong>missa</strong></span> <span class='ocrx_word' id='word_1_204' title='bbox 2206 1415 2348 1459; x_wconf 88' lang='lat' dir='ltr'><strong>sunt.</strong></span> <span class='ocrx_word' id='word_1_205' title='bbox 2393 1405 2491 1461; x_wconf 86' lang='lat' dir='ltr'><strong>llic</strong></span> <span class='ocrx_word' id='word_1_206' title='bbox 2532 1407 2777 1462; x_wconf 78' lang='lat' dir='ltr'><strong>Pontifex</strong></span> <span class='ocrx_word' id='word_1_207' title='bbox 2821 1410 3075 1476; x_wconf 89' lang='lat' dir='ltr'><strong>instituit,</strong></span> <span class='ocrx_word' id='word_1_208' title='bbox 3120 1423 3179 1466; x_wconf 91' lang='lat' dir='ltr'><strong>ut</strong></span> <span class='ocrx_word' id='word_1_209' title='bbox 3216 1416 3360 1483; x_wconf 90' lang='lat' dir='ltr'><strong>quod</strong></span> 
     </span>
    </p>
   </div>
   <div class='ocr_carea' id='block_1_29' title="bbox 1785 1498 3360 1575">
    <p class='ocr_par' dir='ltr' id='par_1_29' title="bbox 1785 1498 3360 1575">
     <span class='ocr_line' id='line_1_29' title="bbox 1785 1498 3360 1575; baseline 0.006 -24"><span class='ocrx_word' id='word_1_210' title='bbox 1785 1512 1889 1551; x_wconf 90' lang='lat' dir='ltr'><strong>non</strong></span> <span class='ocrx_word' id='word_1_211' title='bbox 1951 1498 2211 1568; x_wconf 85' lang='lat' dir='ltr'><strong>agebatur</strong></span> <span class='ocrx_word' id='word_1_212' title='bbox 2264 1499 2723 1570; x_wconf 81' lang='lat' dir='ltr'><strong>Quadragesimali</strong></span> <span class='ocrx_word' id='word_1_213' title='bbox 2786 1512 3029 1572; x_wconf 84' lang='lat' dir='ltr'><strong>tempore</strong></span> <span class='ocrx_word' id='word_1_214' title='bbox 3078 1505 3129 1559; x_wconf 90' lang='lat' dir='ltr'><strong>in</strong></span> <span class='ocrx_word' id='word_1_215' title='bbox 3162 1508 3360 1575; x_wconf 82' lang='lat' dir='ltr'><strong>quinta</strong></span> 
     </span>
    </p>
   </div>
   <div class='ocr_carea' id='block_1_30' title="bbox 1784 1589 3354 1661">
    <p class='ocr_par' dir='ltr' id='par_1_30' title="bbox 1784 1589 3354 1661">
     <span class='ocr_line' id='line_1_30' title="bbox 1784 1589 3354 1661; baseline 0.004 -19"><span class='ocrx_word' id='word_1_216' title='bbox 1784 1589 1917 1643; x_wconf 81' lang='lat' dir='ltr'><strong>feria</strong></span> <span class='ocrx_word' id='word_1_217' title='bbox 1957 1590 2245 1660; x_wconf 76' lang='lat' dir='ltr'><strong>jejunium,</strong></span> <span class='ocrx_word' id='word_1_218' title='bbox 2299 1600 2461 1661; x_wconf 87' lang='lat' dir='ltr'><strong>atque</strong></span> <span class='ocrx_word' id='word_1_219' title='bbox 2508 1592 2791 1648; x_wconf 82' lang='lat' dir='ltr'><strong>Missarum</strong></span> <span class='ocrx_word' id='word_1_220' title='bbox 2847 1595 3135 1649; x_wconf 86' lang='lat' dir='ltr'><strong>celebritas</strong></span> <span class='ocrx_word' id='word_1_221' title='bbox 3182 1596 3354 1651; x_wconf 84' lang='lat' dir='ltr'><strong>ﬂeret.</strong></span> 
     </span>
    </p>
   </div>
   <div class='ocr_carea' id='block_1_31' title="bbox 1783 1682 3357 1754">
    <p class='ocr_par' dir='ltr' id='par_1_31' title="bbox 1783 1682 3357 1754">
     <span class='ocr_line' id='line_1_31' title="bbox 1783 1682 3357 1754; baseline 0.003 -18"><span class='ocrx_word' id='word_1_222' title='bbox 1783 1682 1890 1736; x_wconf 86' lang='lat' dir='ltr'><strong>Illis</strong></span> <span class='ocrx_word' id='word_1_223' title='bbox 1937 1682 2143 1737; x_wconf 89' lang='lat' dir='ltr'><strong>interea</strong></span> <span class='ocrx_word' id='word_1_224' title='bbox 2184 1683 2372 1737; x_wconf 87' lang='lat' dir='ltr'><strong>diebus</strong></span> <span class='ocrx_word' id='word_1_225' title='bbox 2407 1684 2625 1738; x_wconf 91' lang='lat' dir='ltr'><strong>biennio</strong></span> <span class='ocrx_word' id='word_1_226' title='bbox 2666 1684 3163 1754; x_wconf 83' lang='lat' dir='ltr'><strong>ConstantinOpolis</strong></span> <span class='ocrx_word' id='word_1_227' title='bbox 3199 1695 3285 1741; x_wconf 89' lang='lat' dir='ltr'><strong>est</strong></span> <span class='ocrx_word' id='word_1_228' title='bbox 3329 1704 3357 1741; x_wconf 84' lang='lat' dir='ltr'><strong>a</strong></span> 
     </span>
    </p>
   </div>
   <div class='ocr_carea' id='block_1_32' title="bbox 1786 1774 3355 1844">
    <p class='ocr_par' dir='ltr' id='par_1_32' title="bbox 1786 1774 3355 1844">
     <span class='ocr_line' id='line_1_32' title="bbox 1786 1774 3355 1844; baseline 0.003 -15"><span class='ocrx_word' id='word_1_229' title='bbox 1786 1774 2372 1844; x_wconf 65' lang='lat' dir='ltr'><strong>Sarraceniscbsessa,</strong></span> <span class='ocrx_word' id='word_1_230' title='bbox 2405 1777 2500 1831; x_wconf 92' lang='lat' dir='ltr'><strong>sed</strong></span> <span class='ocrx_word' id='word_1_231' title='bbox 2533 1778 2645 1831; x_wconf 77' lang='lat' dir='ltr'><strong>Deo</strong></span> <span class='ocrx_word' id='word_1_232' title='bbox 2676 1780 2753 1833; x_wconf 84' lang='lat' dir='ltr'><strong>eis</strong></span> <span class='ocrx_word' id='word_1_233' title='bbox 2795 1780 3086 1844; x_wconf 86' lang='lat' dir='ltr'><strong>contrario,</strong></span> <span class='ocrx_word' id='word_1_234' title='bbox 3121 1780 3355 1834; x_wconf 72' lang='lat' dir='ltr'><strong>maxima</strong></span> 
     </span>
    </p>
   </div>
   <div class='ocr_carea' id='block_1_33' title="bbox 126 1863 3397 1941">
    <p class='ocr_par' dir='ltr' id='par_1_33' title="bbox 126 1863 3397 1941">
     <span class='ocr_line' id='line_1_33' title="bbox 126 1863 3397 1941; baseline 0.009 -29"><span class='ocrx_word' id='word_1_235' title='bbox 126 1863 359 1915; x_wconf 82' lang='lat' dir='ltr'><strong>munerih.</strong></span> <span class='ocrx_word' id='word_1_236' title='bbox 407 1876 588 1933; x_wconf 79' lang='lat' dir='ltr'><strong>posset</strong></span> <span class='ocrx_word' id='word_1_237' title='bbox 622 1869 885 1937; x_wconf 84' lang='lat' dir='ltr'><strong>recipere,</strong></span> <span class='ocrx_word' id='word_1_238' title='bbox 920 1873 1117 1924; x_wconf 74' lang='lat' dir='ltr'><strong>incenia</strong></span> <span class='ocrx_word' id='word_1_239' title='bbox 1151 1873 1314 1941; x_wconf 88' lang='lat' dir='ltr'><strong>ipsius</strong></span> <span class='ocrx_word' id='word_1_240' title='bbox 1342 1874 1505 1929; x_wconf 79' lang='lat' dir='ltr'><strong>castri</strong></span> <span class='ocrx_word' id='word_1_241' title='bbox 1549 1892 1676 1929; x_wconf 89' lang='lat' dir='ltr'><strong>noc-</strong></span> <span class='ocrx_word' id='word_1_242' title='bbox 1711 1876 1753 1934; x_wconf 82' lang='grc' dir='ltr'>Β</span> <span class='ocrx_word' id='word_1_243' title='bbox 1782 1865 1886 1919; x_wconf 76' lang='grc' dir='ltr'><strong>¹¹¹Ῐε</strong></span> <span class='ocrx_word' id='word_1_244' title='bbox 1934 1875 2087 1935; x_wconf 64' lang='lat' dir='ltr'><strong>Parte</strong></span> <span class='ocrx_word' id='word_1_245' title='bbox 2122 1881 2307 1919; x_wconf 65' lang='lat' dir='ltr'><strong>mrum</strong></span> <span class='ocrx_word' id='word_1_246' title='bbox 2349 1868 2488 1921; x_wconf 64' lang='lat' dir='ltr'><strong>fame</strong></span> <span class='ocrx_word' id='word_1_247' title='bbox 2530 1884 2593 1921; x_wconf 71' lang='grc' dir='ltr'>³ο</span> <span class='ocrx_word' id='word_1_248' title='bbox 2633 1868 2770 1922; x_wconf 56' lang='lat' dir='ltr'><strong>bello</strong></span> <span class='ocrx_word' id='word_1_249' title='bbox 2801 1869 3120 1939; x_wconf 56' lang='lat' dir='ltr'><strong>memmi)”</strong></span> <span class='ocrx_word' id='word_1_250' title='bbox 3170 1870 3352 1925; x_wconf 67' lang='grc' dir='ltr'><strong>Ῑδοοηθ</strong></span> <span class='ocrx_word' id='word_1_251' title='bbox 3392 1892 3397 1893; x_wconf 55' lang='grc'><strong>“</strong></span> 
     </span>
    </p>
   </div>
   <div class='ocr_carea' id='block_1_34' title="bbox 128 1954 1675 2034">
    <p class='ocr_par' dir='ltr' id='par_1_34' title="bbox 128 1954 1675 2034">
     <span class='ocr_line' id='line_1_34' title="bbox 128 1954 1675 2034; baseline 0.012 -33"><span class='ocrx_word' id='word_1_252' title='bbox 128 1960 260 2005; x_wconf 91' lang='lat' dir='ltr'><strong>turno</strong></span> <span class='ocrx_word' id='word_1_253' title='bbox 286 1954 504 2008; x_wconf 83' lang='lat' dir='ltr'><strong>silentio</strong></span> <span class='ocrx_word' id='word_1_254' title='bbox 532 1969 657 2011; x_wconf 88' lang='lat' dir='ltr'><strong>sunt</strong></span> <span class='ocrx_word' id='word_1_255' title='bbox 692 1959 918 2027; x_wconf 80' lang='lat' dir='ltr'><strong>ingrcssi</strong></span> <span class='ocrx_word' id='word_1_256' title='bbox 948 1962 1183 2018; x_wconf 83' lang='lat' dir='ltr'><strong>Joannes</strong></span> <span class='ocrx_word' id='word_1_257' title='bbox 1214 1964 1331 2019; x_wconf 81' lang='lat' dir='ltr'><strong>Dux</strong></span> <span class='ocrx_word' id='word_1_258' title='bbox 1361 1963 1675 2034; x_wconf 78' lang='lat' dir='ltr'><strong>Neapolita-</strong></span> 
     </span>
    </p>
   </div>
   <div class='ocr_carea' id='block_1_35' title="bbox 124 2048 1675 2127">
    <p class='ocr_par' dir='ltr' id='par_1_35' title="bbox 124 2048 1675 2127">
     <span class='ocr_line' id='line_1_35' title="bbox 124 2048 1675 2127; baseline 0.011 -32"><span class='ocrx_word' id='word_1_259' title='bbox 124 2058 208 2097; x_wconf 85' lang='lat' dir='ltr'><strong>nus</strong></span> <span class='ocrx_word' id='word_1_260' title='bbox 251 2062 368 2100; x_wconf 90' lang='lat' dir='ltr'><strong>cum</strong></span> <span class='ocrx_word' id='word_1_261' title='bbox 424 2048 707 2105; x_wconf 83' lang='lat' dir='ltr'><strong>Theodino</strong></span> <span class='ocrx_word' id='word_1_262' title='bbox 752 2050 1093 2108; x_wconf 82' lang='lat' dir='ltr'><strong>Subdiacono</strong></span> <span class='ocrx_word' id='word_1_263' title='bbox 1128 2065 1183 2110; x_wconf 95' lang='lat' dir='ltr'><strong>ct</strong></span> <span class='ocrx_word' id='word_1_264' title='bbox 1227 2056 1482 2121; x_wconf 83' lang='lat' dir='ltr'><strong>Rectore,</strong></span> <span class='ocrx_word' id='word_1_265' title='bbox 1513 2069 1675 2127; x_wconf 85' lang='lat' dir='ltr'><strong>atque</strong></span> 
     </span>
    </p>
   </div>
   <div class='ocr_carea' id='block_1_36' title="bbox 122 2139 1676 2213">
    <p class='ocr_par' dir='ltr' id='par_1_36' title="bbox 122 2139 1676 2213">
     <span class='ocr_line' id='line_1_36' title="bbox 122 2139 1676 2213; baseline 0.01 -24"><span class='ocrx_word' id='word_1_266' title='bbox 122 2139 361 2201; x_wconf 76' lang='lat' dir='ltr'><strong>exercitu,</strong></span> <span class='ocrx_word' id='word_1_267' title='bbox 399 2150 456 2195; x_wconf 93' lang='lat' dir='ltr'><strong>et</strong></span> <span class='ocrx_word' id='word_1_268' title='bbox 508 2142 896 2213; x_wconf 83' lang='lat' dir='ltr'><strong>Langobardos</strong></span> <span class='ocrx_word' id='word_1_269' title='bbox 924 2159 1081 2212; x_wconf 70' lang='lat' dir='ltr'><strong>pmne</strong></span> <span class='ocrx_word' id='word_1_270' title='bbox 1128 2157 1399 2204; x_wconf 87' lang='lat' dir='ltr'><strong>trecentos</strong></span> <span class='ocrx_word' id='word_1_271' title='bbox 1430 2166 1551 2205; x_wconf 90' lang='lat' dir='ltr'><strong>cum</strong></span> <span class='ocrx_word' id='word_1_272' title='bbox 1580 2166 1676 2204; x_wconf 94' lang='lat' dir='ltr'><strong>eo-</strong></span> 
     </span>
    </p>
   </div>
   <div class='ocr_carea' id='block_1_37' title="bbox 124 2230 1675 2309">
    <p class='ocr_par' dir='ltr' id='par_1_37' title="bbox 124 2230 1675 2309">
     <span class='ocr_line' id='line_1_37' title="bbox 124 2230 1675 2309; baseline 0.012 -30"><span class='ocrx_word' id='word_1_273' title='bbox 124 2243 223 2281; x_wconf 85' lang='lat' dir='ltr'><strong>rum</strong></span> <span class='ocrx_word' id='word_1_274' title='bbox 248 2230 519 2287; x_wconf 82' lang='lat' dir='ltr'><strong>Castaldio</strong></span> <span class='ocrx_word' id='word_1_275' title='bbox 554 2236 965 2303; x_wconf 77' lang='lat' dir='ltr'><strong>interfecerunt,</strong></span> <span class='ocrx_word' id='word_1_276' title='bbox 986 2248 1040 2293; x_wconf 89' lang='lat' dir='ltr'><strong>et</strong></span> <span class='ocrx_word' id='word_1_277' title='bbox 1069 2249 1253 2309; x_wconf 86' lang='lat' dir='ltr'><strong>captos</strong></span> <span class='ocrx_word' id='word_1_278' title='bbox 1274 2251 1501 2297; x_wconf 71' lang='lat' dir='ltr'><strong>caeteros</strong></span> <span class='ocrx_word' id='word_1_279' title='bbox 1531 2244 1675 2298; x_wconf 85' lang='lat' dir='ltr'><strong>Nea—</strong></span> 
     </span>
    </p>
   </div>
   <div class='ocr_carea' id='block_1_38' title="bbox 124 2321 1676 2404">
    <p class='ocr_par' dir='ltr' id='par_1_38' title="bbox 124 2321 1676 2404">
     <span class='ocr_line' id='line_1_38' title="bbox 124 2321 1676 2404; baseline 0.015 -35"><span class='ocrx_word' id='word_1_280' title='bbox 124 2321 264 2386; x_wconf 85' lang='lat' dir='ltr'><strong>polim</strong></span> <span class='ocrx_word' id='word_1_281' title='bbox 316 2326 703 2392; x_wconf 79' lang='lat' dir='ltr'><strong>perduxerunt.</strong></span> <span class='ocrx_word' id='word_1_282' title='bbox 756 2326 845 2383; x_wconf 93' lang='lat' dir='ltr'><strong>Sic</strong></span> <span class='ocrx_word' id='word_1_283' title='bbox 894 2341 1130 2385; x_wconf 88' lang='lat' dir='ltr'><strong>castrum</strong></span> <span class='ocrx_word' id='word_1_284' title='bbox 1174 2346 1511 2404; x_wconf 68' lang='lat' dir='ltr'><strong>receperunt.</strong></span> <span class='ocrx_word' id='word_1_285' title='bbox 1572 2337 1676 2393; x_wconf 88' lang='lat' dir='ltr'><strong>Pro</strong></span> 
     </span>
    </p>
   </div>
   <div class='ocr_carea' id='block_1_39' title="bbox 124 2410 1676 2497">
    <p class='ocr_par' dir='ltr' id='par_1_39' title="bbox 124 2410 1676 2497">
     <span class='ocr_line' id='line_1_39' title="bbox 124 2410 1676 2497; baseline 0.015 -37"><span class='ocrx_word' id='word_1_286' title='bbox 124 2410 255 2478; x_wconf 79' lang='lat' dir='ltr'><strong>cujus</strong></span> <span class='ocrx_word' id='word_1_287' title='bbox 285 2415 652 2485; x_wconf 87' lang='lat' dir='ltr'><strong>redemptione</strong></span> <span class='ocrx_word' id='word_1_288' title='bbox 688 2422 1060 2477; x_wconf 86' lang='lat' dir='ltr'><strong>sanctissimus</strong></span> <span class='ocrx_word' id='word_1_289' title='bbox 1096 2423 1261 2495; x_wconf 88' lang='lat' dir='ltr'><strong>Papa,</strong></span> <span class='ocrx_word' id='word_1_290' title='bbox 1291 2426 1430 2480; x_wconf 87' lang='lat' dir='ltr'><strong>sicut</strong></span> <span class='ocrx_word' id='word_1_291' title='bbox 1471 2430 1676 2497; x_wconf 87' lang='lat' dir='ltr'><strong>promi-</strong></span> 
     </span>
    </p>
   </div>
   <div class='ocr_carea' id='block_1_40' title="bbox 123 2505 1677 2586">
    <p class='ocr_par' dir='ltr' id='par_1_40' title="bbox 123 2505 1677 2586">
     <span class='ocr_line' id='line_1_40' title="bbox 123 2505 1677 2586; baseline 0.015 -34"><span class='ocrx_word' id='word_1_292' title='bbox 123 2512 265 2566; x_wconf 78' lang='lat' dir='ltr'><strong>serat,</strong></span> <span class='ocrx_word' id='word_1_293' title='bbox 297 2505 442 2559; x_wconf 89' lang='lat' dir='ltr'><strong>dedit</strong></span> <span class='ocrx_word' id='word_1_294' title='bbox 466 2511 584 2561; x_wconf 88' lang='lat' dir='ltr'><strong>auri</strong></span> <span class='ocrx_word' id='word_1_295' title='bbox 610 2510 774 2565; x_wconf 88' lang='lat' dir='ltr'><strong>libras</strong></span> <span class='ocrx_word' id='word_1_296' title='bbox 804 2516 1166 2586; x_wconf 73' lang='lat' dir='ltr'><strong>septuaginta.</strong></span> <span class='ocrx_word' id='word_1_297' title='bbox 1202 2517 1351 2572; x_wconf 90' lang='lat' dir='ltr'><strong>Tunc</strong></span> <span class='ocrx_word' id='word_1_298' title='bbox 1382 2520 1543 2573; x_wconf 89' lang='lat' dir='ltr'><strong>etiam</strong></span> <span class='ocrx_word' id='word_1_299' title='bbox 1585 2536 1677 2576; x_wconf 92' lang='lat' dir='ltr'><strong>ne-</strong></span> 
     </span>
    </p>
   </div>
   <div class='ocr_carea' id='block_1_41' title="bbox 124 2590 1674 2679">
    <p class='ocr_par' dir='ltr' id='par_1_41' title="bbox 124 2590 1674 2679">
     <span class='ocr_line' id='line_1_41' title="bbox 124 2590 1674 2679; baseline 0.014 -35"><span class='ocrx_word' id='word_1_300' title='bbox 124 2590 261 2649; x_wconf 77' lang='lat' dir='ltr'><strong>fanda</strong></span> <span class='ocrx_word' id='word_1_301' title='bbox 310 2595 739 2655; x_wconf 87' lang='lat' dir='ltr'><strong>Sarracenorum</strong></span> <span class='ocrx_word' id='word_1_302' title='bbox 786 2620 933 2671; x_wconf 84' lang='lat' dir='ltr'><strong>gens,</strong></span> <span class='ocrx_word' id='word_1_303' title='bbox 990 2622 1109 2659; x_wconf 88' lang='lat' dir='ltr'><strong>cum</strong></span> <span class='ocrx_word' id='word_1_304' title='bbox 1141 2606 1254 2674; x_wconf 85' lang='lat' dir='ltr'><strong>jam</strong></span> <span class='ocrx_word' id='word_1_305' title='bbox 1294 2602 1674 2679; x_wconf 82' lang='lat' dir='ltr'><strong>Hispaniarum</strong></span> 
     </span>
    </p>
   </div>
   <div class='ocr_carea' id='block_1_42' title="bbox 126 2686 1672 2769">
    <p class='ocr_par' dir='ltr' id='par_1_42' title="bbox 126 2686 1672 2769">
     <span class='ocr_line' id='line_1_42' title="bbox 126 2686 1672 2769; baseline 0.014 -36"><span class='ocrx_word' id='word_1_306' title='bbox 126 2686 431 2748; x_wconf 77' lang='lat' dir='ltr'><strong>provinciam</strong></span> <span class='ocrx_word' id='word_1_307' title='bbox 486 2705 583 2757; x_wconf 87' lang='lat' dir='ltr'><strong>per</strong></span> <span class='ocrx_word' id='word_1_308' title='bbox 630 2691 811 2745; x_wconf 88' lang='lat' dir='ltr'><strong>decem</strong></span> <span class='ocrx_word' id='word_1_309' title='bbox 864 2696 1121 2748; x_wconf 88' lang='lat' dir='ltr'><strong>tenuisset</strong></span> <span class='ocrx_word' id='word_1_310' title='bbox 1168 2713 1338 2753; x_wconf 91' lang='lat' dir='ltr'><strong>annos</strong></span> <span class='ocrx_word' id='word_1_311' title='bbox 1393 2716 1672 2769; x_wconf 80' lang='lat' dir='ltr'><strong>pervasani</strong></span> 
     </span>
    </p>
   </div>
   <div class='ocr_carea' id='block_1_43' title="bbox 126 2773 1676 2855">
    <p class='ocr_par' dir='ltr' id='par_1_43' title="bbox 126 2773 1676 2855">
     <span class='ocr_line' id='line_1_43' title="bbox 126 2773 1676 2855; baseline 0.015 -32"><span class='ocrx_word' id='word_1_312' title='bbox 126 2773 384 2831; x_wconf 88' lang='lat' dir='ltr'><strong>undecimo</strong></span> <span class='ocrx_word' id='word_1_313' title='bbox 411 2780 711 2834; x_wconf 87' lang='lat' dir='ltr'><strong>conabatur</strong></span> <span class='ocrx_word' id='word_1_314' title='bbox 740 2780 1062 2838; x_wconf 83' lang='lat' dir='ltr'><strong>Rhodanum</strong></span> <span class='ocrx_word' id='word_1_315' title='bbox 1094 2786 1310 2841; x_wconf 84' lang='lat' dir='ltr'><strong>ﬂuvium</strong></span> <span class='ocrx_word' id='word_1_316' title='bbox 1348 2791 1598 2855; x_wconf 88' lang='lat' dir='ltr'><strong>transire,</strong></span> <span class='ocrx_word' id='word_1_317' title='bbox 1622 2800 1676 2846; x_wconf 81' lang='lat' dir='ltr'><strong>et</strong></span> 
     </span>
    </p>
   </div>
   <div class='ocr_carea' id='block_1_44' title="bbox 126 2863 1674 2949">
    <p class='ocr_par' dir='ltr' id='par_1_44' title="bbox 126 2863 1674 2949">
     <span class='ocr_line' id='line_1_44' title="bbox 126 2863 1674 2949; baseline 0.014 -34"><span class='ocrx_word' id='word_1_318' title='bbox 126 2863 385 2923; x_wconf 84' lang='lat' dir='ltr'><strong>Franciam</strong></span> <span class='ocrx_word' id='word_1_319' title='bbox 436 2887 723 2940; x_wconf 79' lang='lat' dir='ltr'><strong>occupare,</strong></span> <span class='ocrx_word' id='word_1_320' title='bbox 768 2876 853 2929; x_wconf 90' lang='lat' dir='ltr'><strong>ubi</strong></span> <span class='ocrx_word' id='word_1_321' title='bbox 899 2877 1049 2932; x_wconf 81' lang='lat' dir='ltr'><strong>Eudo</strong></span> <span class='ocrx_word' id='word_1_322' title='bbox 1091 2892 1341 2949; x_wconf 71' lang='lat' dir='ltr'><strong>prmcrat.</strong></span> <span class='ocrx_word' id='word_1_323' title='bbox 1383 2882 1483 2949; x_wconf 84' lang='lat' dir='ltr'><strong>Qui</strong></span> <span class='ocrx_word' id='word_1_324' title='bbox 1535 2883 1674 2939; x_wconf 80' lang='lat' dir='ltr'><strong>facta</strong></span> 
     </span>
    </p>
   </div>
   <div class='ocr_carea' id='block_1_45' title="bbox 125 2954 1676 3033">
    <p class='ocr_par' dir='ltr' id='par_1_45' title="bbox 125 2954 1676 3033">
     <span class='ocr_line' id='line_1_45' title="bbox 125 2954 1676 3033; baseline 0.012 -24"><span class='ocrx_word' id='word_1_325' title='bbox 125 2954 433 3015; x_wconf 77' lang='lat' dir='ltr'><strong>Francorum</strong></span> <span class='ocrx_word' id='word_1_326' title='bbox 482 2966 714 3033; x_wconf 85' lang='lat' dir='ltr'><strong>generali</strong></span> <span class='ocrx_word' id='word_1_327' title='bbox 760 2970 1055 3025; x_wconf 87' lang='lat' dir='ltr'><strong>monitione</strong></span> <span class='ocrx_word' id='word_1_328' title='bbox 1100 2971 1431 3031; x_wconf 89' lang='lat' dir='ltr'><strong>Sarracenos</strong></span> <span class='ocrx_word' id='word_1_329' title='bbox 1465 2974 1676 3028; x_wconf 85' lang='lat' dir='ltr'><strong>circun-</strong></span> 
     </span>
    </p>
   </div>
   <div class='ocr_carea' id='block_1_46' title="bbox 128 3047 1671 3137">
    <p class='ocr_par' dir='ltr' id='par_1_46' title="bbox 128 3047 1671 3137">
     <span class='ocr_line' id='line_1_46' title="bbox 128 3047 1671 3137; baseline 0.014 -40"><span class='ocrx_word' id='word_1_330' title='bbox 128 3047 241 3101; x_wconf 85' lang='lat' dir='ltr'><strong>dans</strong></span> <span class='ocrx_word' id='word_1_331' title='bbox 282 3051 584 3119; x_wconf 89' lang='lat' dir='ltr'><strong>interemit,</strong></span> <span class='ocrx_word' id='word_1_332' title='bbox 627 3067 785 3127; x_wconf 90' lang='lat' dir='ltr'><strong>atque</strong></span> <span class='ocrx_word' id='word_1_333' title='bbox 826 3075 889 3113; x_wconf 79' lang='lat' dir='ltr'><strong>ex</strong></span> <span class='ocrx_word' id='word_1_334' title='bbox 949 3062 1029 3116; x_wconf 88' lang='lat' dir='ltr'><strong>eis</strong></span> <span class='ocrx_word' id='word_1_335' title='bbox 1088 3071 1325 3117; x_wconf 85' lang='lat' dir='ltr'><strong>trecenta</strong></span> <span class='ocrx_word' id='word_1_336' title='bbox 1393 3066 1671 3137; x_wconf 84' lang='lat' dir='ltr'><strong>sexaginta</strong></span> 
     </span>
    </p>
   </div>
   <div class='ocr_carea' id='block_1_47' title="bbox 124 3141 1671 3229">
    <p class='ocr_par' dir='ltr' id='par_1_47' title="bbox 124 3141 1671 3229">
     <span class='ocr_line' id='line_1_47' title="bbox 124 3141 1671 3229; baseline 0.016 -40"><span class='ocrx_word' id='word_1_337' title='bbox 124 3141 337 3210; x_wconf 85' lang='lat' dir='ltr'><strong>quinque</strong></span> <span class='ocrx_word' id='word_1_338' title='bbox 359 3146 526 3201; x_wconf 87' lang='lat' dir='ltr'><strong>millia</strong></span> <span class='ocrx_word' id='word_1_339' title='bbox 554 3165 659 3204; x_wconf 92' lang='lat' dir='ltr'><strong>uno</strong></span> <span class='ocrx_word' id='word_1_340' title='bbox 688 3162 811 3205; x_wconf 88' lang='lat' dir='ltr'><strong>sunt</strong></span> <span class='ocrx_word' id='word_1_341' title='bbox 851 3154 936 3208; x_wconf 87' lang='lat' dir='ltr'><strong>die</strong></span> <span class='ocrx_word' id='word_1_342' title='bbox 970 3156 1278 3223; x_wconf 82' lang='lat' dir='ltr'><strong>interfecta,</strong></span> <span class='ocrx_word' id='word_1_343' title='bbox 1324 3167 1383 3211; x_wconf 92' lang='lat' dir='ltr'><strong>ut</strong></span> <span class='ocrx_word' id='word_1_344' title='bbox 1433 3159 1671 3229; x_wconf 88' lang='lat' dir='ltr'><strong>ejusdem</strong></span> 
     </span>
    </p>
   </div>
   <div class='ocr_carea' id='block_1_48' title="bbox 1780 1957 3356 2027">
    <p class='ocr_par' dir='ltr' id='par_1_48' title="bbox 1780 1957 3356 2027">
     <span class='ocr_line' id='line_1_48' title="bbox 1780 1957 3356 2027; baseline 0.003 -16"><span class='ocrx_word' id='word_1_345' title='bbox 1780 1957 2029 2027; x_wconf 90' lang='lat' dir='ltr'><strong>Principe</strong></span> <span class='ocrx_word' id='word_1_346' title='bbox 2077 1966 2365 2022; x_wconf 91' lang='lat' dir='ltr'><strong>annuente,</strong></span> <span class='ocrx_word' id='word_1_347' title='bbox 2424 1959 2635 2013; x_wconf 78' lang='lat' dir='ltr'><strong>confusi</strong></span> <span class='ocrx_word' id='word_1_348' title='bbox 2694 1973 3059 2015; x_wconf 81' lang='lat' dir='ltr'><strong>recesserunt.</strong></span> <span class='ocrx_word' id='word_1_349' title='bbox 3112 1960 3246 2014; x_wconf 79' lang='lat' dir='ltr'><strong>Nam</strong></span> <span class='ocrx_word' id='word_1_350' title='bbox 3301 1970 3356 2016; x_wconf 88' lang='lat' dir='ltr'><strong>et</strong></span> 
     </span>
    </p>
   </div>
   <div class='ocr_carea' id='block_1_49' title="bbox 1778 2051 3357 2124">
    <p class='ocr_par' dir='ltr' id='par_1_49' title="bbox 1778 2051 3357 2124">
     <span class='ocr_line' id='line_1_49' title="bbox 1778 2051 3357 2124; baseline 0.002 -19"><span class='ocrx_word' id='word_1_351' title='bbox 1778 2051 2019 2120; x_wconf 86' lang='lat' dir='ltr'><strong>ejusdem</strong></span> <span class='ocrx_word' id='word_1_352' title='bbox 2050 2052 2289 2107; x_wconf 85' lang='lat' dir='ltr'><strong>civitatis</strong></span> <span class='ocrx_word' id='word_1_353' title='bbox 2328 2053 2523 2107; x_wconf 85' lang='lat' dir='ltr'><strong>diversi</strong></span> <span class='ocrx_word' id='word_1_354' title='bbox 2557 2068 2718 2108; x_wconf 83' lang='lat' dir='ltr'><strong>sexus</strong></span> <span class='ocrx_word' id='word_1_355' title='bbox 2744 2055 3000 2109; x_wconf 65' lang='lat' dir='ltr'><strong>etaetatis</strong></span> <span class='ocrx_word' id='word_1_356' title='bbox 3040 2054 3357 2124; x_wconf 83' lang='lat' dir='ltr'><strong>pepulorum</strong></span> 
     </span>
    </p>
   </div>
   <div class='ocr_carea' id='block_1_50' title="bbox 1781 2144 3357 2216">
    <p class='ocr_par' dir='ltr' id='par_1_50' title="bbox 1781 2144 3357 2216">
     <span class='ocr_line' id='line_1_50' title="bbox 1781 2144 3357 2216; baseline 0 -17"><span class='ocrx_word' id='word_1_357' title='bbox 1781 2154 2023 2200; x_wconf 88' lang='lat' dir='ltr'><strong>trecenta</strong></span> <span class='ocrx_word' id='word_1_358' title='bbox 2060 2144 2231 2199; x_wconf 82' lang='lat' dir='ltr'><strong>ferme</strong></span> <span class='ocrx_word' id='word_1_359' title='bbox 2264 2144 2429 2199; x_wconf 89' lang='lat' dir='ltr'><strong>millia</strong></span> <span class='ocrx_word' id='word_1_360' title='bbox 2462 2146 2786 2200; x_wconf 86' lang='lat' dir='ltr'><strong>necessitate</strong></span> <span class='ocrx_word' id='word_1_361' title='bbox 2810 2146 3128 2216; x_wconf 76' lang='lat' dir='ltr'><strong>pestilentia:</strong></span> <span class='ocrx_word' id='word_1_362' title='bbox 3156 2146 3357 2199; x_wconf 89' lang='lat' dir='ltr'><strong>dictum</strong></span> 
     </span>
    </p>
   </div>
   <div class='ocr_carea' id='block_1_51' title="bbox 1779 2237 3361 2307">
    <p class='ocr_par' dir='ltr' id='par_1_51' title="bbox 1779 2237 3361 2307">
     <span class='ocr_line' id='line_1_51' title="bbox 1779 2237 3361 2307; baseline -0.001 -15"><span class='ocrx_word' id='word_1_363' title='bbox 1779 2247 1863 2292; x_wconf 91' lang='lat' dir='ltr'><strong>est</strong></span> <span class='ocrx_word' id='word_1_364' title='bbox 1890 2237 2054 2292; x_wconf 83' lang='lat' dir='ltr'><strong>fuisse</strong></span> <span class='ocrx_word' id='word_1_365' title='bbox 2082 2246 2311 2291; x_wconf 89' lang='lat' dir='ltr'><strong>vastata.</strong></span> <span class='ocrx_word' id='word_1_366' title='bbox 2340 2237 2417 2291; x_wconf 86' lang='lat' dir='ltr'><strong>Eo</strong></span> <span class='ocrx_word' id='word_1_367' title='bbox 2437 2253 2652 2307; x_wconf 89' lang='lat' dir='ltr'><strong>quoque</strong></span> <span class='ocrx_word' id='word_1_368' title='bbox 2682 2248 2922 2307; x_wconf 91' lang='lat' dir='ltr'><strong>tempore</strong></span> <span class='ocrx_word' id='word_1_369' title='bbox 2948 2238 3189 2291; x_wconf 88' lang='lat' dir='ltr'><strong>moribus</strong></span> <span class='ocrx_word' id='word_1_370' title='bbox 3212 2246 3361 2291; x_wconf 89' lang='lat' dir='ltr'><strong>certe</strong></span> 
     </span>
    </p>
   </div>
   <div class='ocr_carea' id='block_1_52' title="bbox 1780 2332 3364 2389">
    <p class='ocr_par' dir='ltr' id='par_1_52' title="bbox 1780 2332 3364 2389">
     <span class='ocr_line' id='line_1_52' title="bbox 1780 2332 3364 2389; baseline -0.002 -1"><span class='ocrx_word' id='word_1_371' title='bbox 1780 2335 2012 2389; x_wconf 91' lang='lat' dir='ltr'><strong>honesta</strong></span> <span class='ocrx_word' id='word_1_372' title='bbox 2046 2342 2100 2387; x_wconf 91' lang='lat' dir='ltr'><strong>et</strong></span> <span class='ocrx_word' id='word_1_373' title='bbox 2129 2334 2346 2387; x_wconf 91' lang='lat' dir='ltr'><strong>nomine</strong></span> <span class='ocrx_word' id='word_1_374' title='bbox 2371 2333 2651 2389; x_wconf 82' lang='lat' dir='ltr'><strong>Pontiﬁcis</strong></span> <span class='ocrx_word' id='word_1_375' title='bbox 2677 2344 2850 2387; x_wconf 85' lang='lat' dir='ltr'><strong>mater</strong></span> <span class='ocrx_word' id='word_1_376' title='bbox 2880 2334 2946 2386; x_wconf 90' lang='lat' dir='ltr'><strong>ab</strong></span> <span class='ocrx_word' id='word_1_377' title='bbox 2974 2332 3076 2387; x_wconf 89' lang='lat' dir='ltr'><strong>hac</strong></span> <span class='ocrx_word' id='word_1_378' title='bbox 3103 2332 3211 2385; x_wconf 87' lang='lat' dir='ltr'><strong>vita</strong></span> <span class='ocrx_word' id='word_1_379' title='bbox 3235 2332 3364 2386; x_wconf 89' lang='lat' dir='ltr'><strong>sub-</strong></span> 
     </span>
    </p>
   </div>
   <div class='ocr_carea' id='block_1_53' title="bbox 1779 2422 3361 2493">
    <p class='ocr_par' dir='ltr' id='par_1_53' title="bbox 1779 2422 3361 2493">
     <span class='ocr_line' id='line_1_53' title="bbox 1779 2422 3361 2493; baseline -0.001 -14"><span class='ocrx_word' id='word_1_380' title='bbox 1779 2434 1951 2479; x_wconf 85' lang='lat' dir='ltr'><strong>tracta</strong></span> <span class='ocrx_word' id='word_1_381' title='bbox 1992 2434 2095 2479; x_wconf 60' lang='lat' dir='ltr'><strong>esu</strong></span> <span class='ocrx_word' id='word_1_382' title='bbox 2136 2424 2265 2478; x_wconf 87' lang='lat' dir='ltr'><strong>Post</strong></span> <span class='ocrx_word' id='word_1_383' title='bbox 2301 2422 2453 2491; x_wconf 90' lang='lat' dir='ltr'><strong>cujus</strong></span> <span class='ocrx_word' id='word_1_384' title='bbox 2490 2426 2695 2478; x_wconf 90' lang='lat' dir='ltr'><strong>obitum</strong></span> <span class='ocrx_word' id='word_1_385' title='bbox 2739 2425 2957 2478; x_wconf 89' lang='lat' dir='ltr'><strong>domum</strong></span> <span class='ocrx_word' id='word_1_386' title='bbox 2996 2422 3273 2493; x_wconf 81' lang='lat' dir='ltr'><strong>propriam</strong></span> <span class='ocrx_word' id='word_1_387' title='bbox 3305 2423 3361 2477; x_wconf 92' lang='lat' dir='ltr'><strong>in</strong></span> 
     </span>
    </p>
   </div>
   <div class='ocr_carea' id='block_1_54' title="bbox 1789 2512 3361 2590">
    <p class='ocr_par' dir='ltr' id='par_1_54' title="bbox 1789 2512 3361 2590">
     <span class='ocr_line' id='line_1_54' title="bbox 1789 2512 3361 2590; baseline -0.004 -17"><span class='ocrx_word' id='word_1_388' title='bbox 1789 2519 1995 2574; x_wconf 88' lang='lat' dir='ltr'><strong>honore</strong></span> <span class='ocrx_word' id='word_1_389' title='bbox 2007 2529 2209 2574; x_wconf 59' lang='lat' dir='ltr'><strong>sanctae</strong></span> <span class='ocrx_word' id='word_1_390' title='bbox 2222 2519 2419 2573; x_wconf 88' lang='lat' dir='ltr'><strong>Christi</strong></span> <span class='ocrx_word' id='word_1_391' title='bbox 2444 2520 2701 2590; x_wconf 88' lang='lat' dir='ltr'><strong>martyris</strong></span> <span class='ocrx_word' id='word_1_392' title='bbox 2723 2518 2945 2588; x_wconf 75' lang='lat' dir='ltr'><strong>Agathze</strong></span> <span class='ocrx_word' id='word_1_393' title='bbox 2967 2515 3165 2571; x_wconf 88' lang='lat' dir='ltr'><strong>additis</strong></span> <span class='ocrx_word' id='word_1_394' title='bbox 3187 2530 3216 2567; x_wconf 88' lang='lat' dir='ltr'><strong>a</strong></span> <span class='ocrx_word' id='word_1_395' title='bbox 3242 2512 3361 2567; x_wconf 80' lang='lat' dir='ltr'><strong>fun—</strong></span> 
     </span>
    </p>
   </div>
   <div class='ocr_carea' id='block_1_55' title="bbox 1778 2610 3361 2681">
    <p class='ocr_par' dir='ltr' id='par_1_55' title="bbox 1778 2610 3361 2681">
     <span class='ocr_line' id='line_1_55' title="bbox 1778 2610 3361 2681; baseline -0.005 -16"><span class='ocrx_word' id='word_1_396' title='bbox 1778 2613 2030 2667; x_wconf 89' lang='lat' dir='ltr'><strong>damento</strong></span> <span class='ocrx_word' id='word_1_397' title='bbox 2057 2613 2356 2667; x_wconf 68' lang='lat' dir='ltr'><strong>ccenaculis</strong></span> <span class='ocrx_word' id='word_1_398' title='bbox 2378 2612 2458 2666; x_wconf 88' lang='lat' dir='ltr'><strong>vel</strong></span> <span class='ocrx_word' id='word_1_399' title='bbox 2480 2626 2600 2681; x_wconf 69' lang='lat' dir='ltr'><strong>quae</strong></span> <span class='ocrx_word' id='word_1_400' title='bbox 2631 2610 2961 2665; x_wconf 90' lang='lat' dir='ltr'><strong>monasterio</strong></span> <span class='ocrx_word' id='word_1_401' title='bbox 2986 2616 3145 2663; x_wconf 90' lang='lat' dir='ltr'><strong>erant</strong></span> <span class='ocrx_word' id='word_1_402' title='bbox 3173 2618 3361 2659; x_wconf 84' lang='lat' dir='ltr'><strong>neces-</strong></span> 
     </span>
    </p>
   </div>
   <div class='ocr_carea' id='block_1_56' title="bbox 1777 2692 3359 2761">
    <p class='ocr_par' dir='ltr' id='par_1_56' title="bbox 1777 2692 3359 2761">
     <span class='ocr_line' id='line_1_56' title="bbox 1777 2692 3359 2761; baseline -0.007 -4"><span class='ocrx_word' id='word_1_403' title='bbox 1777 2703 1920 2757; x_wconf 87' lang='lat' dir='ltr'><strong>saria</strong></span> <span class='ocrx_word' id='word_1_404' title='bbox 1963 2702 2348 2757; x_wconf 87' lang='lat' dir='ltr'><strong>monachorum</strong></span> <span class='ocrx_word' id='word_1_405' title='bbox 2393 2718 2457 2755; x_wconf 79' lang='lat' dir='ltr'><strong>ex</strong></span> <span class='ocrx_word' id='word_1_406' title='bbox 2508 2716 2645 2754; x_wconf 84' lang='lat' dir='ltr'><strong>novo</strong></span> <span class='ocrx_word' id='word_1_407' title='bbox 2691 2697 3023 2761; x_wconf 82' lang='lat' dir='ltr'><strong>construxit,</strong></span> <span class='ocrx_word' id='word_1_408' title='bbox 3063 2694 3240 2749; x_wconf 90' lang='lat' dir='ltr'><strong>dando</strong></span> <span class='ocrx_word' id='word_1_409' title='bbox 3282 2692 3359 2747; x_wconf 89' lang='lat' dir='ltr'><strong>illi</strong></span> 
     </span>
    </p>
   </div>
   <div class='ocr_carea' id='block_1_57' title="bbox 1778 2784 3357 2863">
    <p class='ocr_par' dir='ltr' id='par_1_57' title="bbox 1778 2784 3357 2863">
     <span class='ocr_line' id='line_1_57' title="bbox 1778 2784 3357 2863; baseline -0.008 -15"><span class='ocrx_word' id='word_1_410' title='bbox 1778 2793 1978 2863; x_wconf 64' lang='lat' dir='ltr'><strong>prmdia</strong></span> <span class='ocrx_word' id='word_1_411' title='bbox 2004 2794 2206 2847; x_wconf 89' lang='lat' dir='ltr'><strong>urbana</strong></span> <span class='ocrx_word' id='word_1_412' title='bbox 2233 2793 2315 2846; x_wconf 75' lang='lat' dir='ltr'><strong>vel</strong></span> <span class='ocrx_word' id='word_1_413' title='bbox 2345 2792 2567 2846; x_wconf 89' lang='lat' dir='ltr'><strong>rustica.</strong></span> <span class='ocrx_word' id='word_1_414' title='bbox 2604 2788 2785 2845; x_wconf 89' lang='lat' dir='ltr'><strong>Sedet</strong></span> <span class='ocrx_word' id='word_1_415' title='bbox 2814 2797 3053 2842; x_wconf 89' lang='lat' dir='ltr'><strong>castrum</strong></span> <span class='ocrx_word' id='word_1_416' title='bbox 3080 2784 3295 2837; x_wconf 63' lang='lat' dir='ltr'><strong>Narniae</strong></span> <span class='ocrx_word' id='word_1_417' title='bbox 3330 2800 3357 2836; x_wconf 89' lang='lat' dir='ltr'><strong>a</strong></span> 
     </span>
    </p>
   </div>
   <div class='ocr_carea' id='block_1_58' title="bbox 1777 2876 3357 2955">
    <p class='ocr_par' dir='ltr' id='par_1_58' title="bbox 1777 2876 3357 2955">
     <span class='ocr_line' id='line_1_58' title="bbox 1777 2876 3357 2955; baseline -0.008 -15"><span class='ocrx_word' id='word_1_418' title='bbox 1777 2886 2146 2955; x_wconf 82' lang='lat' dir='ltr'><strong>Lougobardis</strong></span> <span class='ocrx_word' id='word_1_419' title='bbox 2194 2900 2483 2954; x_wconf 83' lang='lat' dir='ltr'><strong>pervasum</strong></span> <span class='ocrx_word' id='word_1_420' title='bbox 2536 2891 2642 2947; x_wconf 88' lang='lat' dir='ltr'><strong>est,</strong></span> <span class='ocrx_word' id='word_1_421' title='bbox 2694 2898 2758 2936; x_wconf 91' lang='lat' dir='ltr'><strong>ac</strong></span> <span class='ocrx_word' id='word_1_422' title='bbox 2807 2888 2928 2950; x_wconf 88' lang='lat' dir='ltr'><strong>post</strong></span> <span class='ocrx_word' id='word_1_423' title='bbox 2969 2879 3176 2946; x_wconf 88' lang='lat' dir='ltr'><strong>aliquot</strong></span> <span class='ocrx_word' id='word_1_424' title='bbox 3220 2876 3357 2939; x_wconf 90' lang='lat' dir='ltr'><strong>dies,</strong></span> 
     </span>
    </p>
   </div>
   <div class='ocr_carea' id='block_1_59' title="bbox 1776 2966 3358 3040">
    <p class='ocr_par' dir='ltr' id='par_1_59' title="bbox 1776 2966 3358 3040">
     <span class='ocr_line' id='line_1_59' title="bbox 1776 2966 3358 3040; baseline -0.007 -11"><span class='ocrx_word' id='word_1_425' title='bbox 1776 2975 2009 3029; x_wconf 89' lang='lat' dir='ltr'><strong>Basilius</strong></span> <span class='ocrx_word' id='word_1_426' title='bbox 2034 2976 2170 3040; x_wconf 82' lang='lat' dir='ltr'><strong>Dux,</strong></span> <span class='ocrx_word' id='word_1_427' title='bbox 2195 2974 2461 3027; x_wconf 83' lang='lat' dir='ltr'><strong>Jordanes</strong></span> <span class='ocrx_word' id='word_1_428' title='bbox 2485 2972 2843 3033; x_wconf 88' lang='lat' dir='ltr'><strong>Cartularius,</strong></span> <span class='ocrx_word' id='word_1_429' title='bbox 2867 2968 3102 3024; x_wconf 84' lang='lat' dir='ltr'><strong>Joannes</strong></span> <span class='ocrx_word' id='word_1_430' title='bbox 3122 2966 3358 3020; x_wconf 78' lang='lat' dir='ltr'><strong>Subdia-</strong></span> 
     </span>
    </p>
   </div>
   <div class='ocr_carea' id='block_1_60' title="bbox 1778 3057 3361 3133">
    <p class='ocr_par' dir='ltr' id='par_1_60' title="bbox 1778 3057 3361 3133">
     <span class='ocr_line' id='line_1_60' title="bbox 1778 3057 3361 3133; baseline -0.008 -14"><span class='ocrx_word' id='word_1_431' title='bbox 1778 3080 1943 3119; x_wconf 85' lang='lat' dir='ltr'><strong>conus</strong></span> <span class='ocrx_word' id='word_1_432' title='bbox 1991 3073 2350 3133; x_wconf 85' lang='lat' dir='ltr'><strong>cognomento</strong></span> <span class='ocrx_word' id='word_1_433' title='bbox 2404 3062 2605 3117; x_wconf 87' lang='lat' dir='ltr'><strong>Lurion</strong></span> <span class='ocrx_word' id='word_1_434' title='bbox 2654 3060 2941 3116; x_wconf 88' lang='lat' dir='ltr'><strong>consilium</strong></span> <span class='ocrx_word' id='word_1_435' title='bbox 2991 3057 3251 3119; x_wconf 90' lang='lat' dir='ltr'><strong>inierunt,</strong></span> <span class='ocrx_word' id='word_1_436' title='bbox 3302 3063 3361 3107; x_wconf 93' lang='lat' dir='ltr'><strong>ut</strong></span> 
     </span>
    </p>
   </div>
   <div class='ocr_carea' id='block_1_61' title="bbox 1778 3146 3360 3219">
    <p class='ocr_par' dir='ltr' id='par_1_61' title="bbox 1778 3146 3360 3219">
     <span class='ocr_line' id='line_1_61' title="bbox 1778 3146 3360 3219; baseline -0.006 -11"><span class='ocrx_word' id='word_1_437' title='bbox 1778 3155 2091 3209; x_wconf 85' lang='lat' dir='ltr'><strong>Pontiliccm</strong></span> <span class='ocrx_word' id='word_1_438' title='bbox 2134 3154 2521 3209; x_wconf 80' lang='lat' dir='ltr'><strong>interﬁcerent.</strong></span> <span class='ocrx_word' id='word_1_439' title='bbox 2571 3154 2775 3219; x_wconf 81' lang='lat' dir='ltr'><strong>Quibus</strong></span> <span class='ocrx_word' id='word_1_440' title='bbox 2813 3164 3094 3206; x_wconf 86' lang='lat' dir='ltr'><strong>assensum</strong></span> <span class='ocrx_word' id='word_1_441' title='bbox 3130 3146 3360 3218; x_wconf 64' lang='lat' dir='ltr'><strong>praebuit</strong></span> 
     </span>
    </p>
   </div>
   <div class='ocr_carea' id='block_1_62' title="bbox 126 3227 2717 3321">
    <p class='ocr_par' dir='ltr' id='par_1_62' title="bbox 126 3227 2717 3321">
     <span class='ocr_line' id='line_1_62' title="bbox 126 3227 2717 3321; baseline 0.007 -39"><span class='ocrx_word' id='word_1_442' title='bbox 126 3227 342 3288; x_wconf 82' lang='lat' dir='ltr'><strong>Eudonis</strong></span> <span class='ocrx_word' id='word_1_443' title='bbox 387 3235 720 3297; x_wconf 84' lang='lat' dir='ltr'><strong>Francorum</strong></span> <span class='ocrx_word' id='word_1_444' title='bbox 768 3244 928 3300; x_wconf 91' lang='lat' dir='ltr'><strong>Ducis</strong></span> <span class='ocrx_word' id='word_1_445' title='bbox 976 3248 1219 3303; x_wconf 89' lang='lat' dir='ltr'><strong>continet</strong></span> <span class='ocrx_word' id='word_1_446' title='bbox 1264 3227 1489 3304; x_wconf 71' lang='lat' dir='ltr'><strong>epistola</strong></span> <span class='ocrx_word' id='word_1_447' title='bbox 1532 3266 1673 3321; x_wconf 74' lang='lat' dir='ltr'><strong>prze-</strong></span> <span class='ocrx_word' id='word_1_448' title='bbox 1704 3241 1748 3301; x_wconf 89' lang='lat' dir='ltr'><strong>C</strong></span> <span class='ocrx_word' id='word_1_449' title='bbox 1781 3247 2061 3313; x_wconf 81' lang='lat' dir='ltr'><strong>Martinus,</strong></span> <span class='ocrx_word' id='word_1_450' title='bbox 2086 3248 2383 3317; x_wconf 88' lang='lat' dir='ltr'><strong>lmperialis</strong></span> <span class='ocrx_word' id='word_1_451' title='bbox 2411 3246 2717 3315; x_wconf 84' lang='lat' dir='ltr'><strong>Spatarius.</strong></span> 
     </span>
    </p>
   </div>
   <div class='ocr_carea' id='block_1_63' title="bbox 125 3403 3357 3497">
    <p class='ocr_par' dir='ltr' id='par_1_63' title="bbox 125 3403 3357 3497">
     <span class='ocr_line' id='line_1_63' title="bbox 125 3403 3357 3497; baseline -0.004 -15"><span class='ocrx_word' id='word_1_452' title='bbox 125 3403 287 3497; x_wconf 63' lang='grc' dir='ltr'><strong>δί’,ξηξ</strong></span> <span class='ocrx_word' id='word_1_453' title='bbox 344 3412 727 3497; x_wconf 30' lang='grc' dir='ltr'><strong>άςείιζεναζιιυνν.</strong></span> <span class='ocrx_word' id='word_1_454' title='bbox 786 3416 931 3497; x_wconf 46' lang='lat' dir='ltr'><strong>Qut;</strong></span> <span class='ocrx_word' id='word_1_455' title='bbox 989 3437 1105 3475; x_wconf 76' lang='lat' dir='ltr'><strong>vero</strong></span> <span class='ocrx_word' id='word_1_456' title='bbox 1144 3424 1197 3476; x_wconf 78' lang='lat' dir='ltr'><strong>in</strong></span> <span class='ocrx_word' id='word_1_457' title='bbox 1234 3440 1331 3497; x_wconf 65' lang='lat' dir='ltr'><strong>ms.</strong></span> <span class='ocrx_word' id='word_1_458' title='bbox 1382 3422 1604 3497; x_wconf 21' lang='lat' dir='ltr'><strong>codtab</strong></span> <span class='ocrx_word' id='word_1_459' title='bbox 1643 3423 1749 3476; x_wconf 82' lang='lat' dir='ltr'><strong>alio</strong></span> <span class='ocrx_word' id='word_1_460' title='bbox 1783 3425 2028 3497; x_wconf 82' lang='lat' dir='ltr'><strong>quopiam</strong></span> <span class='ocrx_word' id='word_1_461' title='bbox 2064 3424 2127 3479; x_wconf 84' lang='lat' dir='ltr'><strong>de</strong></span> <span class='ocrx_word' id='word_1_462' title='bbox 2158 3424 2339 3497; x_wconf 72' lang='lat' dir='ltr'><strong>viginti</strong></span> <span class='ocrx_word' id='word_1_463' title='bbox 2374 3423 2575 3497; x_wconf 72' lang='lat' dir='ltr'><strong>duobus</strong></span> <span class='ocrx_word' id='word_1_464' title='bbox 2625 3422 2958 3497; x_wconf 62' lang='lat' dir='ltr'><strong>sequentibus</strong></span> <span class='ocrx_word' id='word_1_465' title='bbox 3023 3416 3357 3497; x_wconf 64' lang='lat' dir='ltr'><strong>pontiﬁcibus</strong></span> 
     </span>
    </p>
   </div>
   <div class='ocr_carea' id='block_1_64' title="bbox 183 3476 3357 3570">
    <p class='ocr_par' dir='ltr' id='par_1_64' title="bbox 183 3476 3357 3570">
     <span class='ocr_line' id='line_1_64' title="bbox 183 3476 3357 3570; baseline 0.003 -36"><span class='ocrx_word' id='word_1_466' title='bbox 183 3476 432 3570; x_wconf 59' lang='lat' dir='ltr'><strong>Rutheni;</strong></span> <span class='ocrx_word' id='word_1_467' title='bbox 475 3486 770 3570; x_wconf 46' lang='lat' dir='ltr'><strong>brevissime</strong></span> <span class='ocrx_word' id='word_1_468' title='bbox 791 3476 1045 3570; x_wconf 61' lang='lat' dir='ltr'><strong>wsubiecta</strong></span> <span class='ocrx_word' id='word_1_469' title='bbox 1083 3504 1231 3546; x_wconf 84' lang='lat' dir='ltr'><strong>erant</strong></span> <span class='ocrx_word' id='word_1_470' title='bbox 1272 3476 1393 3547; x_wconf 80' lang='lat' dir='ltr'><strong>luce</strong></span> <span class='ocrx_word' id='word_1_471' title='bbox 1422 3476 1977 3570; x_wconf 56' lang='lat' dir='ltr'><strong>indignapulauiinus,</strong></span> <span class='ocrx_word' id='word_1_472' title='bbox 2015 3476 2125 3548; x_wconf 68' lang='lat' dir='ltr'><strong>tum</strong></span> <span class='ocrx_word' id='word_1_473' title='bbox 2158 3476 2296 3565; x_wconf 55' lang='lat' dir='ltr'><strong>qu’od</strong></span> <span class='ocrx_word' id='word_1_474' title='bbox 2345 3512 2408 3549; x_wconf 82' lang='lat' dir='ltr'><strong>ea:</strong></span> <span class='ocrx_word' id='word_1_475' title='bbox 2444 3494 2575 3548; x_wconf 80' lang='lat' dir='ltr'><strong>libro</strong></span> <span class='ocrx_word' id='word_1_476' title='bbox 2608 3495 2671 3547; x_wconf 84' lang='lat' dir='ltr'><strong>de</strong></span> <span class='ocrx_word' id='word_1_477' title='bbox 2693 3476 2967 3570; x_wconf 61' lang='lat' dir='ltr'><strong>&#39;Romunis</strong></span> <span class='ocrx_word' id='word_1_478' title='bbox 3005 3476 3357 3570; x_wconf 61' lang='lat' dir='ltr'><strong>pontiﬁcibust</strong></span> 
     </span>
    </p>
   </div>
   <div class='ocr_carea' id='block_1_65' title="bbox 182 3550 3359 3636">
    <p class='ocr_par' dir='ltr' id='par_1_65' title="bbox 182 3550 3359 3636">
     <span class='ocr_line' id='line_1_65' title="bbox 182 3550 3359 3636; baseline 0.003 -35"><span class='ocrx_word' id='word_1_479' title='bbox 182 3550 262 3636; x_wconf 63' lang='lat' dir='ltr'><strong>qui</strong></span> <span class='ocrx_word' id='word_1_480' title='bbox 293 3550 1018 3636; x_wconf 46' lang='lat' dir='ltr'><strong>&#39;Anas&#39;tasio_Bibliolhecurio</strong></span> <span class='ocrx_word' id='word_1_481' title='bbox 1053 3565 1325 3629; x_wconf 82' lang='lat' dir='ltr'><strong>tribuitur,</strong></span> <span class='ocrx_word' id='word_1_482' title='bbox 1368 3566 1443 3618; x_wconf 82' lang='lat' dir='ltr'><strong>uti</strong></span> <span class='ocrx_word' id='word_1_483' title='bbox 1482 3550 1759 3635; x_wconf 35' lang='lat' dir='ltr'><strong>superiora.</strong></span> <span class='ocrx_word' id='word_1_484' title='bbox 1786 3550 1984 3632; x_wconf 67' lang='lat' dir='ltr'><strong>omnia,</strong></span> <span class='ocrx_word' id='word_1_485' title='bbox 2030 3550 2271 3636; x_wconf 53' lang='lat' dir='ltr'><strong>excerpta</strong></span> <span class='ocrx_word' id='word_1_486' title='bbox 2312 3582 2412 3619; x_wconf 84' lang='lat' dir='ltr'><strong>non</strong></span> <span class='ocrx_word' id='word_1_487' title='bbox 2454 3575 2640 3627; x_wconf 78' lang='lat' dir='ltr'><strong>essent,</strong></span> <span class='ocrx_word' id='word_1_488' title='bbox 2663 3574 2771 3616; x_wconf 85' lang='lat' dir='ltr'><strong>tum</strong></span> <span class='ocrx_word' id='word_1_489' title='bbox 2802 3562 2941 3633; x_wconf 78' lang='lat' dir='ltr'><strong>quod</strong></span> <span class='ocrx_word' id='word_1_490' title='bbox 2968 3550 3160 3614; x_wconf 68' lang='lat' dir='ltr'><strong>uiutild</strong></span> <span class='ocrx_word' id='word_1_491' title='bbox 3190 3565 3359 3612; x_wconf 74' lang='lat' dir='ltr'><strong>essent</strong></span> 
     </span>
    </p>
   </div>
   <div class='ocr_carea' id='block_1_66' title="bbox 180 3622 666 3690">
    <p class='ocr_par' dir='ltr' id='par_1_66' title="bbox 180 3622 666 3690">
     <span class='ocr_line' id='line_1_66' title="bbox 180 3622 666 3690; baseline 0.019 -20"><span class='ocrx_word' id='word_1_492' title='bbox 180 3628 221 3670; x_wconf 82' lang='lat' dir='ltr'><strong>et</strong></span> <span class='ocrx_word' id='word_1_493' title='bbox 248 3622 404 3690; x_wconf 81' lang='lat' dir='ltr'><strong>plena</strong></span> <span class='ocrx_word' id='word_1_494' title='bbox 438 3622 666 3679; x_wconf 76' lang='lat' dir='ltr'><strong>lacunis.</strong></span> 
     </span>
    </p>
   </div>
   <div class='ocr_carea' id='block_1_67' title="bbox 151 3833 3319 3870">
    <p class='ocr_par' dir='ltr' id='par_1_67' title="bbox 151 3833 3319 3870">
     <span class='ocr_line' id='line_1_67' title="bbox 151 3833 3319 3870; baseline 0.002 -12"><span class='ocrx_word' id='word_1_495' title='bbox 151 3833 3319 3870; x_wconf 41' lang='grc' dir='ltr'><em>Μ</em></span> 
     </span>
    </p>
   </div>
   <div class='ocr_carea' id='block_1_68' title="bbox 950 4062 2513 4179">
    <p class='ocr_par' dir='ltr' id='par_1_68' title="bbox 950 4062 2513 4179">
     <span class='ocr_line' id='line_1_68' title="bbox 950 4062 2513 4179; baseline -0.003 -2"><span class='ocrx_word' id='word_1_496' title='bbox 950 4062 1616 4179; x_wconf 72' lang='lat' dir='ltr'><strong>SANCTI</strong></span> <span class='ocrx_word' id='word_1_497' title='bbox 1716 4062 2513 4178; x_wconf 76' lang='lat' dir='ltr'><strong>ABBONIS</strong></span> 
     </span>
    </p>
   </div>
   <div class='ocr_carea' id='block_1_69' title="bbox 1424 4332 1963 4413">
    <p class='ocr_par' dir='ltr' id='par_1_69' title="bbox 1424 4332 1963 4413">
     <span class='ocr_line' id='line_1_69' title="bbox 1424 4332 1963 4413; baseline -0.006 -1"><span class='ocrx_word' id='word_1_498' title='bbox 1424 4332 1963 4413; x_wconf 71' lang='lat' dir='ltr'><strong>’PIUEFATIO</strong></span> 
     </span>
    </p>
   </div>
   <div class='ocr_carea' id='block_1_70' title="bbox 377 4554 3071 4678">
    <p class='ocr_par' dir='ltr' id='par_1_70' title="bbox 377 4554 3071 4678">
     <span class='ocr_line' id='line_1_70' title="bbox 377 4554 3071 4678; baseline 0 -10"><span class='ocrx_word' id='word_1_499' title='bbox 377 4554 1371 4678; x_wconf 85' lang='lat' dir='ltr'><strong>COMMENTABII</strong></span> <span class='ocrx_word' id='word_1_500' title='bbox 1456 4559 1608 4674; x_wconf 90' lang='lat' dir='ltr'><strong>IN</strong></span> <span class='ocrx_word' id='word_1_501' title='bbox 1698 4559 2289 4675; x_wconf 85' lang='lat' dir='ltr'><strong>CYCLUM</strong></span> <span class='ocrx_word' id='word_1_502' title='bbox 2370 4557 3071 4676; x_wconf 82' lang='lat' dir='ltr'><strong>VICTORII.</strong></span> 
     </span>
    </p>
   </div>
   <div class='ocr_carea' id='block_1_71' title="bbox 1118 4826 2292 4900">
    <p class='ocr_par' dir='ltr' id='par_1_71' title="bbox 1118 4826 2292 4900">
     <span class='ocr_line' id='line_1_71' title="bbox 1118 4826 2292 4900; baseline -0.002 -17"><span class='ocrx_word' id='word_1_503' title='bbox 1118 4832 1295 4900; x_wconf 87' lang='lat' dir='ltr'><strong>(Dom.</strong></span> <span class='ocrx_word' id='word_1_504' title='bbox 1333 4831 1613 4899; x_wconf 65' lang='lat' dir='ltr'><strong>Mm&#39;rexe,</strong></span> <span class='ocrx_word' id='word_1_505' title='bbox 1653 4826 1806 4882; x_wconf 76' lang='lat' dir='ltr'><strong>Thes.</strong></span> <span class='ocrx_word' id='word_1_506' title='bbox 1832 4828 2055 4895; x_wconf 77' lang='lat' dir='ltr'><strong>Anecd.,</strong></span> <span class='ocrx_word' id='word_1_507' title='bbox 2076 4827 2119 4891; x_wconf 93' lang='lat' dir='ltr'><strong>l,</strong></span> <span class='ocrx_word' id='word_1_508' title='bbox 2146 4827 2292 4899; x_wconf 78' lang='grc'><strong>118.)</strong></span> 
     </span>
    </p>
   </div>
  </div>
