4044 5428
570 347 675 408 575

1698 346 1751 402 S.
1794 346 2083 427 AjBBONlS
2113 342 2403 399 ABBATIS
2440 341 2934 398 FLOlllACENSlS

3713 336 3817 391 576

571 465 699 519 dum
726 463 780 516 in
811 476 876 517 eo
896 469 1020 515 sunt
1056 460 1243 529 viginti
1280 470 1403 515 octo
1441 461 1576 530 cycli
1602 460 2136 526 decennovennales,
2171 466 2213 521 A
2243 469 2489 514 sanctum
2513 454 2787 528 contingat
2818 452 3088 530 pradictis
3116 458 3395 524 Kalendis,
3424 458 3585 514 tertio
3616 457 3671 511 in
3704 465 3815 511 toto

573 558 689 610 sive
707 554 946 616 lunares,
969 552 1253 608 siutetiam
1279 550 1332 606 in
1360 551 1476 620 ipso
1502 552 1688 607 decem
1709 560 1765 607 et
1787 569 1980 608 novem
2004 554 2140 624 cycli

571 645 800 702 solares.
831 643 1070 710 Quorum
1113 643 1315 705 solaris
1355 659 1497 697 nouo
1527 659 1669 698 anno
1699 644 1780 698 sui
1811 646 1946 716 cycli
1977 646 2141 699 etiam

571 737 627 791 in
654 736 739 791 his
767 734 984 813 circulis
1018 735 1256 803 Dionysii
1294 735 1503 805 incipit,
1539 742 1593 790 et
1621 735 1673 787 in
1699 744 1892 789 octavo
1921 734 2138 790 desinit.

568 824 1064 881 Decennovenualis
1086 840 1214 879 vero
1238 825 1555 880 manifestus
1577 825 1631 877 in
1656 824 1787 894 ipsis
1812 834 1976 879 totam
2005 824 2142 879 luna:

568 916 840 971 rationem
887 917 1045 985 regit.
1103 915 1443 984 Quapropter
1505 916 1686 969 decies
1721 914 1906 969 novies
1952 913 2141 984 viginti

566 1019 723 1073 octo,
755 1023 850 1064 seu
890 1009 1056 1064 vicies
1082 1007 1252 1062 octies
1276 1007 1646 1061 novemdecim
1681 1006 2055 1076 multiplicati,
2089 1004 2141 1059 in

567 1099 896 1171 quingentos
935 1100 1157 1169 triginta
1197 1099 1332 1154 duos
1370 1107 1581 1152 certum
1620 1108 1704 1153 est
1745 1098 1938 1169 procul
1979 1097 2141 1153 dubio

566 1204 711 1245 exun
728 1191 852 1245 lari.
891 1189 1009 1257 Quo
1052 1204 1277 1244 numero
1306 1204 1573 1244 annorum
1617 1190 1926 1255 conﬁcitur,
1962 1198 2018 1242 ut
2054 1189 2140 1243 di-
2172 1208 2186 1222 σ

566 1290 713 1334 ctum
742 1289 846 1346 est,
872 1280 1099 1350 magnus
1121 1294 1315 1346 annus,
1343 1280 1433 1350 qui
1460 1279 1737 1350 paschalis
1756 1279 1976 1333 dicitur.
2007 1277 2143 1332 Nam

567 1369 696 1425 etin
721 1371 952 1440 epactis,
987 1380 1041 1426 et
1065 1372 1118 1425 in
1141 1374 1609 1436 concurrentibus,
1633 1371 1748 1427 sive
1769 1370 1934 1443 cyclis
1951 1373 2146 1427 decen-

568 1462 885 1539 nuvennali,
924 1461 1008 1517 vel
1039 1462 1247 1526 lunari,
1281 1477 1493 1517 necnon
1523 1463 1757 1517 termino
1794 1461 2036 1531 paschali
2082 1477 2147 1516 ac

572 1550 852 1606 Dominica
884 1554 1107 1608 Pascha:
1139 1569 1261 1608 cum
1299 1553 1423 1608 luna
1455 1554 1626 1623 ipsius
1652 1553 1788 1619 diei,
1827 1553 2003 1624 qualis
2045 1553 2146 1607 fuit

564 1638 1031 1709 quingentesimus
1052 1652 1087 1696 ti
1105 1634 1357 1712 igesiinus
1372 1642 1638 1698 secundus
1654 1643 1945 1699 Dominicae
1969 1644 2149 1698 incar-

570 1732 806 1787 nationis
848 1748 1045 1800 annus,
1090 1736 1210 1790 talis
1255 1736 1358 1789 erit
1412 1735 1729 1791 millesimus
1770 1737 2144 1807 sexagesimus

2241 563 2386 604 anno
2430 566 2625 621 magno
2666 551 2893 606 inveniri
2944 551 3169 620 poterit;
3220 551 3272 604 iu
3323 552 3522 613 tribus,
3571 550 3812 612 scilicet,

2242 645 2449 692 tantum
2487 639 3050 694 decennoveunalihus
3088 639 3276 709 cyclis,
3305 638 3357 693 id
3402 649 3505 701 est,
3548 638 3608 697 4.
3651 637 3726 691 22
3766 647 3821 690 et

2239 730 2329 783 ‘27.
2375 728 2481 783 Sed
2526 730 2651 783 dum
2693 731 3014 785 Benedictus
3061 730 3253 794 Pater,
3296 740 3415 801 post
3449 747 3656 784 annum
3716 729 3808 784 Do

2243 818 2372 872 mini
2402 817 2524 881 529,
2567 818 2774 874 Cassini
2810 819 3083 874 miraculis
3108 820 3290 875 vivens
3320 821 3656 886 coruscavit,
3685 836 3817 874 cou-

2243 920 2353 965 stat
2408 911 2550 980 quod
2598 927 2702 967 nec
2749 912 2850 977 2‘2,
2905 927 3005 968 nec
3054 912 3141 975 27,
3173 914 3307 985 cycli
3358 929 3424 969 ex
3471 915 3576 969 hoc
3618 914 3822 968 mundo

2244 1000 2497 1054 decessit.
2528 999 2629 1066 Qui
2660 1015 2788 1055 vero
2820 1002 2944 1056 vitae
2977 1000 3093 1070 ejus
3135 1003 3402 1058 mirabilis
3439 1004 3645 1057 relator
3683 1018 3819 1073 papa

2242 1091 2538 1163 Gregorius
2581 1109 2722 1148 anno
2751 1093 2820 1148 ab
2860 1094 3231 1151 incarnatione
3274 1097 3483 1152 Domini
3515 1096 3624 1152 605
3650 1097 3820 1161 obiit,
3900 1130 3905 1133 τ

2244 1194 2452 1240 certum
2493 1192 2581 1239 est
2620 1185 2763 1254 quod
2809 1200 2913 1241 nec
2954 1196 3147 1256 quarto
3203 1187 3341 1267 cycli
3379 1203 3446 1242 ex
3491 1188 3658 1258 hujus
3701 1188 3824 1241 vita

2244 1278 2501 1335 arumnis
2520 1279 2759 1333 moriens
2788 1278 3024 1332 transiit.
3055 1278 3264 1350 Quippe
3291 1278 3407 1348 ejus
3431 1279 3823 1334 monasterium

2246 1380 2277 1419 a
2330 1365 2697 1437 Longobardis
2733 1382 2798 1422 eo
2845 1377 3060 1421 mortuo
3105 1366 3218 1434 jam
3274 1367 3449 1423 fuerat
3508 1384 3822 1439 pervasum.

2247 1456 2427 1524 Quare
2458 1459 2560 1513 nisi
2596 1475 2806 1515 summa
2836 1459 2969 1515 ﬁdes
2996 1469 3272 1531 ge5torum
3298 1468 3477 1526 esset,
3510 1460 3824 1530 praelibatus

2248 1551 2430 1622 cyclus
2453 1553 2519 1608 de
2544 1556 2848 1623 utriusque,
2871 1553 3103 1617 Domini,
3120 1554 3347 1617 scilicet,
3370 1569 3432 1608 ac
3457 1554 3628 1619 servi,
3649 1561 3826 1606 trans-

2251 1641 2327 1695 itu
2368 1641 2693 1695 calumniam
2735 1642 3037 1698 induceret.
3078 1643 3192 1711 Qua
3250 1642 3518 1697 calumnia
3562 1641 3829 1711 impulsus

2250 1733 2515 1790 discutere
2535 1736 2672 1805 coepi
2700 1736 2828 1804 quid
2850 1736 3054 1792 faceret
3093 1736 3459 1792 controversia
3493 1735 3832 1803 hujusmodi,

570 1831 826 1889 quartus:
854 1824 1138 1893 qualisque
1169 1824 1269 1879 fuit
1299 1825 1465 1895 ipsius
1492 1828 1759 1882 incarnati
1782 1827 1944 1883 Verbi
1972 1843 2148 1883 anuus
2180 1807 2222 1868 Β
2249 1832 2302 1879 et
2340 1824 2573 1894 primum
2607 1825 2672 1879 de
2710 1826 2879 1880 annis
2904 1826 3119 1881 Domini
3148 1828 3215 1881 ad
3252 1825 3635 1881 chronicorum
3686 1825 3835 1878 dicta

572 1913 799 1980 primus,
831 1924 883 1969 et
915 1917 983 1976 ab
1010 1932 1075 1972 eo
1103 1918 1569 1987 quingentesimus
1594 1921 1903 1975 tricesimus
1935 1912 2161 1987 tertius,~

574 2002 698 2057 talis
726 2005 832 2059 erit
866 2006 1031 2061 etiam
1076 2008 1395 2063 millesimus
1436 2011 1865 2065 scxcentesimus
1907 2009 2150 2066 decimus

576 2090 815 2160 quintus,
839 2104 896 2148 et
918 2095 1169 2166 deinceps
1194 2099 1309 2166 pari
1341 2097 1532 2152 ordine
1564 2114 1738 2168 usque
1764 2101 1831 2153 ad
1858 2099 2019 2154 ﬁnem
2054 2100 2149 2155 tri-

570 2180 697 2251 plici
728 2196 992 2238 annorum
1018 2184 1226 2240 Domini
1247 2189 1387 2243 serie
1410 2188 1610 2259 ubique
1638 2188 1778 2243 hanc
1801 2190 2145 2245 concordiam

569 2284 840 2343 servante,
861 2292 1091 2346 quarum
1122 2281 1295 2348 prima
1319 2282 1542 2336 omnino
1570 2282 1854 2352 praeteriit,
1887 2283 2142 2349 secunda,

570 2381 634 2420 ac
663 2367 710 2421 si
743 2369 1013 2424 secundus
1050 2385 1224 2426 annus
1258 2387 1517 2441 magnus,
1555 2374 1734 2429 adhuc
1775 2375 2052 2441 imminet;
2081 2374 2150 2429 de

570 2458 731 2513 tertia
767 2470 1030 2529 quantum
1073 2460 1315 2518 futurum
1358 2464 1431 2518 sit
1462 2463 1643 2535 (quam
1685 2475 1863 2518 tamen
1905 2465 2146 2538 adhibui)

570 2547 623 2601 in
651 2548 734 2603 his
758 2552 1005 2617 c;rculis,
1037 2553 1178 2610 Deus
1212 2555 1360 2611 solus
1388 2556 1555 2611 novit.
1584 2555 1719 2612 Cum
1753 2557 1867 2613 ιιωο
1894 2557 1966 2613 ita
2004 2560 2145 2625 sint,

569 2641 830 2708 queritur
852 2642 916 2696 de
939 2658 1083 2699 anno
1112 2638 1404 2705 Dominicis
1433 2649 1722 2718 passionis,
1749 2651 1859 2720 qui,
1887 2667 1916 2703 a
1944 2650 2150 2706 Νείιὶνὶ-

571 2733 1013 2789 tate-tricesimus
1038 2746 1282 2806 quartus.
1314 2742 1600 2796 terminum
1624 2740 1866 2808 Pascha),
1884 2743 2146 2798 decimam

568 2831 840 2891 quartam,
872 2823 1076 2879 scilicet
1104 2826 1287 2883 lunam
1310 2829 1439 2899 (qua
1473 2830 1614 2884 Deus
1666 2830 1732 2884 ad
1764 2831 2147 2888 immolandum

572 2911 844 2984 traditur),
870 2912 1003 2971 facit
1021 2930 1312 2972 occurrere
1332 2933 1429 2987 per
1448 2929 1835 2976 concurrentes
1862 2930 1915 2976 et
1937 2922 2147 2994 regula.

571 3020 660 3061 res
691 3007 930 3073 ejusdem
962 3009 1137 3074 lineae,
1162 3012 1290 3067 licet
1320 3012 1586 3067 catholica
1610 3013 1745 3070 ﬁdes
1770 3016 1994 3080 habeat,
2025 3024 2147 3087 post

571 3110 844 3169 peractam
875 3115 1087 3157 orenam
1116 3103 1266 3159 ferias
1297 3105 1501 3175 quinue
1532 3107 1815 3172 traditum,
1850 3116 1904 3162 et
1934 3108 2143 3164 decima

2251 1927 2338 1967 me
2367 1913 2588 1968 contuli.
2620 1914 2833 1969 Eusebii
2864 1914 3097 1970 maxime
3122 1914 3474 1971 Cmsariensis
3494 1954 3509 1979 ,
3535 1923 3591 1969 et
3633 1912 3832 1969 Hiero-

2250 2007 2396 2077 nymi
2426 2006 2618 2061 divinae
2642 2006 2774 2076 legis
2798 2008 3129 2077 interpretis,
3161 2015 3221 2061 ut
3240 2015 3372 2078 quot
3392 2007 3518 2060 anui
3546 2015 3735 2061 essent
3764 2003 3833 2058 al:

2251 2096 2624 2153 incarnatione
2661 2097 2874 2154 Christi
2892 2113 3061 2168 usque
3088 2099 3155 2153 ad
3193 2099 3475 2169 imperium
3507 2097 3835 2153 Diocletiani

2250 2189 2794 2257 comprehenderem,
2836 2191 3090 2260 quoniam
3126 2189 3252 2244 inde
3284 2204 3454 2259 usque
3486 2190 3553 2244 ad
3591 2189 3832 2258 primum

2251 2293 2449 2333 annum
2481 2279 2755 2350 cyclorum
2788 2280 3026 2352 Dionysii
3056 2295 3288 2334 ccxmn
3323 2279 3833 2349 deprehendissem.

2249 2376 2463 2433 lnstans
2502 2393 2633 2449 ergo
2675 2380 2895 2444 diutius,
2925 2381 2993 2434 ah
3031 2379 3189 2433 unius
3229 2378 3513 2432 nativitate
3544 2390 3724 2449 usque
3761 2374 3834 2430 ad

2249 2468 2479 2523 alterius
2528 2470 2927 2539 principatum,
2980 2469 3219 2540 comperi
3272 2468 3502 2539 spatium
3558 2479 3828 2522 cauam

2249 2568 2542 2628 annorum,
2589 2560 2673 2615 vel
2722 2577 3030 2624 ccuxxvn,
3078 2560 3334 2632 quoniam
3375 2558 3624 2614 Christus
3670 2565 3836 2611 natus

2249 2660 2333 2704 est
2378 2651 2540 2706 tertio
2580 2667 2723 2707 anno
2752 2667 2907 2707 chtv
2954 2650 3326 2723 Olympiadis,
3368 2659 3423 2705 et
3461 2647 3834 2704 Diocletianus

2250 2742 2537 2812 imperium
2600 2745 2888 2813 usurpavit
2941 2743 3179 2799 secundo
3239 2755 3383 2796 anno
3442 2738 3836 2795 ducentesima:

2248 2836 2598 2905 sexagesima:
2643 2846 2810 2891 sextae
2857 2850 3047 2890 rursus
3095 2834 3446 2906 Olympiadis.
3506 2832 3644 2887 Cum
3702 2844 3835 2899 ergo

2248 2920 2594 2994 Olympiades
2644 2941 2771 2980 mu
2803 2925 2857 2980 in
2906 2926 3084 2980 medio
3130 2923 3471 2987 transierint,
3513 2938 3580 2976 ex
3632 2918 3839 2991 quibus

2250 3030 2517 3071 cccxxmv
2561 3017 2726 3082 ﬁunt,
2768 3032 2838 3072 ex
2881 3017 3091 3072 duabus
3128 3015 3387 3071 extremis
3421 3013 3832 3085 Olympiadibns

2251 3104 2379 3169 duo,
2431 3106 2547 3161 sive
2587 3117 2697 3164 tres
2739 3109 2867 3163 anni
2905 3108 3250 3178 colliguntur.
3288 3106 3568 3176 Assumpti
3610 3119 3740 3159 vero
3772 3104 3832 3157 in

572 3192 758 3260 quinta
800 3193 927 3248 luna
962 3195 1110 3252 feriae
1142 3207 1311 3253 sexta;
1338 3197 1681 3252 cruciﬁxum.
1719 3199 1778 3252 ln
1818 3198 1972 3268 cujus
1998 3218 2146 3270 τιιιιε-
2176 3173 2220 3233 C
2253 3209 2441 3263 unum,
2474 3198 2544 3252 ab
2571 3198 2945 3254 incarnatione
2968 3198 3181 3253 Domini
3211 3212 3401 3252 omnes
3422 3197 3630 3267 pariter
3658 3206 3835 3264 usque

568 3283 765 3339 stionis
804 3287 1133 3343 obscuritate
1160 3288 1421 3344 Dominus
1453 3290 1598 3343 Beda
1638 3290 1929 3360 plurimum
1962 3293 2147 3348 obser-

572 3384 753 3443 vatus,
780 3378 910 3431 nihil
943 3379 1079 3437 lucis
1108 3380 1322 3447 infudit,
1360 3382 1463 3437 nisi
1499 3392 1705 3438 tantum
1736 3385 1881 3456 quod
1904 3387 2152 3459 Evange-

574 3465 768 3521 liorum
802 3468 961 3523 ﬁdem
990 3468 1148 3538 hujus
1172 3472 1273 3525 viri
1297 3474 1606 3527 auctoritati
1633 3476 1887 3543 praetulit,
1911 3478 2001 3547 qui
2024 3478 2154 3533 bea-

575 3565 688 3611 tum
719 3559 1076 3629 Theophilum
1116 3564 1515 3631 quodammodo
1549 3566 1761 3622 videtur
1789 3578 2035 3635 secutus,
2058 3572 2148 3641 qui

573 3649 651 3705 ait
674 3650 963 3706 Dominmn
980 3653 1273 3710 undecimo
1310 3655 1667 3712 Kalendarum
1693 3658 1956 3728 Aprilium
1993 3663 2155 3717 tradi-

577 3749 721 3807 tum,
747 3742 874 3798 licet
902 3760 1067 3798 unum
1101 3745 1318 3821 adjiciat
1353 3748 1645 3816 prmdictus
1673 3749 1788 3816 vir,
1818 3759 1875 3805 et
1900 3751 2152 3808 duodeci-

572 3846 665 3886 mo
690 3831 1050 3888 Kalendarum
1077 3828 1372 3905 Aprilium,
1396 3846 1457 3892 et
1492 3838 1756 3894 decimam
1782 3849 2032 3910 quartam
2070 3841 2154 3897 lu-

577 3938 701 3977 nam
726 3932 853 3979 tunc
875 3923 1045 3980 fuisse
1069 3927 1283 3982 scribit.
1318 3927 1421 4001 Qui
1446 3930 1615 3984 etiam
1642 3931 1694 3986 in
1722 3947 1788 3987 eo
1809 3933 1878 3989 ab
1899 3934 2154 3990 omnibus

575 4015 965 4073 ecclesiasticis
994 4016 1308 4075 doctoribus
1338 4022 1645 4091 discrepat,
1676 4024 1818 4093 quod
1867 4025 2152 4080 Dominum

570 4107 782 4162 decima
800 4123 936 4162 nona
957 4108 1080 4164 luna
1095 4110 1412 4169 cruciﬁxum
1430 4114 1787 4169 demonstrat.
1819 4115 1951 4171 Nam
1976 4117 2155 4174 Theo-

572 4197 776 4266 philus,
805 4197 947 4253 sicut
983 4209 1038 4255 et
1064 4200 1179 4266 alii,
1208 4202 1418 4258 decima
1451 4204 1638 4274 quinta
1675 4205 1803 4260 luna
1830 4207 2153 4273 cruciﬁxum

573 4289 789 4355 astruit,
817 4290 943 4347 dum
964 4302 1158 4349 octavo
1177 4293 1403 4350 Kalend.
1428 4296 1600 4366 April.
1628 4297 1793 4353 refert
1817 4314 1940 4353 eum
1968 4316 2154 4356 resur-

578 4376 786 4432 rexisse
813 4394 843 4432 a
877 4381 1105 4436 mortuis
1127 4422 1142 4447 ,
1169 4394 1291 4453 post
1320 4385 1488 4439 multa
1529 4401 1649 4455 quae
1678 4396 2005 4443 tractaverat
2031 4405 2155 4444 cum

573 4468 684 4522 suis
714 4469 1051 4540 coepiscopis
1077 4471 1143 4526 de
1170 4473 1377 4544 origine
1413 4475 1619 4529 mttndi.
1662 4476 1829 4547 igitur
1883 4480 2018 4533 tanti
2050 4479 2151 4535 viri

573 4561 676 4617 hoc
698 4579 862 4618 unum
885 4575 1168 4635 peccatum
1199 4568 1271 4621 ita
1301 4569 1639 4625 indulserunt
1665 4573 1898 4641 posteri.
1937 4583 1995 4629 ut
2021 4590 2146 4631 eum

572 4661 867 4721 sequantur
913 4654 966 4709 in
1019 4655 1271 4711 euntibus
1317 4657 1595 4713 Ecclesiis.
1663 4660 1766 4716 Sed
1821 4663 1950 4717 mihi
2001 4663 2147 4722 aliud

572 4743 827 4808 occurrit,
855 4745 997 4814 quod
1030 4762 1136 4802 non
1165 4748 1332 4802 debeo
1350 4748 1604 4805 oblivioni
1639 4752 1870 4808 tradere.
1900 4754 2058 4810 Anno
2080 4758 2147 4812 ab

570 4832 944 4914 incarnatione
972 4836 1183 4892 Domini
1218 4837 1323 4894 529
1347 4880 1361 4905 ,
1390 4840 1691 4909 imperante
1728 4842 1940 4900 Justino
1972 4846 2145 4918 impe-

571 4932 773 4987 ratore,
804 4926 1182 4983 sanctissimus
1205 4932 1589 4986 monachorum
1611 4932 1772 4988 Pater
1800 4933 2146 5005 Benedictus,

571 5012 625 5066 in
654 5012 808 5068 Italia
829 5016 1123 5073 virtutibus
1145 5017 1362 5086 claruit,
1388 5028 1446 5074 ut
1472 5031 1701 5076 testatur
1728 5021 1913 5079 Victor
1941 5023 2149 5095 Capua-

573 5106 754 5160 nensis
775 5109 1082 5180 epiSCOptlS,
1105 5125 1199 5165 seu
1225 5109 1426 5166 Paulus
1443 5111 1804 5169 Cassiniensis
1827 5117 2145 5181 monachus,

574 5194 840 5266 hujusque
870 5198 1109 5272 Dionysii
1134 5203 1554 5270 contemporalis
1584 5204 1829 5271 exstitit;
1857 5206 1972 5274 qui,
2003 5209 2153 5262 vide-

572 5292 695 5332 "Nil
752 5292 1067 5332 Ranntlinlnc
1098 5296 1260 5332 “nlo-
1324 5295 1564 5332 thhnln
1602 5306 1791 5332 cnnnln
1826 5297 2052 5332 υηοηῑιαι
2084 5319 2145 5332 ..-

2253 3288 2321 3340 ad
2345 3289 2580 3357 primum
2607 3291 2883 3363 cyclorum
2910 3291 3175 3363 Dionysii,
3212 3290 3304 3359 qui
3334 3287 3555 3343 fuerunt
3583 3295 3711 3341 ante
3746 3284 3836 3339 vel

2250 3390 2373 3449 post
2393 3382 2755 3452 principatum
2789 3383 3150 3448 Diocletiani,
3186 3380 3323 3435 ﬁunt
3348 3380 3558 3435 collecti
3592 3378 3836 3446 undique

2251 3486 2475 3538 sxxxrv,
2500 3473 2584 3528 vel
2612 3459 2785 3545 magis
2801 3489 3001 3529 oxxxv.
3024 3472 3150 3528 Hinc
3174 3472 3361 3528 dicens
3385 3486 3489 3526 non
3520 3468 3834 3540 praajudico.

2252 3577 2352 3618 nec
2380 3563 2577 3619 damno
2623 3566 2853 3622 aliorum
2896 3563 3213 3629 sententias,
3257 3561 3352 3617 sed
3390 3577 3457 3616 ex
3502 3557 3837 3614 authenticis

2251 3648 2409 3707 libris
2440 3655 2584 3723 quod
2615 3670 2805 3710 verum
2831 3664 2919 3711 est
2958 3653 3325 3722 investigans,
3354 3651 3443 3708 cui
3477 3647 3636 3720 juxta
3675 3648 3833 3703 ﬁdem

2251 3745 2444 3809 Ni‘ceni
2489 3747 2705 3802 concilii
2744 3760 2930 3802 assero
2966 3744 3111 3816 quod
3150 3743 3328 3799 nullus
3384 3758 3557 3797 annus
3606 3739 3845 3807 alicujus

2253 3838 2903 3918 cyclidecennovennalis
2927 3835 3223 3901 Dominicis
3242 3834 3479 3906 passioni
3494 3847 3559 3888 ac
3584 3844 3834 3887 resurreo

2253 3937 2420 3994 ctioni
2445 3932 2723 4004 competit,
2746 3931 2849 3986 nisi
2876 3928 3133 3985 tredecim
3155 3926 3361 3982 habens
3375 3923 3642 3980 decimam
3667 3936 3836 3990 quar-

2254 4036 2366 4082 tam
2414 4027 2596 4082 lunam
2644 4031 2839 4078 octavo
2891 4018 3254 4075 Kalendarum
3304 4014 3594 4086 Aprilium.
3640 4014 3832 4067 Aunus

2254 4130 2469 4187 quoque
2525 4113 2648 4168 talis
2695 4110 2871 4182 qualis
2921 4107 3204 4179 quatritur,
3256 4107 3309 4159 in
3358 4104 3594 4159 transitu
3651 4102 3838 4156 Patris

2254 4203 2550 4267 Benedicti,
2588 4213 2863 4271 nunquam
2895 4196 3101 4260 evenit,
3129 4194 3232 4249 nisi
3265 4192 3476 4248 decimo
3499 4199 3658 4247 sexto
3693 4207 3836 4244 anno

2255 4297 2496 4376 ejusdem
2545 4293 2679 4364 cycli
2740 4292 2974 4346 habente
3020 4288 3285 4343 decimam
3324 4294 3578 4355 quartam
3630 4284 3834 4346 lunam,

2255 4373 2576 4444 duodecimo
2613 4381 2979 4436 Kalendarum
3015 4377 3304 4448 Aprilium.
3342 4374 3413 4431 Ut
3435 4389 3568 4429 vero
3600 4373 3693 4428 ille
3725 4382 3834 4427 ter-

2258 4477 2435 4532 minus
2454 4464 2603 4528 feria:
2623 4473 2824 4542 quinta:
2850 4468 3152 4540 contingat,
3181 4476 3571 4523 concurrentes
3598 4466 3839 4535 quinque

2258 4566 2594 4638 regularibus
2621 4571 2831 4633 septem
2856 4570 3088 4626 coeunt;
3129 4566 3185 4613 et
3229 4572 3289 4614 ut
3314 4558 3417 4613 iste
3440 4556 3689 4611 Sabhato
3713 4570 3835 4609 sau-

2254 4666 2345 4713 cto
2371 4655 2607 4720 eveniat,
2637 4661 3033 4709 concurrentes
3056 4658 3168 4705 tres
3193 4664 3314 4704 cum
3337 4648 3689 4721 regularibus
3707 4663 3839 4718 qua-

2253 4756 2381 4803 tuor
2416 4746 2670 4818 produnt.
2700 4742 3058 4798 Transierunt
3093 4749 3271 4795 autem
3301 4755 3329 4793 a
3347 4740 3605 4808 passione
3628 4737 3834 4794 Domini

2256 4851 2426 4909 usque
2458 4835 2525 4891 ad
2552 4835 2837 4890 transitum
2865 4834 3040 4889 sancti
3061 4828 3239 4886 Patris
3251 4828 3533 4884 Benedicti
3561 4842 3833 4884 ccccxcvn

2256 4934 2406 4989 anui.
2439 4930 2647 5000 Quibus
2676 4929 2865 4986 divisis
2896 4943 2994 4997 per
3018 4926 3261 4997 triginta,
3288 4935 3346 4980 et
3374 4924 3661 4979 tricesima
3690 4931 3843 4993 parte

2255 5025 2549 5098 geminata,
2572 5022 2639 5078 ad
2661 5021 2906 5077 notitiam
2924 5019 3072 5075 venit
3086 5019 3225 5088 quod
3242 5025 3442 5086 prmter
3468 5016 3695 5070 tertium
3720 5012 3836 5066 nul-9

2253 5118 2337 5172 lus
2376 5128 2707 5171 concurrens
2741 5127 2862 5167 esse
2904 5111 3105 5181 poterit
3145 5123 3286 5163 anno
3324 5121 3607 5166 ccccxcvn
3648 5122 3679 5159 a
3719 5116 3835 5173 pas.

2256 5208 2407 5264 sione
2429 5203 2662 5260 Domini.
2686 5202 2859 5271 Quam
2890 5200 3172 5256 divisionis
3200 5198 3469 5269 regulam,
3506 5198 3603 5267 qui
3630 5190 3837 5268 plenius

2258 5312 2416 5332 nncco
2443 5294 2714 5332 Ancillaran
2762 5309 2778 5332 ι
2797 5308 2827 5332 v
2851 5290 3145 5332 l-nnilnlnm
3175 5288 3399 5332 “asinino.
3436 5287 3607 5332 Retia!
3628 5289 3696 5332 de
3726 5284 3839 5332 red-
