4044 5428
198 365 282 416 377
1522 359 1608 414 DE
1641 359 1867 415 CYCLD
1905 361 2257 434 DASCllALl.

3317 369 3419 424 5‘78

198 474 307 529 etsi
341 470 511 540 tetigit
533 513 545 533 ,
570 469 880 525 solvendam
918 470 1313 541 posterioribus
1342 469 1628 539 relinquit,
1661 473 1750 541 qui
1782 485 1826 540 Α
1860 491 2026 545 usque
2057 476 2224 541 1595,
2256 479 2489 532 circulos
2530 477 3027 532 decetuiovennales
3056 494 3286 546 Lxxxtv,
3323 497 3417 536 sett

196 566 258 618 nil
287 562 464 617 Calculi
494 577 616 615 eum
647 572 837 631 putant
862 563 1054 626 latere,
1081 573 1138 618 et
1163 562 1233 616 ob
1261 563 1361 616 hoc
1389 563 1519 616 tanti
1543 561 1748 616 faciunt

196 655 293 721 ejus
314 652 687 706 auctoritatem
724 664 801 706 tot
833 654 1135 708 labentibus
1164 654 1320 706 annis
1347 661 1650 717 servatam,
1683 661 1745 706 ut

198 745 270 795 vix
299 742 488 811 corrigi
533 743 704 810 possit
732 745 974 812 pluribus
999 744 1365 798 obnitentibus
1401 744 1600 797 causis.
1634 741 1743 797 Nos

199 847 350 888 tamen
371 836 617 889 omnibus
648 837 734 890 his
765 853 928 890 xxvm
995 835 1560 890 decennovennalibus
1587 834 1751 905 cyclis

197 931 309 979 duos
334 925 679 994 sulijecimus,
705 937 762 980 ut
791 928 931 995 quod
957 928 1267 998 DiOnysium
1295 924 1472 979 facere
1497 926 1747 980 debuisse

198 1019 402 1070 diximus
423 1059 436 1081 ,
477 1018 592 1083 ejus
625 1019 843 1072 lectoris
871 1019 1158 1087 diligentia:
1200 1015 1622 1069 manifestemus.
1653 1014 1748 1070 llis

197 1110 317 1162 enim
358 1111 643 1177 inspectis,
683 1111 748 1163 de
786 1110 1004 1179 reliquis
1047 1123 1144 1179 per
1183 1116 1350 1161 totum
1394 1121 1592 1159 annum
1635 1119 1748 1158 ma-

197 1215 333 1266 guum
356 1199 560 1266 peritus
585 1198 883 1252 calculator
914 1213 1016 1250 non
1045 1196 1337 1258 dubitabit,
1363 1195 1406 1248 si
1434 1204 1612 1248 tamen
1641 1191 1746 1245 sal-

199 1302 285 1342 tem
310 1289 554 1343 dubitare
591 1291 876 1358 placuerit.
919 1288 1209 1344 Sciendum
1247 1286 1477 1354 denique
1513 1284 1654 1352 quod
1689 1283 1745 1337 in

198 1380 266 1433 bis
285 1379 488 1432 circulis
512 1379 773 1450 Dionysii,
791 1380 914 1433 anni
940 1378 1149 1433 Domini
1176 1394 1270 1432 sua
1294 1379 1432 1431 serie
1457 1376 1744 1445 prodeunt,

195 1479 240 1520 et
259 1484 316 1520 xv
341 1472 492 1523 annis
515 1472 782 1534 evolutis,
812 1471 1105 1525 indictione
1135 1470 1392 1531 redeunt,
1426 1482 1526 1521 nec
1554 1467 1621 1520 ad
1656 1480 1745 1522 so-

199 1556 282 1608 lem
303 1572 393 1610 nec
416 1560 481 1611 ad
509 1559 690 1612 lunam
719 1561 1069 1628 pertinentes,
1099 1569 1152 1613 et
1177 1559 1396 1622 idcirco,
1415 1558 1741 1624 ﬁuitoanuo,

199 1662 286 1700 non
307 1661 367 1699 eo
389 1649 545 1702 modo
571 1665 679 1718 quo
708 1660 897 1720 coaptat
926 1660 1051 1704 sum
1077 1651 1390 1704 redeuntes.

315 1736 546 1792 Joannes
570 1736 926 1810 Noviomagus
956 1739 1133 1793 lectori
1161 1740 1418 1802 studioso,
1443 1737 1501 1792 S.
1532 1737 1597 1790 P.

256 1826 468 1896 Scripsit
514 1829 660 1883 Beda
702 1845 964 1884 annorum
999 1830 1091 1899 qui
1128 1839 1254 1885 sunt
1284 1845 1313 1884 α
1343 1828 1562 1883 Christo
1593 1836 1740 1890 nato,

1855 568 1932 632 (si
1969 568 2168 638 mavis;
2197 577 2252 621 et
2281 571 2424 636 quod
2459 569 2597 622 idem
2630 567 2743 636 est)
2776 583 2945 620 xxvttt
2982 575 3061 621 ter
3090 569 3418 638 geminatos,

1851 639 1941 704 qui
1965 639 2159 706 partim
2189 649 2486 707 temporum
2521 639 2715 708 injuria
2745 648 2799 690 et
2827 639 3218 707 descriptorqu
3251 640 3420 694 insci-

1854 729 1924 782 tia
1938 729 2213 797 depravati
2232 738 2376 788 sunt,
2404 730 2597 798 partim
2613 729 2776 783 etiam
2795 728 3109 783 interierunt
3121 771 3136 796 ,
3150 743 3243 783 eos
3255 745 3422 800 quan-

1853 826 1964 871 tum
1991 819 2263 888 potuimus
2295 818 2418 872 alibi
2451 819 2820 887 reposuimus,
2849 819 2978 873 alibi
3013 821 3420 876 emendavimus

1851 917 1911 962 ut
1933 916 2115 961 essent
2149 908 2341 977 integri
2371 922 2538 975 usque
2564 908 2630 961 ad
2669 908 2829 962 1595.
2866 906 3139 963 Posterior
3172 920 3302 964 aetas
3328 910 3418 964 ubi

1851 997 2042 1050 horum
2096 1011 2361 1050 annorum
2417 997 2578 1050 fuerit
2643 997 2903 1051 terminus
2961 998 3176 1067 adjiciet
3239 1000 3415 1072 plura.

1851 1087 2139 1143 Sciendum
2169 1099 2348 1142 tamen
2372 1098 2455 1144 est
2491 1104 2647 1158 posse
2675 1091 2772 1143 hos
2794 1106 2990 1143 Lxxxrv
3020 1091 3252 1146 cireulos
3279 1093 3419 1147 redi-

1851 1181 1926 1248 git
1958 1182 2008 1234 in
2038 1197 2207 1236 xxvtu
2238 1196 2468 1250 quorum
2503 1181 2730 1251 quisque
2772 1181 3007 1237 circulus
3041 1192 3287 1238 constare
3316 1185 3416 1239 tri-

1849 1275 1975 1344 plici
1992 1275 2132 1328 serie
2147 1288 2434 1339 annorum,
2459 1289 2580 1328 nam
2597 1287 2762 1328 mum
2789 1288 3005 1344 quoque
3029 1291 3168 1328 anno
3192 1276 3418 1329 redeunt

1847 1367 2030 1420 omnia
2063 1367 2270 1421 eadem.
2295 1365 2518 1420 Constat
2539 1366 2682 1420 enim
2699 1380 2922 1435 magnus
2944 1365 3174 1419 circulus
3198 1367 3413 1420 totidem

1847 1460 2024 1522 annis,
2050 1459 2246 1529 quibus
2271 1459 2496 1519 exactis,
2517 1467 2736 1527 propter
2765 1457 2896 1510 solis
2924 1464 2978 1509 et
3007 1455 3143 1508 lunze
3171 1471 3410 1519 cursum,

1847 1567 2069 1607 necesse
2097 1560 2180 1605 est
2208 1552 2388 1605 omnia
2417 1551 2626 1615 redire,
2655 1565 2774 1618 qua:
2811 1556 2935 1602 sunt
2975 1545 3195 1600 circulis
3223 1547 3418 1601 decen-

1845 1640 2233 1696 novennalibus
2261 1641 2448 1694 eodem
2482 1640 2672 1693 ordine
2703 1647 2755 1692 et
2782 1638 2971 1698 modo,
3009 1635 3251 1702 exceptis
3282 1635 3420 1687 indi-

1843 1733 2116 1787 ctionibus
2142 1743 2196 1786 et
2225 1731 2419 1786 litteris
2454 1731 2746 1785 Dominicm
2773 1728 2901 1784 diei.
2935 1727 3064 1782 Vale
3097 1739 3153 1780 et
3176 1735 3418 1781 nostram

1843 1839 2063 1894 operam
2089 1825 2214 1878 boni
2243 1821 2528 1882 consulite.

206 1938 3410 1972 W

1435 2057 2169 2164 SEQUUNTUR

925 2262 1442 2373 unum
1516 2255 2700 2415 PBESBYTEBI

487 2479 2294 2654 DEGEMNOVENALES
2391 2469 3130 2656 CIRCULI

201 2728 308 2787 Una
335 2747 464 2788 cum
488 2728 585 2786 his
611 2747 762 2807 quos
786 2728 1043 2804 scripsit
1071 2725 1412 2807 Dionysius
1457 2724 1794 2807 Roman-us,
1825 2731 2224 2807 cognomento
2253 2722 2565 2807 Exiguus,
2592 2731 2652 2807 et_
2671 2724 2882 2807 beatus
2909 2721 3189 2807 Cyrillus
3216 2735 3408 2798 usque

263 2800 740 2896 admillesiuium
781 2800 1332 2896 quingentesimum
1374 2802 1836 2868 nonaaesimum
1880 2803 2166 2882 quintum
2207 2821 2435 2862 annum
2459 2802 2706 2875 salutis,
2751 2802 2973 2880 quibus
3016 2800 3415 2861 continentur

263 2891 373 2945 tres
398 2885 627 2945 circuli
651 2885 883 2962 magni.

662 3007 817 3079 (Vide
839 3009 979 3064 inter
998 3013 1174 3077 Upera
1201 3006 1355 3060 Beda:
1382 3003 1742 3068 Venerabilis,
1771 3014 1900 3059 tom.
1933 3004 1972 3070 1,
2009 3005 2112 3060 col.
2141 3005 2267 3068 8'23,
2297 3005 2614 3076 Patrologia:
2646 3013 2775 3059 tom.
2802 3003 2937 3076 XC.)

887 3265 1405 3380 BEDE
1498 3256 2672 3371 PRESBYTER!

2641 3147 2891 3169 ..ο-...η
2895 3159 2993 3168 ψ-
3001 3162 3009 3166 .-
3017 3145 3365 3171 w—I

797 3477 939 3564 DE
1028 3470 1403 3564 CYCLO
1477 3465 2038 3557 PASCHALI
2119 3467 2789 3560 PR/EFATIO.

1634 3637 1949 3654 Μ

253 3754 440 3826 Cyclas
463 3753 602 3810 idem
625 3753 882 3824 paschalis
905 3762 1030 3809 octo
1057 3761 1140 3807 est
1167 3752 1324 3806 lineis
1345 3751 1726 3804 communitus.
1765 3737 1805 3794 Β
1839 3765 2005 3819 usque
2029 3750 2080 3805 in
2105 3765 2178 3804 vn
2209 3748 2434 3804 Kalend.
2461 3749 2648 3814 Maias,
2674 3751 2742 3804 ob
2772 3751 3032 3804 rationem
3056 3749 3407 3804 embolismoc

197 3841 389 3898 Primus
408 3845 535 3898 ordo
558 3845 790 3899 continet
818 3859 984 3898 annos
1014 3844 1080 3895 ab
1107 3841 1478 3895 incarnatione
1497 3840 1728 3902 Domini,

197 3936 356 3998 unius,
380 3936 595 4006 singulis
616 3936 784 3998 annis,
802 3944 1090 4003 augmento
1105 3941 1431 3987 crescentes.
1450 3931 1732 3985 Secundus

203 4025 489 4080 indictiones
522 4027 916 4092 Romanorum,
938 4039 1059 4093 qua:
1091 4024 1142 4076 in
1181 4037 1239 4076 se
1285 4036 1499 4089 semper
1540 4021 1606 4074 15
1635 4036 1732 4074 an-

203 4129 374 4168 norum
410 4132 561 4169 cursu
607 4114 968 4169 revolvuntur.
1003 4111 1254 4176 Tertius,
1293 4120 1512 4180 epaclas
1551 4111 1610 4163 H
1652 4110 1734 4163 lu-

209 4220 369 4267 nares,
399 4222 508 4274 quae
547 4221 642 4276 per
680 4205 916 4274 singulos
953 4218 1122 4257 annos
1163 4202 1369 4256 solares
1410 4203 1476 4255 ad
1513 4217 1730 4255 cursum

206 4293 322 4349 luna:
345 4306 690 4358 sucorescunt,
722 4307 774 4350 et
801 4297 865 4349 ad
897 4295 1076 4347 lunam
1102 4293 1461 4346 Kalendarum
1487 4307 1732 4360 qureren-

207 4385 308 4438 dam
340 4404 533 4459 semper
556 4390 907 4458 adjiciuntur,
934 4389 1122 4457 positae
1153 4403 1205 4440 XI
1251 4385 1475 4440 Kalend.
1508 4385 1727 4455 Aprilis.

208 4475 430 4544 Quartus,
459 4489 841 4537 concurrentes
869 4480 1186 4549 septimana:
1218 4477 1354 4542 dies,
1389 4492 1511 4546 qua:
1543 4477 1731 4545 posita:

209 4581 251 4617 ις
264 4567 453 4625 Kalend.
469 4571 668 4641 Aprilis
691 4579 907 4640 propter
921 4569 1260 4640 dispendium
1278 4569 1523 4632 bissexti,
1538 4583 1730 4622 neces-

210 4658 323 4710 sario
339 4659 419 4724 28,
444 4663 596 4714 annis
622 4660 930 4728 implentur.
953 4659 1192 4726 Quarum
1221 4657 1361 4710 ratio
1383 4657 1524 4726 cogit
1552 4658 1731 4726 cyclos

211 4744 549 4805 decennovales
598 4750 670 4804 28
707 4749 971 4814 describi,
1006 4758 1064 4802 ut
1105 4748 1300 4818 singuli
1347 4758 1729 4802 concurrentes

212 4836 406 4907 singulos
432 4842 605 4912 cyclus
641 4842 926 4905 inchoent,
960 4850 1179 4908 totaque
1214 4854 1424 4893 summa
1457 4840 1731 4908 paschalis

213 4930 363 4986 calculi
390 4934 505 4996 552,
535 4934 694 4987 annis
718 4933 1030 5001 explicetur.
1060 4932 1309 4999 Quintus,
1343 4931 1552 5002 cycium
1585 4931 1730 4986 luna-

214 5036 298 5076 rem
333 5041 474 5096 quem
517 5027 690 5081 tribus
732 5025 888 5080 annis
925 5025 1416 5080 decennovennalis
1471 5025 1729 5093 praecedit

1837 3859 1954 3895 l‘tllll
1985 3842 2210 3895 licenter
2232 3845 2455 3895 extenti.
2492 3843 2711 3905 Ultimo,
2740 3843 2861 3895 luna
2894 3843 3012 3895 festi
3050 3843 3339 3912 paschalis.
3374 3859 3404 3896 a

1836 3933 1902 3986 15
1925 3947 2092 4000 usque
2113 3933 2201 3995 21,
2230 3942 2448 4000 propter
2470 3933 2610 3986 diem
2639 3933 2996 3998 Dominicnm,
3025 3935 3252 3986 variata.
3277 3933 3406 3985 Adi-

1834 4023 1932 4076 mit
1966 4023 2110 4076 enim
2155 4025 2322 4077 saltus
2361 4033 2600 4088 noctem,
2637 4025 2783 4077 addit
2833 4040 2961 4078 vero
3000 4033 3237 4089 aetatem,
3286 4041 3406 4092 qua:

1836 4128 1931 4182 per
1957 4128 2170 4168 omnem
2203 4114 2410 4183 cyclum
2448 4112 2698 4167 adolevit.
2725 4115 2831 4168 Sed
2872 4114 2925 4168 in
2958 4117 3056 4168 hoc
3084 4129 3186 4169 nox
3214 4112 3406 4166 adimi-

1834 4211 1940 4267 tur,
1959 4203 2101 4271 quod
2124 4213 2249 4256 ante
2279 4205 2399 4257 luna
2430 4203 2607 4258 delicit
2630 4220 2789 4274 quam
2815 4214 3050 4276 putatur.
3078 4203 3406 4258 Naturaliter

1834 4312 1964 4352 vero
1995 4313 2100 4352 nox
2145 4299 2256 4368 ipsa
2285 4309 2632 4368 perseverat,
2664 4315 2783 4369 qua:
2824 4314 2928 4352 nox
2959 4297 3170 4350 initium
3206 4304 3288 4351 est
3324 4295 3404 4348 fu-

1834 4387 1938 4440 turi
1983 4389 2140 4453 anni,
2182 4397 2237 4442 et
2276 4389 2412 4457 cycli
2465 4389 2773 4459 incipientis
2823 4388 3139 4450 exordium,
3181 4396 3404 4456 propter

1832 4479 1971 4544 quod
2003 4479 2142 4532 idem
2177 4479 2396 4533 ultimus
2420 4495 2591 4534 annus
2617 4467 2837 4550 epactas
2867 4478 2932 4532 18
2973 4486 3099 4530 tunc
3137 4477 3402 4540 retinens,

1831 4570 2004 4638 primo
2040 4587 2182 4625 anno
2215 4587 2319 4626 nun
2349 4573 2446 4636 11,
2474 4583 2532 4626 ut
2564 4574 2616 4626 in
2652 4573 2866 4627 caeteris
2899 4571 3057 4625 annis
3089 4569 3202 4622 ﬁeri
3235 4569 3401 4631 solet,

1831 4663 1924 4717 sed
1957 4663 2026 4717 i2
2063 4664 2178 4718 dies
2213 4662 2614 4728 accommodat;
2656 4671 2709 4716 et
2752 4663 2877 4730 quia
2908 4661 3006 4727 '50,
3054 4661 3260 4715 dierum
3300 4661 3404 4713 line

1831 4752 2206 4816 revolvuntur,
2235 4754 2378 4806 nulla
2413 4753 2473 4816 0,
2505 4764 2691 4822 epacta
2729 4753 2780 4805 in
2821 4751 3089 4822 principio
3132 4751 3269 4820 cycli
3306 4767 3403 4822 po-

1830 4846 1882 4898 ni
1893 4851 1995 4897 tur.

2280 4951 2489 4989 CARMEN
2531 4950 2596 4987 DE
2635 4950 2813 4988 EADEBI
2857 4951 2942 4988 RE.

1898 5026 2063 5080 Linea
2093 5023 2310 5078 Christe
2329 5034 2448 5078 tuos
2470 5025 2643 5093 prima
2675 5032 2778 5086 est,
2805 5036 2926 5092 quae
2946 5017 3186 5076 continet
3214 5032 3426 5079 annos,

214 5111 260 5166 l9
279 5082 434 5181 annis,
464 5118 630 5172 etiam
657 5116 771 5184 ipse
814 5116 1251 5186 comprehensus.
1287 5082 1519 5180 Sextus,
1551 5115 1614 5169 Η
1642 5115 1725 5169 Ιιι-
1755 5082 1796 5137 C
1900 5117 2078 5184 Atque
2105 5116 2342 5170 secunda
2374 5082 2522 5170 tenet
2541 5115 2675 5184 cycli
2709 5082 2837 5181 qua:-
2856 5109 3073 5168 indictio
3103 5119 3369 5172 constat.

209 5218 325 5264 nam,
340 5223 431 5275 qua
452 5218 664 5261 veteres
685 5208 878 5274 pascha
902 5205 1192 5269 faciebant,
1209 5220 1328 5272 quae
1346 5221 1376 5258 a
1399 5218 1475 5258 xu
1498 5204 1721 5260 Kalend.

783 5295 901 5318 II-I-
929 5315 938 5317 μ
960 5298 1047 5318 1--
1075 5293 1235 5318 \l-1-..

214 5293 366 5318 λιι-ΗΞ..
395 5312 549 5318 ..-----
580 5297 630 5318 3-
667 5312 755 5318 ..---
783 5295 901 5318 11-)-
929 5315 938 5317 μ
960 5298 1047 5318 1--
1075 5293 1235 5318 \l-l-..
1281 5295 1433 5318 --α-3..
1483 5294 1689 5318 ,12..-.-....

1903 5207 2154 5263 Servabit
2179 5221 2436 5261 numeros
2461 5206 2665 5274 epactis
2703 5205 2868 5256 tertia
2901 5206 3096 5254 certos.

1907 5301 1945 5318 Α
1997 5307 2096 5318 ,7-.-
2146 5298 2249 5318 13--
2287 5315 2353 5318 .__-
2375 5314 2407 5317 _-
2424 5305 2530 5318 Α--.
2561 5304 2760 5318 --.κοιλιην
2799 5285 3090 5318 ιηξμηηνίῖιῖο
3119 5291 3262 5318 οιηηῖ
