4044 5428
180 325 260 381 δ81
1367 309 1683 365 ANNALES
1722 301 2261 361 FLORMCENSES.
3309 299 3414 353 533

238 434 580 491 Duodecimus
619 435 792 489 abbas
820 430 1083 501 Magulfus
1109 441 1278 483 annos
1303 442 1413 480 xvr.

240 527 447 583 Tertius
481 528 729 583 decimus
756 526 923 581 abbas
949 521 1214 578 Fulradus
1246 532 1447 573 annum
1495 531 1512 569 ι
1557 524 1611 568 et
1655 514 1735 566 di-

181 621 401 677 midium.

236 713 460 780 Quartus
494 712 745 766 decimus
776 708 941 763 abbas
962 704 1345 774 Theodulplms
1371 714 1541 754 annos
1571 712 1661 750 xix
1685 703 1739 747 et

179 802 463 864 dimidium,
505 801 595 870 qui
625 815 654 853 a
686 797 1076 869 gloriosissimo
1109 796 1432 864 imperatore
1458 788 1650 845 Carolo
1675 801 1739 840 ex

176 892 421 961 Hesperia
454 900 675 960 propter
698 888 1019 944 eruditionis
1047 884 1328 940 scientiam
1360 897 1464 951 qua
1489 878 1739 950 pollebat,

178 986 222 1037 in
248 984 451 1038 Gallias
482 983 771 1045 adductus,
802 978 1240 1034 Floriaecnsibus
1270 974 1439 1028 abbas
1477 980 1533 1024 et
1578 970 1744 1023 Aure-

175 1075 496 1130 lianensibus
526 1074 686 1126 datus
728 1081 812 1125 est
857 1069 1123 1141 pontifex.
1156 1066 1254 1121 Hic
1284 1067 1463 1133 itaque
1502 1076 1656 1124 eum,
1686 1067 1747 1112 ιιι

177 1164 433 1223 diximus.
462 1163 769 1217 eruditione
810 1160 1107 1230 praecipuus
1141 1156 1490 1223 doctrinaque
1519 1151 1746 1207 babere-

179 1266 254 1308 tur
282 1254 604 1323 pmlarus,
634 1251 1071 1322 explanationem
1103 1248 1271 1304 edidit
1301 1245 1538 1317 Symboli
1571 1243 1744 1299 sancti

178 1343 471 1406 Athanasii,
499 1342 644 1410 quod
672 1356 700 1393 a
732 1339 1011 1394 monachis
1036 1348 1158 1407 post
1182 1346 1289 1401 tres
1313 1335 1585 1405 regulares
1610 1331 1749 1403 psal-

179 1448 283 1488 mos
307 1434 373 1487 ad
399 1434 631 1501 primatu
659 1430 898 1499 quotidie
918 1429 1150 1483 canitur.
1178 1426 1591 1481 Sarramentum
1617 1438 1748 1489 quo-

179 1538 271 1593 que
299 1525 476 1577 missa:
505 1537 599 1576 seu
631 1536 820 1575 eorum
848 1534 967 1588 qua:
994 1520 1046 1571 in
1071 1532 1133 1572 ea
1161 1524 1442 1587 geruntur,
1479 1514 1605 1583 quid
1634 1528 1752 1584 my-

182 1612 318 1666 sterii
366 1613 711 1674 contineant,
765 1610 1054 1679 aliquaque
1102 1604 1420 1676 quamplura
1474 1603 1749 1658 succincto

183 1703 420 1756 narrandi
453 1716 657 1770 genere
703 1698 1124 1755 luculentissime
1155 1696 1396 1766 digessit.
1432 1692 1541 1749 Nec
1569 1691 1747 1746 mintts

1762 427 1810 480 Λ

1914 439 2041 493 11(ιέ
2067 441 2118 493 in
2155 441 2347 493 honore
2382 438 2475 492 Dei
2508 437 2829 505 Theodulfus
2859 445 3047 505 tempta
3073 438 3276 491 sacravi

1986 529 2115 595 Quw
2140 530 2263 581 dum
2286 529 2516 599 quisquis
2546 528 2691 592 ades,
2723 543 2837 589 oro,
2867 536 3120 580 memento
3150 526 3274 580 mei.

1911 620 2025 691 (57)
2088 619 2390 675 Ᾰεζιιιιιιειιιιε
2444 619 2624 687 itaque
2681 618 2733 672 in
2794 619 2895 671 hoc
2958 616 3106 672 facto
3165 616 3357 687 Magum

1839 710 2111 773 Carolum,
2144 708 2236 777 qui
2265 725 2324 762 ea
2356 717 2672 777 tempestate
2697 706 3019 777 Aquisgrani
3052 707 3251 775 palatio
3278 705 3417 760 tanti

1842 802 2053 855 decoris
2098 800 2460 854 tediiicaverat
2509 798 2816 863 ecclesiam,
2867 809 2924 852 ut
2969 794 3022 853 in
3060 798 3205 850 omni
3248 795 3421 851 Gallia

1845 890 2046 945 nullam
2078 891 2276 945 habeat
2304 890 2559 944 similem.
2594 888 2790 943 Verum
2823 898 3150 945 memoratus
3172 890 3424 959 princeps

1846 982 1973 1034 illud
2013 983 2156 1051 qttod
2202 982 2402 1035 fecerat
2445 982 2723 1050 templum,
2764 991 2966 1035 sancta:
3014 982 3107 1036 Dei
3146 981 3424 1051 genitricis

1845 1070 2027 1125 Maria:
2056 1071 2294 1126 dedicari
2331 1071 2430 1124 sub
2462 1072 2665 1124 honore
2696 1073 2967 1141 prtrecpit.
3004 1072 3071 1125 At
3098 1087 3226 1127 vero
3252 1071 3426 1125 Tbco-

1847 1161 2024 1216 dulfus
2049 1160 2227 1215 aulam
2257 1178 2286 1215 a
2311 1176 2369 1217 se
2391 1172 2756 1217 constructam
2786 1162 3025 1215 omnium
3056 1161 3323 1216 conditori
3358 1175 3425 1215 ac

1846 1254 2102 1308 salvatori
2153 1269 2333 1307 rerum
2380 1253 2491 1308 Deo
2529 1268 2870 1315 consecratis.
2912 1253 3192 1309 cherubim
3237 1254 3421 1324 gloria:

1846 1343 2224 1398 obumbrantia
2256 1345 2690 1414 propitiatorium
2722 1360 2884 1414 super
2912 1346 3081 1400 altare
3104 1346 3271 1417 ipsius
3292 1348 3426 1400 arti-

1848 1436 2189 1491 ficiosissimo
2251 1438 2563 1507 magisterio
2620 1454 2935 1509 expressum
3002 1439 3087 1493 his
3150 1440 3427 1493 decoravit

1848 1526 2112 1580 versibus.

1851 1614 2136 1671 Oraculum
2169 1630 2405 1673 sanctum
2428 1631 2476 1675 et
2503 1622 2764 1675 cherubim
2791 1624 2874 1675 hic
2898 1624 3069 1692 aspice
3094 1635 3366 1689 spectaris:

1922 1704 1989 1758 Et
2022 1710 2311 1762 testamenti
2342 1726 2404 1762 en
2438 1712 2595 1763 micat
2625 1728 2748 1764 arca
2780 1712 2895 1765 Dei.

186 1794 226 1846 ci
268 1793 500 1846 studium
534 1793 589 1845 in
630 1789 1158 1861 elegantissimorum
1199 1800 1362 1854 opere
1397 1784 1745 1839 aedificiorum

1856 1795 1980 1852 fla’c
1991 1814 2225 1864 cernens,
2244 1802 2578 1871 precibusque
2592 1806 2803 1857 studens
2817 1803 3025 1872 pulsare
3038 1814 3316 1867 torrentem,

189 1884 297 1937 fuit.
330 1884 573 1953 Denique
602 1881 994 1937 Germaniuetts
1024 1880 1223 1934 dicitur
1238 1875 1386 1940 villa,
1414 1878 1628 1931 tribusa
1652 1890 1751 1929 no-

191 1984 289 2029 stro
315 1973 648 2028 monasterio
677 1972 880 2027 distans
912 1970 1167 2025 millibus.
1207 1968 1330 2023 "me
1353 1967 1637 2022 abbatibus
1662 1965 1752 2035 qui

193 2074 304 2117 ante
325 2078 445 2117 eum
480 2062 698 2116 fuerant
724 2060 954 2115 maxima
984 2074 1051 2114 ex
1078 2071 1231 2129 parte
1259 2074 1290 2112 a
1320 2056 1565 2111 ﬁdelibus
1597 2056 1753 2117 viris,

195 2169 406 2222 quorum
434 2151 725 2206 hmreditas
754 2158 892 2213 erat,
916 2149 1111 2218 partim
1140 2150 1285 2209 data,
1311 2146 1509 2215 partim
1540 2145 1754 2199 vendita

198 2253 287 2297 est.
317 2244 371 2297 ln
402 2244 501 2298 hac
541 2243 707 2314 igitur
739 2243 878 2296 idem
906 2238 1233 2295 Tlieodull‘us
1261 2238 1429 2292 abbas
1456 2244 1511 2291 cl
1549 2236 1757 2303 cpisco-

203 2350 289 2403 pus
330 2335 615 2388 ecclesiam
665 2342 774 2386 tam
820 2330 1032 2385 miritici
1076 2329 1258 2399 Operis
1304 2327 1647 2386 construxit,
1700 2335 1758 2377 ut

203 2422 387 2476 nullum
411 2424 463 2476 in
492 2432 605 2476 tota
638 2421 886 2476 Neustria
914 2420 1141 2474 inveniri
1170 2427 1348 2487 posset
1375 2416 1587 2471 aedilicii
1622 2430 1759 2485 opus

206 2514 332 2581 quod
360 2513 431 2577 ei,
462 2523 749 2581 antequam
775 2512 898 2582 igne
920 2520 1272 2574 cremaretur,
1303 2510 1505 2564 valeret
1530 2508 1754 2576 xequari.

210 2600 380 2656 Totam
420 2617 655 2672 namque
699 2611 925 2656 arcuato
962 2615 1128 2662 onere
1183 2602 1435 2654 eamdem
1476 2610 1761 2654 exstruens

212 2692 502 2755 basilicam,
552 2694 627 2746 ita
664 2691 886 2747 ﬂoribus
932 2692 1148 2761 gypseis
1193 2699 1358 2761 atque
1398 2691 1606 2744 mnsivo
1644 2688 1760 2756 ejus

216 2786 496 2838 venustavit
521 2786 807 2850 interiora,
832 2787 1195 2854 pavimentum
1223 2800 1437 2855 quoque
1462 2798 1763 2838 marmoreo

217 2875 433 2943 depinxit
462 2878 784 2933 emblemate
809 2918 823 2940 .
865 2887 922 2931 ut
960 2878 1098 2932 oculi
1132 2877 1454 2932 intuentium
1483 2878 1572 2931 vix
1609 2884 1763 2946 grata

217 2967 518 3022 satiarentur
546 2971 745 3039 specie.
778 2970 946 3025 Porro
981 2970 1035 3025 in
1072 2970 1336 3024 matherio
1374 2970 1537 3023 turris
1562 2969 1627 3022 de
1658 2982 1764 3037 qua

221 3057 354 3123 Signa
398 3063 719 3128 pendebant,
766 3064 1131 3133 hujuscemodi
1178 3061 1408 3115 inseruit
1456 3076 1643 3115 versus
1677 3077 1766 3114 ar-

219 3154 391 3211 genteo
418 3148 595 3204 colore
625 3165 906 3222 expressos
935 3169 948 3204 :

237 3299 959 3324 Μ

1916 1887 2305 1955 Theodulphum
2337 1892 2463 1945 rotis
2491 1892 2701 1960 jungito
2724 1910 2898 1963 quteso
2928 1896 3052 1948 tuis.

1926 1978 2032 2032 Sed
2060 1982 2186 2048 quia
2223 1996 2435 2051 semper
2473 1982 2807 2051 sapientibus
2852 1984 3142 2050 invidetur,
3189 1983 3434 2041 difﬁcile-

1854 2086 1958 2139 que
1985 2082 2069 2125 est
2106 2072 2157 2124 in
2183 2076 2456 2143 prosperis
2488 2076 2685 2129 invidia
2718 2090 2921 2139 carere,
2956 2079 3095 2146 apud
3134 2078 3432 2147 imperato-

1857 2177 1972 2216 rem
2008 2161 2339 2218 Ludovicum
2383 2167 2451 2219 ab
2492 2166 2699 2220 tumulis
2729 2180 3013 2223 accusatus
3046 2170 3434 2239 conjuratitmis

1857 2258 2114 2310 adversus
2166 2272 2286 2311 eum
2338 2257 2495 2312 facta:
2564 2259 2814 2314 conscius
2870 2258 3033 2315 fuisse
3066 2300 3081 2322 .
3133 2261 3435 2330 Andrgavis

1858 2346 2157 2411 exsiliatus,
2204 2350 2464 2403 custodite
2502 2350 2665 2404 etiam
2706 2352 3043 2419 mancipatus
3077 2361 3193 2416 est;
3238 2352 3325 2405 ubi
3382 2350 3436 2403 in

1860 2436 1946 2489 die
1976 2435 2299 2497 Palmarum,
2345 2450 2609 2506 pricsente
2653 2440 2766 2508 ipso
2814 2457 2961 2511 rege.
2992 2442 3438 2511 illospulcherri-

1861 2540 1978 2578 mos
2017 2526 2221 2589 versus,
2252 2527 2477 2595 gloriam
2509 2528 2682 2583 laudis
2712 2531 2912 2585 Christi
2946 2547 3318 2600 personatues,
3341 2531 3433 2600 qui

1866 2614 2027 2666 hodie.
2058 2631 2151 2683 per
2192 2617 2471 2669 universas
2498 2616 2699 2671 Gallias
2731 2620 2798 2671 ab
2827 2623 3207 2675 eceesiastieis
3241 2624 3438 2676 det-an-

1866 2711 2046 2757 latttur
2074 2706 2204 2758 Viris
2226 2745 2242 2769 ,
2272 2720 2303 2757 e
2333 2708 2464 2759 turri
2497 2709 2547 2759 in
2578 2723 2678 2775 qua
2713 2711 3119 2765 custodiebatur
3148 2728 3177 2764 a
3208 2728 3265 2766 se
3293 2728 3439 2765 com.

1862 2796 2070 2865 positos
2100 2796 2317 2860 cecinit,
2346 2813 2574 2866 quortnn
2605 2808 2687 2852 est
2716 2801 2995 2854 exordium

1865 2884 2068 2950 Gloria,
2099 2886 2239 2951 laus,
2266 2898 2311 2939 et
2337 2888 2505 2941 honor
2532 2889 2622 2941 ιὶὺλ
2646 2890 2734 2951 sit,
2765 2889 2876 2943 Rea:
2897 2889 3098 2943 Christe
3128 2892 3440 2959 redemptor,

1930 2974 2029 3029 Cui
2050 2980 2251 3045 puerile
2273 2978 2430 3033 decus
2454 2982 2700 3033 vromosit
2735 2980 2970 3033 hosuunu
2996 2982 3159 3050 pium.

902 3464 1545 3580 ANNALES
1632 3463 2717 3577 FLORIAGENSES.

1213 3681 1442 3754 (Pan'rz,
1473 3680 1712 3735 Monum.
1737 3677 1913 3736 Germ.
1938 3681 2061 3735 hist.
2096 3678 2217 3735 Scr.
2243 3680 2308 3747 ll,
2341 3681 2490 3753 234.)

294 3967 508 4038 Ascripti
537 3977 668 4042 sunt
696 3971 870 4042 codici
894 3969 1183 4042 cyclorumj
1209 3968 1759 4042 tleeennovennalinm
1802 3966 2040 4042 Dionysii
2081 3982 2253 4042 annos
2303 3965 2907 4042 552-l063complexo,
2938 3977 2991 4021 et
3020 3968 3128 4037 jam
3160 3968 3213 4022 in
3246 3968 3451 4024 Biblio-

243 4035 380 4091 theca
420 4035 563 4111 regia
595 4039 877 4111 Parisiensi
912 4035 1011 4095 sub
1040 4057 1093 4094 n.
1126 4039 1266 4093 5445
1297 4049 1595 4093 asservato.
1638 4040 1732 4093 Est
1760 4035 2204 4111 mentbranacens
2235 4039 2409 4111 in-_5°.
2442 4035 3031 4111 sanctilo‘txexat-atus,
3058 4049 3111 4091 et
3134 4042 3449 4111 adnotatiu-

240 4118 323 4177 ues
353 4108 708 4176 posl'annnm
747 4110 846 4165 854
893 4110 1122 4165 diversis
1163 4121 1558 4165 coaetaneorum
1611 4110 1858 4162 nianibus
1893 4110 2133 4177 adjectus
2172 4109 2413 4166 exhibet.
2460 4122 2597 4175 quas
2646 4108 2732 4161 hic
2779 4120 2893 4177 post
2949 4110 3237 4162 Cht‘Sltlltltt
3268 4110 3330 4177 (t.
3364 4110 3450 4174 Ill,

242 4188 287 4251 Ρ.
313 4176 558 4247 355-357)
592 4182 763 4235 denuo
790 4194 851 4236 ex
877 4181 1210 4251 autographo
1242 4196 1388 4251 ante
1418 4193 1696 4251 correctas
1726 4176 2022 4251 auctasque
2049 4179 2204 4251 sisto,
2234 4178 2451 4251 omissis
2470 4187 2671 4251 _t_amcn_
2693 4176 3078 4251 tereomnilms
3105 4195 3223 4247 qua:
3250 4176 3450 4233 amunn

247 4244 386 4321 istum
430 4244 764 4312 antecedunt,
793 4252 986 4320 quippe
1007 4244 1138 4321 'qua:
1174 4265 1241 4305 ex
1275 4248 1427 4304 Pauli
1464 4249 1686 4303 Diaconi
1725 4244 1961 4302 llistoria
2000 4248 2266 4312 mist-clla,
2306 4245 2603 4299 Annalibus
2640 4246 2696 4300 S.
2737 4248 3012 4303 (.olutnba:
3051 4244 3455 4305 ct'Annalibus

251 4312 300 4366 S.
326 4318 531 4376 Amattdi
558 4322 668 4375 sint
693 4312 986 4378 desumpta.

258 4483 375 4547 Axxo
408 4511 796 4551 lSCARNATlanS
836 4497 1046 4552 Donum.

284 4575 381 4637 526.
420 4584 741 4641 Leodelodus
773 4585 1131 4641 Floriacensis
1173 4586 1484 4641 monasterii
1525 4583 1777 4639 fundator

414 4677 563 4736 obiit.

272 4753 381 4821 849.
420 4772 564 4827 Anno
612 4784 707 4823 vni
743 4766 924 4823 Karoli
961 4768 1132 4837 regis,
1178 4781 1256 4821 χιι
1316 4766 1432 4821 Kal.
1468 4766 1644 4821 Martii
1682 4782 1779 4822 ex-

418 4862 549 4917 stitit
601 4870 940 4914 terraamotus
998 4857 1157 4927 quasi
1224 4859 1428 4913 decima
1494 4859 1626 4913 hora
1680 4874 1769 4911 no-

414 4954 524 5007 clis.

250 5025 376 5096 855.
409 5041 757 5103 Adalbertus',
814 5040 969 5094 bona:
1018 5038 1294 5095 memoriae
1345 5041 1669 5103 monachus.
1723 5055 1777 5093 xi

410 5133 519 5187 Kal.
548 5131 672 5186 Jan.
703 5128 862 5183 obiit.

222 5202 365 5281 θῦε.
396 5226 643 5282 Cometes
681 5218 937 5288 apparuit
978 5218 1119 5271 circa
1166 5212 1434 5274 Kalendas
1470 5220 1639 5279 Maias
1685 5237 1780 5290 per

403 5314 586 5383 viginti
625 5311 760 5364 dies.

200 5379 345 5428 ads!
398 5405 682 5428 n-_---..nn
714 5395 913 5428 "ll-Alﬁ

964 5391 1226 5428 Ιιηῖηυῖιιῖ
1265 5390 1373 5428 ΒΗΛ
1434 5398 1537 5428 Α..-
1580 5401 1675 5428 nn:
1713 5399 1743 5428 :l

1810 4496 1863 4554 D

2094 4492 2412 4556 thodult'us,
2473 4491 2817 4552 consiliarius
2874 4494 3184 4564 primasque
3236 4494 3457 4563 palatii,

2094 4584 2366 4636 hominem
2417 4582 2546 4635 exit.
2588 4580 2806 4636 Necnon
2846 4592 2900 4636 et
2937 4582 3233 4638 Rbodulfus
3281 4586 3460 4638 art-hi-

2091 4674 2378 4742 cpiscopus
2421 4672 2858 4741 Aquitaniorttm.
2908 4672 2975 4726 Et
3022 4674 3127 4726 tluo
3186 4674 3460 4741 principes

2086 4765 2417 4836 Aquitaniei.
2455 4765 2752 4820 Landricus
2797 4773 2850 4819 cl
2889 4765 3076 4827 lmino,
3121 4766 3259 4817 inter
3299 4780 3356 4817 se
3386 4765 3460 4818 di-

2090 4858 2400 4920 micantes,
2447 4864 2618 4910 scnvet
2682 4854 3025 4908 interimunt.
3094 4851 3463 4906 thotltbertns

2088 4963 2304 5017 quoque
2332 4958 2494 5017 atque
2524 4944 2849 5001 Ramnulfns
2883 4947 2981 5000 viri
3008 4946 3155 4998 mira:
3185 4944 3460 5011 potentiae,

2080 5042 2358 5108 armisque
2400 5041 2629 5101 strenui,
2657 5049 2711 5093 et
2750 5042 2910 5092 inter
2945 5038 3145 5109 primos
3185 5032 3283 5100 ipsi
3319 5034 3471 5100 prio-

2088 5147 2197 5193 res,
2238 5129 2733 5185 Nortlnnannorum
2765 5128 2965 5198 gladio
2998 5132 3271 5180 necantur.

1918 5224 2043 5280 877.
2086 5221 2317 5277 Karolus
2340 5219 2609 5275 Luduwici
2642 5220 2780 5272 libus
2808 5232 2843 5270 ιι
2909 5219 3040 5274 Non.
3072 5212 3286 5269 Octobr.
3318 5211 3476 5275 obiit,

2088 5322 2143 5367 et
2189 5311 2516 5367 Ludowieus
2563 5310 2702 5364 filius
2748 5306 2878 5360 eius
2939 5324 2987 5362 vi
3054 5305 3131 5360 ιιι.
3174 5301 3482 5357 Decembris

2083 5414 2308 5428 ..ιιι-...ιω
2336 5400 2570 5428 ηιιηιιΑ-ςζι
