  <div class='ocr_page' id='page_1' title='image "/cluster/home/n/w/nwhite01/storage/ocr_20150623/139/hvd.32044015471782/297.png"; bbox 0 0 4044 5428; ppageno 0'>
   <div class='ocr_carea' id='block_1_1' title="bbox 747 7 2200 82">
    <p class='ocr_par' dir='ltr' id='par_1_1' title="bbox 747 7 2200 82">
     <span class='ocr_line' id='line_1_1' title="bbox 747 7 2200 82; baseline -0.012 -8"><span class='ocrx_word' id='word_1_1' title='bbox 747 18 881 74; x_wconf 94' lang='lat' dir='ltr'><strong>ldib.</strong></span> <span class='ocrx_word' id='word_1_2' title='bbox 921 15 1141 72; x_wconf 90' lang='lat' dir='ltr'><strong>Octobr.</strong></span> <span class='ocrx_word' id='word_1_3' title='bbox 1190 13 1409 82; x_wconf 81' lang='lat' dir='ltr'><strong>eclipsis</strong></span> <span class='ocrx_word' id='word_1_4' title='bbox 1457 11 1596 65; x_wconf 79' lang='lat' dir='ltr'><strong>luna:</strong></span> <span class='ocrx_word' id='word_1_5' title='bbox 1650 7 1749 62; x_wconf 88' lang='lat' dir='ltr'><strong>fuit</strong></span> <span class='ocrx_word' id='word_1_6' title='bbox 1801 21 1923 62; x_wconf 86' lang='lat' dir='ltr'><strong>cum</strong></span> <span class='ocrx_word' id='word_1_7' title='bbox 1979 12 2124 59; x_wconf 87' lang='lat' dir='ltr'><strong>esset</strong></span> <span class='ocrx_word' id='word_1_8' title='bbox 2154 8 2200 65; x_wconf 80' lang='grc' dir='ltr'><strong>Λ</strong></span> 
     </span>
    </p>
   </div>
   <div class='ocr_carea' id='block_1_2' title="bbox 751 98 2147 182">
    <p class='ocr_par' dir='ltr' id='par_1_2' title="bbox 751 98 2147 182">
     <span class='ocr_line' id='line_1_2' title="bbox 751 98 2147 182; baseline -0.013 -15"><span class='ocrx_word' id='word_1_9' title='bbox 751 99 1157 182; x_wconf 80' lang='lat' dir='ltr'><strong>quartadecima</strong></span> <span class='ocrx_word' id='word_1_10' title='bbox 1174 146 1190 170; x_wconf 90' lang='lat'><strong>,</strong></span> <span class='ocrx_word' id='word_1_11' title='bbox 1215 114 1273 161; x_wconf 89' lang='lat' dir='ltr'><strong>et</strong></span> <span class='ocrx_word' id='word_1_12' title='bbox 1306 102 1523 172; x_wconf 90' lang='lat' dir='ltr'><strong>eclipsis</strong></span> <span class='ocrx_word' id='word_1_13' title='bbox 1559 101 1690 156; x_wconf 91' lang='lat' dir='ltr'><strong>solis</strong></span> <span class='ocrx_word' id='word_1_14' title='bbox 1712 108 1898 154; x_wconf 89' lang='lat' dir='ltr'><strong>secuta</strong></span> <span class='ocrx_word' id='word_1_15' title='bbox 1921 106 2005 152; x_wconf 90' lang='lat' dir='ltr'><strong>est</strong></span> <span class='ocrx_word' id='word_1_16' title='bbox 2031 98 2147 151; x_wconf 57' lang='lat' dir='ltr'><strong>eo-‘</strong></span> 
     </span>
    </p>
   </div>
   <div class='ocr_carea' id='block_1_3' title="bbox 752 188 2123 258">
    <p class='ocr_par' dir='ltr' id='par_1_3' title="bbox 752 188 2123 258">
     <span class='ocr_line' id='line_1_3' title="bbox 752 188 2123 258; baseline -0.012 -1"><span class='ocrx_word' id='word_1_17' title='bbox 752 205 872 258; x_wconf 88' lang='lat' dir='ltr'><strong>dem</strong></span> <span class='ocrx_word' id='word_1_18' title='bbox 900 215 1089 256; x_wconf 83' lang='lat' dir='ltr'><strong>mense</strong></span> <span class='ocrx_word' id='word_1_19' title='bbox 1126 214 1179 253; x_wconf 83' lang='lat' dir='ltr'><strong>tv</strong></span> <span class='ocrx_word' id='word_1_20' title='bbox 1211 196 1331 252; x_wconf 86' lang='lat' dir='ltr'><strong>Kal.</strong></span> <span class='ocrx_word' id='word_1_21' title='bbox 1388 190 1650 249; x_wconf 80' lang='lat' dir='ltr'><strong>Novemb.</strong></span> <span class='ocrx_word' id='word_1_22' title='bbox 1690 191 1817 245; x_wconf 90' lang='lat' dir='ltr'><strong>luna</strong></span> <span class='ocrx_word' id='word_1_23' title='bbox 1866 188 2123 244; x_wconf 89' lang='lat' dir='ltr'><strong>vicesima</strong></span> 
     </span>
    </p>
   </div>
   <div class='ocr_carea' id='block_1_4' title="bbox 749 281 2128 359">
    <p class='ocr_par' dir='ltr' id='par_1_4' title="bbox 749 281 2128 359">
     <span class='ocr_line' id='line_1_4' title="bbox 749 281 2128 359; baseline -0.012 -9"><span class='ocrx_word' id='word_1_24' title='bbox 749 305 965 357; x_wconf 88' lang='lat' dir='ltr'><strong>octava,</strong></span> <span class='ocrx_word' id='word_1_25' title='bbox 1001 300 1233 359; x_wconf 86' lang='lat' dir='ltr'><strong>utroque</strong></span> <span class='ocrx_word' id='word_1_26' title='bbox 1272 287 1450 343; x_wconf 83' lang='lat' dir='ltr'><strong>sidere</strong></span> <span class='ocrx_word' id='word_1_27' title='bbox 1487 287 1540 340; x_wconf 91' lang='lat' dir='ltr'><strong>in</strong></span> <span class='ocrx_word' id='word_1_28' title='bbox 1581 283 1890 356; x_wconf 92' lang='lat' dir='ltr'><strong>quindecim</strong></span> <span class='ocrx_word' id='word_1_29' title='bbox 1938 281 2128 337; x_wconf 89' lang='lat' dir='ltr'><strong>diebus</strong></span> 
     </span>
    </p>
   </div>
   <div class='ocr_carea' id='block_1_5' title="bbox 756 383 1059 439">
    <p class='ocr_par' dir='ltr' id='par_1_5' title="bbox 756 383 1059 439">
     <span class='ocr_line' id='line_1_5' title="bbox 756 383 1059 439; baseline -0.013 0"><span class='ocrx_word' id='word_1_30' title='bbox 756 383 1059 439; x_wconf 82' lang='lat' dir='ltr'><strong>deﬁciente.</strong></span> 
     </span>
    </p>
   </div>
   <div class='ocr_carea' id='block_1_6' title="bbox 587 469 1812 543">
    <p class='ocr_par' dir='ltr' id='par_1_6' title="bbox 587 469 1812 543">
     <span class='ocr_line' id='line_1_6' title="bbox 587 469 1812 543; baseline -0.009 -10"><span class='ocrx_word' id='word_1_31' title='bbox 587 478 706 533; x_wconf 85' lang='lat'><strong>879.</strong></span> <span class='ocrx_word' id='word_1_32' title='bbox 753 475 1083 531; x_wconf 83' lang='lat' dir='ltr'><strong>Hludovicus</strong></span> <span class='ocrx_word' id='word_1_33' title='bbox 1117 487 1213 528; x_wconf 89' lang='lat' dir='ltr'><strong>rex</strong></span> <span class='ocrx_word' id='word_1_34' title='bbox 1238 488 1293 527; x_wconf 79' lang='lat' dir='ltr'><strong>tv</strong></span> <span class='ocrx_word' id='word_1_35' title='bbox 1322 472 1401 526; x_wconf 88' lang='lat' dir='ltr'><strong>ld.</strong></span> <span class='ocrx_word' id='word_1_36' title='bbox 1431 470 1632 543; x_wconf 80' lang='lat' dir='ltr'><strong>Aprilis</strong></span> <span class='ocrx_word' id='word_1_37' title='bbox 1656 469 1812 525; x_wconf 86' lang='lat' dir='ltr'><strong>obiit.</strong></span> 
     </span>
    </p>
   </div>
   <div class='ocr_carea' id='block_1_7' title="bbox 589 569 716 624">
    <p class='ocr_par' dir='ltr' id='par_1_7' title="bbox 589 569 716 624">
     <span class='ocr_line' id='line_1_7' title="bbox 589 569 716 624; baseline 0 -1"><span class='ocrx_word' id='word_1_38' title='bbox 589 569 716 624; x_wconf 64' lang='lat'><strong>8:30.</strong></span> 
     </span>
    </p>
   </div>
   <div class='ocr_carea' id='block_1_8' title="bbox 595 842 718 897">
    <p class='ocr_par' dir='ltr' id='par_1_8' title="bbox 595 842 718 897">
     <span class='ocr_line' id='line_1_8' title="bbox 595 842 718 897; baseline -0.008 -2"><span class='ocrx_word' id='word_1_39' title='bbox 595 842 718 897; x_wconf 60' lang='lat'><strong>88%.</strong></span> 
     </span>
    </p>
   </div>
   <div class='ocr_carea' id='block_1_9' title="bbox 593 931 719 986">
    <p class='ocr_par' dir='ltr' id='par_1_9' title="bbox 593 931 719 986">
     <span class='ocr_line' id='line_1_9' title="bbox 593 931 719 986; baseline 0.008 -1"><span class='ocrx_word' id='word_1_40' title='bbox 593 931 719 986; x_wconf 75' lang='lat'><strong>905.</strong></span> 
     </span>
    </p>
   </div>
   <div class='ocr_carea' id='block_1_10' title="bbox 601 1479 727 1532">
    <p class='ocr_par' dir='ltr' id='par_1_10' title="bbox 601 1479 727 1532">
     <span class='ocr_line' id='line_1_10' title="bbox 601 1479 727 1532; baseline -0.04 0"><span class='ocrx_word' id='word_1_41' title='bbox 601 1479 727 1532; x_wconf 72' lang='lat' dir='ltr'><strong>9H.</strong></span> 
     </span>
    </p>
   </div>
   <div class='ocr_carea' id='block_1_11' title="bbox 602 1842 732 1896">
    <p class='ocr_par' dir='ltr' id='par_1_11' title="bbox 602 1842 732 1896">
     <span class='ocr_line' id='line_1_11' title="bbox 602 1842 732 1896; baseline 0 -1"><span class='ocrx_word' id='word_1_42' title='bbox 602 1842 732 1896; x_wconf 71' lang='lat' dir='ltr'><strong>93H.</strong></span> 
     </span>
    </p>
   </div>
   <div class='ocr_carea' id='block_1_12' title="bbox 609 2026 735 2080">
    <p class='ocr_par' dir='ltr' id='par_1_12' title="bbox 609 2026 735 2080">
     <span class='ocr_line' id='line_1_12' title="bbox 609 2026 735 2080; baseline -0.008 0"><span class='ocrx_word' id='word_1_43' title='bbox 609 2026 735 2080; x_wconf 70' lang='lat'><strong>952.</strong></span> 
     </span>
    </p>
   </div>
   <div class='ocr_carea' id='block_1_13' title="bbox 614 2205 740 2260">
    <p class='ocr_par' dir='ltr' id='par_1_13' title="bbox 614 2205 740 2260">
     <span class='ocr_line' id='line_1_13' title="bbox 614 2205 740 2260; baseline -0.016 0"><span class='ocrx_word' id='word_1_44' title='bbox 614 2205 740 2260; x_wconf 55' lang='lat'><strong>95.5.</strong></span> 
     </span>
    </p>
   </div>
   <div class='ocr_carea' id='block_1_14' title="bbox 614 2477 738 2532">
    <p class='ocr_par' dir='ltr' id='par_1_14' title="bbox 614 2477 738 2532">
     <span class='ocr_line' id='line_1_14' title="bbox 614 2477 738 2532; baseline -0.008 0"><span class='ocrx_word' id='word_1_45' title='bbox 614 2477 738 2532; x_wconf 76' lang='grc'>956.</span> 
     </span>
    </p>
   </div>
   <div class='ocr_carea' id='block_1_15' title="bbox 758 559 2134 633">
    <p class='ocr_par' dir='ltr' id='par_1_15' title="bbox 758 559 2134 633">
     <span class='ocr_line' id='line_1_15' title="bbox 758 559 2134 633; baseline -0.007 -11"><span class='ocrx_word' id='word_1_46' title='bbox 758 567 1087 622; x_wconf 74' lang='lat' dir='ltr'><strong>illmlovicus</strong></span> <span class='ocrx_word' id='word_1_47' title='bbox 1132 573 1188 620; x_wconf 91' lang='lat' dir='ltr'><strong>et</strong></span> <span class='ocrx_word' id='word_1_48' title='bbox 1224 564 1624 620; x_wconf 83' lang='lat' dir='ltr'><strong>Karlomaunus</strong></span> <span class='ocrx_word' id='word_1_49' title='bbox 1664 560 1803 633; x_wconf 90' lang='lat' dir='ltr'><strong>apud</strong></span> <span class='ocrx_word' id='word_1_50' title='bbox 1839 559 2134 614; x_wconf 74' lang='lat' dir='ltr'><strong>Amliianas</strong></span> 
     </span>
    </p>
   </div>
   <div class='ocr_carea' id='block_1_16' title="bbox 763 648 2137 730">
    <p class='ocr_par' dir='ltr' id='par_1_16' title="bbox 763 648 2137 730">
     <span class='ocr_line' id='line_1_16' title="bbox 763 648 2137 730; baseline -0.008 -17"><span class='ocrx_word' id='word_1_51' title='bbox 763 673 991 730; x_wconf 80' lang='lat' dir='ltr'><strong>regnum</strong></span> <span class='ocrx_word' id='word_1_52' title='bbox 1030 656 1350 727; x_wconf 87' lang='lat' dir='ltr'><strong>suscipiunt,</strong></span> <span class='ocrx_word' id='word_1_53' title='bbox 1392 662 1447 710; x_wconf 92' lang='lat' dir='ltr'><strong>et</strong></span> <span class='ocrx_word' id='word_1_54' title='bbox 1478 652 1723 709; x_wconf 88' lang='lat' dir='ltr'><strong>dividunt</strong></span> <span class='ocrx_word' id='word_1_55' title='bbox 1762 664 1947 706; x_wconf 87' lang='lat' dir='ltr'><strong>mense</strong></span> <span class='ocrx_word' id='word_1_56' title='bbox 1995 648 2137 703; x_wconf 82' lang='lat' dir='ltr'><strong>Mar-</strong></span> 
     </span>
    </p>
   </div>
   <div class='ocr_carea' id='block_1_17' title="bbox 764 750 1631 803">
    <p class='ocr_par' dir='ltr' id='par_1_17' title="bbox 764 750 1631 803">
     <span class='ocr_line' id='line_1_17' title="bbox 764 750 1631 803; baseline -0.009 0"><span class='ocrx_word' id='word_1_57' title='bbox 764 750 860 803; x_wconf 91' lang='lat' dir='ltr'><strong>tio.</strong></span> <span class='ocrx_word' id='word_1_58' title='bbox 1630 792 1631 795; x_wconf 44' lang='grc' dir='ltr'><strong>η</strong></span> 
     </span>
    </p>
   </div>
   <div class='ocr_carea' id='block_1_18' title="bbox 761 837 1859 897">
    <p class='ocr_par' dir='ltr' id='par_1_18' title="bbox 761 837 1859 897">
     <span class='ocr_line' id='line_1_18' title="bbox 761 837 1859 897; baseline -0.004 -1"><span class='ocrx_word' id='word_1_59' title='bbox 761 841 1093 897; x_wconf 81' lang='lat' dir='ltr'><strong>liludovicus</strong></span> <span class='ocrx_word' id='word_1_60' title='bbox 1125 839 1474 896; x_wconf 84' lang='lat' dir='ltr'><strong>Karlomanni</strong></span> <span class='ocrx_word' id='word_1_61' title='bbox 1508 839 1677 893; x_wconf 90' lang='lat' dir='ltr'><strong>frater</strong></span> <span class='ocrx_word' id='word_1_62' title='bbox 1704 837 1859 893; x_wconf 87' lang='lat' dir='ltr'><strong>obiit.</strong></span> 
     </span>
    </p>
   </div>
   <div class='ocr_carea' id='block_1_19' title="bbox 762 926 2189 997">
    <p class='ocr_par' dir='ltr' id='par_1_19' title="bbox 762 926 2189 997">
     <span class='ocr_line' id='line_1_19' title="bbox 762 926 2189 997; baseline -0.004 -11"><span class='ocrx_word' id='word_1_63' title='bbox 762 932 876 986; x_wconf 74' lang='lat' dir='ltr'><strong>Hoc</strong></span> <span class='ocrx_word' id='word_1_64' title='bbox 916 946 1058 985; x_wconf 87' lang='lat' dir='ltr'><strong>anno</strong></span> <span class='ocrx_word' id='word_1_65' title='bbox 1088 930 1361 984; x_wconf 91' lang='lat' dir='ltr'><strong>mediante</strong></span> <span class='ocrx_word' id='word_1_66' title='bbox 1400 928 1566 993; x_wconf 83' lang='lat' dir='ltr'><strong>Maio,</strong></span> <span class='ocrx_word' id='word_1_67' title='bbox 1612 944 1647 981; x_wconf 86' lang='lat' dir='ltr'><strong>v</strong></span> <span class='ocrx_word' id='word_1_68' title='bbox 1701 926 1857 981; x_wconf 88' lang='lat' dir='ltr'><strong>Feria</strong></span> <span class='ocrx_word' id='word_1_69' title='bbox 1890 926 2141 997; x_wconf 77' lang='lat' dir='ltr'><strong>apparuit</strong></span> <span class='ocrx_word' id='word_1_70' title='bbox 2182 996 2189 997; x_wconf 17' lang='grc' dir='ltr'><em>γ</em></span> 
     </span>
    </p>
   </div>
   <div class='ocr_carea' id='block_1_20' title="bbox 766 1016 2141 1089">
    <p class='ocr_par' dir='ltr' id='par_1_20' title="bbox 766 1016 2141 1089">
     <span class='ocr_line' id='line_1_20' title="bbox 766 1016 2141 1089; baseline -0.004 -12"><span class='ocrx_word' id='word_1_71' title='bbox 766 1021 921 1077; x_wconf 87' lang='lat' dir='ltr'><strong>stella</strong></span> <span class='ocrx_word' id='word_1_72' title='bbox 948 1020 1097 1077; x_wconf 86' lang='lat' dir='ltr'><strong>circa</strong></span> <span class='ocrx_word' id='word_1_73' title='bbox 1123 1022 1296 1089; x_wconf 84' lang='lat' dir='ltr'><strong>ipsum</strong></span> <span class='ocrx_word' id='word_1_74' title='bbox 1326 1019 1753 1089; x_wconf 88' lang='lat' dir='ltr'><strong>septentrionem</strong></span> <span class='ocrx_word' id='word_1_75' title='bbox 1785 1031 1815 1072; x_wconf 89' lang='lat' dir='ltr'><strong>a</strong></span> <span class='ocrx_word' id='word_1_76' title='bbox 1841 1026 1999 1087; x_wconf 88' lang='lat' dir='ltr'><strong>parte</strong></span> <span class='ocrx_word' id='word_1_77' title='bbox 2034 1016 2141 1071; x_wconf 92' lang='lat' dir='ltr'><strong>cir-</strong></span> 
     </span>
    </p>
   </div>
   <div class='ocr_carea' id='block_1_21' title="bbox 763 1113 2141 1182">
    <p class='ocr_par' dir='ltr' id='par_1_21' title="bbox 763 1113 2141 1182">
     <span class='ocr_line' id='line_1_21' title="bbox 763 1113 2141 1182; baseline -0.003 -13"><span class='ocrx_word' id='word_1_78' title='bbox 763 1114 836 1170; x_wconf 91' lang='lat' dir='ltr'><strong>cii</strong></span> <span class='ocrx_word' id='word_1_79' title='bbox 880 1114 1137 1168; x_wconf 88' lang='lat' dir='ltr'><strong>emittens</strong></span> <span class='ocrx_word' id='word_1_80' title='bbox 1178 1113 1386 1168; x_wconf 84' lang='lat' dir='ltr'><strong>radium</strong></span> <span class='ocrx_word' id='word_1_81' title='bbox 1448 1128 1704 1182; x_wconf 87' lang='lat' dir='ltr'><strong>magnum</strong></span> <span class='ocrx_word' id='word_1_82' title='bbox 1747 1125 1940 1165; x_wconf 86' lang='lat' dir='ltr'><strong>versus</strong></span> <span class='ocrx_word' id='word_1_83' title='bbox 1977 1124 2141 1165; x_wconf 85' lang='lat' dir='ltr'><strong>curo-</strong></span> 
     </span>
    </p>
   </div>
   <div class='ocr_carea' id='block_1_22' title="bbox 775 1201 2144 1274">
    <p class='ocr_par' dir='ltr' id='par_1_22' title="bbox 775 1201 2144 1274">
     <span class='ocr_line' id='line_1_22' title="bbox 775 1201 2144 1274; baseline -0.004 -16"><span class='ocrx_word' id='word_1_84' title='bbox 775 1213 1019 1259; x_wconf 90' lang='lat' dir='ltr'><strong>austrum</strong></span> <span class='ocrx_word' id='word_1_85' title='bbox 1088 1203 1243 1274; x_wconf 87' lang='lat' dir='ltr'><strong>quasi</strong></span> <span class='ocrx_word' id='word_1_86' title='bbox 1319 1202 1688 1274; x_wconf 76' lang='lat' dir='ltr'><strong>longissimam</strong></span> <span class='ocrx_word' id='word_1_87' title='bbox 1732 1202 1945 1258; x_wconf 85' lang='lat' dir='ltr'><strong>hastam</strong></span> <span class='ocrx_word' id='word_1_88' title='bbox 2002 1201 2144 1255; x_wconf 80' lang='lat' dir='ltr'><strong>inter</strong></span> 
     </span>
    </p>
   </div>
   <div class='ocr_carea' id='block_1_23' title="bbox 766 1292 2140 1359">
    <p class='ocr_par' dir='ltr' id='par_1_23' title="bbox 766 1292 2140 1359">
     <span class='ocr_line' id='line_1_23' title="bbox 766 1292 2140 1359; baseline -0.004 -9"><span class='ocrx_word' id='word_1_89' title='bbox 766 1294 1004 1351; x_wconf 79' lang='lat' dir='ltr'><strong>Leonem</strong></span> <span class='ocrx_word' id='word_1_90' title='bbox 1033 1303 1090 1348; x_wconf 90' lang='lat' dir='ltr'><strong>et</strong></span> <span class='ocrx_word' id='word_1_91' title='bbox 1108 1292 1381 1350; x_wconf 52' lang='lat' dir='ltr'><strong>.Geminos</strong></span> <span class='ocrx_word' id='word_1_92' title='bbox 1410 1305 1563 1349; x_wconf 86' lang='lat' dir='ltr'><strong>trans</strong></span> <span class='ocrx_word' id='word_1_93' title='bbox 1607 1293 1915 1359; x_wconf 75' lang='lat' dir='ltr'><strong>zodiacum,</strong></span> <span class='ocrx_word' id='word_1_94' title='bbox 1940 1301 1996 1348; x_wconf 88' lang='lat' dir='ltr'><strong>et</strong></span> <span class='ocrx_word' id='word_1_95' title='bbox 2024 1292 2140 1346; x_wconf 87' lang='lat' dir='ltr'><strong>visa</strong></span> 
     </span>
    </p>
   </div>
   <div class='ocr_carea' id='block_1_24' title="bbox 770 1384 1436 1441">
    <p class='ocr_par' dir='ltr' id='par_1_24' title="bbox 770 1384 1436 1441">
     <span class='ocr_line' id='line_1_24' title="bbox 770 1384 1436 1441; baseline -0.002 -2"><span class='ocrx_word' id='word_1_96' title='bbox 770 1395 852 1439; x_wconf 83' lang='lat' dir='ltr'><strong>est</strong></span> <span class='ocrx_word' id='word_1_97' title='bbox 883 1386 954 1439; x_wconf 88' lang='lat' dir='ltr'><strong>ita</strong></span> <span class='ocrx_word' id='word_1_98' title='bbox 988 1384 1100 1440; x_wconf 88' lang='lat' dir='ltr'><strong>fere</strong></span> <span class='ocrx_word' id='word_1_99' title='bbox 1121 1385 1194 1441; x_wconf 75' lang='lat'><strong>23</strong></span> <span class='ocrx_word' id='word_1_100' title='bbox 1228 1384 1436 1439; x_wconf 90' lang='lat' dir='ltr'><strong>diebus.</strong></span> 
     </span>
    </p>
   </div>
   <div class='ocr_carea' id='block_1_25' title="bbox 774 1476 2147 1549">
    <p class='ocr_par' dir='ltr' id='par_1_25' title="bbox 774 1476 2147 1549">
     <span class='ocr_line' id='line_1_25' title="bbox 774 1476 2147 1549; baseline -0.001 -16"><span class='ocrx_word' id='word_1_101' title='bbox 774 1477 1121 1533; x_wconf 73' lang='lat' dir='ltr'><strong>Memorabile</strong></span> <span class='ocrx_word' id='word_1_102' title='bbox 1170 1476 1368 1532; x_wconf 89' lang='lat' dir='ltr'><strong>bellum</strong></span> <span class='ocrx_word' id='word_1_103' title='bbox 1417 1477 1556 1549; x_wconf 88' lang='lat' dir='ltr'><strong>apud</strong></span> <span class='ocrx_word' id='word_1_104' title='bbox 1598 1476 1912 1541; x_wconf 80' lang='lat' dir='ltr'><strong>Suessones,</strong></span> <span class='ocrx_word' id='word_1_105' title='bbox 1955 1477 2009 1532; x_wconf 92' lang='lat' dir='ltr'><strong>in</strong></span> <span class='ocrx_word' id='word_1_106' title='bbox 2039 1491 2147 1547; x_wconf 88' lang='lat' dir='ltr'><strong>quo</strong></span> 
     </span>
    </p>
   </div>
   <div class='ocr_carea' id='block_1_26' title="bbox 774 1568 2151 1641">
    <p class='ocr_par' dir='ltr' id='par_1_26' title="bbox 774 1568 2151 1641">
     <span class='ocr_line' id='line_1_26' title="bbox 774 1568 2151 1641; baseline 0 -16"><span class='ocrx_word' id='word_1_107' title='bbox 774 1568 1111 1625; x_wconf 77' lang='lat' dir='ltr'><strong>Rolhbertus</strong></span> <span class='ocrx_word' id='word_1_108' title='bbox 1145 1585 1236 1625; x_wconf 75' lang='lat' dir='ltr'><strong>rex</strong></span> <span class='ocrx_word' id='word_1_109' title='bbox 1271 1570 1545 1634; x_wconf 88' lang='lat' dir='ltr'><strong>occubuit,</strong></span> <span class='ocrx_word' id='word_1_110' title='bbox 1577 1570 1703 1625; x_wconf 88' lang='lat' dir='ltr'><strong>licet</strong></span> <span class='ocrx_word' id='word_1_111' title='bbox 1737 1570 2008 1626; x_wconf 84' lang='lat' dir='ltr'><strong>exercitus</strong></span> <span class='ocrx_word' id='word_1_112' title='bbox 2034 1571 2151 1641; x_wconf 82' lang='lat' dir='ltr'><strong>ejus</strong></span> 
     </span>
    </p>
   </div>
   <div class='ocr_carea' id='block_1_27' title="bbox 778 1661 2154 1734">
    <p class='ocr_par' dir='ltr' id='par_1_27' title="bbox 778 1661 2154 1734">
     <span class='ocr_line' id='line_1_27' title="bbox 778 1661 2154 1734; baseline 0.005 -23"><span class='ocrx_word' id='word_1_113' title='bbox 778 1662 1063 1716; x_wconf 75' lang='lat' dir='ltr'><strong>victoriam</strong></span> <span class='ocrx_word' id='word_1_114' title='bbox 1106 1663 1333 1732; x_wconf 89' lang='lat' dir='ltr'><strong>adeptus</strong></span> <span class='ocrx_word' id='word_1_115' title='bbox 1381 1662 1488 1730; x_wconf 88' lang='lat' dir='ltr'><strong>sit;</strong></span> <span class='ocrx_word' id='word_1_116' title='bbox 1528 1662 1828 1734; x_wconf 89' lang='lat' dir='ltr'><strong>eodemque</strong></span> <span class='ocrx_word' id='word_1_117' title='bbox 1868 1677 2011 1717; x_wconf 90' lang='lat' dir='ltr'><strong>anno</strong></span> <span class='ocrx_word' id='word_1_118' title='bbox 2048 1661 2154 1718; x_wconf 71' lang='lat' dir='ltr'><strong>lio-</strong></span> 
     </span>
    </p>
   </div>
   <div class='ocr_carea' id='block_1_28' title="bbox 774 1750 2072 1821">
    <p class='ocr_par' dir='ltr' id='par_1_28' title="bbox 774 1750 2072 1821">
     <span class='ocr_line' id='line_1_28' title="bbox 774 1750 2072 1821; baseline 0.003 -16"><span class='ocrx_word' id='word_1_119' title='bbox 774 1750 958 1805; x_wconf 85' lang='lat' dir='ltr'><strong>dnlfus</strong></span> <span class='ocrx_word' id='word_1_120' title='bbox 986 1766 1154 1821; x_wconf 87' lang='lat' dir='ltr'><strong>regno</strong></span> <span class='ocrx_word' id='word_1_121' title='bbox 1188 1751 1533 1807; x_wconf 88' lang='lat' dir='ltr'><strong>sublimatur.</strong></span> <span class='ocrx_word' id='word_1_122' title='bbox 2066 1759 2072 1764; x_wconf 80' lang='grc'>’</span> 
     </span>
    </p>
   </div>
   <div class='ocr_carea' id='block_1_29' title="bbox 768 1841 2156 1900">
    <p class='ocr_par' dir='ltr' id='par_1_29' title="bbox 768 1841 2156 1900">
     <span class='ocr_line' id='line_1_29' title="bbox 768 1841 2156 1900; baseline 0.001 -3"><span class='ocrx_word' id='word_1_123' title='bbox 768 1841 1050 1897; x_wconf 79' lang='lat' dir='ltr'><strong>Gloriosus</strong></span> <span class='ocrx_word' id='word_1_124' title='bbox 1079 1844 1408 1899; x_wconf 85' lang='lat' dir='ltr'><strong>Francorum</strong></span> <span class='ocrx_word' id='word_1_125' title='bbox 1435 1860 1532 1900; x_wconf 91' lang='lat' dir='ltr'><strong>rex</strong></span> <span class='ocrx_word' id='word_1_126' title='bbox 1554 1843 1819 1900; x_wconf 80' lang='lat' dir='ltr'><strong>Rodulfus</strong></span> <span class='ocrx_word' id='word_1_127' title='bbox 1846 1845 1999 1899; x_wconf 84' lang='lat' dir='ltr'><strong>obiit.</strong></span> <span class='ocrx_word' id='word_1_128' title='bbox 2033 1843 2156 1899; x_wconf 79' lang='lat' dir='ltr'><strong>Pri-</strong></span> 
     </span>
    </p>
   </div>
   <div class='ocr_carea' id='block_1_30' title="bbox 783 1935 2083 2008">
    <p class='ocr_par' dir='ltr' id='par_1_30' title="bbox 783 1935 2083 2008">
     <span class='ocr_line' id='line_1_30' title="bbox 783 1935 2083 2008; baseline 0.001 -19"><span class='ocrx_word' id='word_1_129' title='bbox 783 1951 871 1989; x_wconf 85' lang='lat' dir='ltr'><strong>ma</strong></span> <span class='ocrx_word' id='word_1_130' title='bbox 912 1937 966 1989; x_wconf 88' lang='lat' dir='ltr'><strong>iu</strong></span> <span class='ocrx_word' id='word_1_131' title='bbox 1000 1944 1165 1991; x_wconf 88' lang='lat' dir='ltr'><strong>lotam</strong></span> <span class='ocrx_word' id='word_1_132' title='bbox 1190 1935 1423 1993; x_wconf 86' lang='lat' dir='ltr'><strong>Galliam</strong></span> <span class='ocrx_word' id='word_1_133' title='bbox 1459 1937 1799 2008; x_wconf 85' lang='lat' dir='ltr'><strong>Ungarorum</strong></span> <span class='ocrx_word' id='word_1_134' title='bbox 1836 1938 2083 2006; x_wconf 83' lang='lat' dir='ltr'><strong>irruptio.</strong></span> 
     </span>
    </p>
   </div>
   <div class='ocr_carea' id='block_1_31' title="bbox 779 2025 2160 2101">
    <p class='ocr_par' dir='ltr' id='par_1_31' title="bbox 779 2025 2160 2101">
     <span class='ocr_line' id='line_1_31' title="bbox 779 2025 2160 2101; baseline 0.003 -21"><span class='ocrx_word' id='word_1_135' title='bbox 779 2025 891 2081; x_wconf 82' lang='lat' dir='ltr'><strong>Hoc</strong></span> <span class='ocrx_word' id='word_1_136' title='bbox 925 2043 1069 2082; x_wconf 87' lang='lat' dir='ltr'><strong>anno</strong></span> <span class='ocrx_word' id='word_1_137' title='bbox 1098 2026 1217 2097; x_wconf 70' lang='lat' dir='ltr'><strong>ligo</strong></span> <span class='ocrx_word' id='word_1_138' title='bbox 1248 2029 1353 2083; x_wconf 88' lang='lat' dir='ltr'><strong>dux</strong></span> <span class='ocrx_word' id='word_1_139' title='bbox 1384 2028 1849 2101; x_wconf 75' lang='lat' dir='ltr'><strong>Burgundionum,</strong></span> <span class='ocrx_word' id='word_1_140' title='bbox 1877 2039 1931 2085; x_wconf 93' lang='lat' dir='ltr'><strong>et</strong></span> <span class='ocrx_word' id='word_1_141' title='bbox 1957 2029 2160 2084; x_wconf 81' lang='lat' dir='ltr'><strong>Alanus</strong></span> 
     </span>
    </p>
   </div>
   <div class='ocr_carea' id='block_1_32' title="bbox 785 2115 1319 2175">
    <p class='ocr_par' dir='ltr' id='par_1_32' title="bbox 785 2115 1319 2175">
     <span class='ocr_line' id='line_1_32' title="bbox 785 2115 1319 2175; baseline 0.009 -7"><span class='ocrx_word' id='word_1_142' title='bbox 785 2115 872 2170; x_wconf 85' lang='lat' dir='ltr'><strong>Bri</strong></span> <span class='ocrx_word' id='word_1_143' title='bbox 882 2126 1086 2172; x_wconf 80' lang='lat' dir='ltr'><strong>ttouum</strong></span> <span class='ocrx_word' id='word_1_144' title='bbox 1117 2119 1319 2175; x_wconf 87' lang='lat' dir='ltr'><strong>obiere.</strong></span> 
     </span>
    </p>
   </div>
   <div class='ocr_carea' id='block_1_33' title="bbox 779 2205 2160 2276">
    <p class='ocr_par' dir='ltr' id='par_1_33' title="bbox 779 2205 2160 2276">
     <span class='ocr_line' id='line_1_33' title="bbox 779 2205 2160 2276; baseline 0.002 -13"><span class='ocrx_word' id='word_1_145' title='bbox 779 2205 1106 2263; x_wconf 80' lang='lat' dir='ltr'><strong>Ludowicus</strong></span> <span class='ocrx_word' id='word_1_146' title='bbox 1126 2207 1462 2264; x_wconf 85' lang='lat' dir='ltr'><strong>Francorum</strong></span> <span class='ocrx_word' id='word_1_147' title='bbox 1492 2224 1590 2265; x_wconf 91' lang='lat' dir='ltr'><strong>rex</strong></span> <span class='ocrx_word' id='word_1_148' title='bbox 1616 2211 1772 2276; x_wconf 86' lang='lat' dir='ltr'><strong>obiit,</strong></span> <span class='ocrx_word' id='word_1_149' title='bbox 1799 2220 1853 2266; x_wconf 93' lang='lat' dir='ltr'><strong>et</strong></span> <span class='ocrx_word' id='word_1_150' title='bbox 1880 2211 2021 2267; x_wconf 85' lang='lat' dir='ltr'><strong>filius</strong></span> <span class='ocrx_word' id='word_1_151' title='bbox 2044 2213 2160 2267; x_wconf 91' lang='lat' dir='ltr'><strong>eius</strong></span> 
     </span>
    </p>
   </div>
   <div class='ocr_carea' id='block_1_34' title="bbox 786 2295 2158 2370">
    <p class='ocr_par' dir='ltr' id='par_1_34' title="bbox 786 2295 2158 2370">
     <span class='ocr_line' id='line_1_34' title="bbox 786 2295 2158 2370; baseline 0.007 -21"><span class='ocrx_word' id='word_1_152' title='bbox 786 2295 1099 2351; x_wconf 70' lang='lat' dir='ltr'><strong>illotliarius</strong></span> <span class='ocrx_word' id='word_1_153' title='bbox 1134 2298 1187 2352; x_wconf 91' lang='lat' dir='ltr'><strong>in</strong></span> <span class='ocrx_word' id='word_1_154' title='bbox 1221 2314 1397 2370; x_wconf 79' lang='lat' dir='ltr'><strong>regem</strong></span> <span class='ocrx_word' id='word_1_155' title='bbox 1422 2298 1676 2355; x_wconf 83' lang='lat' dir='ltr'><strong>nobiliter</strong></span> <span class='ocrx_word' id='word_1_156' title='bbox 1702 2299 1888 2358; x_wconf 81' lang='lat' dir='ltr'><strong>Remis</strong></span> <span class='ocrx_word' id='word_1_157' title='bbox 1914 2302 2158 2359; x_wconf 79' lang='lat' dir='ltr'><strong>elevatus</strong></span> 
     </span>
    </p>
   </div>
   <div class='ocr_carea' id='block_1_35' title="bbox 792 2397 895 2442">
    <p class='ocr_par' dir='ltr' id='par_1_35' title="bbox 792 2397 895 2442">
     <span class='ocr_line' id='line_1_35' title="bbox 792 2397 895 2442; baseline 0 0"><span class='ocrx_word' id='word_1_158' title='bbox 792 2397 895 2442; x_wconf 80' lang='lat' dir='ltr'><strong>est.</strong></span> 
     </span>
    </p>
   </div>
   <div class='ocr_carea' id='block_1_36' title="bbox 781 2477 2164 2553">
    <p class='ocr_par' dir='ltr' id='par_1_36' title="bbox 781 2477 2164 2553">
     <span class='ocr_line' id='line_1_36' title="bbox 781 2477 2164 2553; baseline 0.007 -21"><span class='ocrx_word' id='word_1_159' title='bbox 781 2477 895 2532; x_wconf 82' lang='lat' dir='ltr'><strong>Hoc</strong></span> <span class='ocrx_word' id='word_1_160' title='bbox 937 2493 1078 2534; x_wconf 63' lang='grc' dir='ltr'><strong>ξηιηο</strong></span> <span class='ocrx_word' id='word_1_161' title='bbox 1127 2495 1180 2535; x_wconf 82' lang='lat' dir='ltr'><strong>Iv</strong></span> <span class='ocrx_word' id='word_1_162' title='bbox 1220 2478 1401 2536; x_wconf 86' lang='lat' dir='ltr'><strong>Nonas</strong></span> <span class='ocrx_word' id='word_1_163' title='bbox 1445 2481 1771 2553; x_wconf 89' lang='lat' dir='ltr'><strong>septembris</strong></span> <span class='ocrx_word' id='word_1_164' title='bbox 1828 2483 1957 2539; x_wconf 91' lang='lat' dir='ltr'><strong>luna</strong></span> <span class='ocrx_word' id='word_1_165' title='bbox 2005 2478 2164 2541; x_wconf 85' lang='lat' dir='ltr'><strong>versa</strong></span> 
     </span>
    </p>
   </div>
   <div class='ocr_carea' id='block_1_37' title="bbox 794 2568 2167 2643">
    <p class='ocr_par' dir='ltr' id='par_1_37' title="bbox 794 2568 2167 2643">
     <span class='ocr_line' id='line_1_37' title="bbox 794 2568 2167 2643; baseline 0.005 -20"><span class='ocrx_word' id='word_1_166' title='bbox 794 2581 882 2623; x_wconf 89' lang='lat' dir='ltr'><strong>est</strong></span> <span class='ocrx_word' id='word_1_167' title='bbox 909 2568 961 2622; x_wconf 93' lang='lat' dir='ltr'><strong>in</strong></span> <span class='ocrx_word' id='word_1_168' title='bbox 988 2570 1325 2640; x_wconf 81' lang='lat' dir='ltr'><strong>sanguinem.</strong></span> <span class='ocrx_word' id='word_1_169' title='bbox 1354 2570 1553 2627; x_wconf 81' lang='lat' dir='ltr'><strong>Eodem</strong></span> <span class='ocrx_word' id='word_1_170' title='bbox 1577 2589 1795 2643; x_wconf 88' lang='lat' dir='ltr'><strong>quoque</strong></span> <span class='ocrx_word' id='word_1_171' title='bbox 1817 2590 1958 2629; x_wconf 92' lang='lat' dir='ltr'><strong>anno</strong></span> <span class='ocrx_word' id='word_1_172' title='bbox 1982 2589 2167 2631; x_wconf 89' lang='lat' dir='ltr'><strong>mense</strong></span> 
     </span>
    </p>
   </div>
   <div class='ocr_carea' id='block_1_38' title="bbox 792 2661 2168 2737">
    <p class='ocr_par' dir='ltr' id='par_1_38' title="bbox 792 2661 2168 2737">
     <span class='ocr_line' id='line_1_38' title="bbox 792 2661 2168 2737; baseline 0.004 -22"><span class='ocrx_word' id='word_1_173' title='bbox 792 2661 956 2716; x_wconf 83' lang='lat' dir='ltr'><strong>Junio</strong></span> <span class='ocrx_word' id='word_1_174' title='bbox 983 2663 1197 2732; x_wconf 87' lang='lat' dir='ltr'><strong>signum</strong></span> <span class='ocrx_word' id='word_1_175' title='bbox 1230 2662 1473 2718; x_wconf 81' lang='lat' dir='ltr'><strong>mirabile</strong></span> <span class='ocrx_word' id='word_1_176' title='bbox 1503 2665 1555 2718; x_wconf 91' lang='lat' dir='ltr'><strong>in</strong></span> <span class='ocrx_word' id='word_1_177' title='bbox 1584 2664 1722 2720; x_wconf 72' lang='lat' dir='ltr'><strong>CtBiO</strong></span> <span class='ocrx_word' id='word_1_178' title='bbox 1746 2665 2014 2737; x_wconf 87' lang='lat' dir='ltr'><strong>apparuit,</strong></span> <span class='ocrx_word' id='word_1_179' title='bbox 2045 2666 2168 2720; x_wconf 89' lang='lat' dir='ltr'><strong>dra-</strong></span> 
     </span>
    </p>
   </div>
   <div class='ocr_carea' id='block_1_39' title="bbox 792 2754 2169 2829">
    <p class='ocr_par' dir='ltr' id='par_1_39' title="bbox 792 2754 2169 2829">
     <span class='ocr_line' id='line_1_39' title="bbox 792 2754 2169 2829; baseline 0.004 -21"><span class='ocrx_word' id='word_1_180' title='bbox 792 2769 857 2808; x_wconf 91' lang='lat' dir='ltr'><strong>co</strong></span> <span class='ocrx_word' id='word_1_181' title='bbox 890 2770 1115 2825; x_wconf 89' lang='lat' dir='ltr'><strong>magnus</strong></span> <span class='ocrx_word' id='word_1_182' title='bbox 1146 2754 1371 2820; x_wconf 86' lang='lat' dir='ltr'><strong>scilicet,</strong></span> <span class='ocrx_word' id='word_1_183' title='bbox 1399 2765 1454 2810; x_wconf 90' lang='lat' dir='ltr'><strong>et</strong></span> <span class='ocrx_word' id='word_1_184' title='bbox 1490 2757 1607 2812; x_wconf 92' lang='lat' dir='ltr'><strong>sine</strong></span> <span class='ocrx_word' id='word_1_185' title='bbox 1636 2760 1833 2829; x_wconf 90' lang='lat' dir='ltr'><strong>capite.</strong></span> <span class='ocrx_word' id='word_1_186' title='bbox 1861 2758 2055 2814; x_wconf 86' lang='lat' dir='ltr'><strong>Secuta</strong></span> <span class='ocrx_word' id='word_1_187' title='bbox 2087 2771 2169 2814; x_wconf 90' lang='lat' dir='ltr'><strong>est</strong></span> 
     </span>
    </p>
   </div>
   <div class='ocr_carea' id='block_1_40' title="bbox 790 2845 2172 2921">
    <p class='ocr_par' dir='ltr' id='par_1_40' title="bbox 790 2845 2172 2921">
     <span class='ocr_line' id='line_1_40' title="bbox 790 2845 2172 2921; baseline 0.007 -23"><span class='ocrx_word' id='word_1_188' title='bbox 790 2846 974 2899; x_wconf 89' lang='lat' dir='ltr'><strong>statim</strong></span> <span class='ocrx_word' id='word_1_189' title='bbox 1002 2862 1148 2901; x_wconf 91' lang='lat' dir='ltr'><strong>mors</strong></span> <span class='ocrx_word' id='word_1_190' title='bbox 1178 2845 1414 2903; x_wconf 77' lang='lat' dir='ltr'><strong>Huooms</strong></span> <span class='ocrx_word' id='word_1_191' title='bbox 1441 2850 1620 2920; x_wconf 81' lang='lat' dir='ltr'><strong>magni</strong></span> <span class='ocrx_word' id='word_1_192' title='bbox 1648 2851 1906 2921; x_wconf 86' lang='lat' dir='ltr'><strong>principis</strong></span> <span class='ocrx_word' id='word_1_193' title='bbox 1935 2850 2172 2908; x_wconf 82' lang='lat' dir='ltr'><strong>Franco-</strong></span> 
     </span>
    </p>
   </div>
   <div class='ocr_carea' id='block_1_41' title="bbox 798 2936 2175 3014">
    <p class='ocr_par' dir='ltr' id='par_1_41' title="bbox 798 2936 2175 3014">
     <span class='ocr_line' id='line_1_41' title="bbox 798 2936 2175 3014; baseline 0.007 -25"><span class='ocrx_word' id='word_1_194' title='bbox 798 2951 942 2999; x_wconf 86' lang='lat' dir='ltr'><strong>rum,</strong></span> <span class='ocrx_word' id='word_1_195' title='bbox 973 2936 1435 3006; x_wconf 79' lang='lat' dir='ltr'><strong>Burgundionum,</strong></span> <span class='ocrx_word' id='word_1_196' title='bbox 1465 2938 1796 3007; x_wconf 85' lang='lat' dir='ltr'><strong>Brittonum,</strong></span> <span class='ocrx_word' id='word_1_197' title='bbox 1829 2951 1991 3014; x_wconf 89' lang='lat' dir='ltr'><strong>atque</strong></span> <span class='ocrx_word' id='word_1_198' title='bbox 2017 2941 2175 2999; x_wconf 82' lang='lat' dir='ltr'><strong>Nort-</strong></span> 
     </span>
    </p>
   </div>
   <div class='ocr_carea' id='block_1_42' title="bbox 805 3026 2174 3099">
    <p class='ocr_par' dir='ltr' id='par_1_42' title="bbox 805 3026 2174 3099">
     <span class='ocr_line' id='line_1_42' title="bbox 805 3026 2174 3099; baseline 0.01 -22"><span class='ocrx_word' id='word_1_199' title='bbox 805 3039 1147 3081; x_wconf 90' lang='lat' dir='ltr'><strong>mannorum.</strong></span> <span class='ocrx_word' id='word_1_200' title='bbox 1190 3026 1417 3099; x_wconf 89' lang='lat' dir='ltr'><strong>Eclipsis</strong></span> <span class='ocrx_word' id='word_1_201' title='bbox 1454 3031 1586 3087; x_wconf 90' lang='lat' dir='ltr'><strong>solis</strong></span> <span class='ocrx_word' id='word_1_202' title='bbox 1618 3032 1796 3089; x_wconf 84' lang='lat' dir='ltr'><strong>factus</strong></span> <span class='ocrx_word' id='word_1_203' title='bbox 1848 3044 1935 3090; x_wconf 88' lang='lat' dir='ltr'><strong>est</strong></span> <span class='ocrx_word' id='word_1_204' title='bbox 1973 3052 2024 3090; x_wconf 76' lang='lat' dir='ltr'><strong>x1</strong></span> <span class='ocrx_word' id='word_1_205' title='bbox 2053 3035 2174 3091; x_wconf 76' lang='lat' dir='ltr'><strong>Kal.</strong></span> 
     </span>
    </p>
   </div>
   <div class='ocr_carea' id='block_1_43' title="bbox 803 3111 2180 3194">
    <p class='ocr_par' dir='ltr' id='par_1_43' title="bbox 803 3111 2180 3194">
     <span class='ocr_line' id='line_1_43' title="bbox 803 3111 2180 3194; baseline 0.009 -27"><span class='ocrx_word' id='word_1_206' title='bbox 803 3111 1025 3168; x_wconf 86' lang='lat' dir='ltr'><strong>Januar.</strong></span> <span class='ocrx_word' id='word_1_207' title='bbox 1061 3125 1120 3170; x_wconf 92' lang='lat' dir='ltr'><strong>et</strong></span> <span class='ocrx_word' id='word_1_208' title='bbox 1156 3117 1324 3177; x_wconf 72' lang='lat' dir='ltr'><strong>stella:</strong></span> <span class='ocrx_word' id='word_1_209' title='bbox 1359 3134 1726 3190; x_wconf 86' lang='lat' dir='ltr'><strong>apparuerunt</strong></span> <span class='ocrx_word' id='word_1_210' title='bbox 1762 3139 1794 3178; x_wconf 91' lang='lat' dir='ltr'><strong>a</strong></span> <span class='ocrx_word' id='word_1_211' title='bbox 1839 3126 2016 3194; x_wconf 89' lang='lat' dir='ltr'><strong>prima</strong></span> <span class='ocrx_word' id='word_1_212' title='bbox 2049 3126 2180 3180; x_wconf 87' lang='lat' dir='ltr'><strong>hora</strong></span> 
     </span>
    </p>
   </div>
   <div class='ocr_carea' id='block_1_44' title="bbox 2432 0 3808 70">
    <p class='ocr_par' dir='ltr' id='par_1_44' title="bbox 2432 0 3808 70">
     <span class='ocr_line' id='line_1_44' title="bbox 2432 0 3808 70; baseline -0.002 -14"><span class='ocrx_word' id='word_1_213' title='bbox 2432 2 2527 69; x_wconf 90' lang='lat' dir='ltr'><strong>mi,</strong></span> <span class='ocrx_word' id='word_1_214' title='bbox 2558 1 2648 70; x_wconf 86' lang='lat' dir='ltr'><strong>qui</strong></span> <span class='ocrx_word' id='word_1_215' title='bbox 2679 16 2863 56; x_wconf 89' lang='lat' dir='ltr'><strong>secum</strong></span> <span class='ocrx_word' id='word_1_216' title='bbox 2891 0 3210 56; x_wconf 82' lang='lat' dir='ltr'><strong>Rotbertum</strong></span> <span class='ocrx_word' id='word_1_217' title='bbox 3244 0 3410 52; x_wconf 86' lang='lat' dir='ltr'><strong>lilium</strong></span> <span class='ocrx_word' id='word_1_218' title='bbox 3436 10 3596 52; x_wconf 82' lang='lat' dir='ltr'><strong>suum</strong></span> <span class='ocrx_word' id='word_1_219' title='bbox 3626 11 3808 69; x_wconf 77' lang='lat' dir='ltr'><strong>regem</strong></span> 
     </span>
    </p>
   </div>
   <div class='ocr_carea' id='block_1_45' title="bbox 2429 94 2955 150">
    <p class='ocr_par' dir='ltr' id='par_1_45' title="bbox 2429 94 2955 150">
     <span class='ocr_line' id='line_1_45' title="bbox 2429 94 2955 150; baseline -0.004 -1"><span class='ocrx_word' id='word_1_220' title='bbox 2429 94 2736 150; x_wconf 83' lang='lat' dir='ltr'><strong>Aurelianis</strong></span> <span class='ocrx_word' id='word_1_221' title='bbox 2763 95 2955 149; x_wconf 85' lang='lat' dir='ltr'><strong>elevat.</strong></span> 
     </span>
    </p>
   </div>
   <div class='ocr_carea' id='block_1_46' title="bbox 2260 184 3287 375">
    <p class='ocr_par' dir='ltr' id='par_1_46' title="bbox 2260 184 3287 375">
     <span class='ocr_line' id='line_1_46' title="bbox 2260 184 3287 375; baseline -0.006 -11"><span class='ocrx_word' id='word_1_222' title='bbox 2410 186 2514 364; x_wconf 53' lang='lat' dir='ltr'><strong>is</strong></span> <span class='ocrx_word' id='word_1_223' title='bbox 2581 184 2676 375; x_wconf 54' lang='grc' dir='ltr'><strong>ῖς</strong></span> <span class='ocrx_word' id='word_1_224' title='bbox 2751 191 2961 361; x_wconf 58' lang='lat' dir='ltr'><strong>2c</strong></span> 
     </span>
    </p>
   </div>
   <div class='ocr_carea' id='block_1_47' title="bbox 2267 381 2709 454">
    <p class='ocr_par' dir='ltr' id='par_1_47' title="bbox 2267 381 2709 454">
     <span class='ocr_line' id='line_1_47' title="bbox 2267 381 2709 454; baseline 0 -17"><span class='ocrx_word' id='word_1_225' title='bbox 2267 381 2392 438; x_wconf 80' lang='lat' dir='ltr'><strong>99L</strong></span> <span class='ocrx_word' id='word_1_226' title='bbox 2433 382 2586 454; x_wconf 83' lang='lat' dir='ltr'><strong>llugo</strong></span> <span class='ocrx_word' id='word_1_227' title='bbox 2619 384 2709 453; x_wconf 58' lang='grc' dir='ltr'><strong>α).</strong></span> 
     </span>
    </p>
   </div>
   <div class='ocr_carea' id='block_1_48' title="bbox 2269 470 3817 542">
    <p class='ocr_par' dir='ltr' id='par_1_48' title="bbox 2269 470 3817 542">
     <span class='ocr_line' id='line_1_48' title="bbox 2269 470 3817 542; baseline 0.001 -14"><span class='ocrx_word' id='word_1_228' title='bbox 2269 473 2394 529; x_wconf 88' lang='lat'><strong>997.</strong></span> <span class='ocrx_word' id='word_1_229' title='bbox 2435 473 2586 542; x_wconf 78' lang='lat' dir='ltr'><strong>Hugo</strong></span> <span class='ocrx_word' id='word_1_230' title='bbox 2614 489 2705 529; x_wconf 82' lang='lat' dir='ltr'><strong>rex</strong></span> <span class='ocrx_word' id='word_1_231' title='bbox 2735 473 2981 530; x_wconf 88' lang='lat' dir='ltr'><strong>moritur.</strong></span> <span class='ocrx_word' id='word_1_232' title='bbox 3030 472 3098 528; x_wconf 82' lang='lat' dir='ltr'><strong>Et</strong></span> <span class='ocrx_word' id='word_1_233' title='bbox 3138 472 3247 526; x_wconf 81' lang='lat' dir='ltr'><strong>alia</strong></span> <span class='ocrx_word' id='word_1_234' title='bbox 3283 488 3446 527; x_wconf 75' lang='lat' dir='ltr'><strong>manu</strong></span> <span class='ocrx_word' id='word_1_235' title='bbox 3481 485 3501 524; x_wconf 90' lang='lat'><strong><em>:</em></strong></span> <span class='ocrx_word' id='word_1_236' title='bbox 3536 470 3692 542; x_wconf 71' lang='lat' dir='ltr'><strong>[iugo</strong></span> <span class='ocrx_word' id='word_1_237' title='bbox 3720 486 3817 529; x_wconf 81' lang='lat' dir='ltr'><strong>rex</strong></span> 
     </span>
    </p>
   </div>
   <div class='ocr_carea' id='block_1_49' title="bbox 2436 564 3813 635">
    <p class='ocr_par' dir='ltr' id='par_1_49' title="bbox 2436 564 3813 635">
     <span class='ocr_line' id='line_1_49' title="bbox 2436 564 3813 635; baseline -0.002 -13"><span class='ocrx_word' id='word_1_238' title='bbox 2436 566 2592 630; x_wconf 87' lang='lat' dir='ltr'><strong>obiit,</strong></span> <span class='ocrx_word' id='word_1_239' title='bbox 2620 576 2674 620; x_wconf 90' lang='lat' dir='ltr'><strong>et</strong></span> <span class='ocrx_word' id='word_1_240' title='bbox 2708 564 2853 620; x_wconf 81' lang='lat' dir='ltr'><strong>filius</strong></span> <span class='ocrx_word' id='word_1_241' title='bbox 2895 565 3012 635; x_wconf 84' lang='lat' dir='ltr'><strong>ejus</strong></span> <span class='ocrx_word' id='word_1_242' title='bbox 3038 565 3332 620; x_wconf 82' lang='lat' dir='ltr'><strong>Rotbertus</strong></span> <span class='ocrx_word' id='word_1_243' title='bbox 3366 580 3466 634; x_wconf 90' lang='lat' dir='ltr'><strong>pro</strong></span> <span class='ocrx_word' id='word_1_244' title='bbox 3504 578 3575 618; x_wconf 87' lang='lat' dir='ltr'><strong>eo</strong></span> <span class='ocrx_word' id='word_1_245' title='bbox 3604 574 3813 633; x_wconf 81' lang='lat' dir='ltr'><strong>regnat.</strong></span> 
     </span>
    </p>
   </div>
   <div class='ocr_carea' id='block_1_50' title="bbox 2242 655 3820 729">
    <p class='ocr_par' dir='ltr' id='par_1_50' title="bbox 2242 655 3820 729">
     <span class='ocr_line' id='line_1_50' title="bbox 2242 655 3820 729; baseline -0.005 -14"><span class='ocrx_word' id='word_1_246' title='bbox 2242 658 2396 729; x_wconf 78' lang='grc'><strong>1005.</strong></span> <span class='ocrx_word' id='word_1_247' title='bbox 2434 657 2503 712; x_wconf 84' lang='grc' dir='ltr'><strong>Ει</strong></span> <span class='ocrx_word' id='word_1_248' title='bbox 2529 656 2761 727; x_wconf 82' lang='lat' dir='ltr'><strong>qualitas</strong></span> <span class='ocrx_word' id='word_1_249' title='bbox 2794 656 2989 711; x_wconf 87' lang='lat' dir='ltr'><strong>hiemis</strong></span> <span class='ocrx_word' id='word_1_250' title='bbox 3027 656 3240 728; x_wconf 76' lang='lat' dir='ltr'><strong>longior</strong></span> <span class='ocrx_word' id='word_1_251' title='bbox 3266 656 3450 720; x_wconf 81' lang='lat' dir='ltr'><strong>solito,</strong></span> <span class='ocrx_word' id='word_1_252' title='bbox 3480 655 3820 726; x_wconf 79' lang='lat' dir='ltr'><strong>pluviarum-</strong></span> 
     </span>
    </p>
   </div>
   <div class='ocr_carea' id='block_1_51' title="bbox 2444 746 3822 818">
    <p class='ocr_par' dir='ltr' id='par_1_51' title="bbox 2444 746 3822 818">
     <span class='ocr_line' id='line_1_51' title="bbox 2444 746 3822 818; baseline -0.002 -16"><span class='ocrx_word' id='word_1_253' title='bbox 2444 763 2550 818; x_wconf 91' lang='lat' dir='ltr'><strong>que</strong></span> <span class='ocrx_word' id='word_1_254' title='bbox 2580 747 2862 803; x_wconf 89' lang='lat' dir='ltr'><strong>inundatio</strong></span> <span class='ocrx_word' id='word_1_255' title='bbox 2887 748 3097 802; x_wconf 75' lang='lat' dir='ltr'><strong>exstitit</strong></span> <span class='ocrx_word' id='word_1_256' title='bbox 3121 747 3355 817; x_wconf 86' lang='lat' dir='ltr'><strong>gravior.</strong></span> <span class='ocrx_word' id='word_1_257' title='bbox 3390 755 3558 817; x_wconf 87' lang='lat' dir='ltr'><strong>atque</strong></span> <span class='ocrx_word' id='word_1_258' title='bbox 3590 746 3822 801; x_wconf 81' lang='lat' dir='ltr'><strong>diversis</strong></span> 
     </span>
    </p>
   </div>
   <div class='ocr_carea' id='block_1_52' title="bbox 2443 836 3822 911">
    <p class='ocr_par' dir='ltr' id='par_1_52' title="bbox 2443 836 3822 911">
     <span class='ocr_line' id='line_1_52' title="bbox 2443 836 3822 911; baseline -0.004 -15"><span class='ocrx_word' id='word_1_259' title='bbox 2443 840 2498 896; x_wconf 91' lang='lat' dir='ltr'><strong>in</strong></span> <span class='ocrx_word' id='word_1_260' title='bbox 2529 839 2841 911; x_wconf 84' lang='lat' dir='ltr'><strong>regionibus</strong></span> <span class='ocrx_word' id='word_1_261' title='bbox 2865 836 3084 893; x_wconf 79' lang='lat' dir='ltr'><strong>tlttmina</strong></span> <span class='ocrx_word' id='word_1_262' title='bbox 3112 853 3238 893; x_wconf 88' lang='lat' dir='ltr'><strong>suos</strong></span> <span class='ocrx_word' id='word_1_263' title='bbox 3265 838 3404 893; x_wconf 86' lang='lat' dir='ltr'><strong>ultra</strong></span> <span class='ocrx_word' id='word_1_264' title='bbox 3435 838 3661 893; x_wconf 88' lang='lat' dir='ltr'><strong>modum</strong></span> <span class='ocrx_word' id='word_1_265' title='bbox 3686 852 3822 907; x_wconf 73' lang='lat' dir='ltr'><strong>prae-</strong></span> 
     </span>
    </p>
   </div>
   <div class='ocr_carea' id='block_1_53' title="bbox 2444 929 3821 1000">
    <p class='ocr_par' dir='ltr' id='par_1_53' title="bbox 2444 929 3821 1000">
     <span class='ocr_line' id='line_1_53' title="bbox 2444 929 3821 1000; baseline -0.003 -13"><span class='ocrx_word' id='word_1_266' title='bbox 2444 932 2711 987; x_wconf 85' lang='lat' dir='ltr'><strong>terierunt</strong></span> <span class='ocrx_word' id='word_1_267' title='bbox 2740 929 3022 987; x_wconf 87' lang='lat' dir='ltr'><strong>terminos.</strong></span> <span class='ocrx_word' id='word_1_268' title='bbox 3040 930 3156 985; x_wconf 68' lang='lat' dir='ltr'><strong>Prae</strong></span> <span class='ocrx_word' id='word_1_269' title='bbox 3181 930 3394 986; x_wconf 73' lang='lat' dir='ltr'><strong>caeteris</strong></span> <span class='ocrx_word' id='word_1_270' title='bbox 3419 944 3552 984; x_wconf 81' lang='lat' dir='ltr'><strong>vero</strong></span> <span class='ocrx_word' id='word_1_271' title='bbox 3582 929 3743 1000; x_wconf 76' lang='lat' dir='ltr'><strong>Liger</strong></span> <span class='ocrx_word' id='word_1_272' title='bbox 3767 930 3821 983; x_wconf 92' lang='lat' dir='ltr'><strong>in</strong></span> 
     </span>
    </p>
   </div>
   <div class='ocr_carea' id='block_1_54' title="bbox 2446 1022 3824 1093">
    <p class='ocr_par' dir='ltr' id='par_1_54' title="bbox 2446 1022 3824 1093">
     <span class='ocr_line' id='line_1_54' title="bbox 2446 1022 3824 1093; baseline -0.003 -14"><span class='ocrx_word' id='word_1_273' title='bbox 2446 1034 2654 1081; x_wconf 87' lang='lat' dir='ltr'><strong>tantum</strong></span> <span class='ocrx_word' id='word_1_274' title='bbox 2686 1037 2816 1078; x_wconf 83' lang='lat' dir='ltr'><strong>suas</strong></span> <span class='ocrx_word' id='word_1_275' title='bbox 2841 1022 3102 1093; x_wconf 70' lang='lat' dir='ltr'><strong>prmteriit</strong></span> <span class='ocrx_word' id='word_1_276' title='bbox 3140 1033 3315 1078; x_wconf 88' lang='lat' dir='ltr'><strong>metas</strong></span> <span class='ocrx_word' id='word_1_277' title='bbox 3341 1063 3357 1086; x_wconf 95' lang='lat'><strong>,</strong></span> <span class='ocrx_word' id='word_1_278' title='bbox 3388 1030 3449 1076; x_wconf 89' lang='lat' dir='ltr'><strong>ut</strong></span> <span class='ocrx_word' id='word_1_279' title='bbox 3474 1030 3679 1077; x_wconf 81' lang='lat' dir='ltr'><strong>cuncta</strong></span> <span class='ocrx_word' id='word_1_280' title='bbox 3714 1022 3824 1076; x_wconf 59' lang='lat' dir='ltr'><strong>Cir.</strong></span> 
     </span>
    </p>
   </div>
   <div class='ocr_carea' id='block_1_55' title="bbox 2440 1112 3826 1186">
    <p class='ocr_par' dir='ltr' id='par_1_55' title="bbox 2440 1112 3826 1186">
     <span class='ocr_line' id='line_1_55' title="bbox 2440 1112 3826 1186; baseline -0.006 -13"><span class='ocrx_word' id='word_1_281' title='bbox 2440 1132 2564 1173; x_wconf 85' lang='lat' dir='ltr'><strong>cum</strong></span> <span class='ocrx_word' id='word_1_282' title='bbox 2586 1115 2730 1171; x_wconf 90' lang='lat' dir='ltr'><strong>circa</strong></span> <span class='ocrx_word' id='word_1_283' title='bbox 2751 1114 2931 1186; x_wconf 87' lang='lat' dir='ltr'><strong>posita</strong></span> <span class='ocrx_word' id='word_1_284' title='bbox 2950 1113 3188 1184; x_wconf 78' lang='lat' dir='ltr'><strong>periculo</strong></span> <span class='ocrx_word' id='word_1_285' title='bbox 3208 1113 3405 1180; x_wconf 83' lang='lat' dir='ltr'><strong>mortis</strong></span> <span class='ocrx_word' id='word_1_286' title='bbox 3419 1112 3826 1175; x_wconf 84' lang='lat' dir='ltr'><strong>tremefaeeret,</strong></span> 
     </span>
    </p>
   </div>
   <div class='ocr_carea' id='block_1_56' title="bbox 2443 1199 3829 1277">
    <p class='ocr_par' dir='ltr' id='par_1_56' title="bbox 2443 1199 3829 1277">
     <span class='ocr_line' id='line_1_56' title="bbox 2443 1199 3829 1277; baseline -0.006 -15"><span class='ocrx_word' id='word_1_287' title='bbox 2443 1207 2584 1262; x_wconf 80' lang='lat' dir='ltr'><strong>valla</strong></span> <span class='ocrx_word' id='word_1_288' title='bbox 2626 1204 2983 1277; x_wconf 85' lang='lat' dir='ltr'><strong>penetrando,</strong></span> <span class='ocrx_word' id='word_1_289' title='bbox 3029 1218 3190 1258; x_wconf 87' lang='lat' dir='ltr'><strong>casas</strong></span> <span class='ocrx_word' id='word_1_290' title='bbox 3218 1217 3324 1256; x_wconf 90' lang='lat' dir='ltr'><strong>una</strong></span> <span class='ocrx_word' id='word_1_291' title='bbox 3354 1217 3477 1257; x_wconf 89' lang='lat' dir='ltr'><strong>cum</strong></span> <span class='ocrx_word' id='word_1_292' title='bbox 3515 1199 3829 1255; x_wconf 65' lang='lat' dir='ltr'><strong>horninibus</strong></span> 
     </span>
    </p>
   </div>
   <div class='ocr_carea' id='block_1_57' title="bbox 2447 1288 3828 1366">
    <p class='ocr_par' dir='ltr' id='par_1_57' title="bbox 2447 1288 3828 1366">
     <span class='ocr_line' id='line_1_57' title="bbox 2447 1288 3828 1366; baseline -0.008 -12"><span class='ocrx_word' id='word_1_293' title='bbox 2447 1299 2707 1365; x_wconf 88' lang='lat' dir='ltr'><strong>eruendo,</strong></span> <span class='ocrx_word' id='word_1_294' title='bbox 2739 1306 2934 1366; x_wconf 72' lang='lat' dir='ltr'><strong>palntes</strong></span> <span class='ocrx_word' id='word_1_295' title='bbox 2962 1294 3148 1350; x_wconf 84' lang='lat' dir='ltr'><strong>firmos</strong></span> <span class='ocrx_word' id='word_1_296' title='bbox 3171 1300 3434 1362; x_wconf 74' lang='lat' dir='ltr'><strong>Sepesque</strong></span> <span class='ocrx_word' id='word_1_297' title='bbox 3456 1288 3789 1346; x_wconf 63' lang='lat' dir='ltr'><strong>erantiranzlo</strong></span> <span class='ocrx_word' id='word_1_298' title='bbox 3811 1328 3828 1351; x_wconf 92' lang='lat'><strong>,</strong></span> 
     </span>
    </p>
   </div>
   <div class='ocr_carea' id='block_1_58' title="bbox 2446 1378 3834 1452">
    <p class='ocr_par' dir='ltr' id='par_1_58' title="bbox 2446 1378 3834 1452">
     <span class='ocr_line' id='line_1_58' title="bbox 2446 1378 3834 1452; baseline -0.01 -6"><span class='ocrx_word' id='word_1_299' title='bbox 2446 1390 2613 1446; x_wconf 85' lang='lat' dir='ltr'><strong>boves</strong></span> <span class='ocrx_word' id='word_1_300' title='bbox 2656 1404 2779 1445; x_wconf 89' lang='lat' dir='ltr'><strong>cum</strong></span> <span class='ocrx_word' id='word_1_301' title='bbox 2822 1385 3102 1452; x_wconf 81' lang='lat' dir='ltr'><strong>bubulcis,</strong></span> <span class='ocrx_word' id='word_1_302' title='bbox 3151 1383 3313 1441; x_wconf 86' lang='lat' dir='ltr'><strong>ovilia</strong></span> <span class='ocrx_word' id='word_1_303' title='bbox 3367 1396 3491 1437; x_wconf 90' lang='lat' dir='ltr'><strong>cum</strong></span> <span class='ocrx_word' id='word_1_304' title='bbox 3538 1378 3736 1435; x_wconf 87' lang='lat' dir='ltr'><strong>ovibus</strong></span> <span class='ocrx_word' id='word_1_305' title='bbox 3775 1388 3834 1434; x_wconf 79' lang='lat' dir='ltr'><strong>et</strong></span> 
     </span>
    </p>
   </div>
   <div class='ocr_carea' id='block_1_59' title="bbox 2450 1474 3832 1552">
    <p class='ocr_par' dir='ltr' id='par_1_59' title="bbox 2450 1474 3832 1552">
     <span class='ocr_line' id='line_1_59' title="bbox 2450 1474 3832 1552; baseline -0.009 -15"><span class='ocrx_word' id='word_1_306' title='bbox 2450 1481 2637 1552; x_wconf 90' lang='lat' dir='ltr'><strong>pueris</strong></span> <span class='ocrx_word' id='word_1_307' title='bbox 2660 1479 3041 1548; x_wconf 84' lang='lat' dir='ltr'><strong>demergendo,</strong></span> <span class='ocrx_word' id='word_1_308' title='bbox 3072 1480 3149 1533; x_wconf 79' lang='lat' dir='ltr'><strong>ita</strong></span> <span class='ocrx_word' id='word_1_309' title='bbox 3181 1487 3243 1531; x_wconf 89' lang='lat' dir='ltr'><strong>ut</strong></span> <span class='ocrx_word' id='word_1_310' title='bbox 3273 1474 3535 1531; x_wconf 83' lang='lat' dir='ltr'><strong>diluvium</strong></span> <span class='ocrx_word' id='word_1_311' title='bbox 3561 1485 3690 1527; x_wconf 87' lang='lat' dir='ltr'><strong>esse</strong></span> <span class='ocrx_word' id='word_1_312' title='bbox 3715 1485 3832 1527; x_wconf 84' lang='lat' dir='ltr'><strong>cre-</strong></span> 
     </span>
    </p>
   </div>
   <div class='ocr_carea' id='block_1_60' title="bbox 2452 1562 3833 1637">
    <p class='ocr_par' dir='ltr' id='par_1_60' title="bbox 2452 1562 3833 1637">
     <span class='ocr_line' id='line_1_60' title="bbox 2452 1562 3833 1637; baseline -0.009 -11"><span class='ocrx_word' id='word_1_313' title='bbox 2452 1571 2695 1628; x_wconf 90' lang='lat' dir='ltr'><strong>deretur.</strong></span> <span class='ocrx_word' id='word_1_314' title='bbox 2724 1569 2843 1637; x_wconf 83' lang='lat' dir='ltr'><strong>Quo</strong></span> <span class='ocrx_word' id='word_1_315' title='bbox 2871 1569 3033 1623; x_wconf 86' lang='lat' dir='ltr'><strong>etiam</strong></span> <span class='ocrx_word' id='word_1_316' title='bbox 3058 1584 3202 1623; x_wconf 87' lang='lat' dir='ltr'><strong>anno</strong></span> <span class='ocrx_word' id='word_1_317' title='bbox 3228 1575 3449 1636; x_wconf 89' lang='lat' dir='ltr'><strong>propter</strong></span> <span class='ocrx_word' id='word_1_318' title='bbox 3476 1562 3833 1618; x_wconf 81' lang='lat' dir='ltr'><strong>Aurelianen-</strong></span> 
     </span>
    </p>
   </div>
   <div class='ocr_carea' id='block_1_61' title="bbox 2456 1652 3835 1732">
    <p class='ocr_par' dir='ltr' id='par_1_61' title="bbox 2456 1652 3835 1732">
     <span class='ocr_line' id='line_1_61' title="bbox 2456 1652 3835 1732; baseline -0.012 -11"><span class='ocrx_word' id='word_1_319' title='bbox 2456 1679 2576 1721; x_wconf 83' lang='lat' dir='ltr'><strong>sem</strong></span> <span class='ocrx_word' id='word_1_320' title='bbox 2608 1663 2796 1719; x_wconf 88' lang='lat' dir='ltr'><strong>urbem</strong></span> <span class='ocrx_word' id='word_1_321' title='bbox 2822 1662 2878 1717; x_wconf 87' lang='lat' dir='ltr'><strong>in</strong></span> <span class='ocrx_word' id='word_1_322' title='bbox 2905 1661 3025 1716; x_wconf 82' lang='lat' dir='ltr'><strong>loco</strong></span> <span class='ocrx_word' id='word_1_323' title='bbox 3052 1661 3143 1732; x_wconf 90' lang='lat' dir='ltr'><strong>qui</strong></span> <span class='ocrx_word' id='word_1_324' title='bbox 3167 1660 3368 1715; x_wconf 86' lang='lat' dir='ltr'><strong>dicitur</strong></span> <span class='ocrx_word' id='word_1_325' title='bbox 3391 1655 3673 1720; x_wconf 86' lang='lat' dir='ltr'><strong>Porcaria,</strong></span> <span class='ocrx_word' id='word_1_326' title='bbox 3699 1652 3835 1708; x_wconf 80' lang='lat' dir='ltr'><strong>mul-</strong></span> 
     </span>
    </p>
   </div>
   <div class='ocr_carea' id='block_1_62' title="bbox 2457 1748 3836 1818">
    <p class='ocr_par' dir='ltr' id='par_1_62' title="bbox 2457 1748 3836 1818">
     <span class='ocr_line' id='line_1_62' title="bbox 2457 1748 3836 1818; baseline -0.01 -6"><span class='ocrx_word' id='word_1_327' title='bbox 2457 1756 2530 1812; x_wconf 82' lang='lat' dir='ltr'><strong>tis</strong></span> <span class='ocrx_word' id='word_1_328' title='bbox 2579 1767 2643 1811; x_wconf 88' lang='lat' dir='ltr'><strong>ut</strong></span> <span class='ocrx_word' id='word_1_329' title='bbox 2689 1754 2875 1810; x_wconf 87' lang='lat' dir='ltr'><strong>ferunt</strong></span> <span class='ocrx_word' id='word_1_330' title='bbox 2928 1762 3015 1810; x_wconf 89' lang='lat' dir='ltr'><strong>est</strong></span> <span class='ocrx_word' id='word_1_331' title='bbox 3049 1753 3163 1807; x_wconf 86' lang='lat' dir='ltr'><strong>visa</strong></span> <span class='ocrx_word' id='word_1_332' title='bbox 3202 1750 3395 1806; x_wconf 85' lang='lat' dir='ltr'><strong>civitas</strong></span> <span class='ocrx_word' id='word_1_333' title='bbox 3449 1748 3836 1818; x_wconf 83' lang='lat' dir='ltr'><strong>phantasmate</strong></span> 
     </span>
    </p>
   </div>
   <div class='ocr_carea' id='block_1_63' title="bbox 2457 1838 3838 1912">
    <p class='ocr_par' dir='ltr' id='par_1_63' title="bbox 2457 1838 3838 1912">
     <span class='ocr_line' id='line_1_63' title="bbox 2457 1838 3838 1912; baseline -0.011 -9"><span class='ocrx_word' id='word_1_334' title='bbox 2457 1854 2793 1912; x_wconf 75' lang='lat' dir='ltr'><strong>constructa,</strong></span> <span class='ocrx_word' id='word_1_335' title='bbox 2824 1845 2892 1899; x_wconf 89' lang='lat' dir='ltr'><strong>ab</strong></span> <span class='ocrx_word' id='word_1_336' title='bbox 2932 1844 3064 1898; x_wconf 89' lang='lat' dir='ltr'><strong>hora</strong></span> <span class='ocrx_word' id='word_1_337' title='bbox 3097 1842 3199 1898; x_wconf 88' lang='lat' dir='ltr'><strong>diei</strong></span> <span class='ocrx_word' id='word_1_338' title='bbox 3237 1840 3395 1896; x_wconf 90' lang='lat' dir='ltr'><strong>tertia</strong></span> <span class='ocrx_word' id='word_1_339' title='bbox 3432 1854 3608 1908; x_wconf 88' lang='lat' dir='ltr'><strong>usque</strong></span> <span class='ocrx_word' id='word_1_340' title='bbox 3653 1838 3706 1891; x_wconf 91' lang='lat' dir='ltr'><strong>in</strong></span> <span class='ocrx_word' id='word_1_341' title='bbox 3743 1851 3838 1889; x_wconf 88' lang='lat' dir='ltr'><strong>uo-</strong></span> 
     </span>
    </p>
   </div>
   <div class='ocr_carea' id='block_1_64' title="bbox 2463 1929 3838 2006">
    <p class='ocr_par' dir='ltr' id='par_1_64' title="bbox 2463 1929 3838 2006">
     <span class='ocr_line' id='line_1_64' title="bbox 2463 1929 3838 2006; baseline -0.009 -12"><span class='ocrx_word' id='word_1_342' title='bbox 2463 1953 2590 1994; x_wconf 88' lang='lat' dir='ltr'><strong>nam</strong></span> <span class='ocrx_word' id='word_1_343' title='bbox 2623 1940 2832 2002; x_wconf 89' lang='lat' dir='ltr'><strong>horam,</strong></span> <span class='ocrx_word' id='word_1_344' title='bbox 2866 1937 3035 2006; x_wconf 86' lang='lat' dir='ltr'><strong>pratis</strong></span> <span class='ocrx_word' id='word_1_345' title='bbox 3071 1935 3333 2005; x_wconf 83' lang='lat' dir='ltr'><strong>aquisque</strong></span> <span class='ocrx_word' id='word_1_346' title='bbox 3358 1947 3481 1986; x_wconf 91' lang='lat' dir='ltr'><strong>cum</strong></span> <span class='ocrx_word' id='word_1_347' title='bbox 3510 1929 3838 1985; x_wconf 83' lang='lat' dir='ltr'><strong>molendinis</strong></span> 
     </span>
    </p>
   </div>
   <div class='ocr_carea' id='block_1_65' title="bbox 2460 2021 3837 2096">
    <p class='ocr_par' dir='ltr' id='par_1_65' title="bbox 2460 2021 3837 2096">
     <span class='ocr_line' id='line_1_65' title="bbox 2460 2021 3837 2096; baseline -0.008 -11"><span class='ocrx_word' id='word_1_348' title='bbox 2460 2030 2680 2095; x_wconf 82' lang='lat' dir='ltr'><strong>vallata,</strong></span> <span class='ocrx_word' id='word_1_349' title='bbox 2733 2030 2995 2085; x_wconf 86' lang='lat' dir='ltr'><strong>militibus</strong></span> <span class='ocrx_word' id='word_1_350' title='bbox 3044 2024 3477 2096; x_wconf 87' lang='lat' dir='ltr'><strong>necessariisque</strong></span> <span class='ocrx_word' id='word_1_351' title='bbox 3535 2024 3699 2078; x_wconf 86' lang='lat' dir='ltr'><strong>rebus</strong></span> <span class='ocrx_word' id='word_1_352' title='bbox 3745 2021 3837 2075; x_wconf 80' lang='lat' dir='ltr'><strong>ad-</strong></span> 
     </span>
    </p>
   </div>
   <div class='ocr_carea' id='block_1_66' title="bbox 2457 2114 3840 2192">
    <p class='ocr_par' dir='ltr' id='par_1_66' title="bbox 2457 2114 3840 2192">
     <span class='ocr_line' id='line_1_66' title="bbox 2457 2114 3840 2192; baseline -0.008 -14"><span class='ocrx_word' id='word_1_353' title='bbox 2457 2122 2619 2192; x_wconf 86' lang='lat' dir='ltr'><strong>plene</strong></span> <span class='ocrx_word' id='word_1_354' title='bbox 2643 2120 2859 2177; x_wconf 88' lang='lat' dir='ltr'><strong>referta.</strong></span> <span class='ocrx_word' id='word_1_355' title='bbox 2887 2119 3149 2174; x_wconf 88' lang='lat' dir='ltr'><strong>Infantem</strong></span> <span class='ocrx_word' id='word_1_356' title='bbox 3179 2131 3392 2188; x_wconf 87' lang='lat' dir='ltr'><strong>quoque</strong></span> <span class='ocrx_word' id='word_1_357' title='bbox 3418 2116 3560 2168; x_wconf 87' lang='lat' dir='ltr'><strong>fama</strong></span> <span class='ocrx_word' id='word_1_358' title='bbox 3588 2114 3840 2183; x_wconf 78' lang='lat' dir='ltr'><strong>vulgante</strong></span> 
     </span>
    </p>
   </div>
   <div class='ocr_carea' id='block_1_67' title="bbox 2464 2204 3834 2269">
    <p class='ocr_par' dir='ltr' id='par_1_67' title="bbox 2464 2204 3834 2269">
     <span class='ocr_line' id='line_1_67' title="bbox 2464 2204 3834 2269; baseline -0.01 0"><span class='ocrx_word' id='word_1_359' title='bbox 2464 2215 2771 2269; x_wconf 82' lang='lat' dir='ltr'><strong>audivimus</strong></span> <span class='ocrx_word' id='word_1_360' title='bbox 2808 2219 2988 2266; x_wconf 84' lang='lat' dir='ltr'><strong>natum</strong></span> <span class='ocrx_word' id='word_1_361' title='bbox 3028 2210 3210 2267; x_wconf 74' lang='lat' dir='ltr'><strong>fuisse.</strong></span> <span class='ocrx_word' id='word_1_362' title='bbox 3248 2208 3487 2263; x_wconf 90' lang='lat' dir='ltr'><strong>omnium</strong></span> <span class='ocrx_word' id='word_1_363' title='bbox 3519 2204 3834 2258; x_wconf 82' lang='lat' dir='ltr'><strong>animalium</strong></span> 
     </span>
    </p>
   </div>
   <div class='ocr_carea' id='block_1_68' title="bbox 2448 2293 3839 2375">
    <p class='ocr_par' dir='ltr' id='par_1_68' title="bbox 2448 2293 3839 2375">
     <span class='ocr_line' id='line_1_68' title="bbox 2448 2293 3839 2375; baseline -0.009 -15"><span class='ocrx_word' id='word_1_364' title='bbox 2448 2307 2626 2375; x_wconf 78' lang='lat' dir='ltr'><strong>pedes</strong></span> <span class='ocrx_word' id='word_1_365' title='bbox 2656 2304 2967 2367; x_wconf 84' lang='lat' dir='ltr'><strong>habentem,</strong></span> <span class='ocrx_word' id='word_1_366' title='bbox 2996 2300 3218 2369; x_wconf 84' lang='lat' dir='ltr'><strong>soloque</strong></span> <span class='ocrx_word' id='word_1_367' title='bbox 3245 2297 3422 2368; x_wconf 83' lang='lat' dir='ltr'><strong>capite</strong></span> <span class='ocrx_word' id='word_1_368' title='bbox 3458 2308 3677 2365; x_wconf 89' lang='lat' dir='ltr'><strong>unoque</strong></span> <span class='ocrx_word' id='word_1_369' title='bbox 3705 2293 3839 2363; x_wconf 88' lang='lat' dir='ltr'><strong>pede</strong></span> 
     </span>
    </p>
   </div>
   <div class='ocr_carea' id='block_1_69' title="bbox 2463 2386 3840 2455">
    <p class='ocr_par' dir='ltr' id='par_1_69' title="bbox 2463 2386 3840 2455">
     <span class='ocr_line' id='line_1_69' title="bbox 2463 2386 3840 2455; baseline -0.012 -2"><span class='ocrx_word' id='word_1_370' title='bbox 2463 2405 2522 2453; x_wconf 86' lang='lat' dir='ltr'><strong>et</strong></span> <span class='ocrx_word' id='word_1_371' title='bbox 2568 2411 2731 2455; x_wconf 89' lang='lat' dir='ltr'><strong>manu</strong></span> <span class='ocrx_word' id='word_1_372' title='bbox 2777 2395 3050 2450; x_wconf 88' lang='lat' dir='ltr'><strong>hominem</strong></span> <span class='ocrx_word' id='word_1_373' title='bbox 3104 2391 3467 2446; x_wconf 82' lang='lat' dir='ltr'><strong>simulantem.</strong></span> <span class='ocrx_word' id='word_1_374' title='bbox 3521 2386 3695 2454; x_wconf 84' lang='lat' dir='ltr'><strong>Quem</strong></span> <span class='ocrx_word' id='word_1_375' title='bbox 3748 2400 3840 2455; x_wconf 84' lang='lat' dir='ltr'><strong>pa-</strong></span> 
     </span>
    </p>
   </div>
   <div class='ocr_carea' id='block_1_70' title="bbox 2466 2479 3842 2547">
    <p class='ocr_par' dir='ltr' id='par_1_70' title="bbox 2466 2479 3842 2547">
     <span class='ocr_line' id='line_1_70' title="bbox 2466 2479 3842 2547; baseline -0.012 -2"><span class='ocrx_word' id='word_1_376' title='bbox 2466 2497 2650 2545; x_wconf 85' lang='lat' dir='ltr'><strong>rentes</strong></span> <span class='ocrx_word' id='word_1_377' title='bbox 2675 2487 2862 2543; x_wconf 89' lang='lat' dir='ltr'><strong>dolore</strong></span> <span class='ocrx_word' id='word_1_378' title='bbox 2883 2494 2938 2541; x_wconf 89' lang='lat' dir='ltr'><strong>et</strong></span> <span class='ocrx_word' id='word_1_379' title='bbox 2963 2484 3159 2541; x_wconf 90' lang='lat' dir='ltr'><strong>rubore</strong></span> <span class='ocrx_word' id='word_1_380' title='bbox 3184 2480 3392 2539; x_wconf 88' lang='lat' dir='ltr'><strong>confusi</strong></span> <span class='ocrx_word' id='word_1_381' title='bbox 3416 2479 3500 2535; x_wconf 90' lang='lat' dir='ltr'><strong>his</strong></span> <span class='ocrx_word' id='word_1_382' title='bbox 3530 2487 3719 2547; x_wconf 88' lang='lat' dir='ltr'><strong>terque</strong></span> <span class='ocrx_word' id='word_1_383' title='bbox 3743 2487 3842 2531; x_wconf 87' lang='lat' dir='ltr'><strong>ter-</strong></span> 
     </span>
    </p>
   </div>
   <div class='ocr_carea' id='block_1_71' title="bbox 2471 2568 3839 2644">
    <p class='ocr_par' dir='ltr' id='par_1_71' title="bbox 2471 2568 3839 2644">
     <span class='ocr_line' id='line_1_71' title="bbox 2471 2568 3839 2644; baseline -0.012 -8"><span class='ocrx_word' id='word_1_384' title='bbox 2471 2595 2534 2636; x_wconf 89' lang='lat' dir='ltr'><strong>ra</strong></span> <span class='ocrx_word' id='word_1_385' title='bbox 2583 2578 2912 2641; x_wconf 85' lang='lat' dir='ltr'><strong>occulentes,</strong></span> <span class='ocrx_word' id='word_1_386' title='bbox 2949 2576 3074 2631; x_wconf 90' lang='lat' dir='ltr'><strong>dum</strong></span> <span class='ocrx_word' id='word_1_387' title='bbox 3110 2579 3383 2644; x_wconf 87' lang='lat' dir='ltr'><strong>nequeunt</strong></span> <span class='ocrx_word' id='word_1_388' title='bbox 3418 2584 3545 2624; x_wconf 90' lang='lat' dir='ltr'><strong>eum</strong></span> <span class='ocrx_word' id='word_1_389' title='bbox 3592 2568 3839 2639; x_wconf 83' lang='lat' dir='ltr'><strong>perdere,</strong></span> 
     </span>
    </p>
   </div>
   <div class='ocr_carea' id='block_1_72' title="bbox 2468 2657 3842 2737">
    <p class='ocr_par' dir='ltr' id='par_1_72' title="bbox 2468 2657 3842 2737">
     <span class='ocr_line' id='line_1_72' title="bbox 2468 2657 3842 2737; baseline -0.012 -11"><span class='ocrx_word' id='word_1_390' title='bbox 2468 2669 2697 2726; x_wconf 86' lang='lat' dir='ltr'><strong>consilio</strong></span> <span class='ocrx_word' id='word_1_391' title='bbox 2726 2676 2948 2737; x_wconf 82' lang='lat' dir='ltr'><strong>accepto</strong></span> <span class='ocrx_word' id='word_1_392' title='bbox 2978 2664 3033 2718; x_wconf 91' lang='lat' dir='ltr'><strong>in</strong></span> <span class='ocrx_word' id='word_1_393' title='bbox 3072 2662 3233 2717; x_wconf 80' lang='lat' dir='ltr'><strong>ﬂuvio</strong></span> <span class='ocrx_word' id='word_1_394' title='bbox 3262 2662 3655 2716; x_wconf 85' lang='lat' dir='ltr'><strong>demerserunt.</strong></span> <span class='ocrx_word' id='word_1_395' title='bbox 3682 2657 3842 2727; x_wconf 74' lang='lat' dir='ltr'><strong>Ctijus</strong></span> 
     </span>
    </p>
   </div>
   <div class='ocr_carea' id='block_1_73' title="bbox 2478 2752 3843 2836">
    <p class='ocr_par' dir='ltr' id='par_1_73' title="bbox 2478 2752 3843 2836">
     <span class='ocr_line' id='line_1_73' title="bbox 2478 2752 3843 2836; baseline -0.015 -18"><span class='ocrx_word' id='word_1_396' title='bbox 2478 2777 2665 2836; x_wconf 81' lang='lat' dir='ltr'><strong>Casum</strong></span> <span class='ocrx_word' id='word_1_397' title='bbox 2704 2767 2883 2813; x_wconf 84' lang='lat' dir='ltr'><strong>tantus</strong></span> <span class='ocrx_word' id='word_1_398' title='bbox 2923 2771 3117 2811; x_wconf 88' lang='lat' dir='ltr'><strong>vocum</strong></span> <span class='ocrx_word' id='word_1_399' title='bbox 3164 2753 3347 2822; x_wconf 77' lang='lat' dir='ltr'><strong>fragor</strong></span> <span class='ocrx_word' id='word_1_400' title='bbox 3382 2759 3603 2807; x_wconf 87' lang='lat' dir='ltr'><strong>secutus</strong></span> <span class='ocrx_word' id='word_1_401' title='bbox 3651 2755 3757 2809; x_wconf 90' lang='lat' dir='ltr'><strong>est,</strong></span> <span class='ocrx_word' id='word_1_402' title='bbox 3790 2752 3843 2799; x_wconf 86' lang='lat' dir='ltr'><strong>ut</strong></span> 
     </span>
    </p>
   </div>
   <div class='ocr_carea' id='block_1_74' title="bbox 2478 2842 3845 2925">
    <p class='ocr_par' dir='ltr' id='par_1_74' title="bbox 2478 2842 3845 2925">
     <span class='ocr_line' id='line_1_74' title="bbox 2478 2842 3845 2925; baseline -0.015 -15"><span class='ocrx_word' id='word_1_403' title='bbox 2478 2866 2586 2910; x_wconf 85' lang='lat' dir='ltr'><strong>tuta</strong></span> <span class='ocrx_word' id='word_1_404' title='bbox 2612 2852 2763 2925; x_wconf 86' lang='lat' dir='ltr'><strong>regio</strong></span> <span class='ocrx_word' id='word_1_405' title='bbox 2789 2848 3019 2918; x_wconf 82' lang='lat' dir='ltr'><strong>ejulasse</strong></span> <span class='ocrx_word' id='word_1_406' title='bbox 3049 2847 3378 2904; x_wconf 91' lang='lat' dir='ltr'><strong>crederetur.</strong></span> <span class='ocrx_word' id='word_1_407' title='bbox 3408 2842 3611 2898; x_wconf 85' lang='lat' dir='ltr'><strong>Eodem</strong></span> <span class='ocrx_word' id='word_1_408' title='bbox 3638 2851 3845 2908; x_wconf 77' lang='lat' dir='ltr'><strong>quoque</strong></span> 
     </span>
    </p>
   </div>
   <div class='ocr_carea' id='block_1_75' title="bbox 2472 2931 3845 3011">
    <p class='ocr_par' dir='ltr' id='par_1_75' title="bbox 2472 2931 3845 3011">
     <span class='ocr_line' id='line_1_75' title="bbox 2472 2931 3845 3011; baseline -0.015 -8"><span class='ocrx_word' id='word_1_409' title='bbox 2472 2963 2619 3003; x_wconf 90' lang='lat' dir='ltr'><strong>anno</strong></span> <span class='ocrx_word' id='word_1_410' title='bbox 2662 2944 2949 3001; x_wconf 86' lang='lat' dir='ltr'><strong>Girbertus</strong></span> <span class='ocrx_word' id='word_1_411' title='bbox 2999 2955 3135 3011; x_wconf 83' lang='lat' dir='ltr'><strong>pana</strong></span> <span class='ocrx_word' id='word_1_412' title='bbox 3184 2938 3342 2992; x_wconf 88' lang='lat' dir='ltr'><strong>obiit.</strong></span> <span class='ocrx_word' id='word_1_413' title='bbox 3397 2931 3657 3004; x_wconf 90' lang='lat' dir='ltr'><strong>Sequenti</strong></span> <span class='ocrx_word' id='word_1_414' title='bbox 3708 2944 3845 2983; x_wconf 86' lang='lat' dir='ltr'><strong>anno</strong></span> 
     </span>
    </p>
   </div>
   <div class='ocr_carea' id='block_1_76' title="bbox 2477 3024 3844 3109">
    <p class='ocr_par' dir='ltr' id='par_1_76' title="bbox 2477 3024 3844 3109">
     <span class='ocr_line' id='line_1_76' title="bbox 2477 3024 3844 3109; baseline -0.015 -17"><span class='ocrx_word' id='word_1_415' title='bbox 2477 3038 2607 3109; x_wconf 83' lang='lat' dir='ltr'><strong>(alia</strong></span> <span class='ocrx_word' id='word_1_416' title='bbox 2646 3033 2850 3106; x_wconf 82' lang='lat' dir='ltr'><strong>manu).</strong></span> <span class='ocrx_word' id='word_1_417' title='bbox 2886 3031 3042 3087; x_wconf 80' lang='lat' dir='ltr'><strong>Abba</strong></span> <span class='ocrx_word' id='word_1_418' title='bbox 3074 3027 3211 3084; x_wconf 86' lang='lat' dir='ltr'><strong>abba</strong></span> <span class='ocrx_word' id='word_1_419' title='bbox 3252 3024 3515 3095; x_wconf 87' lang='lat' dir='ltr'><strong>martyrio</strong></span> <span class='ocrx_word' id='word_1_420' title='bbox 3565 3027 3844 3077; x_wconf 81' lang='lat' dir='ltr'><strong>coronatus</strong></span> 
     </span>
    </p>
   </div>
   <div class='ocr_carea' id='block_1_77' title="bbox 2481 3139 2582 3186">
    <p class='ocr_par' dir='ltr' id='par_1_77' title="bbox 2481 3139 2582 3186">
     <span class='ocr_line' id='line_1_77' title="bbox 2481 3139 2582 3186; baseline -0.04 0"><span class='ocrx_word' id='word_1_421' title='bbox 2481 3139 2582 3186; x_wconf 82' lang='lat' dir='ltr'><strong>est.</strong></span> 
     </span>
    </p>
   </div>
   <div class='ocr_carea' id='block_1_78' title="bbox 808 3207 1256 3272">
    <p class='ocr_par' dir='ltr' id='par_1_78' title="bbox 808 3207 1256 3272">
     <span class='ocr_line' id='line_1_78' title="bbox 808 3207 1256 3272; baseline 0.013 -15"><span class='ocrx_word' id='word_1_422' title='bbox 808 3219 981 3272; x_wconf 86' lang='lat' dir='ltr'><strong>usque</strong></span> <span class='ocrx_word' id='word_1_423' title='bbox 1010 3207 1256 3263; x_wconf 87' lang='lat' dir='ltr'><strong>terciam.</strong></span> 
     </span>
    </p>
   </div>
   <div class='ocr_carea' id='block_1_79' title="bbox 645 3292 2183 3373">
    <p class='ocr_par' dir='ltr' id='par_1_79' title="bbox 645 3292 2183 3373">
     <span class='ocr_line' id='line_1_79' title="bbox 645 3292 2183 3373; baseline 0.008 -25"><span class='ocrx_word' id='word_1_424' title='bbox 645 3292 770 3348; x_wconf 67' lang='grc' dir='ltr'><strong>9η.</strong></span> <span class='ocrx_word' id='word_1_425' title='bbox 808 3293 926 3363; x_wconf 92' lang='lat' dir='ltr'><strong>Ipso</strong></span> <span class='ocrx_word' id='word_1_426' title='bbox 960 3312 1106 3351; x_wconf 89' lang='lat' dir='ltr'><strong>anno</strong></span> <span class='ocrx_word' id='word_1_427' title='bbox 1129 3298 1439 3354; x_wconf 65' lang='lat' dir='ltr'><strong>coenobium</strong></span> <span class='ocrx_word' id='word_1_428' title='bbox 1466 3304 1642 3357; x_wconf 89' lang='lat' dir='ltr'><strong>sancti</strong></span> <span class='ocrx_word' id='word_1_429' title='bbox 1666 3302 1943 3373; x_wconf 85' lang='lat' dir='ltr'><strong>Benedicti</strong></span> <span class='ocrx_word' id='word_1_430' title='bbox 1975 3305 2183 3361; x_wconf 64' lang='lat' dir='ltr'><strong>Floria»</strong></span> 
     </span>
    </p>
   </div>
   <div class='ocr_carea' id='block_1_80' title="bbox 813 3390 2184 3466">
    <p class='ocr_par' dir='ltr' id='par_1_80' title="bbox 813 3390 2184 3466">
     <span class='ocr_line' id='line_1_80' title="bbox 813 3390 2184 3466; baseline 0.008 -25"><span class='ocrx_word' id='word_1_431' title='bbox 813 3402 974 3441; x_wconf 91' lang='lat' dir='ltr'><strong>cense</strong></span> <span class='ocrx_word' id='word_1_432' title='bbox 1019 3390 1358 3444; x_wconf 85' lang='lat' dir='ltr'><strong>combustum</strong></span> <span class='ocrx_word' id='word_1_433' title='bbox 1417 3401 1520 3446; x_wconf 88' lang='lat' dir='ltr'><strong>est.</strong></span> <span class='ocrx_word' id='word_1_434' title='bbox 1564 3393 1669 3448; x_wconf 83' lang='lat' dir='ltr'><strong>Sed</strong></span> <span class='ocrx_word' id='word_1_435' title='bbox 1709 3394 1801 3450; x_wconf 83' lang='lat' dir='ltr'><strong>Dei</strong></span> <span class='ocrx_word' id='word_1_436' title='bbox 1851 3398 2184 3466; x_wconf 88' lang='lat' dir='ltr'><strong>providentia</strong></span> 
     </span>
    </p>
   </div>
   <div class='ocr_carea' id='block_1_81' title="bbox 815 3482 2185 3555">
    <p class='ocr_par' dir='ltr' id='par_1_81' title="bbox 815 3482 2185 3555">
     <span class='ocr_line' id='line_1_81' title="bbox 815 3482 2185 3555; baseline 0.009 -24"><span class='ocrx_word' id='word_1_437' title='bbox 815 3490 1177 3547; x_wconf 87' lang='lat' dir='ltr'><strong>procurante,</strong></span> <span class='ocrx_word' id='word_1_438' title='bbox 1220 3482 1271 3535; x_wconf 91' lang='lat' dir='ltr'><strong>in</strong></span> <span class='ocrx_word' id='word_1_439' title='bbox 1312 3483 1459 3537; x_wconf 90' lang='lat' dir='ltr'><strong>brevi</strong></span> <span class='ocrx_word' id='word_1_440' title='bbox 1504 3484 1665 3539; x_wconf 81' lang='lat' dir='ltr'><strong>trium</strong></span> <span class='ocrx_word' id='word_1_441' title='bbox 1703 3488 1876 3555; x_wconf 91' lang='lat' dir='ltr'><strong>spatio</strong></span> <span class='ocrx_word' id='word_1_442' title='bbox 1924 3503 2185 3544; x_wconf 88' lang='lat' dir='ltr'><strong>annorum</strong></span> 
     </span>
    </p>
   </div>
   <div class='ocr_carea' id='block_1_82' title="bbox 829 3570 2188 3644">
    <p class='ocr_par' dir='ltr' id='par_1_82' title="bbox 829 3570 2188 3644">
     <span class='ocr_line' id='line_1_82' title="bbox 829 3570 2188 3644; baseline 0.012 -22"><span class='ocrx_word' id='word_1_443' title='bbox 829 3570 880 3624; x_wconf 91' lang='lat' dir='ltr'><strong>in</strong></span> <span class='ocrx_word' id='word_1_444' title='bbox 913 3571 1192 3627; x_wconf 90' lang='lat' dir='ltr'><strong>meliorem</strong></span> <span class='ocrx_word' id='word_1_445' title='bbox 1228 3582 1429 3628; x_wconf 81' lang='lat' dir='ltr'><strong>statum</strong></span> <span class='ocrx_word' id='word_1_446' title='bbox 1456 3584 1542 3630; x_wconf 75' lang='lat' dir='ltr'><strong>est</strong></span> <span class='ocrx_word' id='word_1_447' title='bbox 1566 3586 1953 3644; x_wconf 84' lang='lat' dir='ltr'><strong>restauratum,</strong></span> <span class='ocrx_word' id='word_1_448' title='bbox 1991 3582 2188 3638; x_wconf 82' lang='lat' dir='ltr'><strong>domno</strong></span> 
     </span>
    </p>
   </div>
   <div class='ocr_carea' id='block_1_83' title="bbox 816 3663 2188 3729">
    <p class='ocr_par' dir='ltr' id='par_1_83' title="bbox 816 3663 2188 3729">
     <span class='ocr_line' id='line_1_83' title="bbox 816 3663 2188 3729; baseline 0.009 -13"><span class='ocrx_word' id='word_1_449' title='bbox 816 3663 1015 3720; x_wconf 88' lang='lat' dir='ltr'><strong>abbate</strong></span> <span class='ocrx_word' id='word_1_450' title='bbox 1058 3664 1332 3721; x_wconf 82' lang='lat' dir='ltr'><strong>Richardo</strong></span> <span class='ocrx_word' id='word_1_451' title='bbox 1371 3667 1705 3725; x_wconf 82' lang='lat' dir='ltr'><strong>ordinatore.</strong></span> <span class='ocrx_word' id='word_1_452' title='bbox 1751 3671 1980 3729; x_wconf 86' lang='lat' dir='ltr'><strong>Octavas</strong></span> <span class='ocrx_word' id='word_1_453' title='bbox 2016 3675 2188 3729; x_wconf 82' lang='lat' dir='ltr'><strong>sancti</strong></span> 
     </span>
    </p>
   </div>
   <div class='ocr_carea' id='block_1_84' title="bbox 817 3757 1552 3814">
    <p class='ocr_par' dir='ltr' id='par_1_84' title="bbox 817 3757 1552 3814">
     <span class='ocr_line' id='line_1_84' title="bbox 817 3757 1552 3814; baseline 0.01 -7"><span class='ocrx_word' id='word_1_454' title='bbox 817 3765 1113 3811; x_wconf 87' lang='lat' dir='ltr'><strong>crematum</strong></span> <span class='ocrx_word' id='word_1_455' title='bbox 1145 3767 1228 3813; x_wconf 89' lang='lat' dir='ltr'><strong>est</strong></span> <span class='ocrx_word' id='word_1_456' title='bbox 1254 3757 1552 3814; x_wconf 84' lang='lat' dir='ltr'><strong>Laurentii.</strong></span> 
     </span>
    </p>
   </div>
   <div class='ocr_carea' id='block_1_85' title="bbox 638 3844 2004 3911">
    <p class='ocr_par' dir='ltr' id='par_1_85' title="bbox 638 3844 2004 3911">
     <span class='ocr_line' id='line_1_85' title="bbox 638 3844 2004 3911; baseline 0.012 -16"><span class='ocrx_word' id='word_1_457' title='bbox 638 3844 748 3900; x_wconf 62' lang='lat'><strong>969</strong></span> <span class='ocrx_word' id='word_1_458' title='bbox 777 3856 867 3898; x_wconf 75' lang='lat' dir='ltr'><strong>mu</strong></span> <span class='ocrx_word' id='word_1_459' title='bbox 897 3846 1018 3901; x_wconf 81' lang='lat'><strong>970.</strong></span> <span class='ocrx_word' id='word_1_460' title='bbox 1052 3846 1341 3904; x_wconf 77' lang='lat' dir='ltr'><strong>Lotliarius</strong></span> <span class='ocrx_word' id='word_1_461' title='bbox 1367 3850 1697 3906; x_wconf 87' lang='lat' dir='ltr'><strong>Francorum</strong></span> <span class='ocrx_word' id='word_1_462' title='bbox 1730 3869 1823 3908; x_wconf 83' lang='lat' dir='ltr'><strong>rex</strong></span> <span class='ocrx_word' id='word_1_463' title='bbox 1850 3855 2004 3911; x_wconf 90' lang='lat' dir='ltr'><strong>obiit.</strong></span> 
     </span>
    </p>
   </div>
   <div class='ocr_carea' id='block_1_86' title="bbox 643 3934 2196 4012">
    <p class='ocr_par' dir='ltr' id='par_1_86' title="bbox 643 3934 2196 4012">
     <span class='ocr_line' id='line_1_86' title="bbox 643 3934 2196 4012; baseline 0.011 -25"><span class='ocrx_word' id='word_1_464' title='bbox 643 3934 773 3989; x_wconf 73' lang='lat'><strong>979.</strong></span> <span class='ocrx_word' id='word_1_465' title='bbox 819 3934 1124 3993; x_wconf 87' lang='lat' dir='ltr'><strong>Ludovicus</strong></span> <span class='ocrx_word' id='word_1_466' title='bbox 1160 3954 1191 3992; x_wconf 87' lang='lat' dir='ltr'><strong>a</strong></span> <span class='ocrx_word' id='word_1_467' title='bbox 1235 3939 1460 3996; x_wconf 88' lang='lat' dir='ltr'><strong>Francis</strong></span> <span class='ocrx_word' id='word_1_468' title='bbox 1495 3941 1789 4012; x_wconf 83' lang='lat' dir='ltr'><strong>Conpendii</strong></span> <span class='ocrx_word' id='word_1_469' title='bbox 1830 3961 1923 4001; x_wconf 90' lang='lat' dir='ltr'><strong>rex</strong></span> <span class='ocrx_word' id='word_1_470' title='bbox 1967 3955 2050 4002; x_wconf 87' lang='lat' dir='ltr'><strong>est</strong></span> <span class='ocrx_word' id='word_1_471' title='bbox 2087 3947 2196 4003; x_wconf 91' lang='lat' dir='ltr'><strong>ele-</strong></span> 
     </span>
    </p>
   </div>
   <div class='ocr_carea' id='block_1_87' title="bbox 826 4034 2277 4114">
    <p class='ocr_par' dir='ltr' id='par_1_87' title="bbox 826 4034 2277 4114">
     <span class='ocr_line' id='line_1_87' title="bbox 826 4034 2277 4114; baseline -0.001 -39"><span class='ocrx_word' id='word_1_472' title='bbox 826 4034 999 4080; x_wconf 84' lang='lat' dir='ltr'><strong>vatus.</strong></span> <span class='ocrx_word' id='word_1_473' title='bbox 2224 4053 2277 4114; x_wconf 74' lang='grc' dir='ltr'><strong>ι)</strong></span> 
     </span>
    </p>
   </div>
   <div class='ocr_carea' id='block_1_88' title="bbox 652 4112 2195 4184">
    <p class='ocr_par' dir='ltr' id='par_1_88' title="bbox 652 4112 2195 4184">
     <span class='ocr_line' id='line_1_88' title="bbox 652 4112 2195 4184; baseline 0.012 -19"><span class='ocrx_word' id='word_1_474' title='bbox 652 4112 781 4168; x_wconf 82' lang='grc'><strong>987.</strong></span> <span class='ocrx_word' id='word_1_475' title='bbox 822 4114 1126 4171; x_wconf 85' lang='lat' dir='ltr'><strong>Ludovicus</strong></span> <span class='ocrx_word' id='word_1_476' title='bbox 1152 4118 1485 4176; x_wconf 86' lang='lat' dir='ltr'><strong>Francorum</strong></span> <span class='ocrx_word' id='word_1_477' title='bbox 1520 4140 1612 4179; x_wconf 82' lang='lat' dir='ltr'><strong>rex</strong></span> <span class='ocrx_word' id='word_1_478' title='bbox 1637 4125 1789 4181; x_wconf 92' lang='lat' dir='ltr'><strong>obiit.</strong></span> <span class='ocrx_word' id='word_1_479' title='bbox 1824 4126 2025 4181; x_wconf 73' lang='lat' dir='ltr'><strong>Eodem</strong></span> <span class='ocrx_word' id='word_1_480' title='bbox 2053 4144 2195 4184; x_wconf 88' lang='lat' dir='ltr'><strong>anno</strong></span> 
     </span>
    </p>
   </div>
   <div class='ocr_carea' id='block_1_89' title="bbox 828 4206 2194 4279">
    <p class='ocr_par' dir='ltr' id='par_1_89' title="bbox 828 4206 2194 4279">
     <span class='ocr_line' id='line_1_89' title="bbox 828 4206 2194 4279; baseline 0.011 -18"><span class='ocrx_word' id='word_1_481' title='bbox 828 4206 979 4279; x_wconf 83' lang='lat' dir='ltr'><strong>Hugo</strong></span> <span class='ocrx_word' id='word_1_482' title='bbox 1007 4210 1111 4264; x_wconf 86' lang='lat' dir='ltr'><strong>dux</strong></span> <span class='ocrx_word' id='word_1_483' title='bbox 1143 4227 1237 4267; x_wconf 87' lang='lat' dir='ltr'><strong>rex</strong></span> <span class='ocrx_word' id='word_1_484' title='bbox 1265 4211 1304 4267; x_wconf 64' lang='grc' dir='ltr'><strong>[τ’</strong></span> <span class='ocrx_word' id='word_1_485' title='bbox 1313 4229 1595 4271; x_wconf 80' lang='lat' dir='ltr'><strong>raucorum</strong></span> <span class='ocrx_word' id='word_1_486' title='bbox 1623 4228 1711 4272; x_wconf 83' lang='lat' dir='ltr'><strong>est</strong></span> <span class='ocrx_word' id='word_1_487' title='bbox 1731 4219 1973 4274; x_wconf 84' lang='lat' dir='ltr'><strong>elevatus</strong></span> <span class='ocrx_word' id='word_1_488' title='bbox 2003 4219 2194 4276; x_wconf 80' lang='lat' dir='ltr'><strong>Novio-</strong></span> 
     </span>
    </p>
   </div>
   <div class='ocr_carea' id='block_1_90' title="bbox 2285 3218 3013 3279">
    <p class='ocr_par' dir='ltr' id='par_1_90' title="bbox 2285 3218 3013 3279">
     <span class='ocr_line' id='line_1_90' title="bbox 2285 3218 3013 3279; baseline -0.011 0"><span class='ocrx_word' id='word_1_489' title='bbox 2285 3224 2443 3279; x_wconf 68' lang='lat'><strong>1004;</strong></span> <span class='ocrx_word' id='word_1_490' title='bbox 2481 3222 2633 3277; x_wconf 87' lang='lat' dir='ltr'><strong>Abbo</strong></span> <span class='ocrx_word' id='word_1_491' title='bbox 2660 3220 2831 3275; x_wconf 85' lang='lat' dir='ltr'><strong>abbas</strong></span> <span class='ocrx_word' id='word_1_492' title='bbox 2859 3218 3013 3273; x_wconf 82' lang='lat' dir='ltr'><strong>obiit.</strong></span> 
     </span>
    </p>
   </div>
   <div class='ocr_carea' id='block_1_91' title="bbox 2287 3306 3845 3376">
    <p class='ocr_par' dir='ltr' id='par_1_91' title="bbox 2287 3306 3845 3376">
     <span class='ocr_line' id='line_1_91' title="bbox 2287 3306 3845 3376; baseline -0.009 -7"><span class='ocrx_word' id='word_1_493' title='bbox 2287 3315 2443 3369; x_wconf 85' lang='grc'><strong>1017.</strong></span> <span class='ocrx_word' id='word_1_494' title='bbox 2485 3313 2782 3368; x_wconf 82' lang='lat' dir='ltr'><strong>Rotbertus</strong></span> <span class='ocrx_word' id='word_1_495' title='bbox 2809 3326 2904 3366; x_wconf 90' lang='lat' dir='ltr'><strong>rex</strong></span> <span class='ocrx_word' id='word_1_496' title='bbox 2937 3310 3103 3364; x_wconf 85' lang='lat' dir='ltr'><strong>lilium</strong></span> <span class='ocrx_word' id='word_1_497' title='bbox 3137 3323 3292 3362; x_wconf 90' lang='lat' dir='ltr'><strong>suum</strong></span> <span class='ocrx_word' id='word_1_498' title='bbox 3322 3306 3605 3376; x_wconf 81' lang='lat' dir='ltr'><strong>Hugonem</strong></span> <span class='ocrx_word' id='word_1_499' title='bbox 3634 3314 3845 3357; x_wconf 82' lang='lat' dir='ltr'><strong>consor-</strong></span> 
     </span>
    </p>
   </div>
   <div class='ocr_carea' id='block_1_92' title="bbox 2326 3399 3575 3475">
    <p class='ocr_par' dir='ltr' id='par_1_92' title="bbox 2326 3399 3575 3475">
     <span class='ocr_line' id='line_1_92' title="bbox 2326 3399 3575 3475; baseline -0.012 -11"><span class='ocrx_word' id='word_1_500' title='bbox 2326 3404 2341 3415; x_wconf 70' lang='grc'><em>’</em></span> <span class='ocrx_word' id='word_1_501' title='bbox 2495 3417 2605 3463; x_wconf 92' lang='lat' dir='ltr'><strong>tem</strong></span> <span class='ocrx_word' id='word_1_502' title='bbox 2636 3406 2787 3475; x_wconf 85' lang='lat' dir='ltr'><strong>regni</strong></span> <span class='ocrx_word' id='word_1_503' title='bbox 2818 3404 2968 3469; x_wconf 87' lang='lat' dir='ltr'><strong>facit,</strong></span> <span class='ocrx_word' id='word_1_504' title='bbox 2996 3402 3135 3471; x_wconf 90' lang='lat' dir='ltr'><strong>apud</strong></span> <span class='ocrx_word' id='word_1_505' title='bbox 3164 3399 3575 3469; x_wconf 89' lang='lat' dir='ltr'><strong>Compendium.</strong></span> 
     </span>
    </p>
   </div>
   <div class='ocr_carea' id='block_1_93' title="bbox 2292 3488 3848 3555">
    <p class='ocr_par' dir='ltr' id='par_1_93' title="bbox 2292 3488 3848 3555">
     <span class='ocr_line' id='line_1_93' title="bbox 2292 3488 3848 3555; baseline -0.011 0"><span class='ocrx_word' id='word_1_506' title='bbox 2292 3500 2449 3555; x_wconf 68' lang='lat'><strong>1026.</strong></span> <span class='ocrx_word' id='word_1_507' title='bbox 2489 3499 2691 3554; x_wconf 90' lang='lat' dir='ltr'><strong>lterum</strong></span> <span class='ocrx_word' id='word_1_508' title='bbox 2718 3496 2818 3552; x_wconf 73' lang='lat' dir='ltr'><strong>sush</strong></span> <span class='ocrx_word' id='word_1_509' title='bbox 2843 3494 3126 3550; x_wconf 81' lang='lat' dir='ltr'><strong>Gauzilino</strong></span> <span class='ocrx_word' id='word_1_510' title='bbox 3154 3491 3350 3548; x_wconf 86' lang='lat' dir='ltr'><strong>abbate</strong></span> <span class='ocrx_word' id='word_1_511' title='bbox 3378 3488 3726 3544; x_wconf 82' lang='lat' dir='ltr'><strong>Fluriacense</strong></span> <span class='ocrx_word' id='word_1_512' title='bbox 3748 3498 3848 3539; x_wconf 55' lang='lat' dir='ltr'><strong>ea.»</strong></span> 
     </span>
    </p>
   </div>
   <div class='ocr_carea' id='block_1_94' title="bbox 2492 3578 3851 3655">
    <p class='ocr_par' dir='ltr' id='par_1_94' title="bbox 2492 3578 3851 3655">
     <span class='ocr_line' id='line_1_94' title="bbox 2492 3578 3851 3655; baseline -0.013 -11"><span class='ocrx_word' id='word_1_513' title='bbox 2492 3589 2712 3645; x_wconf 80' lang='lat' dir='ltr'><strong>nubium</strong></span> <span class='ocrx_word' id='word_1_514' title='bbox 2744 3585 3132 3655; x_wconf 80' lang='lat' dir='ltr'><strong>conflagratum</strong></span> <span class='ocrx_word' id='word_1_515' title='bbox 3155 3593 3259 3649; x_wconf 87' lang='lat' dir='ltr'><strong>est,</strong></span> <span class='ocrx_word' id='word_1_516' title='bbox 3289 3581 3387 3637; x_wconf 88' lang='lat' dir='ltr'><strong>sed</strong></span> <span class='ocrx_word' id='word_1_517' title='bbox 3408 3578 3632 3635; x_wconf 87' lang='lat' dir='ltr'><strong>biennio</strong></span> <span class='ocrx_word' id='word_1_518' title='bbox 3656 3583 3851 3631; x_wconf 86' lang='lat' dir='ltr'><strong>restau-</strong></span> 
     </span>
    </p>
   </div>
   <div class='ocr_carea' id='block_1_95' title="bbox 2495 3667 3850 3740">
    <p class='ocr_par' dir='ltr' id='par_1_95' title="bbox 2495 3667 3850 3740">
     <span class='ocr_line' id='line_1_95' title="bbox 2495 3667 3850 3740; baseline -0.013 -2"><span class='ocrx_word' id='word_1_519' title='bbox 2495 3691 2672 3738; x_wconf 87' lang='lat' dir='ltr'><strong>ratum</strong></span> <span class='ocrx_word' id='word_1_520' title='bbox 2727 3695 2850 3736; x_wconf 87' lang='lat' dir='ltr'><strong>cum</strong></span> <span class='ocrx_word' id='word_1_521' title='bbox 2916 3677 3169 3735; x_wconf 85' lang='lat' dir='ltr'><strong>omnibus</strong></span> <span class='ocrx_word' id='word_1_522' title='bbox 3235 3675 3469 3740; x_wconf 76' lang='lat' dir='ltr'><strong>oﬁiciis,</strong></span> <span class='ocrx_word' id='word_1_523' title='bbox 3528 3680 3587 3729; x_wconf 81' lang='lat' dir='ltr'><strong>et</strong></span> <span class='ocrx_word' id='word_1_524' title='bbox 3635 3667 3850 3726; x_wconf 83' lang='lat' dir='ltr'><strong>ecclesia</strong></span> 
     </span>
    </p>
   </div>
   <div class='ocr_carea' id='block_1_96' title="bbox 2494 3772 2756 3831">
    <p class='ocr_par' dir='ltr' id='par_1_96' title="bbox 2494 3772 2756 3831">
     <span class='ocr_line' id='line_1_96' title="bbox 2494 3772 2756 3831; baseline -0.019 0"><span class='ocrx_word' id='word_1_525' title='bbox 2494 3775 2557 3831; x_wconf 83' lang='lat' dir='ltr'><strong>S.</strong></span> <span class='ocrx_word' id='word_1_526' title='bbox 2587 3772 2756 3828; x_wconf 87' lang='lat' dir='ltr'><strong>Petri.</strong></span> 
     </span>
    </p>
   </div>
   <div class='ocr_carea' id='block_1_97' title="bbox 2297 3860 3171 3923">
    <p class='ocr_par' dir='ltr' id='par_1_97' title="bbox 2297 3860 3171 3923">
     <span class='ocr_line' id='line_1_97' title="bbox 2297 3860 3171 3923; baseline -0.01 0"><span class='ocrx_word' id='word_1_527' title='bbox 2297 3867 2455 3923; x_wconf 70' lang='grc'><strong>1029.</strong></span> <span class='ocrx_word' id='word_1_528' title='bbox 2496 3866 2640 3923; x_wconf 86' lang='lat' dir='ltr'><strong>Obiit</strong></span> <span class='ocrx_word' id='word_1_529' title='bbox 2659 3863 2957 3920; x_wconf 77' lang='lat' dir='ltr'><strong>Gauzlinus</strong></span> <span class='ocrx_word' id='word_1_530' title='bbox 2984 3860 3171 3916; x_wconf 84' lang='lat' dir='ltr'><strong>abbas.</strong></span> 
     </span>
    </p>
   </div>
   <div class='ocr_carea' id='block_1_98' title="bbox 2302 3943 3850 4023">
    <p class='ocr_par' dir='ltr' id='par_1_98' title="bbox 2302 3943 3850 4023">
     <span class='ocr_line' id='line_1_98' title="bbox 2302 3943 3850 4023; baseline -0.014 -10"><span class='ocrx_word' id='word_1_531' title='bbox 2302 3959 2460 4023; x_wconf 71' lang='lat'><strong>1058,</strong></span> <span class='ocrx_word' id='word_1_532' title='bbox 2513 3957 2650 4013; x_wconf 73' lang='grc'><strong>1059</strong></span> <span class='ocrx_word' id='word_1_533' title='bbox 2706 3964 2796 4009; x_wconf 84' lang='lat' dir='ltr'><strong>aut</strong></span> <span class='ocrx_word' id='word_1_534' title='bbox 2852 3952 3009 4008; x_wconf 82' lang='grc'><strong>1060.</strong></span> <span class='ocrx_word' id='word_1_535' title='bbox 3062 3949 3343 4005; x_wconf 85' lang='lat' dir='ltr'><strong>Heinricus</strong></span> <span class='ocrx_word' id='word_1_536' title='bbox 3395 3961 3485 3999; x_wconf 79' lang='lat' dir='ltr'><strong>rex</strong></span> <span class='ocrx_word' id='word_1_537' title='bbox 3535 3943 3850 3999; x_wconf 65' lang='lat' dir='ltr'><strong>Francorum</strong></span> 
     </span>
    </p>
   </div>
   <div class='ocr_carea' id='block_1_99' title="bbox 2504 4035 3851 4116">
    <p class='ocr_par' dir='ltr' id='par_1_99' title="bbox 2504 4035 3851 4116">
     <span class='ocr_line' id='line_1_99' title="bbox 2504 4035 3851 4116; baseline -0.016 -13"><span class='ocrx_word' id='word_1_538' title='bbox 2504 4048 2659 4103; x_wconf 87' lang='lat' dir='ltr'><strong>obiit.</strong></span> <span class='ocrx_word' id='word_1_539' title='bbox 2731 4046 3010 4116; x_wconf 81' lang='lat' dir='ltr'><strong>Philippus</strong></span> <span class='ocrx_word' id='word_1_540' title='bbox 3054 4041 3209 4116; x_wconf 77' lang='lat' dir='ltr'><strong>regni</strong></span> <span class='ocrx_word' id='word_1_541' title='bbox 3265 4035 3639 4093; x_wconf 85' lang='lat' dir='ltr'><strong>monarcbiam</strong></span> <span class='ocrx_word' id='word_1_542' title='bbox 3689 4044 3851 4087; x_wconf 82' lang='lat' dir='ltr'><strong>susce-</strong></span> 
     </span>
    </p>
   </div>
   <div class='ocr_carea' id='block_1_100' title="bbox 2500 4139 2599 4209">
    <p class='ocr_par' dir='ltr' id='par_1_100' title="bbox 2500 4139 2599 4209">
     <span class='ocr_line' id='line_1_100' title="bbox 2500 4139 2599 4209; baseline -0.01 -17"><span class='ocrx_word' id='word_1_543' title='bbox 2500 4139 2599 4209; x_wconf 87' lang='lat' dir='ltr'><strong>pit.</strong></span> 
     </span>
    </p>
   </div>
   <div class='ocr_carea' id='block_1_101' title="bbox 700 4423 3764 4516">
    <p class='ocr_par' dir='ltr' id='par_1_101' title="bbox 700 4423 3764 4516">
     <span class='ocr_line' id='line_1_101' title="bbox 700 4423 3764 4516; baseline -0.007 -18"><span class='ocrx_word' id='word_1_544' title='bbox 700 4426 1014 4516; x_wconf 18' lang='lat' dir='ltr'><strong>ANols‘B</strong></span> <span class='ocrx_word' id='word_1_545' title='bbox 1061 4429 1568 4516; x_wconf 35' lang='lat' dir='ltr'><strong>Tironiianzehquas</strong></span> <span class='ocrx_word' id='word_1_546' title='bbox 1605 4436 1748 4491; x_wconf 82' lang='lat' dir='ltr'><strong>inter</strong></span> <span class='ocrx_word' id='word_1_547' title='bbox 1782 4438 1940 4493; x_wconf 75' lang='lat' dir='ltr'><strong>abbas</strong></span> <span class='ocrx_word' id='word_1_548' title='bbox 1986 4449 2069 4496; x_wconf 80' lang='lat' dir='ltr'><strong>est</strong></span> <span class='ocrx_word' id='word_1_549' title='bbox 2118 4441 2358 4510; x_wconf 81' lang='lat' dir='ltr'><strong>s&#39;ncera;</strong></span> <span class='ocrx_word' id='word_1_550' title='bbox 2403 4442 2632 4501; x_wconf 84' lang='lat' dir='ltr'><strong>fortasse</strong></span> <span class='ocrx_word' id='word_1_551' title='bbox 2670 4439 3004 4512; x_wconf 63' lang='lat' dir='ltr'><strong>explicandae</strong></span> <span class='ocrx_word' id='word_1_552' title='bbox 3040 4456 3052 4492; x_wconf 90' lang='lat'>:</span> <span class='ocrx_word' id='word_1_553' title='bbox 3098 4439 3236 4491; x_wconf 77' lang='lat' dir='ltr'><strong>Abba</strong></span> <span class='ocrx_word' id='word_1_554' title='bbox 3264 4432 3423 4487; x_wconf 72' lang='lat' dir='ltr'><strong>abbas</strong></span> <span class='ocrx_word' id='word_1_555' title='bbox 3468 4423 3764 4484; x_wconf 67' lang='lat' dir='ltr'><strong>manuum?</strong></span> 
     </span>
    </p>
   </div>
   <div class='ocr_carea' id='block_1_102' title="bbox 630 4491 1444 4574">
    <p class='ocr_par' dir='ltr' id='par_1_102' title="bbox 630 4491 1444 4574">
     <span class='ocr_line' id='line_1_102' title="bbox 630 4491 1444 4574; baseline 0.016 -27"><span class='ocrx_word' id='word_1_556' title='bbox 630 4491 1004 4565; x_wconf 73' lang='lat' dir='ltr'><strong>Florincensis,</strong></span> <span class='ocrx_word' id='word_1_557' title='bbox 1037 4511 1130 4557; x_wconf 86' lang='lat' dir='ltr'><strong>aut</strong></span> <span class='ocrx_word' id='word_1_558' title='bbox 1162 4502 1268 4557; x_wconf 88' lang='lat' dir='ltr'><strong>tale</strong></span> <span class='ocrx_word' id='word_1_559' title='bbox 1293 4491 1444 4574; x_wconf 83' lang='lat' dir='ltr'><strong>quid.</strong></span> 
     </span>
    </p>
   </div>
  </div>
