4044 5428
964 319 1329 378 ΒΟΒΙΟΟΝΙΞ
1369 316 1676 375 MONACHI
1702 315 2037 374 MOISSIAC.
2071 312 2298 372 GESTA
2330 313 2779 373 FRANCORUM.

3378 312 3483 369 590

233 445 3037 471 W

861 555 1490 715 GESTA
1600 551 2831 754 FRANCORUM,

672 811 764 867 AB
794 806 1016 865 IPSIUS
1052 803 1303 863 GENTlS
1339 802 1623 861 ORIGINE
1662 802 1754 857 Al)
1792 800 2052 888 OBl'l'UM
2096 798 2329 866 USQUE
2367 796 2709 855 CLODOVEI
2748 800 2765 855 Ι
2805 800 3034 864 REGIS,

1324 943 1600 1003 Auctore
1653 938 2063 1002 RORICONE
2108 937 2449 999 Monacho.

204 1120 532 1189 (ὒυεηςκε,
569 1112 769 1189 Srript_.
808 1110 929 1165 ller.
958 1107 1181 1171 Frena,
1216 1104 1416 1189 1,.799,
1447 1122 1513 1160 ex
1545 1102 2102 1189 antiquoexempl'ari
2121 1117 2221 1155 ms.
2259 1101 2495 1183 cmnobii
2519 1100 2946 1189 dloissiaeenlsis,
2993 1102 3133 1170 quod
3182 1102 3262 1154 vir
3284 1103 3479 1189 claris-

272 1172 443 1242 simus
474 1172 828 1239 Innocentius
862 1182 1052 1245 (Siron,
1083 1180 1380 1233 canonicus
1415 1186 1471 1231 et
1510 1175 1868 1232 cancellarius
1905 1172 2154 1229 ecclesia:
2186 1189 2252 1227 ac
2291 1173 2665 1227 universitatis
2715 1172 3056 1234 Tholosauaz,
3105 1174 3475 1231 transcriben-

274 1260 400 1313 dum
435 1254 671 1312 curavit.

1554 1447 2123 1529 PROLOGUS.

272 1610 409 1679 Quia
441 1608 639 1665 calami
665 1608 842 1665 nostri
871 1608 1019 1664 acies
1044 1608 1276 1677 quadam
1303 1606 1556 1677 rubigine
1586 1603 1798 1658 videtur
1830 1606 1876 1665 Α
1906 1596 2154 1669 quaedam
2183 1608 2315 1650 mea:
2356 1595 2532 1666 gentis
2555 1592 2833 1665 opuscula,
2868 1594 3008 1649 sicut
3055 1594 3227 1649 nostri
3273 1594 3482 1664 priores

203 1703 440 1767 ambesa,
460 1717 633 1771 quam
661 1702 787 1755 boni
812 1700 976 1755 totius
1002 1700 1218 1753 inimica
1243 1697 1497 1753 connexit
1524 1695 1796 1759 otiositas,

203 1808 273 1851 ne
300 1793 567 1862 plectrum
590 1793 795 1861 lingua:
821 1792 1024 1847 desidia
1048 1790 1250 1861 pariter
1276 1790 1521 1844 innectat
1544 1797 1636 1841 ant
1663 1802 1794 1858 qua—

204 1883 321 1937 dam
348 1884 615 1938 tarditate
641 1884 893 1954 rigescat,
909 1883 1035 1937 dum
1060 1882 1110 1935 in
1132 1880 1499 1936 custodiendis
1515 1879 1803 1949 pecoribus

204 1972 585 2037 immoramur,
625 1973 754 2027 dum
800 1970 1017 2042 capellae
1046 1971 1228 2041 legunt
1257 1971 1514 2041 cytisum,
1540 1979 1595 2024 et
1624 1969 1802 2024 adhuc

198 2064 601 2134 aliquantulum
632 2063 740 2119 diei
771 2076 1054 2134 superesse
1085 2062 1295 2117 videtur
1322 2078 1336 2127 ;
1371 2076 1578 2117 memor
1612 2058 1802 2131 patria:

1905 1684 2242 1751 retulerunt,
2294 1687 2547 1757 quoniam
2600 1686 2908 1756 injungitis,
2962 1687 3170 1741 modica
3229 1686 3495 1741 relatione

1906 1782 2161 1837 narrabo.
2196 1779 2306 1835 Nec
2346 1782 2638 1849 imputetur
2673 1779 3004 1851 garrulitati,
3040 1780 3083 1833 si
3115 1788 3264 1849 gesta
3297 1793 3493 1848 paren-

1906 1884 2019 1929 tum
2073 1872 2361 1944 praeconiis
2407 1872 2675 1943 aliquibus
2716 1871 2996 1937 extulero,
3028 1873 3284 1942 quoniam
3313 1870 3497 1927 ordini-

1910 1968 2138 2021 debetur
2166 1976 2222 2023 et
2269 1974 2477 2021 natura:
2519 1973 2580 2019 ut
2624 1965 2965 2034 prudentium
3010 1951 3153 2021 facta
3203 1973 3489 2035 parentum

1913 2059 2139 2114 extollat
2176 2058 2394 2115 devotio
2420 2058 2678 2114 ﬁliorum.

1413 2208 1717 2286 LIBER
1780 2178 2192 2287 PRIMUS.

259 2360 539 2429 Quoniam
566 2362 622 2416 id
655 2372 832 2419 vestra
861 2363 1105 2436 deposcit
1136 2364 1364 2420 intentio
1392 2373 1453 2419 ut
1476 2365 1635 2420 vobis
1666 2364 1795 2419 insi-

198 2466 368 2506 nuare
399 2452 661 2517 debeam,
692 2470 790 2509 cur
829 2456 1200 2527 compatriota:
1241 2456 1348 2512 mei
1375 2456 1571 2512 Franci
1595 2472 1792 2527 cogno-

199 2543 508 2608 minentur,
560 2560 681 2613 quae
727 2561 812 2601 res
856 2557 945 2602 est
984 2547 1148 2617 digna
1197 2546 1394 2613 relatu,
1428 2548 1473 2602 si
1501 2563 1599 2604 vos
1626 2548 1797 2603 otium

199 2637 582 2705 pmbueritis;
611 2647 868 2707 quantum
894 2640 1099 2694 exinde
1125 2640 1192 2695 ad
1220 2654 1319 2695 nos
1350 2649 1593 2695 veterum
1623 2641 1797 2696 moni-

198 2737 382 2782 menta
414 2730 867 2794 transmiserunt,
890 2740 1218 2801 quantumve
1264 2732 1526 2786 memoria
1564 2731 1800 2785 retinere

199 2820 379 2889 potui,
403 2820 694 2875 intimabo.
715 2819 773 2875 Si
798 2830 1033 2875 vestrum
1055 2820 1251 2891 aliquis
1276 2820 1414 2885 facta
1440 2819 1799 2889 Troianorum

198 2910 563 2981 cegnovit,si,
580 2910 1099 2982 Virgiliorel‘erente,
1112 2911 1578 2968 eorumexcidium
1596 2910 1804 2983 Ulyssis

200 3002 398 3057 fraude
422 3011 765 3072 compertum
792 3018 922 3058 aure
954 3003 1035 3056 vel
1070 3003 1269 3058 leviter
1300 3003 1494 3073 tetigit,
1528 3016 1636 3055 non
1667 3016 1802 3069 opus

1905 2362 2078 2426 ribus,
2116 2377 2220 2417 nec
2257 2358 2532 2431 suilragiis
2586 2359 2857 2430 aliquibus
2909 2359 2977 2415 de
3026 2359 3259 2431 propriis
3310 2357 3497 2429 agellis

1905 2454 2192 2511 extrudere
2252 2451 2586 2522 potuissent,
2643 2450 2863 2505 tandem
2925 2450 2994 2505 ab
3048 2448 3498 2505 insectationibus

1905 2558 2091 2600 eurum
2119 2541 2466 2605 desistentes,
2507 2555 2643 2611 quos
2689 2548 2816 2594 ante
2842 2539 3116 2611 persecuti
3147 2546 3273 2593 sunt
3301 2545 3359 2591 ut
3386 2537 3494 2591 ini-

1906 2636 2096 2701 micos,
2128 2641 2314 2689 contra
2339 2632 2477 2687 velle
2507 2632 2849 2701 postmodum
2897 2641 3181 2701 coeperunt
3221 2629 3401 2684 colere
3430 2642 3497 2681 ac

1906 2725 2154 2780 venerari
2182 2722 2335 2794 quasi
2357 2721 2605 2777 dominos
2638 2737 2701 2777 ac
2726 2721 2954 2776 vicinos.
2980 2720 3284 2775 Creverunt
3315 2720 3498 2788 itaque

1906 2818 2206 2888 ingentem
2252 2830 2528 2884 magnam,
2559 2824 2613 2868 et
2656 2814 3097 2868 inhabitaverunt
3138 2811 3497 2867 Sicambriam

1905 2920 2075 2974 usque
2103 2904 2169 2958 ad
2213 2914 2455 2973 tempora
2508 2902 2861 2957 Valentiniani
2904 2902 3271 2971 imperatoris.
3320 2899 3500 2955 liabe-

1907 2995 2039 3051 bant
2066 2998 2230 3051 duces
2252 3004 2306 3050 et
2334 2996 2643 3066 primarius,
2692 3003 2747 3049 et
2798 2995 3081 3049 universos
3132 2993 3351 3048 ordines
3378 3007 3499 3047 ma-

201 3104 285 3147 est
331 3093 434 3147 hic
483 3107 742 3146 enarrare
783 3109 880 3162 per
930 3092 1142 3163 singula
1191 3109 1288 3148 cur
1331 3094 1396 3147 ad
1428 3092 1802 3147 debellandam
1836 3082 1879 3141 Β
1909 3098 2195 3160 gnatorum
2224 3106 2239 3142 :
2265 3089 2383 3143 etsi
2410 3104 2515 3142 non
2543 3088 2790 3143 eamdem
2815 3088 3037 3143 honoris
3063 3087 3498 3156 amplitudinem,

202 3182 611 3239 ferocissimam
642 3192 854 3253 gentem
883 3183 1307 3255 Agamemnonis
1332 3183 1538 3238 exarsit
1569 3182 1800 3247 insania,

203 3278 327 3345 quia
356 3291 476 3330 nec
502 3286 696 3330 nostra:
736 3275 977 3330 lacullati
1014 3275 1269 3347 congruit
1295 3282 1350 3329 et
1382 3289 1487 3328 non
1518 3272 1801 3327 historiam

204 3376 420 3429 texere,
452 3366 549 3420 scd
570 3365 789 3420 brevem
813 3365 1273 3420 narratiunculam
1301 3364 1504 3419 referre
1527 3364 1801 3434 proposui.

204 3456 429 3511 Mortuo
459 3455 620 3526 igitur
646 3454 899 3521 Hectore,
930 3456 1133 3525 Iulioque
1158 3456 1594 3524 destructo,spes
1615 3458 1805 3524 patria:

205 3554 313 3599 tota
347 3544 609 3614 deperiit,
654 3546 896 3600 omnium
924 3546 1088 3601 corda
1120 3553 1478 3609 tremuerunt,
1510 3558 1573 3599 ac
1598 3544 1804 3599 viribus

205 3637 496 3692 defaecatis
520 3636 692 3691 dulcia
720 3653 851 3691 arva
873 3638 1199 3709 linquentes,
1222 3639 1314 3693 alii
1343 3639 1580 3707 pedestri
1613 3638 1805 3692 itinere

207 3730 350 3785 lares
384 3730 695 3800 incognitas
723 3740 1001 3801 expetunt,
1031 3732 1122 3786 alii
1166 3730 1393 3786 marinis
1425 3730 1677 3786 ﬂuctibus
1719 3746 1805 3786 re-

206 3821 486 3883 migantes
537 3819 813 3876 fallacibus
862 3821 1022 3876 undis
1070 3836 1219 3891 spem
1264 3821 1799 3877 vitae’committunt.

210 3909 448 3980 Utrique
505 3910 755 3966 videlicet
792 3911 1102 3967 necessitati
1134 3911 1509 3977 consulentes,
1561 3926 1665 3965 non
1692 3907 1804 3978 jam

204 4000 446 4064 vicinas,
493 4001 591 4054 sed
639 4001 793 4072 longe
836 4012 1072 4058 remotas
1108 4012 1164 4058 et
1209 4003 1511 4075 incognitas
1560 4002 1805 4056 nationes

204 4101 476 4163 expetere
517 4094 918 4149 decreverunt:
959 4111 1065 4165 quo
1111 4105 1275 4151 tantm
1330 4095 1565 4150 infamiae
1620 4101 1803 4148 notam

204 4182 290 4236 vel
314 4181 607 4251 paululum
638 4184 844 4238 evitare
889 4184 1206 4253 quivissent.
1230 4185 1307 4239 Ex
1340 4185 1426 4239 his
1464 4183 1712 4238 Priamus
1753 4190 1809 4235 et

204 4273 463 4327 Antenor
485 4288 611 4327 cum
639 4274 837 4345 ingenti
868 4276 1206 4330 multitudine
1229 4277 1292 4330 de
1309 4275 1550 4330 exercitu
1574 4272 1807 4341 Trojano

207 4365 490 4419 intrantes
544 4365 683 4435 ripas
731 4367 934 4423 Tanais
960 4367 1220 4436 ﬂuminis,
1259 4368 1666 4423 Pannoniorum
1700 4379 1806 4422 ter-

1905 3188 2086 3235 tamen
2115 3179 2356 3249 pristinae
2385 3179 2663 3249 dignitatis
2694 3177 2892 3233 fastum
2940 3179 3023 3235 vel
3081 3179 3299 3234 nomine
3334 3188 3492 3232 tenus

1905 3272 2140 3327 retinere
2190 3271 2512 3341 gestiebant.
2564 3268 2620 3324 Si
2655 3268 2793 3325 forte
2846 3271 3109 3339 primates
3140 3269 3351 3339 aliquos
3386 3268 3500 3323 ele-

1907 3365 2131 3435 gissent,
2164 3365 2316 3434 quasi
2344 3364 2686 3419 hzereditario
2711 3363 2833 3433 jure
2861 3363 3102 3432 priorum
3150 3370 3367 3432 patrum
3399 3377 3499 3416 no-

1912 3455 2059 3510 mina
2090 3464 2496 3519 conservantes,
2545 3469 2651 3508 non
2683 3453 2848 3507 alium
2880 3453 2980 3508 sibi
3025 3452 3371 3523 patiebantur
3398 3452 3500 3506 im-

1906 3546 2063 3615 poni,
2121 3545 2224 3599 nisi
2292 3559 2454 3614 quem
2524 3545 2762 3600 nominis
2831 3546 3067 3616 dignitas
3128 3545 3496 3601 sublitnasset.

1908 3636 2321 3691 Valentinianus
2346 3653 2480 3708 ergo
2505 3638 2801 3708 imperator
2822 3652 3001 3693 arcem
3022 3638 3252 3693 Romani
3279 3639 3499 3710 regebat

1906 3727 2139 3798 imperii,
2164 3728 2250 3782 vir
2272 3729 2683 3784 strenuissimus
2706 3738 2760 3784 et
2784 3739 2995 3783 amator
3015 3730 3343 3800 reipublicze,
3364 3746 3497 3799 pau-

1908 3836 2095 3890 perum
2139 3835 2203 3875 ac
2230 3820 2512 3874 humilium
2544 3821 2722 3876 cultor
2761 3822 3071 3886 muniﬁcus,
3103 3832 3158 3877 et
3206 3822 3489 3877 rebellium

1908 3910 2237 3981 exstirpator
2262 3910 2654 3966 atrocissimus.
2694 3912 2994 3967 Adversum
3030 3913 3176 3967 hunc
3199 3913 3496 3966 Alanorum

1908 4017 2040 4073 gens
2086 4002 2431 4055 atrocissima
2483 4001 2697 4056 servilia
2735 4017 2885 4055 arma
2916 4002 3237 4072 corripiens,
3274 4001 3499 4056 rebelles

1907 4093 2163 4146 dexteras
2193 4093 2259 4145 ad
2287 4092 2676 4146 devastandum
2730 4093 3042 4163 imperium,
3090 4093 3173 4147 vel
3202 4095 3499 4149 seditiones

1910 4184 2247 4249 excitandas,
2286 4200 2416 4239 ausu
2460 4187 2749 4240 temerario
2791 4188 3033 4258 erigens,
3065 4202 3294 4257 qumque
3325 4195 3499 4241 aureo

1910 4284 2059 4329 clare
2092 4283 2307 4345 poterat
2356 4276 2607 4331 universa
2634 4277 2969 4333 devastabat.
3002 4277 3253 4334 Occurrit
3284 4278 3367 4331 bis
3401 4278 3500 4330 iiu-

1908 4375 2128 4437 perator
2146 4382 2269 4421 cum
2292 4367 2536 4421 exercitu
2562 4369 2798 4423 maximo
2820 4384 2983 4440 super
3005 4368 3226 4423 [luvium
3246 4369 3494 4428 Danubii.

204 4456 389 4510 minos
440 4470 603 4510 secus
652 4455 921 4513 Maeotidos
974 4459 1200 4528 paludes
1246 4459 1461 4528 navigio
1509 4460 1800 4527 petierunt.
1833 4440 1877 4503 C
1910 4468 1963 4513 et
1990 4458 2041 4511 in
2079 4473 2175 4513 eos
2198 4459 2368 4511 aciem
2398 4458 2636 4529 dirigens
2675 4459 2925 4515 servilem
2960 4459 3299 4515 insolentiam
3327 4460 3499 4529 impe-

206 4546 512 4617 lissisque
538 4563 636 4617 per
659 4565 850 4621 gyrum
879 4552 1311 4621 exploratoribus
1335 4550 1807 4620 deprehenderunt

203 4655 239 4692 e
285 4639 477 4693 vicino
504 4638 679 4693 locum
708 4656 823 4695 sua:
850 4641 1170 4696 habitationi
1203 4657 1518 4712 congruum.
1540 4652 1805 4695 remotum

205 4732 479 4787 videlicet
520 4745 550 4783 a
586 4734 853 4787 communi
881 4734 1217 4790 habitatione
1264 4734 1561 4799 hominum,
1608 4742 1806 4787 terram

207 4822 378 4878 nullis
411 4820 616 4876 cultam
647 4825 970 4892 vomeribus,
1006 4825 1234 4879 marinis
1277 4825 1531 4880 ﬂuctibus
1569 4822 1809 4893 undique

208 4915 663 4983 circnmscptam.
723 4915 798 4970 lbi
848 4917 1026 4988 itaque
1082 4916 1250 4971 ﬁxere
1304 4919 1554 4982 tentoria,
1603 4922 1664 4970 et
1717 4930 1809 4970 re-

208 5006 455 5075 sumptis
508 5007 705 5061 animis
746 5006 1014 5065 civitatem
1065 5007 1487 5071 aediﬁcaverunt,
1521 5022 1682 5079 quam
1712 5005 1806 5061 Si-

206 5097 521 5151 cambriam
576 5097 926 5167 appellavere.
988 5099 1108 5155 Viri
1160 5097 1324 5167 igitur
1383 5099 1471 5153 isti
1531 5098 1697 5153 fortes
1749 5108 1806 5154 et

206 5186 380 5239 validi
405 5195 670 5240 consueta
684 5185 955 5245 ferocitate
976 5186 1187 5245 suﬂulti
1207 5196 1389 5242 contra
1416 5190 1621 5244 vicinos
1653 5203 1803 5242 arma

208 5276 521 5339 moventes,
550 5292 649 5344 per
695 5289 877 5344 gyrum
918 5279 1155 5334 ﬁnitima
1209 5276 1566 5343 devastantes,
1603 5277 1805 5332 famam

207 5368 297 5420 sui
341 5365 581 5419 nominis
608 5363 949 5428 vulgaverant
976 5368 1208 5428 ubique.
1243 5364 1308 5418 Et
1343 5370 1553 5428 quoties
1576 5369 1644 5422 de
1676 5381 1805 5428 [που

1909 4549 2030 4604 riali
2058 4549 2322 4619 repressit
2348 4549 2525 4603 edicto
2556 4563 2572 4603 :
2606 4551 2789 4619 plures
2813 4565 2999 4606 eorum
3040 4550 3181 4605 bello
3214 4566 3499 4619 superans,

1914 4639 2051 4692 alios
2080 4640 2131 4692 in
2164 4639 2342 4708 fugam
2369 4640 2678 4708 przecipites
2714 4640 2865 4696 abire
2888 4641 3242 4711 compellens.
3278 4641 3343 4695 lli
3371 4654 3501 4694 vero

1910 4732 2001 4801 qui
2030 4729 2157 4799 luga
2185 4728 2353 4798 elapsi
2398 4740 2546 4796 sunt,
2602 4731 2880 4789 Mmotidas
2931 4734 3205 4788 intravere
3257 4731 3502 4802 paludes,

1912 4822 2093 4891 ibique
2124 4836 2183 4876 se
2210 4823 2647 4881 communientes
2678 4826 2744 4880 ad
2776 4826 3174 4882 defendendum
3208 4824 3295 4877 vel
3326 4824 3504 4892 potius

1910 4912 2272 4967 resistendum
2312 4928 2540 4983 qumque
2586 4924 2838 4986 poterant
2881 4918 3195 4988 adjumenta
3241 4924 3504 4981 congere-

1911 5003 2063 5058 bant.
2097 5002 2447 5058 Perlustratis
2477 5004 2774 5075 imperator
2820 5002 3336 5077 importunitatibus
3381 5001 3506 5063 loci,

1910 5093 2100 5150 nolens
2128 5102 2299 5148 totum
2332 5093 2547 5163 fatigari
2578 5098 2876 5152 exercitum
2900 5138 2914 5163 ,
2948 5093 3315 5151 sacramentis
3342 5095 3510 5161 impe-

1909 5187 2131 5242 rialibns
2179 5186 2527 5249 constrinxit,
2558 5203 2661 5256 per
2711 5203 2881 5244 annos
2912 5187 2982 5242 10
3014 5184 3121 5239 illis
3146 5183 3389 5240 relaxari
3414 5186 3511 5239 tri--

1909 5277 2061 5341 buta,
2090 5276 2181 5347 qui
2204 5282 2419 5343 gentem
2445 5275 2591 5331 hanc
2616 5277 2866 5332 rebellem
2898 5271 3099 5329 exinde
3124 5268 3251 5325 dolo
3276 5271 3510 5328 armisve

1908 5369 2107 5428 ejicere
2130 5367 2454 5428 potuissent.
2476 5367 2777 5422 Audientes
2825 5367 2927 5421 hoc
2959 5361 3259 5428 Sicambri,
3309 5381 3446 5428 quos
3482 5379 3513 5420 a
