4044 5428
527 412 626 470 591

1509 394 1878 455 RORICONIS
1904 387 2215 451 MONAClll
2248 380 2779 446 MOISSIACENSIS

3680 369 3790 465 ξας

530 535 647 582 ctos
669 529 728 579 ut
755 520 1006 579 inimicos
1025 511 1339 588 imperatori
1366 518 1776 583 reprazseutant.
1807 509 1921 564 Hac
1943 507 2108 579 igitur
2139 513 2184 570 Α
2214 501 2505 573 resumptis
2534 500 2764 563 viribus,
2796 505 2849 555 et
2880 510 2910 553 a
2942 492 3265 551 lassitudine
3304 489 3563 556 recreati,
3592 491 3710 564 qui,
3736 504 3794 551 ut

513 623 745 691 'patrata
783 611 1029 676 victoria,
1069 619 1124 663 ct
1147 605 1373 662 rebelles
1411 603 1673 673 condigna
1698 600 1901 656 ultione
1921 598 2113 670 perdo-

532 690 707 774 muit,
759 714 813 761 et
862 699 1125 770 Troianos
1172 705 1425 759 nostros,
1475 693 1788 749 Sicambros
1840 690 2110 754 videlicet,

533 801 772 857 Francos
793 793 1049 868 appellari
1076 789 1348 865 praecepit.
1366 787 1610 859 Explctis
1635 787 1818 856 itaque
1839 781 1906 839 10
1932 780 2112 864 annis,

532 893 672 947 idem
688 884 1072 959 imperatorpri
1082 882 1310 938 marium
1326 877 1613 955 quemdam
1629 891 1754 933 cum
1770 857 2116 931 exactoribus

532 984 599 1037 de
626 980 989 1034 Romanorum
1013 974 1213 1046 populo
1236 972 1403 1033 misit,
1433 970 1524 1039 qui
1551 969 1865 1023 tributum‘a
1889 964 2117 1020 Francis

530 1076 830 1146 exigerent.
885 1068 1080 1124 Franci
1124 1080 1252 1121 vero
1301 1063 1519 1133 indigne
1567 1061 1805 1114 ferentes
1832 1055 1976 1127 quod
2023 1054 2115 1124 qui

530 1166 718 1221 eadem
747 1170 892 1219 sorte
919 1160 1230 1215 Graecorum
1269 1146 1530 1210 srevitiam
1568 1151 1834 1206 evitantes
1872 1148 1940 1203 de
1987 1161 2107 1218 pro-

530 1256 666 1331 priis
687 1254 884 1310 ﬁnibus
911 1250 1252 1322 aufugerunt.
1278 1248 1343 1302 ad
1364 1244 1713 1321 persolvenda
1743 1242 1939 1297 tributa
1992 1254 2114 1309 ger-

530 1328 750 1404 manum
779 1344 1096 1415 sanguinem
1118 1345 1530 1412 provocassem,
1545 1336 1618 1390 nil
1639 1334 1833 1392 morati
1859 1324 2119 1388 adversus

530 1443 852 1516 primarium
877 1441 1239 1507 insurgentes,
1269 1448 1393 1489 eum
1433 1433 1542 1485 vita
1569 1431 1870 1500 privavere.
1906 1425 2125 1480 Pariter

538 1546 594 1592 et
620 1537 1001 1607 legatos,quus
1022 1530 1299 1585 direxerat
1321 1526 1632 1607 imperator.
1656 1518 1894 1575 Consilio
1916 1516 2117 1572 etenim

525 1629 784 1699 juveuum
815 1602 1119 1695 depravati,
1153 1622 1266 1675 hate
1297 1618 1438 1671 inter
1482 1602 1542 1668 se
1572 1613 1734 1666 verba
1766 1608 2072 1663 tractabant
2100 1618 2115 1658 :

528 1723 830 1791 Imperator
851 1731 974 1774 cum
1005 1712 1248 1770 exercitu
1273 1711 1639 1768 Romanorum
1670 1703 1964 1760 Alanorum
1988 1715 2119 1771 gen-

532 1826 640 1871 tem
669 1811 927 1868 rcbellem
950 1808 1016 1864 de
1042 1804 1265 1861 latibulo
1288 1801 1542 1875 paludum
1558 1800 1756 1871 ejicere
1779 1811 1884 1852 non
1917 1794 2116 1866 potuit,

2215 604 2469 665 diximus,
2512 602 2659 672 ripas
2700 597 2877 656 Rheni
2916 595 3154 653 ﬂuminis
3177 595 3488 667 attigerant,
3521 591 3592 647 ad
3625 584 3795 645 instar

2214 696 2392 768 Troja:
2425 695 2703 751 civitatem
2732 690 3005 748 :edilicare
3038 689 3217 746 conati
3256 696 3403 745 sunt.
3452 685 3560 741 Sed
3592 685 3795 754 imper-

2215 788 2416 845 fectum
2460 801 2596 856 opus
2640 784 3034 853 relinquentes,
3077 780 3195 851 pari
3243 776 3471 834 consilio
3512 774 3798 845 elegerunt

2215 880 2318 937 sibi
2347 893 2548 950 regem,
2594 877 2737 932 sicut
2765 883 2821 929 et
2850 882 3064 929 caetera:
3117 879 3333 943 gentes,
3372 866 3594 922 nomine
3634 862 3799 919 Fara-

2216 971 2498 1032 mundum,
2548 968 2716 1023 tilium
2763 963 3143 1022 Marchomiris
3181 962 3272 1016 filii
3300 958 3527 1021 Priami,
3574 964 3633 1012 et
3676 965 3798 1010 eum

2186 1062 2357 1118 -soiio
2385 1060 2744 1116 sublimantes
2768 1057 2949 1112 debita
2999 1053 3305 1110 reverentia
3337 1050 3589 1106 excolere
3619 1059 3800 1117 caepe.

2221 1163 2367 1211 runt.
2400 1153 2518 1221 Quo
2563 1150 2839 1214 defuncto,
2889 1147 3057 1205 lilium
3100 1144 3218 1215 ejus
3260 1143 3577 1201 Clotlionem
3608 1140 3665 1195 in
3708 1154 3801 1210 pa-

2221 1258 2374 1303 terno
2404 1243 2539 1300 solio
2567 1241 3016 1296 subiimaverunt.
3046 1236 3145 1292 llic
3173 1235 3226 1290 in
3266 1232 3468 1289 finibus
3495 1229 3811 1300 Thorlngo-I

2218 1354 2337 1394 rum
2389 1337 2444 1391 in
2490 1335 2754 1404 Dispargo
2793 1329 3017 1385 castello
3060 1328 3247 1398 paucis
3283 1324 3475 1391 diebus
3511 1318 3798 1392 habitavit.

2220 1427 2468 1499 Suspecti
2500 1440 2714 1494 semper
2741 1431 2898 1478 erant
2926 1419 3120 1475 Franci
3148 1428 3203 1474 et
3229 1417 3399 1483 .lubii,
3422 1423 3478 1471 et
3505 1415 3561 1471 in
3594 1415 3802 1469 incerto

2218 1520 2558 1584 vacillantes,
2591 1518 2718 1587 dum
2750 1515 3099 1586 explorarent
3128 1513 3348 1575 sedulo,
3382 1512 3425 1567 si
3464 1509 3605 1564 forte
3650 1508 3803 1563 iuve-

2218 1615 2430 1670 niretur
2474 1611 2674 1667 alicubi
2707 1609 2931 1666 locellus
2978 1608 3194 1678 aliquis,
3232 1607 3323 1678 qui
3360 1620 3551 1663 eorum
3582 1599 3803 1658 habita-

2218 1708 2349 1763 tioni
2395 1706 2671 1761 videretur
2707 1716 3173 1773 essecongruus.
3207 1701 3275 1757 Et
3315 1700 3442 1754 dum
3490 1699 3594 1753 hoc
3646 1695 3806 1751 (milia

2218 1805 2534 1862 aestuarem,
2566 1796 2794 1852 relatum
2823 1804 2907 1850 est
2937 1793 3047 1849 illis
3080 1794 3149 1848 ab
3188 1790 3653 1861 exploratoribus,
3680 1786 3809 1843 Gal-

531 1913 588 1960 εῑ
618 1919 737 1964 "08-
762 1903 853 1973 τιυὶ
879 1914 974 1956 εοε
1003 1897 1324 1959 “Vicimus.
1352 1908 1451 1948 θυι·
1485 1891 1685 1945 "illum
1711 1883 2113 1959 Ροτεοινὶηιυεῗ
2150 1861 2191 1920 Β
2226 1889 2352 1944 liam
2383 1904 2504 1945 esse
2534 1887 2775 1944 onmium
2806 1886 3089 1958 regionum
3139 1885 3485 1950 nobiliorem,
3516 1883 3667 1938 omni
3716 1897 3805 1937 rc-

552 2034 556 2040 -
603 1997 701 2052 liis
730 1995 950 2062 auditis,
980 1992 1278 2061 imperator
1307 1984 1433 2040 fcile
1476 1982 1697 2037 fervens
1724 1987 1913 2035 contra
1938 1975 2117 2033 Fran-

532 2106 628 2147 eos
672 2089 843 2147 movit
877 2085 1201 2146 exercitum,
1253 2081 1458 2135 ducens
1505 2089 1689 2131 secum
1739 2070 2121 2126 Aristarchum

533 2183 743 2238 militia:
793 2194 906 2235 suae
953 2176 1274 2248 principem.
1328 2170 1428 2238 Qui
1479 2166 1732 2223 videlicet
1771 2161 2122 2218 Aristarchus

534 2290 659 2330 cum
707 2274 990 2326 innumera
1022 2263 1372 2322 multitudine
1400 2274 1564 2331 super
1606 2257 1846 2312 Francos
1882 2254 2119 2317 irruens,

536 2364 823 2435 quemdam
859 2374 1046 2417 eorum
1096 2357 1290 2412 ducem
1342 2353 1562 2408 nomine
1615 2348 1890 2404 Priamum
1941 2344 2121 2416 gladio

536 2453 862 2515 trucidavit,
917 2458 973 2504 et
1023 2454 1251 2502 cancros
1298 2441 1464 2497 nimia
1514 2438 1660 2495 caede
1712 2435 2118 2498 comminuens,

536 2551 666 2606 licet
694 2563 819 2604 cum
852 2543 1021 2599 multo
1065 2537 1347 2610 dispendio
1384 2531 1617 2593 Romani
1661 2528 1955 2592 exercitus,
2004 2535 2124 2581 tan-

537 2644 661 2699 dem
688 2654 782 2694 eos
807 2650 1096 2706 superans,
1145 2643 1293 2703 terga
1325 2630 1454 2684 dare
1482 2624 1762 2693 compulit.
1813 2620 2124 2677 Seutientes

538 2735 722 2802 itaque
764 2727 960 2785 Franci
1012 2726 1149 2783 iram
1184 2718 1532 2793 imperatoris
1560 2717 1651 2773 diu
1698 2714 1968 2769 sustinere
2015 2726 2123 2767 non

534 2836 719 2895 posse,
753 2831 808 2879 et
836 2820 1145 2875 libertatem
1179 2828 1342 2885 quam
1383 2810 1551 2866 armis
1586 2806 1962 2878 acquisierant
2003 2818 2127 2874 per-

537 2918 668 2975 dere
697 2912 1069 2975 formidantei,
1107 2908 1389 2979 elegerunt
1420 2901 1595 2974 magis
1642 2899 1895 2956 omnibus
1938 2898 2127 2953 diebus

541 3008 666 3063 vita:
703 3021 816 3068 sine
862 3002 1124 3068 exsulari,
1163 3014 1324 3069 quam
1357 2996 1491 3051 tanti
1524 2991 1762 3048 nominis
1808 2990 2125 3062 dignitatern

541 3099 724 3156 servili
764 3095 997 3166 amplius
1027 3089 1290 3149 maculati
1323 3086 1568 3143 infamia.
1602 3084 1672 3139 Et
1700 3082 1890 3138 relicta
1920 3081 2128 3138 Sicam-

539 3195 691 3258 liria,
726 3191 907 3247 media
940 3203 1070 3260 pars
1119 3186 1360 3257 ipsorum
1404 3195 1528 3234 cum
1565 3177 1826 3232 uxoribus
1855 3184 1912 3230 et
1942 3174 2127 3230 liberis

540 3292 904 3357 pervagantes
931 3281 1225 3349 Europam,
1269 3275 1376 3329 huc
1404 3282 1460 3327 et
1491 3270 1619 3325 illuc
1649 3267 1995 3327 vacillabant,
2021 3280 2126 3320 non

540 3356 812 3434 habentes
837 3381 1015 3430 certos
1043 3371 1210 3434 lares,
1242 3381 1342 3421 nec
1372 3362 1606 3434 propria:
1633 3360 1886 3416 stationis
1911 3356 2131 3428 aliquod

547 3474 973 3527 firmamentum.
1008 3463 1115 3519 Per
1150 3461 1395 3516 diversos
1444 3456 1610 3525 igitur
1649 3453 1927 3508 anfractus
1972 3451 2134 3505 itine-

547 3567 624 3621 ris
650 3579 708 3619 sc
740 3574 974 3629 suosque
1018 3563 1241 3626 nepotes
1279 3550 1462 3622 gladio
1491 3544 1882 3610 defensabant,
1910 3543 1957 3599 si
1993 3541 2135 3599 forte

547 3667 775 3729 propter
815 3647 1163 3722 adipiscenda
1202 3646 1328 3701 vita:
1366 3639 1635 3712 stipendia
1679 3637 2134 3708 progrederemur

553 3752 774 3817 alicubi,
807 3758 866 3805 et
895 3748 1221 3803 inhumanos
1246 3740 1457 3808 aliquos
1486 3735 1552 3796 ad
1582 3729 1919 3803 prohibenda
1947 3740 2130 3782 necesc

554 3846 699 3902 saria
731 3840 1106 3898 oﬂ'endissent.
1147 3834 1217 3890 Et
1250 3842 1578 3902 quocunque
1624 3823 2133 3895 progrediebantur,

551 3949 741 3993 eorum
787 3941 964 3986 terror
1007 3926 1207 3995 ubique
1242 3919 1469 3978 diffusus
1497 3914 1856 3985 compellebat
1884 3912 1937 3966 in
1968 3922 2134 3963 unum

551 4028 848 4088 convenire
877 4023 1124 4096 populos,
1160 4027 1348 4091 gentes
1375 4017 1689 4091 innumeras
1737 4006 1986 4071 adunari,
2017 4004 2145 4058 uni-.

550 4135 742 4177 versas
767 4095 963 4189 patriae
982 4111 1311 4169 munitiones
1339 4103 1606 4161 machinis
1629 4098 1883 4156 omnibus
1901 4095 2145 4150 armisve

551 4188 774 4266 muniri.
809 4206 1009 4277 Vulgus
1039 4206 1259 4272 insuper
1301 4198 1638 4256 universum,
1689 4188 1845 4260 quasi
1892 4201 2015 4256 spes
2042 4199 2139 4254 pa-

555 4302 675 4355 tria:
707 4298 1028 4368 deperisset,
1053 4292 1237 4348 abdita
1269 4300 1497 4358 quaeque
1533 4284 1850 4342 lustrantes,
1880 4293 1939 4333 se
1980 4290 2138 4332 suos-

556 4405 662 4460 que
708 4387 962 4458 parvuios
1011 4385 1081 4439 ad
1127 4380 1390 4436 montium
1427 4375 1609 4431 abdita
1659 4370 2036 4434 conferebant,
2084 4374 2147 4421 et

557 4479 823 4547 undique,
852 4474 1098 4530 buccinis
1127 4468 1603 4540 concrepantibus,
1630 4466 1703 4520 ita
1733 4480 1799 4519 ex
1829 4474 2137 4533 propugna-

2223 1972 2418 2038 fertam
2463 1980 2763 2051 dignitate,
2813 1980 3083 2034 consitam
3125 1977 3438 2034 nemoribus
3487 1972 3807 2045 pomiferis,

2220 2080 2427 2127 terram
2455 2086 2577 2128 esse
2608 2070 2915 2135 fecundam,
2947 2080 3129 2140 aptam
3154 2070 3222 2124 ad
3248 2068 3430 2124 omnia
3452 2082 3587 2136 .qua:
3616 2066 3811 2121 buma-

2222 2167 2307 2223 nis
2357 2167 2918 2236 possuntsubveuire
2962 2164 3394 2221 necessitmibus.
3447 2160 3567 2216 Tati
3615 2159 3833 2215 nuntio.

2222 2245 2447 2311 animati
2474 2256 2685 2312 animos
2725 2265 2780 2313 et
2809 2272 2961 2310 arma
2991 2255 3314 2326 corripiunt,
3347 2262 3401 2308 et
3429 2253 3496 2307 ad
3526 2250 3812 2307 vindican-

2180 2347 2323 2402 ‘das
2364 2345 2597 2414 injurias
2646 2362 2786 2417 quas
2840 2364 2869 2401 a
2922 2346 3183 2402 Romanis
3228 2345 3593 2417 pertulerant.
3641 2344 3811 2399 corda

2213 2454 2349 2495 cum
2391 2439 2587 2509 gladiis
2632 2447 2906 2495 exacuunt
2952 2455 3063 2494 non
3104 2448 3167 2494 ut
3212 2420 3581 2509 fugiant,sed
3629 2445 3686 2491 ut
3715 2450 3815 2508 eos

2223 2528 2616 2593 exterminent,
2650 2537 2705 2584 et
2736 2542 3177 2600 unumquemque
3205 2542 3427 2587 suorum
3453 2527 3617 2582 dictis
3647 2542 3811 2596 aspe-

2223 2621 2459 2677 rioribus
2490 2621 2817 2679 accendunt.
2852 2621 2945 2677 liis
2973 2622 3143 2695 ferme
3171 2620 3625 2681 diebusRomani
3657 2618 3818 2675 babi-

2227 2715 2414 2771 tabant
2454 2729 2502 2774 ac
2527 2712 2749 2785 ﬂumine
2794 2713 2968 2770 Rheni
3001 2729 3172 2784 usque
3214 2714 3287 2773 ad
3318 2713 3542 2771 ﬂuvium
3575 2710 3835 2785 Ligeris”

2225 2819 2282 2866 et
2307 2826 2335 2864 a
2367 2809 2561 2881 Ligere
2601 2806 2764 2863 ﬂuvio
2797 2823 2987 2867 versus
3032 2807 3320 2877 Ilispanias
3349 2805 3515 2862 Gothi
3563 2804 3818 2859 (lamina-

2225 2902 2447 2958 bantur.
2480 2901 2892 2971 Burgundiones
2919 2886 3137 2970 quoque
3175 2898 3363 2954 Ariani
3414 2905 3597 2963 erant,
3630 2906 3688 2961 et
3715 2897 3816 2950 ha-

2226 2995 2473 3051 bitabant
2519 3007 2677 3049 secus
2731 2992 3051 3048 Rhodanum
3105 2990 3349 3046 ﬂuvium.
3400 2988 3593 3044 Clodio
3643 2986 3816 3057 igitur

2230 3103 2325 3142 rex
2356 3085 2538 3141 missis
2567 3085 2997 3157 praecursoribus
3023 3084 3138 3140 suis
3175 3099 3349 3153 usque
3381 3082 3449 3137 ad
3481 3082 3677 3138 urbem
3705 3081 3813 3136 Ca-

2154 3212 2198 3273 C
2230 3192 2531 3242 maracum,
2563 3176 2681 3245 ipse
2716 3191 2932 3246 quoque
2966 3190 3088 3247 cum
3117 3176 3363 3231 exercitu
3395 3175 3640 3229 maximo
3670 3172 3818 3227 Rbe-

2231 3282 2360 3324 num
2410 3267 2681 3323 transiens
2728 3282 2825 3323 eos
2876 3268 3198 3323 subsecutus
3243 3276 3368 3330 est,
3427 3275 3487 3321 et
3535 3267 3825 3338 ingressus

2230 3360 2621 3419 Carbonariatn
2660 3360 2883 3424 silvam,
2916 3361 3321 3415 Turnacensem
3352 3359 3634 3414 civitatem
3677 3359 3819 3415 obti-

2232 3451 2367 3515 nuit,
2391 3459 2441 3505 et
2466 3450 2665 3505 exinde
2693 3449 3051 3505 Camaracum
3079 3465 3251 3519 usque
3274 3449 3608 3520 properavit.
3631 3448 3820 3519 Ibique

2232 3539 2504 3595 modicum
2536 3538 2809 3600 residens.
2857 3537 3136 3595 Romanos
3178 3552 3368 3593 omnes
3412 3537 3507 3607 qui
3542 3538 3598 3593 in
3629 3538 3820 3593 eadem

2234 3631 2432 3701 reperti
2465 3639 2591 3685 sunt
2625 3630 2804 3701 gladio
2833 3621 3096 3685 trucidari
3127 3630 3409 3701 praeepit.
3440 3628 3561 3696 Qua
3600 3629 3823 3685 civitate

2233 3728 2469 3787 retenta,
2497 3722 2621 3775 inde
2658 3722 3003 3791 progreditur
3032 3730 3089 3777 et
3135 3737 3307 3792 usque
3350 3722 3423 3776 ad
3466 3719 3698 3775 Sumam
3723 3719 3818 3774 ﬂu-

2233 3813 2380 3868 vium
2424 3813 2734 3881 occupavit,
2775 3821 2831 3868 et
2856 3812 3136 3884 ingressus
3174 3813 3569 3870 Ambianorum
3610 3814 3814 3874 urbem,

2236 3906 2434 3969 ibidem
2478 3912 2536 3959 et
2574 3904 2725 3973 regni
2769 3903 2952 3960 sedem
2985 3906 3209 3970 statuit,
3256 3914 3312 3961 et
3339 3905 3599 3973 deinceps
3626 3913 3820 3974 pacato

2229 3995 2353 4066 jure
2392 3994 2621 4065 quievit.
2663 3993 2933 4063 Regnavit
2978 3995 3142 4065 igitur
3170 3994 3328 4049 anuis
3368 3993 3441 4047 22
3475 4002 3531 4048 et
3572 4003 3819 4048 mortuus

2236 4098 2340 4145 est.
2365 4088 2485 4156 Quo
2519 4087 2794 4154 defuncto,
2828 4089 3132 4144 Merovicus
3179 4089 3246 4142 ad
3296 4086 3599 4157 regendum
3653 4088 3820 4157 popu-

2239 4182 2345 4235 lum
2370 4181 2609 4252 eligitur,
2641 4190 2697 4236 et
2737 4182 2788 4235 in
2824 4181 3015 4236 eadem
3059 4179 3453 4235 Ainbiauorum
3484 4179 3709 4233 civitate
3742 4193 3827 4232 τεο.

2237 4274 2342 4345 gali
2371 4274 2509 4329 solio
2546 4274 2888 4329 sublimatur.
2920 4272 3229 4328 Merovicus
3262 4273 3445 4343 itaque
3469 4270 3595 4335 iste,
3641 4285 3673 4323 a
3716 4284 3818 4340 quo

2239 4373 2293 4418 et
2318 4363 2515 4419 Franci
2556 4364 2706 4432 prius
2730 4361 3027 4418 Merovinci
3067 4362 3242 4418 vocati
3274 4371 3418 4426 sunt,
3456 4371 3683 4432 pmpter
3718 4359 3837 4414 uti-7

2240 4457 2446 4511 litatem
2493 4454 2746 4511 videlicet
2794 4464 2849 4510 et
2893 4455 3239 4525 prudentiam
3282 4454 3457 4518 illius,
3509 4455 3564 4508 in
3618 4462 3821 4508 tantam

559 4543 994 4634 culis—oppidani
1035 4562 1238 4631 quique
1279 4566 1651 4612 transeuntem
1683 4550 1939 4623 populum
1975 4548 2139 4616 jactis
2168 4545 2647 4624 Dveneratiouem
2697 4545 2839 4615 apud
2883 4545 3128 4602 Francos
3167 4554 3254 4601 est
3287 4545 3525 4604 habitus.
3574 4555 3639 4600 ut
3669 4543 3819 4613 quasi

560 4654 787 4726 spiculis
820 4660 981 4720 atque
1009 4649 1223 4719 sagittis
1263 4644 1649 4706 exturbabant,
1683 4657 1748 4696 ac
1782 4640 1827 4694 si
1863 4636 2136 4692 debellau-

557 4748 687 4804 dam
706 4745 939 4816 patriam
963 4757 1056 4795 eos
1079 4741 1399 4803 adventasse
1425 4735 1826 4807 cognovissent.
1852 4731 1958 4786 Sed
1982 4744 2135 4799 gens,

560 4852 681 4907 quae
705 4850 813 4889 non
842 4834 909 4888 ad
937 4846 1193 4901 pugnam,
1223 4829 1316 4883 sed
1347 4827 1413 4881 ad
1442 4824 1859 4880 commeandum
1892 4828 2157 4882 venerat..

565 4937 715 4983 recto
768 4922 1115 4995 gradiebatur
1164 4920 1391 4985 itinere,
1429 4915 1535 4970 nisi
1587 4916 1728 4969 forte
1776 4911 2009 4981 aliquem
2047 4924 2137 4964 ca-

562 5022 744 5094 piendi
783 5019 972 5075 cibarii
1018 5014 1314 5075 necessitas
1359 5011 1557 5067 alicubi
1594 5022 1819 5079 pergere
1847 5006 2135 5074 coegisset.

560 5112 881 5150 nmmum:
911 5124 1041 5150 \mrn
1089 5107 1365 5150 ριριορίιιις
1412 5106 1583 5150 citato
1624 5099 1761 5150 calle
1807 5097 2136 5150 gradientes.

2240 4638 2548 4694 communis
2579 4645 2732 4706 pater
2774 4638 3125 4694 ab.omnibus
3161 4637 3454 4695 coleretur.
3495 4636 3599 4691 Rie
3637 4636 3822 4708 genuit

2239 4729 2605 4792 Childericum
2622 4770 2638 4798 ,
2669 4737 2875 4800 patrem
2896 4727 3151 4786 Clodovei
3182 4729 3325 4798 regis
3350 4727 3818 4784 excellentissimi.

2240 4821 2411 4876 Erant
2447 4830 2629 4876 autem
2662 4819 2858 4875 Franci
2887 4814 3029 4875 tune'
3043 4818 3300 4886 fanatici,
3328 4819 3628 4875 adorantes
3658 4817 3837 4885 idola,

2242 4922 2296 4967 ct
2324 4927 2432 4967 non
2465 4911 2831 4981 agnoscebant
2856 4924 3040 4981 regem
3077 4911 3222 4974 creti,
3249 4909 3343 4981 qui
3379 4910 3588 4964 creavit
3617 4908 3819 4963 omnia.

2244 5002 2487 5057 Mortuus
2531 5001 2696 5071 igitur
2726 4998 3048 5063 Merovicus,
3093 5011 3150 5054 et
3191 5000 3439 5071 regnavit.
3485 4998 3825 5055 Childericus

2245 5090 2387 5146 filius
2424 5092 2543 5150 eius
2572 5105 2670 5150 pro
2702 5105 2787 5145 eo.
2816 5090 3156 5145 Childericus
3189 5091 3371 5150 itaque
3401 5098 3494 5144 rex
3521 5105 3650 5144 cum
3681 5096 3825 5143 esset
