4044 5428
575 219 682 276 595

1564 219 1933 278 ROlllCONlS
1949 220 2253 278 llONACIll
2293 218 2810 276 MOISSIACENSIS

3735 205 3835 265 596

577 347 886 389 memorans
916 373 930 396 ,
979 340 1033 387 et
1074 331 1140 386 ad
1187 333 1613 388 contemnendos
1665 331 1919 388 inimicos
1968 348 2154 387 eorum
2187 337 2229 395 Α
2260 329 2461 402 giraret
2492 329 2798 394 universos,
2829 337 2883 384 et
2931 335 3255 398 apparatum
3283 324 3624 397 singulorum
3654 323 3839 379 sedulo

575 439 736 478 enses
775 422 1117 478 aeutissimos
1164 436 1283 476 esse
1328 438 1540 491 semper
1584 422 1885 478 insinuans.
1912 423 2002 490 ,Ει
2031 439 2151 478 cuzn

579 514 706 569 hinc
734 523 788 568 et
823 514 946 568 inde
990 522 1235 582 utrmque
1291 513 1437 568 acies
1465 513 1799 580 insisterent,
1831 522 1884 569 et
1913 513 2155 569 buccinis

575 601 1028 670 concrepmtilms
1078 603 1315 672 undique
1363 603 1565 672 spicula
1622 603 1990 672 mitterentur,
2025 604 2155 659 totis

575 693 784 748 viribus
808 708 930 748 cum
957 693 1218 749 Romanis
1245 695 1587 748 decertantes
1613 694 1830 760 Franci,
1886 709 2154 752 memores

571 784 772 854 prioris
815 784 1026 854 injuriae
1067 783 1303 855 qualiter
1337 800 1430 841 eos
1460 800 1487 838 a
1527 785 1827 841 Sicambria
1858 785 2153 859 ejecerant,

572 875 706 931 nulli
735 885 1022 947 parcentes
1057 877 1226 943 aetati,
1255 893 1448 932 omnes
1481 878 1685 948 pariter
1720 878 1952 933 desectis
1978 880 2156 933 cervi-

571 967 726 1024 cibus
746 967 940 1037 gladiis
969 969 1369 1024 obtruncabant
1396 986 1411 1034 ;
1445 978 1502 1023 et
1523 970 1669 1040 quod
1699 969 1846 1024 dictu
1882 969 2047 1026 etiam
2071 977 2155 1024 est

572 1061 925 1127 horrendum,
978 1060 1160 1131 plures
1191 1076 1378 1116 eorum
1432 1060 1717 1117 laniandos
1767 1061 1956 1118 bestiis
2005 1061 2153 1132 obje-

570 1151 814 1206 ctabant.
843 1151 1088 1222 Siagrius
1117 1151 1298 1226 itaque
1351 1168 1548 1207 caesum
1577 1168 1808 1208 cernens
1853 1154 2151 1209 exercitum

572 1256 756 1307 suum,
786 1241 934 1297 solus
956 1257 985 1296 e
1013 1241 1204 1312 prtelio.
1248 1242 1404 1316 lugit,
1435 1251 1489 1297 et
1539 1259 1660 1298 cum
1691 1258 1750 1298 se
1793 1244 1952 1298 morti
1982 1259 2150 1300 cona-

570 1340 726 1389 retur
743 1333 1082 1400 abstrahere,
1121 1335 1279 1389 morti
1303 1335 1482 1404 potius
1502 1335 1823 1392 destinatur.
1856 1335 1991 1390 Nam
2024 1336 2150 1390 dum

570 1425 829 1482 Tolosam
860 1425 1070 1497 fugeret
1107 1426 1173 1480 ad
1201 1425 1480 1488 Alaricum
1509 1426 1810 1481 Gothorum
1858 1441 2064 1501 regem,
2095 1434 2153 1481 et

570 1519 874 1577 Clodoveus
904 1521 1077 1577 victor
1108 1521 1365 1577 detractis
1405 1522 1592 1593 spoliis
1630 1523 1934 1590 laetaretur,
1982 1523 2150 1578 inter-

572 1612 918 1668 currentibus
965 1613 1168 1668 nuntiis
1223 1613 1486 1683 perlatum
1535 1623 1619 1670 est
1671 1613 1943 1670 Clodoveo
2003 1614 2147 1684 quod

2256 419 2608 492 perlustraret
2633 418 2857 487 intuitu,
2884 421 2951 475 ad
2975 418 3222 474 ultimum
3246 433 3369 473 eum
3412 418 3504 488 qui
3556 432 3838 489 percusse-

2257 524 2340 569 rat
2367 529 2590 570 urceum
2621 513 2794 569 oculis
2818 512 3185 583 conspicatur.
3235 507 3302 567 Et
3357 509 3648 582 prtefatam
3700 508 3837 577 inju-

2256 603 2394 658 riam
2425 614 2606 660 mente
2638 605 2940 670 revolvens,
2973 603 3210 675 agrestia
3240 599 3359 672 ejus
3405 616 3561 656 arma
3588 600 3837 666 miratus,

2257 707 2382 747 eum
2415 692 2676 764 injuriarc
2718 693 2886 765 ccepit
2912 709 3011 748 cur
3051 691 3300 747 videlicet
3341 699 3672 746 conventum
3700 691 3838 746 viro-

2257 800 2378 839 rum
2427 785 2688 842 nobilium
2745 795 2854 842 tam
2911 785 3182 842 horrendo
3239 793 3512 855 turpasset
3551 793 3836 854 apparatu.

2255 871 2652 947 Aecipiensque
2692 891 2843 930 arma
2888 875 3124 948 singula,
3152 890 3276 931 cum
3318 873 3695 944 indignatione
3725 889 3837 927 ma-

2255 964 2401 1020 xima
2430 966 2575 1022 elisit
2623 968 2692 1023 ad
2741 976 2968 1023 terram.
3007 967 3074 1022 Et
3120 983 3244 1022 cum
3294 966 3384 1022 ille
3438 966 3508 1020 ad
3537 965 3836 1035 colligenda

2256 1072 2409 1114 arma
2456 1076 2673 1116 manum
2725 1061 2952 1116 acclinis
2992 1060 3340 1126 extenderet,
3381 1074 3478 1115 rex
3503 1059 3720 1114 elevata
3753 1057 3837 1113 bi-

2253 1165 2431 1220 penne
2458 1162 2620 1221 eaput
2667 1153 2784 1222 ejus
2822 1151 3010 1206 lethali
3041 1150 3262 1206 vulnere
3301 1150 3599 1220 percussit,
3633 1158 3693 1205 et
3721 1150 3838 1203 ait:

2266 1258 2284 1294 ι
2316 1241 2392 1296 lta
2420 1251 2474 1298 et
2515 1250 2570 1297 tu
2601 1258 2743 1299 anno
2789 1243 3068 1316 prmterito
3118 1242 3440 1298 Suessiones
3468 1256 3697 1297 urceum
3725 1255 3842 1312 perc

2213 1399 2228 1412 ι,
2252 1334 2489 1390 cussisti.
2514 1352 2533 1386 ι
2560 1334 2678 1402 Quo
2700 1345 2936 1402 mortuo,
2964 1335 3228 1391 adversus
3259 1334 3567 1406 Thoringos
3588 1335 3838 1390 eumdem

2253 1428 2405 1483 duxit
2435 1429 2760 1496 exercitum,
2805 1438 2864 1484 et
2909 1444 3004 1485 eos
3049 1429 3215 1484 nimia
3275 1428 3422 1483 etcde
3463 1435 3838 1499 prosternens,

2251 1529 2373 1592 post
2401 1519 2716 1581 innumeras
2740 1519 2936 1586 (aedes,
2963 1530 3078 1592 post
3107 1518 3286 1591 populi
3318 1519 3484 1575 totius
3517 1518 3838 1574 diminutiva-

2251 1627 2409 1678 nem,
2445 1623 2569 1684 post
2607 1614 2797 1683 patriae
2826 1613 3272 1684 devastationem,
3321 1613 3569 1668 residuos
3597 1611 3839 1674 tandem,

571 1703 711 1774 apud
737 1703 1012 1760 Alaricum
1064 1703 1308 1776 Siagrius
1338 1705 1721 1762 occultaretur.
1763 1704 1998 1761 Pet-vaso
2049 1706 2147 1777 igi-
2175 1705 2340 1776 Bqui
2388 1705 2555 1760 vitam
2601 1705 2727 1777 fuga
2792 1714 3168 1776 protexerant,
3225 1704 3402 1760 redire
3453 1704 3758 1775 pracepit,
3786 1712 3841 1758 et

570 1805 661 1848 tur
689 1795 835 1849 omni
878 1809 1041 1866 regno
1082 1795 1633 1866 Siagrii,Clodoveus
1674 1797 1882 1868 legatos
1909 1811 2037 1853 suos
2077 1797 2145 1850 ad

570 1885 846 1941 Alaricum
880 1887 1081 1958 dirigit,
1115 1888 1377 1942 mandans
1423 1898 1480 1942 ut
1517 1887 1566 1942 ei
1619 1887 1866 1958 Siagrius
1897 1887 2148 1943 reddere-

572 1985 663 2030 tur
688 2016 702 2042 ,
726 1976 806 2031 sin
833 1976 1010 2043 aliter,
1039 1986 1328 2048 pararetur
1373 1979 1437 2032 ad
1469 1978 1689 2034 bellum.
1723 1978 1972 2034 Metuens
2020 1977 2148 2033 Ala-

574 2065 723 2122 ricus
751 2066 1082 2124 Francorum
1115 2069 1325 2144 gladios
1352 2071 1610 2140 experiri,
1667 2085 1762 2141 per
1802 2071 2019 2126 eosdem
2075 2069 2145 2126 le-

570 2165 730 2226 gatos
756 2158 875 2229 regi
909 2158 1174 2215 Clodoveo
1218 2161 1488 2232 Siagrium
1537 2160 1725 2226 mittit,
1757 2162 2020 2216 mandans
2050 2161 2150 2215 hu-

573 2248 776 2304 militer
823 2249 1060 2320 utjuxta
1113 2261 1294 2306 votum
1340 2252 1505 2306 animi
1536 2252 1678 2322 quod
1727 2263 2003 2308 meruerat
2031 2253 2150 2309 red-

576 2339 731 2394 deret
787 2340 1006 2398 inimico
1059 2357 1176 2398 suo.
1221 2343 1323 2410 Qui
1373 2358 1494 2399 cum
1547 2345 1661 2416 regi
1709 2353 2146 2416 prmsentaretur,

581 2432 748 2513 misso
797 2432 1118 2504 spiculatore
1176 2445 1337 2519 caput
1380 2435 1496 2507 ejus
1557 2439 1828 2508 amputari
1875 2438 2149 2508 praecepit.

580 2521 916 2593 Debincjam
936 2524 1400 2596 sedatotutnultu,
1434 2536 1489 2584 et
1533 2527 1732 2601 [agatis
1758 2530 2004 2593 hostibus
2025 2543 2152 2600 par-

572 2614 781 2690 timque
810 2615 1166 2684 detruncatis,
1217 2605 1444 2689 regnum
1501 2619 1720 2692 Siagrii,
1776 2631 1836 2683 et
1865 2623 2151 2678 thesauros

571 2703 690 2773 ejus
715 2705 1002 2764 universos
1027 2722 1352 2782 omnemque
1378 2711 1583 2784 regiam
1611 2713 2000 2785 supellectilem
2042 2712 2150 2770 sibi

574 2795 996 2861 soliClodoveus
1049 2800 1292 2857 retinuit.
1337 2801 1579 2859 Praedam
1627 2819 1756 2873 vero
1783 2815 1840 2861 et
1867 2805 2033 2876 spolia
2056 2819 2152 2860 oe-

577 2889 815 2946 eisorum
864 2891 1123 2949 militibus
1150 2895 1416 2953 universis
1455 2911 1606 2968 aeque
1650 2898 1934 2956 dividenda
1993 2895 2171 2954 man-'

574 2981 743 3038 davit.
771 2980 888 3038 Non
916 2984 1088 3038 solum
1111 2987 1257 3041 enim
1285 2988 1443 3044 villas
1468 3005 1562 3044 seu
1599 2991 1818 3045 castella
1848 2991 2027 3062 aliqua
2057 3006 2150 3046 va-

573 3080 870 3140 staverant,
901 3089 1090 3131 verum
1129 3077 1292 3134 etiam
1323 3079 1581 3136 ecclesias
1610 3080 1791 3151 plures
1838 3097 1961 3136 cum
1997 3091 2143 3136 tanta
2171 3070 2218 3134 Ο

576 3160 837 3222 aviditate
881 3163 1188 3236 depopulati
1244 3179 1390 3236 sunt,
1442 3178 1500 3224 ιιι
1550 3185 1671 3224 cum
1721 3184 1881 3228 aurea
1921 3186 2149 3242 qumque

574 3249 675 3314 vel
701 3261 955 3323 argentea
985 3257 1233 3312 utensilia
1274 3259 1376 3313 sibi
1418 3260 1646 3331 quisque
1699 3261 2038 3326 reconderet,
2084 3278 2147 3318 ea

574 3340 740 3396 etiam
769 3358 890 3412 qua:
917 3344 1081 3400 nullis
1122 3345 1448 3403 utilitatibus
1473 3359 1630 3403 erant
1676 3365 1912 3421 congrua
1943 3351 2027 3405 vel
2051 3367 2149 3405 un-

577 3431 771 3500 guibus
794 3433 1149 3502 dissecarent,
1202 3437 1284 3492 vel
1316 3437 1546 3495 ﬂammis
1593 3440 1790 3511 injecta
1831 3457 2150 3498 concrema-

574 3515 718 3576 rent.
751 3523 898 3580 Inter
924 3537 1117 3582 caetera
1141 3545 1268 3585 vero
1291 3530 1643 3586 ecclesiarum
1691 3544 2040 3600 ornamenta,
2065 3550 2151 3589 ur-

573 3632 730 3672 ceum
780 3619 930 3675 mira:
977 3623 1363 3694 magnitudinis
1404 3626 1637 3697 mirique
1679 3626 1916 3694 decoris,
1961 3628 2026 3682 de
2053 3643 2147 3684 ec-

573 3708 740 3765 ciesia
788 3714 1019 3781 quadam
1053 3715 1410 3771 abstulerant.
1463 3717 1574 3782 llos
1606 3719 1851 3775 ecclesiae
1903 3719 2147 3790 ejusdem

575 3802 864 3880 episcopus
887 3818 984 3872 per
1027 3805 1230 3875 legatos
1255 3809 1626 3878 subsequitur,
1649 3811 1838 3870 humili
1873 3826 2034 3880 prece
2056 3813 2150 3866 dc-

570 3906 802 3960 pescens
829 3902 888 3947 ut
913 3883 963 3948 ei
1006 3894 1308 3952 Clodoveus
1334 3914 1431 3954 rex
1457 3916 1676 3967 urceum
1708 3903 1932 3956 reddere
1955 3905 2144 3971 digna-

569 3989 726 4036 retur
755 3982 1015 4037 ablatum.
1050 3983 1255 4051 Quibus
1285 3987 1357 4042 ita
1388 3991 1666 4058 respondit
1698 4008 1710 4044 :
1743 4009 1766 4043 ι
1791 3991 1944 4046 Licet
1967 3993 2147 4046 omnia

569 4071 845 4128 reddenda
868 4073 1046 4129 forent
1072 4092 1191 4146 qua:
1231 4078 1296 4132 de
1326 4079 1758 4136 Christianorum
1787 4082 2032 4138 ecclesiis
2053 4083 2150 4138 ab-

571 4162 838 4229 stulimus,
877 4175 1053 4223 tamen
1077 4169 1122 4223 si
1151 4169 1298 4226 aliud
1328 4173 1541 4229 videtur
1570 4191 1676 4230 non
1705 4176 1904 4230 mereri
1933 4176 2146 4245 episeo-

571 4269 691 4323 pus,
724 4271 947 4314 urceum
973 4269 1175 4326 tamen,
1211 4264 1253 4317 si
1301 4274 1497 4320 nostrae
1524 4269 1662 4336 parti
1710 4267 2013 4335 obvenerit,
2040 4285 2146 4324 non

571 4347 844 4417 negabo.»
875 4349 968 4406 His
997 4352 1177 4418 dictis,
1208 4356 1452 4410 concitus
1479 4356 1611 4411 abiit
1636 4372 1741 4426 quo
1763 4358 1928 4414 totius
1954 4359 2146 4428 praeda:

527 4517 531 4522 ν
573 4452 783 4492 summa
834 4440 1118 4497 dividenda
1164 4455 1304 4510 erat,
1357 4457 1411 4501 et
1441 4447 1518 4502 sic
1569 4449 1838 4506 universis
1885 4451 2148 4507 militibus

571 4529 692 4582 inﬁt
718 4546 735 4584 :
763 4548 782 4582 ι
816 4530 982 4603 Rogo,
1016 4535 1325 4592 eharissimi
1349 4539 1573 4605 milites,
1597 4550 1652 4594 ul
1676 4540 1768 4596 Dei
1788 4544 1990 4598 amoris
2018 4560 2148 4614 gra-

573 4620 648 4675 tia
675 4637 897 4678 urceum
922 4625 1070 4680 illum
1095 4643 1226 4684 mea:
1250 4630 1383 4685 sorti
1413 4631 1701 4702 deputetis,
1721 4644 1984 4703 quatenus
2004 4635 2150 4691 hunc

572 4714 778 4782 petenti
815 4716 1066 4788 episcopo
1116 4720 1342 4777 reddere
1387 4722 1619 4788 valeam,
1669 4740 1739 4780 ne
1767 4740 1835 4780 ex
1878 4735 1988 4781 toto
2018 4715 2150 4796 pau—

571 4805 794 4872 percula
826 4807 944 4879 ejus
989 4809 1218 4867 ecclesia
1263 4823 1446 4869 nostra
1502 4816 1758 4871 violentia
1804 4801 2096 4872 desolctur.
2125 4837 2144 4869 ι

573 4893 783 4954 Placuit
829 4902 1099 4959 universis
1139 4905 1327 4974 petitio
1374 4907 1539 4975 regis,
1579 4918 1633 4963 et
1679 4911 1914 4979 gratanti
1962 4909 2146 4965 animo

573 5000 797 5042 urceum
839 4992 1068 5048 reddere
1113 4994 1501 5063 decernebant,
1525 5013 1647 5052 cum
1677 5013 1818 5053 unus
1858 5013 1890 5053 e
1919 4998 2148 5056 Francis

572 5077 628 5129 in
660 5079 741 5132 sui
764 5082 1057 5150 perniciem
1101 5085 1309 5142 elevata
1331 5090 1563 5158 bipenne
1590 5104 1812 5145 urceum
1855 5093 2146 5162 percussit,

576 5173 632 5218 ει
651 5166 726 5221 ait
757 5187 780 5231 τέ
801 5188 824 5222 «μ
848 5170 1002 5239 Quod
1031 5175 1079 5230 ei
1111 5191 1231 5232 sors
1278 5179 1506 5247 dederit,
1538 5181 1711 5237 cuivis
1741 5181 2084 5252 impertiatur
2116 5197 2147 5236 a

578 5273 726 5345 rege,
755 5273 967 5322 nostras
995 5269 1152 5326 nobis
1196 5281 1379 5342 partes
1421 5274 1534 5345 ipse
1563 5274 1854 5344 relinquat.
1876 5294 1896 5327 ι
1949 5273 2150 5330 Obstu-

577 5344 807 5411 pcfactis
845 5356 1096 5413 omnibus
1147 5375 1212 5414 ac
1265 5364 1343 5418 rei
1395 5344 1554 5418 istius
1603 5364 1843 5417 novitate
1899 5363 2145 5422 turbatis.

2176 4423 2224 4484 D

2250 1810 2344 1851 eos
2374 1793 2709 1850 Francorum
2745 1795 3058 1850 tributarios
3089 1795 3236 1851 fecit.

2322 1883 2378 1939 ιιι
2408 1883 2598 1940 diebus
2639 1885 2746 1940 illis
2786 1884 3176 1943 Gundobaldus
3218 1896 3274 1942 et
3316 1884 3668 1957 Godegisilus
3701 1885 3840 1943 Bur-

2253 1976 2587 2045 gundionum
2640 1991 2818 2049 reges,
2865 1977 2960 2032 lilii
3015 1978 3268 2035 videlicet
3304 1979 3608 2043 Gundevei,
3641 1979 3733 2048 qtu'
3773 1994 3839 2034 ex

2253 2083 2451 2139 genere
2474 2070 2790 2125 A'hanarici
2825 2071 2966 2142 regis
3010 2071 3388 2138 descenderat,
3435 2073 3606 2127 nimia
3631 2073 3840 2143 cupidi-

2257 2167 2364 2212 tate
2392 2157 2580 2224 illecti,
2604 2158 2827 2213 fratrem
2859 2174 3014 2214 suum
3049 2161 3266 2216 nomine
3313 2161 3688 2231 Chilpericum
3721 2161 3842 2232 gla-

2251 2246 2340 2301 dio
2365 2260 2731 2318 peremerunt,
2763 2257 2818 2304 et
2848 2263 3073 2304 uxorem
3121 2249 3285 2316 illius,
3334 2248 3501 2321 ligato
3527 2252 3598 2305 ad
3637 2251 3839 2307 collum

2251 2353 2408 2405 saxo,
2439 2338 2695 2394 ﬂuctibus
2721 2340 3157 2396 submerserunt.
3190 2340 3528 2412 Chilpericus
3571 2341 3676 2397 iste
3703 2343 3840 2397 duas

2253 2427 2394 2483 ﬁlias
2423 2429 2629 2484 habuit.
2657 2428 2860 2486 Nomen
2908 2433 2998 2487 uni
3025 2432 3304 2499 Chronna,
3335 2433 3638 2490 Crochildis
3668 2435 3839 2489 altera

2251 2521 2545 2584 vocabatur
2575 2539 2590 2588 ;
2619 2523 2926 2580 Chronnam
2954 2541 3103 2592 vero,
3135 2534 3342 2581 mutata
3392 2537 3564 2592 veste,
3616 2527 3840 2583 Gunde-

2251 2613 2440 2677 baldns
2467 2615 2658 2670 exsilio
2693 2617 3095 2682 condemnavit,
3148 2616 3524 2673 Cltrochildetn
3569 2617 3715 2674 domi
3752 2633 3840 2673 re-

2254 2705 2433 2762 tinuit.
2463 2706 2802 2778 Prmceperat
2832 2719 2958 2764 tunc
3005 2707 3306 2765 Clodoveus
3331 2725 3426 2766 rex
3448 2710 3712 2782 legatario
3741 2724 3842 2763 suo

2251 2797 2543 2856 Aureliano
2570 2808 2631 2856 ut
2687 2801 2792 2859 sibi
2841 2801 3020 2873 puella
3051 2802 3250 2865 nobilis
3297 2814 3638 2874 quaereretur
3682 2802 3842 2858 bonis

2253 2893 2496 2950 moribus
2518 2894 2782 2952 adornata
2804 2905 2860 2952 et
2890 2896 3077 2954 habitu
3108 2898 3354 2969 corporis
3372 2898 3652 2962 decorata,
3674 2911 3836 2967 quam

2253 2987 2360 3044 sibi
2385 2989 2636 3060 conjugio
2656 2989 2956 3060 copularet.
2999 2989 3340 3059 Frequenter
3368 2990 3423 3050 in
3461 2987 3834 3059 Burgundiam

2249 3080 2572 3134 Aurelianus
2601 3080 2756 3145 ierat,
2805 3082 3157 3151 quamobrem
3205 3088 3261 3134 et
3311 3079 3661 3135 Chrochildis
3704 3094 3834 3148 pru-

2249 3168 2488 3224 dentiam
2515 3177 2570 3223 et
2601 3167 2930 3240 elegantiam
2959 3169 3097 3225 bene
3121 3177 3470 3240 cognoverat.
3521 3165 3621 3222 Hic
3650 3181 3834 3219 acces-

2249 3257 2318 3312 sit
2349 3257 2417 3314 ad
2449 3272 2663 3328 regem,
2683 3266 2740 3312 et
2778 3257 2970 3328 puella:
3011 3259 3355 3329 prudentiam
3401 3256 3588 3319 nimiis
3628 3271 3834 3326 przece-

2251 3348 2359 3412 nils
2387 3348 2637 3404 attollere
2661 3349 2849 3419 erepit.
2880 3348 3100 3407 Exarsit
3151 3349 3205 3404 in
3248 3348 3692 3419 conCUpisrc-ntia
3719 3348 3834 3415 ejus

2250 3435 2394 3506 regis
2444 3437 2782 3502 animositas,
2836 3445 2892 3492 et
2920 3453 3020 3508 per
3069 3437 3384 3509 legatarium
3417 3437 3650 3509 virginis
3675 3451 3833 3490 aures

2251 3525 2514 3595 appellat,
2545 3527 2589 3580 si
2636 3526 2776 3581 forte
2807 3526 3140 3581 Francorum
3173 3526 3282 3597 regi
3328 3525 3507 3596 puella
3540 3525 3738 3580 nobilis
3779 3532 3831 3579 et

2248 3619 2489 3686 orpltana
2520 3628 2740 3690 cuperet
2759 3619 2976 3675 sociari.
3011 3619 3170 3689 Regis
3221 3619 3472 3673 mandata
3504 3617 3825 3671 laturusar-

2249 3711 2380 3781 ripit
2407 3712 2510 3769 iter
2535 3712 2886 3780 Aurelianus,
2938 3711 3304 3782 Burgundiam
3357 3710 3614 3774 tendens,
3639 3719 3695 3763 et
3728 3722 3829 3777 quo

2249 3812 2475 3861 noverat
2498 3817 2617 3859 esse
2658 3803 2888 3874 puellam
2915 3803 3155 3874 pedestri
3200 3802 3396 3857 itinere
3426 3810 3702 3871 properat,
3737 3814 3829 3870 pe-

2251 3913 2367 3952 ram
2392 3897 2579 3954 ferens
2601 3910 2656 3954 et
2686 3899 2960 3964 baculum,
2988 3898 3266 3955 resarcitis
3294 3898 3495 3954 tunicis
3520 3899 3826 3968 adopertus,

2253 3989 2307 4042 in
2340 3991 2594 4059 sportella
2622 3992 2891 4048 absconsa
2923 3991 3132 4049 ferebat
3160 4006 3380 4050 munera
3408 3989 3687 4045 Clodovei.
3718 3989 3828 4056 Quo

2249 4095 2373 4136 cum
2399 4082 2756 4151 pervenisset,
2779 4083 3102 4138 adveniente
3130 4083 3216 4136 die
3265 4081 3551 4138 Dominico
3582 4083 3723 4136 inter
3747 4095 3828 4134 re-

2251 4172 2430 4241 liquos
2478 4189 2748 4245 pauperes
2798 4176 2864 4230 ad
2908 4176 3223 4246 capiendam
3267 4175 3668 4246 cleemosynam
3713 4188 3829 4227 sese

2248 4261 2896 4321 Aurelianusimmiscuit
2921 4273 2981 4319 ul.
3026 4264 3340 4321 Chroehildi
3386 4265 3456 4319 de
3488 4265 3718 4319 ecclesia
3744 4279 3826 4316 re-

2249 4355 2434 4410 deunti
2488 4374 2690 4428 paucos
2735 4359 2998 4414 indicaret
3025 4356 3484 4414 sermones..Erat
3506 4357 3653 4412 enim
3679 4354 3827 4410 Chri-

2251 4445 2448 4499 stiana.
2479 4447 2609 4520 Quae
2631 4464 2755 4503 cum
2787 4449 2852 4504 de
2875 4448 3108 4507 ecclesia
3134 4449 3353 4502 domum
3381 4454 3753 4505 reverteretur
3771 4452 3828 4498 et

2253 4533 2408 4591 solita
2436 4537 2803 4593 muniﬁcentia
2827 4539 3053 4610 singulis
3076 4537 3404 4609 pauperibus
3427 4536 3825 4606 eleemosynam

2252 4625 2576 4696 impertiret,
2627 4630 2874 4702 pervenit
2919 4630 2987 4684 ad
3035 4629 3390 4684 Aurelianum
3430 4637 3488 4683 et
3533 4625 3729 4682 obtulit
3770 4623 3823 4677 ei

2252 4730 2476 4772 aureum
2522 4736 2708 4784 unum,
2763 4723 2926 4776 totius
2977 4721 3162 4792 ignara
3212 4720 3437 4792 negotii.
3489 4719 3659 4786 Quem
3703 4731 3824 4770 cum

2252 4809 2343 4865 ille
2369 4813 2692 4882 recepisset,
2716 4823 2875 4869 caute
2921 4807 3197 4870 Subtraxit
3237 4813 3462 4883 pallium
3493 4811 3702 4883 puellm,
3740 4811 3827 4862 in-

2252 4914 2426 4957 nitens
2479 4918 2600 4960 sese
2637 4905 2783 4976 loqui
2828 4905 2966 4963 velle
3018 4920 3143 4960 cum
3197 4903 3308 4958 illa.
3357 4903 3588 4958 Ventum
3624 4911 3705 4958 cst
3750 4902 3827 4954 ad

2252 4991 2531 5060 palatium,
2546 5005 2600 5051 et
2611 5037 2625 5063 ,
2638 4999 2999 5068 subsequente
3011 4995 3332 5061 Aureliano,
3350 4995 3654 5066 ingreditur
3671 4995 3829 5063 virgo

2253 5081 2574 5151 triclinium,
2608 5096 2663 5142 et
2697 5088 2846 5146 misit
2892 5086 3143 5141 ancillam
3195 5101 3317 5156 qua:
3363 5094 3626 5141 convocet
3669 5099 3833 5154 pere-

2253 5169 2491 5241 grinum.
2524 5175 2723 5232 Detulit
2769 5176 3097 5232 Aurelianus
3141 5175 3367 5231 donaria
3414 5174 3576 5245 regis,
3631 5185 3684 5230 et
3721 5190 3834 5228 an-

2254 5265 2444 5322 nulum
2474 5265 2730 5322 Clodovei
2758 5282 2918 5321 manu
2942 5275 3158 5336 gestans
3183 5267 3429 5336 porrexit
3459 5279 3585 5319 eum
3612 5262 3836 5334 puellae,

2252 5367 2308 5412 et
2330 5358 2444 5412 ait:
2490 5377 2508 5408 ι
2545 5341 2842 5416 Loquatur.
2873 5357 3122 5418 obsecro,
3164 5356 3239 5410 mi
3279 5357 3522 5420 domina,
3567 5355 3835 5416 quiddam
