4044 5428
256 410 357 483 597

1429 417 1649 476 CESTA
1703 414 2150 473 FRANCORUM.

3409 417 3511 477 598

258 532 330 589 lia
367 543 716 597 ornamenta,
746 532 939 586 obtulit
976 532 1187 603 puellm,
1217 534 1404 587 dicens
1435 552 1446 585 :
1483 554 1499 584 ι
1534 530 1659 587 Haec
1687 548 1841 586 man-
1868 525 1920 584 Α
1946 526 2036 595 qni
2068 525 2270 583 effusus
2293 538 2378 605 est
2424 529 2476 585 in
2504 530 2753 585 manilius
2782 527 2911 599 ejus.
2957 547 2974 579 ι
2999 527 3065 582 Et
3092 525 3242 596 plura
3278 525 3510 595 loculus,

258 627 351 683 dat
376 626 621 681 dominus
642 641 800 679 meus
832 641 924 679 rex
946 623 1263 689 Clodoveus,
1295 634 1351 679 ut
1378 625 1423 680 si
1461 625 1509 680 ei
1540 626 1832 695 prmbueris

260 728 365 771 tua:
419 714 714 769 voluntatis
766 732 1067 782 assensum,
1106 716 1309 787 absque
1356 714 1609 771 dilatione
1643 725 1694 771 te
1744 732 1834 771 re-

257 808 419 879 cipiet
448 808 499 861 in
550 822 800 862 uxorem.
824 828 842 860 ι
876 807 1105 862 Tantam
1139 809 1456 863 industriam
1484 808 1582 863 viri
1612 809 1837 864 miratur

258 898 530 968 puella,et
558 914 684 952 cum
729 898 891 951 nimia
946 900 1143 953 mentis
1181 898 1465 954 alacritate
1503 898 1723 955 donaria
1758 915 1838 953 re-

257 988 339 1058 gis
362 987 729 1056 amplexatur,
775 998 829 1041 et
860 998 1053 1041 cretcra
1078 988 1179 1041 sibi
1212 988 1529 1053 recondens,
1580 988 1836 1042 annulum

256 1078 430 1134 s;lum
465 1080 517 1133 in
566 1080 852 1134 thesauros
897 1080 1149 1134 avunculi
1190 1081 1271 1134 sui
1307 1082 1567 1152 reposuit,
1608 1090 1663 1136 et
1712 1081 1837 1135 talia

255 1170 441 1224 retulit
477 1171 729 1239 portitori
773 1190 785 1225 :
847 1190 865 1221 ι
927 1170 1166 1226 Salutem
1218 1172 1383 1227 dicito
1430 1173 1698 1229 Clodoveo
1731 1214 1744 1239 ,
1785 1183 1839 1227 ct

254 1263 502 1331 quamvis
537 1278 642 1315 non
676 1263 748 1317 sit
799 1264 1003 1317 licitum
1061 1273 1117 1317 ιιι
1147 1263 1314 1318 nubat
1341 1264 1643 1319 Christiana
1672 1282 1839 1337 paga-

256 1368 349 1417 no,
382 1364 561 1407 tamen
593 1354 636 1408 si
672 1353 885 1407 Domini
915 1354 1008 1408 Dei
1071 1355 1321 1411 voluntas
1351 1356 1587 1412 adfuerit
1615 1359 1701 1413 cui
1728 1372 1842 1412 ser-

253 1445 363 1509 vio,
409 1460 571 1513 quem
604 1443 889 1511 conﬁteor,
945 1460 1104 1515 quem
1162 1446 1350 1509 adoro,
1390 1448 1597 1516 gratias
1647 1447 1842 1501 divinae

257 1534 488 1587 referam
519 1533 815 1602 majestati,
866 1545 917 1589 ct
949 1544 1135 1591 nutum
1168 1538 1466 1607 subsequar
1504 1539 1839 1610 imperantis.

253 1623 321 1678 Et
350 1633 403 1678 tu
437 1624 609 1678 nostri
662 1626 861 1680 secreti
920 1625 1059 1681 ﬁdus
1108 1626 1323 1696 adjutor
1380 1628 1515 1682 vade
1551 1629 1601 1681 in
1631 1644 1786 1699 pace.
1818 1648 1836 1683 ι

256 1714 471 1770 Perlata
502 1725 630 1770 sunt
657 1717 725 1770 ad
756 1716 1085 1772 Clodoveum
1128 1717 1288 1771 verba
1318 1718 1528 1787 puellte,
1552 1730 1607 1772 et
1630 1735 1840 1774 rursum

255 1808 560 1864 Clodoveus
590 1809 945 1866 Aurelianum
994 1809 1313 1880 legatarium
1339 1810 1403 1863 ad
1431 1809 1842 1865 Gundebaldum

1916 620 2165 674 .tandem
2216 622 2445 676 consilio
2488 623 2813 692 prudentum
2866 606 3117 675 virortun‘
3148 618 3393 689 mitigata
3430 631 3517 676 est

1941 711 2243 775 insania,etr
2261 711 2338 767 sic
2352 711 2732 769 Chrochildem
2754 713 3049 768 Aureliano
3074 712 3312 767 tradidit.
3338 710 3513 779 Quam

1941 816 2065 856 cum
2100 802 2304 872 ingenti
2338 803 2533 873 gaudio
2560 803 2883 859 Aurelianus
2913 803 3238 873 suscipiens,
3259 803 3512 857 Suessio-

1940 892 2027 947 nis
2065 892 2343 948 civitatem
2396 908 2580 949 secum
2633 910 2804 963 usque
2835 894 3010 959 duxit,
3040 902 3095 948 et
3125 895 3361 949 reddidit
3394 909 3515 947 eam

1941 984 2234 1041 Clodoveo.
2264 985 2428 1054 Cujus
2457 986 2858 1057 pulchritudine
2904 988 3205 1043 delectatus
3230 1001 3345 1052 rex,
3375 1002 3507 1042 cou-

1942 1076 2148 1131 vocatis
2171 1077 2319 1149 regni
2351 1079 2434 1133 sui
2464 1079 2802 1147 proceribus,
2827 1079 3124 1134 secundum
3157 1079 3359 1150 regiam
3388 1094 3517 1133 con-

1943 1169 2290 1224 suetudinem
2314 1186 2434 1224 eam
2452 1170 2553 1226 sibi
2581 1169 2809 1225 sociavit
2836 1170 2889 1225 in
2912 1186 3159 1226 uxorem.
3191 1172 3328 1225 Sero
3354 1171 3522 1242 igitur

1944 1260 2033 1314 die
2061 1260 2172 1327 illo,
2202 1262 2423 1332 quando
2449 1276 2599 1316 more
2626 1261 2854 1331 nuptiali
2883 1262 3043 1316 simul
3074 1263 3396 1318 accumbere
3428 1262 3522 1316 de-

1945 1351 2155 1418 bcrcnt,
2176 1352 2253 1406 sic
2283 1352 2373 1406 illa
2403 1352 2551 1422 prior
2581 1352 2812 1407 allocuta
2852 1363 2933 1408 est
2961 1352 3309 1409 Clodoveum.
3346 1372 3363 1403 ι
3392 1352 3472 1406 Au
3492 1385 3507 1394 -

1905 1449 1913 1452 '
1945 1442 2073 1505 diat,
2101 1458 2218 1507 oro,
2260 1443 2512 1499 dominus
2541 1459 2695 1499 meus
2726 1460 2819 1499 rex
2835 1444 3085 1499 ancillam
3111 1461 3285 1511 suam,
3306 1455 3359 1500 et
3395 1462 3523 1500 con;

1946 1534 2139 1589 cedere
2169 1535 2425 1605 dignetur
2453 1535 2666 1591 famulae
2695 1551 2807 1591 suae
2836 1536 3268 1605 petitiunculam,
3297 1537 3340 1592 si
3374 1538 3523 1591 inve-

1946 1626 2000 1679 ni
2036 1625 2269 1695 gratiam
2313 1626 2366 1679 in
2419 1635 2713 1697 conspectu
2768 1626 2932 1681 illius.
2962 1646 2981 1679 ι
3043 1626 3141 1681 Cui
3188 1626 3520 1682 Clodovcus:

1953 1732 1971 1765 ι
2007 1711 2156 1779 Pete,
2210 1714 2307 1779 ait,
2363 1716 2505 1784 quod
2539 1716 2637 1780 vis,
2676 1718 2933 1787 quoniam
2964 1725 3054 1771 tua
3106 1717 3297 1787 petitio
3328 1732 3524 1771 cousec

1947 1815 2144 1876 quetur
2173 1804 2445 1862 effectum.
2480 1828 2498 1860 ι
2532 1807 2613 1862 Ad
2640 1809 2759 1863 haec
2781 1809 2964 1877 regina
3004 1809 3197 1880 spiritu
3224 1808 3313 1863 Dei
3346 1808 3523 1877 replev

256 1899 465 1969 dirigit,
496 1899 829 1969 mandatque
857 1908 914 1954 ut
942 1900 989 1954 ei
1033 1900 1085 1954 in
1136 1900 1416 1973 conjugem
1444 1910 1659 1973 neptem
1687 1917 1840 1957 suam
1873 1904 1918 1965 Β
1948 1906 2023 1965 ta,
2058 1899 2142 1956 his
2172 1915 2354 1971 regem
2381 1902 2548 1972 cozpit
2572 1902 2923 1973 interpellare
2969 1904 3332 1959 sermonibus.
3354 1921 3370 1954 ι
3405 1901 3527 1956 Pri-

257 1991 483 2055 tribuat,
512 1991 559 2045 si
608 1990 848 2046 Francos
895 1992 1023 2047 velit
1060 1993 1259 2049 habere
1305 2004 1528 2065 pacatos
1559 2012 1572 2063 ;
1608 1996 1843 2067 alioquin

256 2089 350 2136 aut
384 2082 584 2135 tributa
629 2082 921 2151 persolvat,
969 2092 1061 2138 aut
1114 2084 1179 2138 ad
1227 2085 1573 2155 pugnandum
1626 2103 1746 2143 cum
1780 2102 1846 2142 eo

255 2190 408 2230 arma
438 2175 723 2246 corripiat.
763 2175 887 2231 ΙΙωο
935 2178 1160 2233 audiens
1198 2177 1602 2245 Gundobaldus,
1670 2190 1845 2234 mente

260 2277 649 2331 consternatus
681 2279 945 2325 convocat
988 2271 1195 2325 amicos
1225 2280 1278 2325 ct
1330 2270 1670 2325 consiliarios
1696 2286 1844 2337 suos,

258 2357 448 2419 dicens
480 2358 587 2414 illis
618 2375 630 2413 :
666 2378 685 2410 ι
726 2358 902 2415 Nostis
931 2376 1119 2415 onmes
1138 2361 1432 2416 consiliarii
1454 2373 1508 2419 ct
1531 2362 1688 2417 amici
1720 2364 1845 2427 mei,

260 2451 404 2519 quod
431 2450 769 2506 Francorum
794 2468 890 2507 rex
912 2451 1214 2508 Clodoveus
1236 2454 1526 2509 adversum
1562 2470 1659 2509 nos
1699 2469 1848 2523 quat-

261 2554 347 2598 rat
372 2546 719 2613 occasiones,
773 2558 961 2617 petens
1013 2562 1108 2617 per
1144 2548 1377 2619 legatum
1431 2559 1641 2620 neptem
1681 2548 1847 2603 Chro-

262 2635 679 2701 childem,cum
728 2639 955 2691 nccdutu
985 2653 1102 2691 cam
1152 2637 1290 2693 facie
1336 2624 1566 2693 noverit.
1621 2638 1742 2693 llaec
1768 2648 1850 2694 est

263 2728 632 2787 dissensionis
655 2731 826 2802 origo,
878 2731 994 2786 huic
1042 2748 1204 2787 causa
1254 2732 1558 2797 discordiae,
1612 2734 1726 2788 lucc
1759 2747 1852 2787 no-

263 2832 393 2877 stne
442 2824 770 2879 vastationis
825 2824 1031 2879 inﬁnita
1089 2825 1341 2895 perditio.
1392 2825 1474 2879 Ad
1526 2826 1628 2880 hoc
1681 2823 1851 2879 tendit

262 2930 426 2977 omne
449 2917 747 2989 negotium,
778 2928 836 2971 ut
884 2933 984 2973 nos
1030 2933 1219 2974 omnes
1264 2918 1373 2972 vita
1410 2918 1603 2989 privet,
1658 2917 1850 2971 deinde

264 3019 488 3083 gentem
542 3019 785 3065 nostram
836 3009 1030 3081 spoliet
1084 3011 1357 3065 libertate.
1415 3010 1537 3063 Ideo
1584 3008 1725 3063 enim
1757 3022 1851 3062 vos

263 3100 536 3155 accersivi
568 3114 626 3156 ut
653 3103 769 3173 pari
800 3102 1025 3157 consilio
1058 3102 1329 3156 saniorem
1361 3103 1565 3155 exitum
1612 3100 1853 3169 inquira—

261 3196 355 3259 tis,
378 3203 438 3249 et
465 3196 738 3249 communi
765 3195 976 3249 utilitati
1006 3195 1373 3265 providentes,
1401 3194 1530 3265 quid
1553 3192 1697 3248 facto
1715 3208 1849 3263 opus

265 3286 337 3339 sit
363 3296 549 3340 vestra
567 3285 887 3340 auctoritate
909 3285 1233 3340 decernatis.
1257 3305 1277 3338 ι

334 3374 437 3431 llis
464 3376 543 3431 ita
598 3377 884 3446 peroratis,
943 3376 1354 3447 Burgundiones
1406 3375 1700 3431 consiliarii
1732 3373 1849 3443 ejus

262 3477 582 3524 metuentes
628 3470 766 3522 iram
824 3468 1103 3524 incurrere
1135 3466 1411 3532 Clodovei,
1462 3469 1577 3537 pari
1623 3467 1850 3521 consilio

260 3561 634 3616 decreverunt
660 3570 717 3615 ut
741 3570 888 3615 tanto
915 3561 1025 3631 regi
1058 3569 1273 3629 tamque
1295 3560 1502 3629 potenti
1544 3558 1722 3629 puella
1755 3559 1851 3613 do-

258 3662 520 3717 naretur,
565 3669 632 3708 ne
685 3653 788 3709 bac
833 3653 1118 3708 occasione
1170 3652 1238 3706 ad
1283 3651 1540 3706 delendos
1566 3666 1660 3706 eos
1689 3659 1851 3704 tanta:

260 3745 451 3816 gentis
503 3742 762 3799 ferocitas
806 3754 1114 3798 acueretur.
1146 3741 1461 3797 Metuebant
1502 3741 1646 3796 enim
1678 3741 1848 3796 Fran-

261 3852 381 3902 cos,
415 3846 477 3891 ut
515 3846 725 3892 casterae
769 3847 958 3909 gentes
998 3852 1119 3906 quae
1155 3836 1448 3891 cernebant
1477 3850 1572 3890 eos
1615 3835 1850 3903 undique

262 3932 540 3998 dilatari;
607 3946 705 3985 nec
768 3946 886 3986 esse
935 3931 1219 4001 aliquem,
1285 3929 1375 3999 qui
1425 3944 1612 3983 eorum
1659 3927 1851 3998 gladiis

263 4024 530 4077 resistere
589 4033 789 4091 posset.
844 4022 1101 4076 Mandant
1163 4037 1293 4092 ergo
1342 4019 1636 4075 accelerari
1688 4034 1851 4087 nego-

263 4115 427 4180 tium,
490 4129 561 4168 ne
616 4114 931 4184 prolongata
990 4115 1271 4185 responsio
1318 4123 1623 4168 verteretur
1667 4114 1720 4167 in
1772 4113 1852 4168 fa-

262 4207 517 4261 stidium.
574 4206 645 4260 Et
692 4207 959 4263 advocnns
1004 4207 1353 4261 Aurelianum
1418 4206 1802 4262 Gundobaldus
1835 4248 1849 4273 ,

261 4297 350 4353 his
405 4309 536 4353 eum
589 4299 758 4368 coepit
800 4299 1147 4369 interpellare
1206 4300 1587 4354 sermonibus:
1640 4320 1656 4351 ι
1710 4299 1854 4375 Quo-

260 4391 414 4447 niam
476 4389 771 4444 occasione
816 4392 1033 4460 petendi
1088 4407 1310 4445 uxorem
1368 4391 1588 4446 domino
1641 4402 1734 4456 tuo
1765 4406 1852 4446 re-

261 4484 313 4552 gi
340 4482 545 4536 domos
575 4489 794 4536 nostras
824 4494 878 4536 et
897 4482 1125 4552 patriam
1169 4482 1456 4552 explorare
1486 4483 1701 4551 venisti,
1738 4483 1851 4537 haec

257 4572 452 4643 populi
482 4572 659 4626 nostri
686 4587 939 4640 respousa
966 4574 1133 4627 dicito
1155 4573 1441 4628 Clodoveo.
1489 4572 1730 4628 [nauiter
1762 4590 1851 4628 su-

258 4664 520 4734 spicatus
543 4673 625 4718 est
652 4663 853 4718 habere
883 4674 1094 4734 neptem
1119 4679 1293 4719 meam
1320 4663 1627 4735 conjugem,
1649 4663 1852 4720 frustra

258 4756 591 4826 concupivit
636 4754 977 4811 Chroclnldis
1037 4772 1171 4813 mea:
1226 4756 1708 4827 pulchritudinem.
1757 4756 1853 4812 llis

258 4855 634 4916 exasperatus
678 4845 1031 4915 Aurelianus,
1069 4849 1142 4902 ita
1174 4848 1482 4916 respondit:
1534 4867 1551 4900 ι
1583 4847 1851 4915 Quoniam

259 4938 536 4996 rusticani
577 4938 816 5008 alicujus
840 4954 922 4997 me
946 4951 1106 5011 putas
1146 4941 1402 4995 mandata
1427 4941 1705 5006 detulisse,
1745 4956 1852 4996 non

259 5037 368 5090 hoc
395 5033 625 5088 mandat
654 5032 800 5088 alius
830 5033 930 5088 nisi
961 5034 1285 5100 Clodoveus,
1332 5044 1453 5097 tuus
1475 5044 1529 5089 et
1572 5050 1724 5090 meus
1760 5035 1854 5091 do-

259 5128 475 5181 minus:
511 5133 662 5187 tuus,
719 5124 962 5193 inquam,
1012 5135 1157 5190 tuus,
1196 5134 1256 5179 ut
1281 5126 1464 5189 mittas
1500 5128 1550 5183 ei
1596 5143 1854 5199 sponsam

1947 2010 2095 2049 mum
2144 1994 2384 2065 postulat
2409 1995 2604 2050 ancilla
2635 2005 2748 2062 tua,
2782 1998 3003 2052 domine
3026 1997 3099 2052 mi
3128 2012 3241 2061 rex,
3263 2006 3320 2055 ιιι
3346 1997 3526 2050 Domi-

1948 2103 2075 2144 num
2093 2087 2215 2141 coeli
2246 2096 2454 2156 patrem
2486 2090 2917 2159 omnipotentem
2944 2090 3161 2153 credas,
3183 2090 3273 2159 qui
3304 2097 3353 2144 te
3380 2103 3513 2143 crca»

1947 2180 2045 2233 vit.
2072 2179 2274 2235 Deinde
2302 2190 2361 2235 ut
2394 2181 2676 2235 Dominum
2730 2180 2915 2236 Jesum
2952 2181 3250 2246 Christum,
3298 2181 3388 2251 qui
3420 2196 3522 2235 nos

1949 2270 2199 2335 redemit,
2246 2284 2275 2323 a
2305 2269 2467 2325 Patre
2494 2271 2562 2326 dc
2593 2272 2746 2327 caelis
2786 2272 3008 2327 missum
3036 2275 3101 2325 ad
3130 2273 3361 2327 salutem
3396 2288 3517 2327 cre-

1949 2361 2192 2417 dentium
2215 2361 2550 2419 conﬁtearis.
2585 2361 2771 2418 Tertio
2806 2363 3069 2434 Spiritum
3102 2374 3347 2418 sanctum
3378 2372 3431 2418 et
3464 2363 3520 2417 il-

1951 2451 2614 2509 lmninationemomnium
2635 2453 2908 2523 justorum
2935 2470 3217 2526 agnoscas,
3257 2466 3311 2511 et
3333 2470 3527 2525 agnos-

1950 2559 2080 2603 cens
2105 2559 2317 2598 omnem
2342 2544 2504 2599 simul
2552 2560 2819 2611 venerare
2851 2546 3154 2612 divinitatis
3200 2548 3369 2601 unic;e
3404 2564 3519 2601 ma-

1946 2632 2228 2705 jcstatem,
2253 2645 2306 2689 et
2332 2635 2384 2690 in
2419 2635 2594 2691 tribus
2622 2638 2871 2706 personis
2896 2637 3069 2691 Patris
3092 2649 3145 2691 et
3172 2638 3293 2692 Filii
3323 2649 3377 2692 ct
3403 2640 3527 2709 Spi—

1958 2730 2096 2784 ritus
2131 2730 2329 2795 sancti,
2376 2731 2509 2785 nihil
2548 2732 2722 2800 prius,
2780 2732 2852 2786 nil
2892 2733 3184 2801 posterius,
3225 2732 3297 2787 uil
3348 2735 3527 2788 minus

1951 2822 2279 2892 suspiceris,
2310 2825 2404 2878 sed
2444 2824 2805 2879 mteruitatcm
2834 2833 2944 2879 tota
2983 2835 3165 2880 mente
3196 2836 3249 2880 ct
3282 2841 3531 2895 coaequa-

1951 2913 2101 2967 litate
2128 2913 2532 2984 complectaris.
2578 2915 2646 2970 Et
2669 2915 2813 2970 idola
2850 2932 2968 2986 quae
3000 2932 3106 2971 non
3137 2928 3265 2977 sunt
3292 2918 3389 2983 dii,
3432 2919 3524 2972 sed

1952 3016 2099 3061 muta
2148 3006 2443 3063 simulacra
2488 3009 2815 3075 succendas,
2850 3010 3229 3081 ecclesiasque
3270 3011 3364 3070 Dei
3420 3014 3526 3077 mei

1951 3114 2086 3166 quas
2121 3098 2454 3154 succendisti
2490 3099 2810 3166 remdiﬁces,
2848 3110 2904 3155 et
2931 3102 3261 3171 baptismum
3294 3102 3528 3171 recipias

1954 3188 2006 3241 in
2041 3190 2259 3245 nomine
2296 3188 2476 3245 Patris
2504 3199 2557 3245 et
2580 3189 2701 3245 Filii
2730 3200 2784 3245 et
2828 3190 3066 3261 Spiritus
3096 3193 3292 3247 sancti.
3334 3193 3400 3247 Et
3422 3193 3525 3248 hoc

1876 3265 1923 3329 C
1958 3280 2023 3335 ad
2067 3279 2310 3335 ultimum
2344 3289 2468 3351 peto
2512 3290 2571 3335 ut
2601 3283 2849 3353 requiras
2881 3283 3166 3339 thesauros
3205 3283 3377 3353 patris
3414 3285 3519 3337 mei

1952 3383 2006 3427 et
2048 3374 2237 3427 matris
2267 3386 2418 3436 mere,
2445 3388 2583 3443 quos
2607 3373 2995 3429 Gundobaldus
3035 3374 3334 3430 avunculus
3383 3390 3537 3430 meus

1954 3464 2205 3534 nequiter
2228 3462 2521 3532 interfecit,
2550 3480 2784 3534 quorum
2812 3466 3130 3537 sanguinem
3163 3466 3425 3519 Dominus
3456 3466 3535 3519 ul-

1953 3556 2212 3609 ciscatur.
2250 3574 2268 3608 ι
2299 3556 2365 3609 Ει
2407 3555 2484 3609 ait
2527 3571 2656 3617 rex;
2722 3573 2739 3606 ι
2781 3555 2891 3609 lloc
2919 3557 2984 3611 ad
3016 3570 3256 3627 pricscns
3294 3555 3425 3609 mihi
3452 3556 3532 3609 vi-

1953 3646 2113 3700 detur
2162 3646 2350 3701 haberi
2388 3645 2603 3701 difﬁcile
2665 3656 2724 3700 ut
2774 3646 2905 3701 deos
2957 3663 3107 3702 meos
3130 3646 3431 3715 relinquam
3477 3659 3533 3700 et

1954 3735 2124 3791 Deum
2159 3746 2310 3790 tuum
2334 3736 2537 3802 colam;
2566 3737 2661 3792 sed
2692 3749 2915 3803 caetera,
2940 3746 2997 3791 ut
3028 3746 3239 3807 potero,
3265 3737 3483 3791 faciam.
3510 3757 3529 3789 ι

1956 3829 2049 3885 Cui
2076 3831 2273 3886 ctilla:
2315 3846 2335 3880 ι
2378 3828 2492 3884 Hoc
2538 3839 2643 3893 est,
2678 3829 2878 3899 inquit,
2908 3829 3205 3882 maximum
3252 3837 3307 3881 et
3349 3827 3536 3896 singu-

1955 3920 2087 3986 lare,
2104 3920 2245 3989 quod
2264 3918 2497 3989 postulo,
2516 3928 2573 3971 ut
2598 3918 2885 3972 Dominum
2909 3917 3033 3973 cceli
3062 3917 3227 3980 colas,
3252 3932 3347 3984 per
3368 3931 3530 3985 quem

1954 4011 2088 4065 velis
2116 4011 2256 4064 nolis
2302 3995 2522 4080 regnas,
2556 4009 2609 4062 in
2640 4009 2794 4078 cujus
2826 4008 3045 4070 nomine
3096 4007 3535 4061 adversariorum

1954 4112 2133 4159 castra
2160 4101 2316 4169 facile
2341 4099 2645 4171 superabis.
2696 4118 2714 4152 ι

2026 4196 2122 4259 llis
2153 4195 2224 4249 ita
2254 4192 2544 4265 peroratis,
2597 4191 2904 4247 cubiculum
2958 4190 3277 4261 introgressi
3328 4187 3535 4260 pariter

1956 4287 2349 4351 accubuerunt,
2386 4295 2442 4340 et
2467 4284 2783 4354 nuptialiter
2814 4283 3231 4339 solemnisantes
3253 4284 3306 4337 in
3327 4283 3525 4353 gaudio

1955 4389 2008 4433 et
2045 4379 2229 4433 laetitia
2264 4378 2428 4432 totius
2454 4377 2578 4431 anni
2607 4377 2837 4447 spatium
2871 4377 3269 4445 expenderuut.
3297 4376 3527 4446 Expleta

1955 4473 2136 4542 itaque
2153 4486 2316 4536 anno,
2334 4471 2401 4524 ad
2422 4468 2832 4526 Gundobaldum
2863 4468 3058 4523 iterum
3084 4467 3386 4522 Clodoveus
3413 4470 3522 4521 Au-

1958 4563 2225 4617 relianum
2248 4560 2448 4630 dirigit,
2470 4560 2733 4613 mandans
2757 4569 2814 4614 ut
2842 4558 3186 4614 Chrochildis
3212 4559 3397 4613 uxoris
3428 4573 3540 4619 sua:

1959 4656 2247 4708 thesauros
2275 4653 2323 4706 ei
2354 4652 2773 4707 transmitteret.
2801 4652 2884 4705 lra
2906 4652 3124 4708 fervens
3148 4650 3536 4707 Gundobaldus

1956 4745 2232 4799 Aureliani
2264 4745 2428 4799 verba
2468 4745 2556 4798 vix
2594 4746 2842 4810 sustinet,
2874 4753 2930 4799 et
2969 4745 3022 4799 in
3059 4744 3177 4797 haec
3214 4744 3382 4798 verba
3422 4752 3540 4797 tan-

1956 4837 2079 4893 dem
2109 4836 2445 4906 prornmpit:
2473 4855 2491 4887 ι
2525 4834 2777 4905 Nunquid
2808 4837 2859 4889 in
2902 4835 3153 4890 manibus
3182 4834 3435 4888 Clodovei
3461 4850 3543 4887 re-

1958 4944 2122 5002 gnum
2154 4944 2331 4983 meum
2360 4930 2626 4993 tradetur,
2665 4938 2755 4981 aut
2784 4928 3026 4984 thesauri
3055 4927 3194 4980 mei?
3220 4941 3399 4979 nonne
3438 4924 3542 4977 ob-

1964 5033 2192 5081 testatus
2223 5038 2366 5090 sum,
2393 5032 2446 5079 et
2479 5023 2589 5077 dixi
2620 5023 2738 5087 tibi,
2767 5024 3083 5085 Aureliane,
3113 5029 3297 5072 utnon
3326 5017 3548 5084 venires

1962 5117 2197 5187 amplius
2246 5116 2533 5182 explorare
2596 5116 2961 5169 substantiam
3023 5109 3173 5177 regni
3216 5109 3412 5174 nostri,
3461 5111 3554 5163 vel
