4044 5428
515 393 625 455 599

518 598 775 655 universa
804 612 923 667 quae
962 594 1180 652 fuerant
1206 593 1379 663 patris
1397 591 1524 661 ejus
1559 591 1643 646 vel
1682 589 1872 645 matris
1926 586 2097 654 Chro-

520 692 688 750 childi
717 693 922 760 absque
945 690 1205 753 dilatione
1232 688 1612 751 redderentur,
1643 685 1888 740 dicentes
1912 697 2095 751 regem

520 801 645 844 esse
661 786 918 849 ferocem,
944 784 1196 855 populum
1214 785 1331 841 sine
1362 782 1492 847 Deo,
1522 790 1742 852 pactum
1768 778 1966 834 debere
1988 785 2098 831 sta-

518 881 665 937 biliri
697 895 823 935 eum
875 879 1093 945 talibus,
1125 894 1195 934 ne
1231 876 1564 934 unanimiter
1597 877 1868 930 irruentes
1898 871 2095 935 in,cos,

521 983 725 1031 terram
754 980 964 1047 pariter
991 977 1236 1033 delerent
1277 991 1343 1031 ac
1394 972 1674 1046 populum.
1726 968 1865 1037 Quid
1912 965 2099 1036 plura?

519 1073 719 1127 lteddit
747 1072 1138 1129 Cundobaldus
1184 1070 1447 1141 legatario
1488 1068 1632 1138 regis
1680 1078 1897 1119 omnem
1927 1060 2102 1117 Chro~

520 1165 733 1223 childis
746 1163 1156 1237 supellectilem,
1183 1170 1238 1217 et
1276 1160 1622 1217 ex‘lhesauro
1647 1172 1745 1211 suo
1773 1153 1891 1208 auri
1926 1153 2101 1222 puris-

522 1262 646 1319 simi
670 1271 727 1317 et
753 1260 964 1332 argenti
989 1258 1350 1314 fahricatnras
1380 1251 1827 1326 pretiosissimas.
1852 1255 1913 1302 et
1935 1246 2011 1300 ait
2033 1244 2101 1299 ad

520 1356 907 1413 Aurelianum:
944 1373 964 1407 ι
994 1352 1135 1421 Quid
1161 1360 1332 1407 restat
1359 1347 1610 1419 amplius,
1641 1344 1746 1401 nisi
1793 1353 1854 1398 ut
1884 1342 2098 1396 univer-

520 1464 645 1506 sum
674 1464 898 1520 regnum
930 1461 1109 1502 meum
1139 1443 1414 1500 Clodoveo
1447 1441 1578 1495 dare
1604 1434 1870 1492 debeam?
1902 1431 2104 1487 Rever-

523 1552 643 1598 tere
662 1543 777 1599 eito
797 1541 863 1596 ad
890 1539 1173 1595 dominum
1200 1549 1383 1605 regem
1410 1542 1586 1594 tuum,
1627 1528 1719 1599 qui
1744 1527 1912 1583 habes
1957 1522 2104 1593 quod

523 1635 573 1691 ei
606 1634 850 1701 deferas,
882 1646 1108 1688 munera
1143 1627 1331 1684 multa.
1360 1624 1518 1681 Metit
1544 1635 1778 1676 messem
1800 1630 1965 1686 quam
1995 1629 2102 1669 non

524 1726 836 1791 seminavit,
867 1734 922 1781 et
941 1723 1147 1793 colligit
1173 1720 1316 1790 quod
1345 1733 1453 1774 non
1483 1714 1707 1784 sparsit.
1740 1731 1759 1764 ι
1795 1710 1860 1765 Et
1891 1708 1968 1763 ait
1990 1706 2102 1760 Λιι-

522 1821 796 1875 reiianus:
838 1837 859 1871 ‹
890 1817 1059 1873 Filius
1111 1823 1233 1869 tuus
1292 1821 1377 1868 est
1406 1810 1661 1866 dominus
1713 1818 1865 1860 meus
1909 1799 2105 1856 Clodo-
2137 1826 2181 1885 Β

525 1928 681 1970 veos.
713 1910 830 1967 Non
858 1907 1206 1967 contristeris
1233 1906 1278 1961 si
1323 1904 1595 1959 modicum
1628 1900 1772 1954 istud
1804 1895 1852 1950 ei
1890 1892 2102 1949 detuleo

524 2025 621 2076 ro;
651 2024 716 2063 ex
741 2009 847 2063 hoc
877 2018 1024 2060 nunc
1067 2002 1248 2058 omnia
1282 2006 1462 2054 vestra
1511 1991 1820 2052 communia
1870 1994 2050 2043 erunt.
2083 2003 2103 2037 ι

528 2102 595 2156 Et
619 2101 868 2155 dixerunt
887 2094 1328 2167 Burgundiones:
1357 2091 1544 2145 «Vivat
1562 2102 1677 2149 rex,
1691 2083 1780 2154 qui
1808 2080 1944 2136 tales
1963 2078 2109 2148 lega-

526 2202 614 2250 tos
627 2193 805 2248 habet.
819 2190 1115 2243 »Πενεγειιε
1126 2196 1210 2243 est
1223 2183 1545 2241 Aurelianus
1559 2179 1623 2235 ad
1637 2177 1912 2232 dominum
1927 2185 2109 2233 suum,

529 2294 585 2343 et
607 2284 848 2343 restituit
876 2282 927 2339 ei
953 2282 1136 2337 omnia
1179 2293 1300 2348 quae
1346 2272 1658 2329 reddiderat
1700 2261 2108 2323 Gundobaldus.

598 2398 656 2454 In
685 2398 875 2454 diebus
907 2394 1011 2451 illis
1040 2391 1287 2447 dilatavit
1314 2388 1613 2445 Clodovcns
1659 2381 1994 2436 Francorum
2025 2390 2111 2430 re-

531 2507 698 2562 gnum
725 2503 899 2560 usque
952 2487 1017 2541 a'l
1068 2484 1409 2554 Sequanam,
1459 2486 1513 2531 et
1544 2476 1816 2545 accipiens
1866 2477 2111 2527 castrum

531 2582 959 2640 Mileduncnsem
1022 2577 1243 2632 tradidit
1290 2588 1412 2629 eum
1470 2570 1766 2626 Aureliano
1829 2562 2112 2635 legatario,

530 2672 768 2750 eumque
799 2678 990 2731 ducem
1038 2670 1335 2745 provincia:
1375 2667 1518 2723 illius
1548 2680 1670 2721 esse
1712 2660 1966 2718 instituit.
2012 2658 2116 2712 Dc-

531 2773 664 2828 liinc
693 2767 1003 2824 Aurelianis
1049 2770 1218 2835 usque
1259 2762 1601 2835 perveniens,
1633 2756 1971 2813 Francorum
2011 2758 2118 2806 ter-

522 2860 716 2917 ‘tninos
741 2874 916 2929 usque
952 2857 1017 2912 ad
1058 2855 1274 2910 fluvium
1305 2852 1515 2923 Ligeris
1553 2846 1857 2921 pretclavit.
1894 2842 2115 2899 interim

536 2955 731 3022 regina
754 2952 1031 3008 dominum
1063 2964 1220 3004 suum
1251 2946 1645 3000 adhortabatur
1668 2949 1727 2995 ut
1762 2940 1930 2994 Deum
1973 2934 2117 2991 cole-

534 3057 642 3110 rel,
666 3055 722 3101 et
742 3054 889 3100 muta
919 3041 1213 3097 simulacra
1242 3054 1306 3093 ex
1336 3037 1481 3091 omni
1502 3049 1669 3106 regno
1692 3046 1793 3087 suo
1824 3029 2047 3091 deleret,
2074 3023 2120 3079 si

537 3142 715 3197 victor
744 3140 1006 3195 adversus
1030 3135 1375 3190 inimicorum
1403 3130 1642 3187 omnium
1668 3124 1974 3197 impietatcs
2000 3135 2120 3177 esse

540 3239 785 3304 cuperet.
807 3226 1099 3283 Deludebat
1121 3241 1240 3281 eam
1276 3223 1580 3277 Clodoveus
1614 3228 1666 3273 et
1718 3213 2117 3277 subsannabat;

540 3338 649 3378 non
687 3330 864 3376 tamen
894 3317 1295 3388 exprobrando,
1325 3315 1417 3369 sed
1443 3309 1772 3369 blandiendo
1797 3307 1975 3376 potius
1997 3304 2125 3356 vita:

542 3412 748 3469 monita
778 3408 1069 3465 refutahat.
1095 3407 1175 3462 Ad
1192 3409 1293 3461 hoc
1318 3405 1836 3474 utiqucventumcst
1860 3406 1919 3451 ut
1940 3394 2123 3466 regina

544 3502 859 3570 conciperet
887 3508 943 3554 et
972 3506 1191 3569 pareret
1216 3498 1403 3558 tilium,
1436 3494 1660 3564 etjuxta
1692 3487 2125 3546 ritumChriStia-

544 3610 738 3650 norum
768 3594 833 3648 ad
863 3592 1189 3649 abluendum
1220 3605 1377 3645 saero
1406 3588 1732 3657 baptismate
1759 3585 1815 3638 in
1836 3580 2124 3637 ecclesiam

545 3684 745 3741 deferri
798 3684 1145 3755 przeciperet.
1197 3681 1531 3751 Baptizatus,
1569 3687 1623 3734 et
1669 3679 1934 3747 signatus,
1959 3681 2014 3727 et
2040 3686 2128 3726 sa-

547 3793 642 3832 cro
665 3777 961 3834 chrismate
987 3775 1291 3832 delibutus:
1321 3789 1480 3846 quem
1531 3772 1872 3844 lugmnerem
1899 3780 2127 3822 vocaveo

548 3868 778 3934 runthi,
807 3868 899 3938 qui
928 3883 1054 3923 eum
1076 3867 1143 3923 de
1183 3883 1340 3922 sacro
1382 3866 1709 3936 baptismate
1748 3868 2124 3930 susceperunt.

547 3960 661 4018 Nec
686 3977 837 4017 mora
868 3962 1179 4034 defungitur
1213 3961 1417 4026 infans,
1458 3968 1511 4016 et
1542 3973 1629 4014 res
1677 3957 1818 4012 sicut
1871 3959 2131 4009 evenerat

550 4054 800 4110 innuitur
825 4053 1114 4111 Clodoveo.
1155 4044 1428 4110 Tristatltr
1447 4061 1604 4123 pater
1646 4048 1865 4112 anxius,
1896 4045 2129 4115 primam

552 4145 792 4201 sobolem
817 4161 941 4201 cum
983 4146 1258 4216 insperate
1305 4143 1504 4200 deferri
1556 4141 1702 4197 videt
1738 4140 1805 4192 ad
1839 4134 2130 4198 tumulum,

553 4248 607 4290 et
636 4238 881 4307 reginam
911 4238 1156 4307 increpat
1183 4253 1282 4293 cur
1311 4234 1563 4291 videlicet
1591 4234 1640 4287 in
1669 4230 1888 4285 nomine
1918 4225 2133 4281 Domini

540 4328 726 4399 nostri
767 4326 892 4383 Jesu
921 4329 1124 4385 Christi
1154 4330 1421 4399 signasset
1442 4324 1783 4380 infantulum.
1817 4318 2136 4376 Allirmabat

555 4419 700 4474 enim
726 4420 948 4476 insanus
970 4422 1111 4491 quod
1134 4422 1179 4476 si
1213 4422 1315 4476 diis
1342 4421 1456 4475 suis
1478 4419 1759 4473 dedicatus
1787 4415 1997 4475 fuisset,
2027 4425 2133 4464 non

1510 375 1880 434 RORICONIS
1917 368 2223 454 ΜΟῌΛΟΙΙΙ
2261 361 2779 456 ΜΟΙΒΒΙᾹΟῌΝΞΙΞ

518 499 858 581 gandionum
887 504 1124 574 majores
1146 499 1410 557 dederunt
1440 496 1552 568 regi
1578 512 1678 554 suo
1708 493 1994 552 consilium
2035 502 2095 549 ut
2126 468 2171 533 Α
2202 480 2446 547 Metilii-5
2486 477 2735 547 cominus
2768 472 2951 546 33‘3"“

3671 346 3777 408 600

2998 470 3368 541 mitterentur,
3396 480 3497 521 nec
3529 464 3777 531 Franco-

2202 589 2320 630 rum
2346 572 2495 626 vircs
2517 571 2583 625 ad
2616 565 2975 639 proterendos
2998 563 3245 618 inimicos
3272 559 3603 623 sufficerent,
3625 572 3780 629 pros-

2200 664 2350 736 pexit
2377 678 2440 717 ex
2475 661 2584 714 alto
2608 658 2889 731 Dominus,
2916 663 2968 710 et
2992 654 3221 711 miratus
3255 652 3495 719 laborem
3527 646 3782 704 mulieris

2201 756 2378 809 virum
2421 750 2695 807 infidelem
2730 748 2942 803 salvare
2998 745 3285 816 cupientis,
3339 742 3566 799 immisit
3628 742 3783 805 timo-

2203 861 2318 901 rem
2362 859 2520 900 suum
2553 856 2716 912 super
2739 840 2999 894 Francos.
3029 837 3096 891 Et
3115 835 3228 904 jam
3277 844 3433 906 terga
3474 834 3611 909 dare
3640 832 3784 889 vole-

2202 940 2358 1005 bant,
2386 953 2508 993 cum
2538 934 2864 991 Aurelianus
2890 946 3087 989 nomen
3113 929 3322 986 Domini
3354 930 3422 999 ad
3451 926 3785 999 adiutorium

2206 1029 2578 1100 interpellans,
2621 1028 2706 1082 his
2735 1039 2917 1097 regem
2972 1022 3158 1089 verbis
3201 1028 3521 1077 constanter
3558 1016 3787 1088 alloqui-

2208 1131 2322 1178 tur:
2364 1139 2383 1173 ι
2418 1121 2592 1177 Crede
2640 1118 3038 1186 tantummodo,
3079 1116 3298 1173 domine
3334 1114 3407 1168 mi
3440 1129 3560 1177 rex,
3600 1113 3784 1169 Domi-

2206 1229 2335 1268 num
2365 1212 2513 1275 coeli,
2543 1225 2706 1281 quem
2736 1207 3081 1264 Chroehildis
3110 1205 3403 1277 praedicat,
3434 1213 3490 1258 et
3531 1201 3793 1275 inclama-

2204 1316 2263 1377 Διι)
2290 1304 2406 1375 ejus
2455 1305 2674 1360 nomine
2717 1312 2837 1358 tuos
2872 1300 3127 1357 celeriter
3161 1305 3413 1353 conteres
3460 1296 3736 1351 inimicos.
3766 1310 3797 1345 ι

2206 1395 2322 1452 lloe
2351 1411 2447 1450 rex
2476 1394 2750 1448 animatus
2772 1391 3035 1461 alloquio,
3059 1389 3124 1444 ad
3156 1387 3351 1445 caelum
3379 1384 3569 1442 oculos
3590 1385 3788 1446 elevat,

2207 1497 2263 1545 et
2300 1502 2424 1543 cum
2455 1485 2716 1556 lacrymis
2742 1481 3152 1538 hacDominum
3184 1494 3311 1534 voce
3336 1485 3624 1549 precatur:
3664 1492 3684 1525 ι
3705 1473 3793 1529 Je-

2207 1598 2269 1638 su
2289 1581 2452 1645 bone,
2469 1594 2627 1649 quem
2642 1575 2996 1633 Chroehildis
3024 1574 3207 1646 regina
3231 1587 3349 1628 mea
3381 1570 3647 1642 pratdicat
3669 1583 3792 1623 esse

2207 1672 2407 1728 Filium
2465 1671 2559 1727 Dei
2594 1669 2722 1735 vivi,
2765 1668 2857 1737 qui
2886 1666 3145 1724 subvenis
3187 1665 3242 1720 in
3276 1662 3660 1735 tribulatione,
3699 1660 3793 1730 qui

2210 1766 2307 1820 das
2331 1763 2592 1820 auxilium
2627 1763 2687 1817 in
2715 1770 2767 1816 te
2809 1758 3178 1830 sperantibus,
3207 1765 3360 1812 tuum
3388 1754 3657 1815 auxilium
3700 1752 3795 1808 de-

2210 1864 2335 1911 vote
2360 1852 2598 1925 postulo,
2647 1866 2753 1907 non
2786 1851 3024 1925 abneges
3055 1846 3188 1902 mihi
3221 1845 3318 1903 soli
3352 1843 3498 1916 quod
3542 1842 3809 1917 plurimis

2208 1956 2290 2002 est
2331 1944 2608 2001 collatum.
2643 1942 2799 2011 Quod
2821 1942 2866 1997 si
2896 1939 3027 1995 tuihi
3054 1937 3601 2002 victoriamdederis,
3632 1945 3690 1989 ct
3732 1933 3791 1988 in

2208 2037 2314 2092 hoc
2340 2036 2595 2095 virtutem
2633 2042 2781 2088 tuam
2801 2077 2804 2080 .
2828 2040 3090 2101 expertus
3134 2029 3310 2094 fuero,
3337 2026 3555 2087 credam
3592 2025 3714 2089 tibi,
3742 2031 3807 2077 et

2208 2125 2531 2196 baptizabor
2583 2122 2720 2177 Nam
2752 2121 3002 2180 invocavi
3059 2120 3189 2176 deos
3237 2134 3405 2179 meos,
3457 2125 3513 2172 et
3559 2114 3795 2191 elongati

2211 2227 2338 2274 sunt
2366 2233 2394 2271 a
2424 2232 2531 2280 me,
2555 2224 2610 2270 et
2635 2213 2838 2269 nullam
2869 2227 2966 2269 eos
2992 2211 3241 2282 suspicor
3276 2211 3482 2267 habere
3511 2208 3798 2270 virtutem,

2212 2311 2304 2380 qui
2332 2325 2435 2365 nec
2463 2316 2785 2369 occurrunt,
2816 2321 2918 2361 nec
2944 2306 3204 2361 auxilium
3236 2304 3491 2380 deferunt
3533 2299 3797 2356 invocati.

2213 2400 2291 2456 Te
2323 2402 2537 2466 invoco,
2565 2409 2614 2455 te
2635 2398 2921 2464 confiteor,
2955 2396 3272 2465 tejuhente,
3306 2378 3493 2448 noster
3516 2389 3797 2447 conferte-

2216 2506 2304 2550 tur
2334 2496 2629 2558 exercitus,
2661 2501 2715 2547 et
2739 2491 3176 2546 adversariorum
3206 2494 3517 2542 nostrorum
3570 2480 3798 2549 audacia

2219 2593 2561 2651 conteratur,
2594 2593 2655 2638 ut
2698 2583 2787 2637 vel
2840 2583 2885 2637 si
2918 2579 3203 2635 victoriam
3254 2568 3358 2631 non
3414 2587 3655 2640 mereor,
3685 2582 3807 2626 tan:

2202 2679 2495 2757 tummodo
2516 2677 2585 2730 ab
2606 2675 2685 2731 eis
2717 2675 2932 2728 liberer.
2967 2691 2997 2725 »η
3028 2669 3093 2723 Ει
3123 2683 3244 2724 cum
3275 2654 3390 2722 luce
3422 2666 3494 2719 ita
3542 2678 3801 2735 peroras-

2219 2777 2322 2832 set,
2379 2782 2445 2822 ac
2499 2782 2695 2821 nomen
2733 2762 2943 2818 Domini
2973 2777 3096 2817 cum
3133 2760 3345 2814 interno
3375 2756 3560 2828 rugitu
3617 2751 3795 2809 cordis

2219 2858 2588 2920 inclamasset,
2606 2854 2833 2912 defectis
2861 2853 3065 2907 viribus
3089 2859 3236 2921 terga
3248 2848 3519 2922 dederunt
3542 2844 3807 2899 Alaman-

2222 2954 2277 3007 ni
2329 2952 2455 3006 vittc
2498 2964 2650 3020 spem
2702 2950 2841 3019 fugae
2879 2946 3187 3003 credentes.
3214 2942 3318 2998 Sed
3350 2957 3473 2997 cum
3510 2948 3567 2994 et
3620 2952 3801 3009 regem

2223 3057 2379 3098 suum
2440 3047 2732 3096 cernerent
2775 3037 3143 3099 interfectum,
3192 3028 3487 3089 retroversi
3530 3029 3819 3089 Clodoveo

2224 3132 2533 3204 supplicant
2573 3140 2632 3189 ut
2662 3137 2868 3183 tantam
2919 3136 3159 3196 stragem
3187 3136 3405 3179 cessare
3458 3121 3803 3192 praeciperet,

2224 3240 2323 3279 sua
2366 3223 2548 3278 omnia
2578 3237 2746 3291 seque
2777 3220 3054 3275 dedentes.
3091 3216 3193 3284 Qui
3248 3228 3370 3270 cum
3421 3206 3798 3285 imminentem

2226 3315 2437 3386 plagam
2459 3327 2677 3368 cessare
2702 3310 2944 3376 fecisset,
2979 3317 3152 3362 terras
3191 3319 3382 3361 eorum
3431 3302 3603 3357 nimia
3636 3315 3815 3373 popu-.

2226 3406 2432 3463 latione
2457 3406 2713 3469 vastavit,
2738 3411 2795 3458 et
2825 3416 2919 3458 eos
2942 3402 3044 3456 sub
3079 3397 3286 3454 tributo
3312 3395 3625 3461 constituit.

2295 3490 2408 3561 Hac
2432 3497 2600 3568 igitur
2627 3492 3139 3567 patratavietoria,
3167 3482 3417 3546 reversus
3441 3489 3493 3542 in
3519 3484 3822 3557 Franciam.

2227 3593 2474 3648 narravit
2519 3590 2674 3645 uxori
2714 3588 2954 3658 qualiter
2988 3601 3086 3658 per
3130 3572 3535 3640 invocationem
3575 3579 3811 3636 nominis

2227 3686 2358 3742 Jesu
2389 3683 2593 3740 Christi
2622 3681 2905 3736 victoriam
2937 3678 3199 3732 meruerit
3234 3675 3503 3732 obtinere.
3542 3672 3689 3728 Laeta
3719 3670 3809 3725 illi-

2230 3794 2297 3833 co
2326 3773 2672 3832 Chroehildis
2707 3770 2956 3834 edicitur,
2986 3779 3041 3823 et
3072 3767 3331 3839 lacrymis
3366 3761 3657 3835 superfusa
3695 3775 3810 3816 san-

2231 3881 2376 3929 ctum
2400 3867 2700 3939 Remigium
2726 3864 3014 3919 Remorum
3046 3860 3514 3929 archiepiscOpum
3537 3856 3641 3911 sub
3679 3851 3814 3908 festi-

2233 3963 2453 4017 natione
2480 3951 2746 4013 convocat
2782 3962 2841 4008 ut
2868 3953 2981 4023 ipse
3011 3950 3264 4006 videlicet
3298 3946 3543 4017 suppleat
3579 3942 3723 4014 quod
3759 3944 3815 3995 in

2214 4037 2432 4105 marito
2482 4047 2745 4101 Dominus
2793 4057 2889 4112 per
2948 4056 3067 4095 eam
3109 4040 3221 4110 jam
3272 4040 3517 4105 coeperat
3576 4030 3809 4102 operari.

2235 4141 2430 4198 Pandit
2455 4141 2742 4210 episcopus
2770 4133 2963 4190 salutis
2989 4133 3214 4203 januam
3238 4170 3255 4193 ,
3290 4139 3345 4182 et
3375 4136 3620 4205 torrente
3674 4119 3827 4177 Seri-.

2234 4244 2520 4305 pturarum
2550 4229 2823 4283 sitientem
2850 4200 3087 4278 animam
3112 4218 3288 4274 reiicit
3317 4200 3647 4288 peccatoris.
3680 4209 3815 4265 Miti-

2237 4336 2394 4400 gatur
2420 4322 2654 4378 amentia
2683 4318 2823 4389 regis
2851 4325 2904 4373 et
2933 4332 2999 4373 ex
3034 4316 3160 4384 lupo
3197 4321 3434 4367 mutatur
3470 4308 3525 4363 in
3556 4320 3739 4370 ovem,
3762 4310 3815 4357 et

2236 4432 2443 4474 vacuus
2469 4415 2535 4469 ad
2570 4412 2853 4466 Dominmn
2882 4408 3070 4462 venire
3107 4402 3407 4459 formidans
3441 4398 3588 4453 mille
3617 4395 3815 4451 hostias

558 4522 673 4566 tam
707 4513 822 4568 cito
856 4514 1167 4585 privaretur
1194 4517 1297 4571 hac
1323 4517 1462 4572 luce.
1503 4514 1711 4583 Regina
1756 4524 1886 4564 vero
1933 4503 2119 4574 gratia:

2243 4512 2529 4580 praeparat,
2545 4519 2679 4574 quas
2695 4515 2875 4557 secum
2898 4496 3087 4553 offerat
3103 4493 3358 4551 creatori.
3374 4490 3618 4546 Necdum
3644 4487 3817 4543 initia-

561 4601 673 4659 Deo
711 4607 977 4663 referebat
1003 4610 1148 4678 quod
1184 4609 1302 4680 ejus
1326 4606 1684 4680 primogenita
1708 4605 1759 4658 in
1789 4597 1997 4656 caelesti
2025 4595 2133 4666 glo-

536 4694 640 4777 ria
665 4697 1028 4756 sublimasset.
1054 4701 1183 4758 Post
1209 4713 1389 4759 autem
1414 4703 1556 4757 hunc
1582 4697 1790 4772 peperil
1813 4701 1867 4748 et
1885 4691 2137 4747 alterum.

562 4796 617 4842 et
645 4790 888 4847 ablutum
937 4796 1085 4852 fonte
1129 4798 1473 4866 baptismatis
1518 4791 1884 4852 Clodomircm
1911 4792 2140 4837 vocave-

564 4887 712 4933 runt.
740 4880 806 4936 Et
832 4885 922 4941 hic
943 4903 1066 4943 cum
1094 4900 1365 4961 tegrotare
1386 4889 1660 4961 coepisset,
1687 4880 1868 4939 verbis
1896 4873 2137 4946 reginam

565 4975 931 5042 asperioribus
992 4983 1235 5055 increpat
1282 4984 1611 5049 Clodoveus,
1674 4986 1929 5033 asserens
1974 4968 2139 5022 istum

566 5063 729 5120 etiam
779 5068 924 5124 nulla
982 5054 1197 5131 ratione
1226 5077 1413 5131 vivere
1438 5088 1621 5145 posse,
1664 5067 1770 5124 nisi
1817 5077 1927 5134 quo
1982 5054 2143 5113 modo

566 5156 775 5213 vixerat
812 5171 867 5217 et
903 5164 1063 5222 alius.
1098 5167 1203 5224 Sed
1249 5178 1444 5226 orante
1478 5167 1682 5237 regina,
1711 5153 1996 5217 etDomini
2044 5148 2147 5204 mi-

569 5250 866 5310 sericordia
895 5270 1292 5327 prmcurrente,
1340 5263 1466 5317 vitae
1490 5260 1764 5332 pariteret
1785 5244 2033 5319 sospitati
2064 5254 2149 5297 re-

572 5339 794 5399 stitutus
816 5357 901 5402 est
924 5349 1241 5408 infantulus.
1260 5352 1374 5407 Rex
1396 5351 1577 5420 itaque
1599 5346 1824 5405 credere
1843 5332 2148 5395 differebat,

2248 4610 2333 4655 tus
2360 4575 2413 4653 in
2447 4596 2621 4652 sacris
2656 4593 2713 4647 fit
2748 4606 2858 4647 sua:
2879 4589 3023 4661 genti
3060 4584 3355 4657 apostolus,
3382 4595 3580 4637 nomen
3615 4575 3818 4634 Domini

2246 4692 2493 4764 gentibus
2513 4687 2792 4759 praedicat,
2822 4682 3082 4739 exercitui
3101 4677 3465 4734 comminatur
3485 4688 3556 4727 ne
3584 4671 3723 4759 ultra
3757 4669 3820 4723 si-

2247 4782 2504 4839 mulacris
2518 4780 2638 4835 ineu
2648 4787 2891 4833 rventur.
2904 4772 3042 4840 Quid
3061 4768 3251 4842 plura?
3266 4766 3515 4822 ﬁtsubito
3530 4750 3821 4819 concursus

2246 4869 2740 4946 populi,exercitus
2762 4881 2950 4920 omnes
2984 4863 3205 4918 dextras
3228 4858 3483 4928 jungunt,
3514 4868 3679 4924 pares
3712 4847 3826 4904 aui-

2248 4942 2366 5019 inos
2397 4959 2629 5018 offerunt
2658 4955 2927 5019 Creatori,
2948 4961 3003 5008 et
3027 4950 3120 5023 qui
3145 4947 3352 5003 tardior
3371 4946 3545 5001 currit
3586 4942 3654 4997 ad
3682 4942 3821 4995 lava-

2242 5074 2395 5115 crum
2416 5056 2571 5127 quasi
2595 5052 2844 5125 ignavior
2864 5064 2893 5103 a
2917 5047 3128 5103 caeteris
3150 5045 3449 5098 incusatur.
3478 5039 3545 5093 Et
3562 5033 3821 5093 consertis

2244 5150 2498 5205 manibus
2520 5146 2710 5200 videns
2741 5141 2989 5198 aciesad
3018 5136 3305 5193 ecclesiam
3335 5131 3651 5194 convolare,
3677 5136 3731 5183 et
3755 5125 3823 5179 ob

2216 5243 2224 5251 ’
2247 5253 2487 5296 amorem
2513 5236 2658 5305 regis
2680 5242 2838 5288 antea
2864 5232 3028 5286 etiam
3046 5224 3310 5298 baptizari
3330 5222 3645 5294 cupiebant,
3666 5229 3831 5286 quam

2246 5328 2590 5402 baptismatis
2626 5327 2750 5396 jura
2784 5321 3186 5395 cognovissent.
3228 5316 3344 5372 Hac
3381 5316 3548 5385 igitur
3580 5311 3827 5379 frequen-

3484 5416 3497 5428 ι
3524 5426 3535 5428 -
3550 5423 3640 5428 η---
3679 5405 3806 5428 Ρη...
