4044 5428
259 272 355 331 SOI

1464 274 1690 331 GETA
1723 274 1852 328 FBA
1865 227 2170 331 NCORUSI.

3407 267 3522 324 ’609

260 403 373 455 sus,
404 387 489 444 vel
528 371 711 444 futura
741 386 922 461 gloria
956 404 1122 461 quam
1157 389 1208 444 ei
1246 388 1301 445 in
1328 405 1424 446 sua
1461 389 1844 461 pradicationc
1874 393 1918 448 Α
1950 385 2229 456 abuegatis
2263 381 2458 439 diaboli
2493 383 2723 453 pompis,
2753 390 2808 438 et
2847 379 3519 435 feroces-animos-lmmi-

261 483 603 554 promiserat.
629 483 713 536 Ad
739 498 902 552 quem
933 483 1254 552 episcopus:
1292 502 1312 535 ι
1343 482 1483 547 Νοη,
1512 484 1714 553 inquit,
1742 484 1844 536 hoc
1875 505 1884 512 ν

262 581 341 629 est
360 572 668 642 paradisus,
693 589 854 642 quem
881 572 1152 644 pollicitus
1179 589 1297 628 sum
1321 574 1539 629 domino
1557 589 1675 627 meo
1709 573 1844 642 regl‘,

261 666 355 721 sed
399 674 485 721 est
536 665 787 720 Ecclesia
846 667 940 720 Dei
993 681 1093 735 per
1135 681 1300 735 quam
1348 675 1403 720 et
1454 666 1640 733 inqua
1691 665 1845 720 bonis

259 759 519 830 operibus
561 760 870 829 acquiritur
900 760 1069 831 gloria
1111 760 1199 814 illa
1233 760 1544 815 indeliciens
1575 758 1723 828 regni
1759 773 1848 812 ce-

262 848 432 914 lestis,
461 865 626 920 quam
659 851 728 905 ab
763 851 971 919 origine
1001 853 1184 907 mundi
1229 851 1550 922 prmparavit
1588 850 1847 905 Dominus

261 941 345 996 bis
383 943 479 1011 qui
524 942 759 1012 diligunt
811 959 958 999 eum.
994 963 1014 996 ι
1067 944 1294 1000 Tantam
1340 944 1573 1014 denique
1614 943 1844 1014 gratiam

260 1035 699 1090 subministravit
719 1035 979 1092 Dominus
1003 1037 1056 1091 in
1078 1038 1299 1108 populo,
1325 1047 1383 1091 ut
1407 1052 1512 1093 non
1529 1037 1641 1106 jam
1674 1038 1845 1094 viceni

261 1125 339 1179 vel
380 1127 603 1184 centeni
630 1127 699 1182 ad
747 1127 924 1183 locum
974 1128 1277 1200 baptisterii
1322 1130 1700 1195 convenirent,
1749 1131 1846 1186 sed

259 1219 570 1273 universam
599 1235 751 1289 .pene
779 1220 1054 1276 civitatem
1085 1221 1140 1274 in
1180 1236 1346 1275 unum
1365 1280 1367 1284 ,
1386 1221 1704 1276 couvolasse
1731 1227 1846 1278 cre-

261 1309 438 1375 deres,
467 1326 632 1365 unam
669 1312 886 1369 dedisse
925 1315 1272 1380 sententiam,
1303 1329 1463 1383 pares
1495 1315 1707 1370 animos
1750 1315 1844 1369 ob-

260 1400 443 1456 tulisse
469 1402 746 1457 Creatori.
787 1403 1035 1462 lntcriori
1079 1405 1244 1476 igitur
1281 1406 1478 1477 gaudio
1520 1406 1843 1462 conformati

259 1495 664 1564 applaudebant
689 1498 742 1554 in
775 1515 962 1564 unum,
997 1509 1050 1554 et
1082 1515 1263 1570 regem
1297 1517 1452 1556 suum
1478 1501 1564 1556 his
1591 1501 1846 1557 adhorta-

257 1587 454 1641 bantur
486 1589 780 1660 alloquiis:
802 1611 821 1644 ι
859 1592 1118 1647 Dominus
1142 1603 1327 1648 noster
1355 1609 1447 1648 rex
1485 1603 1846 1665 prosequatur

257 1679 558 1750 inceptum,
614 1684 745 1753 quia
800 1693 853 1737 et
881 1699 980 1740 nos
1035 1684 1290 1740 mortales
1355 1687 1484 1740 deos
1536 1685 1839 1756 abjieimus,

255 1788 493 1843 sagaces
519 1777 952 1841 contemnimus,
1000 1777 1341 1834 manufactos
1381 1779 1738 1849 expellimus:
1790 1789 1845 1834 et

257 1864 420 1919 Deum
443 1882 638 1926 verum
661 1884 824 1937 quem
846 1870 1100 1938 praedicat
1119 1870 1391 1940 Remigius
1416 1871 1777 1926 incontamiaa
1789 1882 1841 1927 ta

256 1957 579 2015 credulitate
640 1959 954 2028 recipimus,
1009 1969 1064 2014 et
1118 1976 1241 2015 eum
1306 1960 1430 2016 fidei
1493 1963 1843 2018 veneratione

252 2048 697 2117 complectimur.
762 2049 914 2104 lluuc
979 2051 1147 2105 Deum
1212 2051 1357 2107 enim
1416 2052 1843 2108 Cluistianitatis

251 2139 547 2200 credimus,
583 2148 642 2195 et
663 2140 970 2205 adoramus,
1002 2150 1057 2194 et
1085 2142 1137 2195 in
1165 2143 1266 2196 hac
1288 2143 1546 2212 religione
1575 2159 1745 2214 usque
1775 2143 1840 2198 ad

254 2229 546 2284 terminum
599 2232 729 2286 vit-.e
779 2248 1102 2303 permanere
1151 2235 1324 2303 parati
1368 2251 1573 2290 sunms.
1625 2255 1645 2286 ι
1701 2235 1837 2302 Quid

249 2321 442 2390 plura?
469 2325 626 2378 venit
647 2325 718 2378 ad
740 2325 1058 2396 baptismum
1081 2327 1233 2395 quasi
1257 2341 1430 2380 novus
1451 2328 1838 2382 Constantinus

1946 479 2086 532 lians
2119 477 2382 532 Creatori.
2428 475 2564 530 Huic
2604 475 2878 530 devotioni
2921 474 3267 545 congaudens
3313 473 3522 542 episco-

1947 585 2066 639 pus,
2105 569 2378 638 protensis
2406 569 2653 623 manibus
2707 568 2758 622 in
2807 567 3036 622 sublime
3088 567 3180 620 Dei
3227 567 3520 635 potentiam

1945 659 2309 722 collaudabat,
2327 669 2381 712 et
2405 673 2583 728 regem
2605 659 2691 714 his
2709 655 3288 725 hortabaturalloquiis
3305 674 3322 710 :
3341 675 3359 707 ‹
3382 655 3523 710 Mitis

1947 768 2037 814 cn,
2070 751 2264 820 inquit,
2291 750 2501 818 depone
2531 749 2688 815 colla,
2719 749 3032 810 Sicamber;
3060 748 3196 802 idola
3226 747 3372 802 varia
3407 761 3526 801 ere.

1925 858 2058 906 .ma,
2091 840 2295 895 cultum
2323 855 2584 894 venerare
2609 840 2867 893 divinum.
2891 838 3170 896 Pristinos
3204 853 3437 906 errores,
3469 845 3524 892 et

1947 936 2070 990 fana
2105 935 2303 1004 "priora
2353 934 2623 1004 relinque,
2651 937 2706 988 'et
2733 944 2949 988 sanctas
2983 933 3126 988 :edcs
3157 933 3240 988 vel
3269 949 3409 988 nunc
3439 947 3525 987 rc-

1947 1043 2152 1085 novare
2167 1030 2403 1083 studcto.
2437 1040 2459 1080 ς
2483 1029 2652 1099 Igitur
2679 1044 2772 1083 rex
2789 1030 3218 1099 omnipotentem
3237 1029 3522 1082 Dominmn
3593 1017 3596 1021 ’

1947 1119 2001 1172 in
2033 1120 2304 1176 Trinitate
2330 1119 2618 1175 confessus
2660 1119 2966 1188 baptizatus
3009 1129 3091 1174 cst
3121 1137 3148 1173 a
3189 1130 3380 1174 sancto
3423 1119 3526 1173 Re-

1947 1211 2116 1282 migio
2154 1213 2207 1266 in
2248 1212 2464 1267 nomine
2510 1211 2691 1265 Patris
2721 1220 2774 1264 et
2800 1211 2921 1264 Filii
2959 1221 3013 1265 ct
3047 1211 3286 1282 Spiritus
3328 1212 3523 1276 sancti,

1947 1312 2003 1358 et
2033 1320 2194 1360 sacro
2225 1306 2525 1360 chrismate
2555 1304 2824 1358 delibutus
2860 1319 2982 1358 cum
3025 1305 3300 1375 signaculo
3350 1305 3528 1360 crucis

1946 1397 2196 1452 videlicet
2221 1398 2438 1453 Domini
2463 1399 2629 1452 nostri
2653 1396 2810 1452 Jcsus
2831 1397 3054 1452 Christi.
3097 1397 3379 1467 Baptizati
3402 1408 3528 1453 sunt

1947 1491 2014 1545 de
2033 1492 2274 1546 exercitu
2293 1491 2447 1545 illius
2470 1491 2698 1560 amplius
2713 1505 2884 1560 quam
2903 1491 3004 1544 tria
3030 1490 3212 1550 millia,
3247 1491 3528 1561 baptizata:

1947 1592 2372 1638 suutctsorores
2391 1582 2535 1636 illius
2563 1581 2924 1636 Alblofedisct
2945 1581 3354 1646 Laudcehildis,
3384 1581 3528 1635 insu-

1947 1688 2046 1743 per
2073 1681 2216 1726 totus
2241 1672 2570 1727 Francorum
2614 1671 2862 1740 populus.
2903 1670 3036 1724 Nam
3068 1672 3325 1724 Dominus
3347 1679 3532 1724 noster

1877 1755 1919 1813 Β
1947 1761 2107 1817 Jcsns
2133 1761 2383 1816 Christus
2425 1762 2769 1816 abundanter
2798 1761 2881 1816 his
2918 1772 3161 1816 sanetam
3195 1761 3420 1832 gratiam
3452 1761 3534 1812 in-

1952 1853 2235 1907 fundebat.
2273 1851 2383 1907 llac
2431 1853 2719 1906 occasionc
2744 1867 2856 1907 sua:
2885 1853 3008 1906 fidei
3054 1854 3284 1922 gratiam
3325 1851 3531 1906 Gallica

1950 1943 2423 1998 disseminabatin
2467 1941 2694 1998 tellure.
2728 1942 2865 1997 Ecce
2903 1958 3084 2012 regem
3130 1941 3405 1995 reddimus
3448 1940 3531 1993 in-

1951 2046 2233 2101 novatum,
2267 2051 2487 2091 necesse
2521 2046 2602 2090 est
2633 2037 2709 2090 uti
2743 2045 2795 2090 ct
2832 2036 3080 2108 paginam
3127 2034 3336 2105 pariter
3381 2033 3536 2087 inno-

1945 2144 2158 2183 tvemus.
2194 2127 2300 2182 Sed
2333 2128 2482 2196 prius
2510 2127 2678 2196 quieti
2714 2128 2982 2181 modicum
3011 2128 3254 2181 membra
3294 2124 3534 2179 locanles

1949 2235 2291 2274 resumamus
2317 2219 2522 2282 flatum,
2548 2234 2655 2289 quo
2685 2218 2898 2274 facilius
2925 2220 3012 2273 die
3033 2219 3271 2274 crasliuo
3295 2216 3535 2272 materia:

1948 2321 2149 2366 nostra:
2177 2311 2456 2365 valeamus
2486 2311 2688 2366 referre
2717 2311 3019 2380 sequentia.

1433 2463 1802 2521 PROLOGUS
1838 2465 2020 2520 LIBRI
2061 2466 2313 2520 TERTII.

319 2601 578 2656 Nondum
608 2603 788 2658 noctis
809 2605 1022 2658 detersa
1053 2603 1282 2674 caligine
1320 2604 1388 2657 ad
1425 2603 1840 2672 pcrsolvcndum

255 2691 519 2752 debitum,
575 2693 705 2761 quia
761 2693 1055 2761 importuni
1111 2691 1450 2748 feneratores
1496 2693 1747 2748 insistitis
1787 2701 1844 2748 et

291 2782 586 2852 Egritantcs
610 2794 764 2838 artus
781 2785 1054 2850 excutitis,
1070 2803 1104 2840 e
1125 2785 1322 2840 lectulo
1343 2772 1646 2840 socordiam
1671 2800 1842 2838 meam

253 2875 434 2928 verbis
463 2875 842 2943 asperioribus
869 2876 1227 2946 increpantes,
1258 2892 1356 2931 cur
1384 2891 1489 2930 non
1521 2875 1635 2944 jam
1667 2877 1846 2932 adhuc

1947 2603 2045 2657 bra
2085 2601 2356 2666 locavere,
2391 2601 2433 2656 si
2475 2617 2572 2657 vos
2617 2601 2922 2666 adfueritis,
2958 2611 3008 2656 ct
3037 2600 3200 2671 jactis
3239 2602 3412 2672 globis
3452 2601 3534 2658 vel

1945 2694 2233 2764 lapidibus,
2263 2709 2330 2748 ne
2361 2694 2574 2748 modico
2599 2695 2744 2764 gregi
2784 2694 3087 2756 insidietur,
3129 2693 3307 2763 lupum
3329 2694 3533 2748 nobis-

1947 2803 2069 2843 cum
2110 2785 2559 2851 cxturbavcritis,
2590 2796 2716 2842 tunc
2761 2785 2900 2841 forte
2929 2787 3150 2841 liberius
3182 2795 3342 2853 atque
3388 2802 3537 2840 com-

1948 2882 2164 2938 modius
2195 2881 2475 2936 exsolvere
2504 2889 2692 2951 potero
2719 2881 2862 2951 quod
2895 2881 3158 2949 repetitis.
3191 2881 3255 2934 Et
3285 2896 3352 2935 ne
3385 2881 3538 2935 vobis

251 2979 387 3033 pene
423 2967 716 3023 dormiens
749 2970 1082 3024 extenderim
1139 2971 1336 3041 digitos
1364 2972 1430 3025 ad
1475 2971 1841 3033 scribendum,
1874 2989 1918 3049 ε
1950 2977 2140 3031 videar
2171 2976 2447 3030 innectere
2493 2990 2694 3038 moras,
2742 2975 2868 3028 dum
2922 2975 3078 3029 nocui
3118 2971 3268 3027 aeris
3314 2974 3540 3029 nebulas

251 3075 372 3113 cum
419 3063 643 3117 noverit
693 3065 1062 3135 unusquisque
1087 3077 1340 3121 'vestrum
1382 3083 1485 3137 qua
1534 3067 1844 3122 conditione

249 3164 544 3223 gravetur,
583 3157 678 3224 qui
711 3158 954 3212 mercede
981 3160 1277 3214 conductus
1304 3159 1426 3214 aliis
1464 3161 1668 3214 servire
1697 3176 1844 3215 com-

246 3245 497 3313 pellitur.
540 3247 700 3303 Prius
728 3250 790 3305 ad
816 3261 1029 3320 pastum
1060 3253 1378 3307 reduccmus
1406 3253 1667 3316 oviculas,
1696 3254 1843 3322 prius

183 3351 185 3353 ·
245 3339 789 3408 θειιίειιῗοςκῐηοτῖἰρο
820 3346 957 3399 lacte
994 3347 1319 3415 potabimus,
1365 3347 1513 3415 prius
1552 3356 1605 3399 et
1643 3345 1842 3400 tectulo

243 3445 338 3487 eos
363 3433 803 3500 contutahimus,
833 3443 887 3488 et
911 3451 1038 3490 cum
1057 3436 1157 3490 sub
1179 3436 1433 3491 frondosa
1459 3437 1655 3490 arbore
1679 3446 1842 3491 mem”-

1948 3067 2307 3123 formidantes
2354 3068 2542 3123 Austri
2582 3068 2899 3137 spiramina,
2949 3067 3038 3137 qui
3085 3082 3179 3121 cas
3219 3065 3538 3121 submoveat

1945 3162 2033 3218 vel
2065 3177 2390 3216 aranearum
2423 3161 2555 3216 telas
2575 3161 2900 3231 disrumpat,
2932 3160 3129 3230 quibus
3155 3159 3338 3214 herba:
3361 3156 3538 3212 solent

1949 3253 2117 3318 infici,
2167 3253 2548 3325 praestolamur
2577 3271 2590 3307 :
2623 3252 2737 3322 jam
2779 3260 2941 3307 nunc'
2971 3252 3020 3306 in
3055 3251 3280 3305 alteram
3313 3259 3540 3320 partem

1946 3361 2046 3400 nos
2069 3347 2327 3401 ducentes
2348 3347 2712 3400 consistamus
2752 3345 2803 3399 in
2844 3335 3034 3411 unum,
3072 3351 3128 3400 et
3175 3342 3398 3399 Its-dium
3443 3356 3540 3398 ve-

1947 3445 2119 3492 strum
2153 3438 2255 3492 hac
2287 3437 2495 3493 modica
2522 3436 2782 3493 relatione
2819 3437 3030 3492 levabo.

1433 3625 1737 3705 LIBER
1812 3627 2296 3740 TERTIUS.

315 3801 646 3872 Baptizato,
676 3811 731 3857 ut
771 3804 1022 3870 diximus,
1062 3819 1189 3876 rege
1222 3813 1410 3860 nostro
1459 3803 1753 3871 Clodoveo,
1791 3813 1846 3860 et

243 3893 528 3948 universo
581 3893 814 3947 exercitu
865 3895 980 3965 ejus
1027 3910 1184 3949 sacro
1241 3894 1534 3950 chrismate
1577 3895 1841 3961 delibuto,

248 3995 411 4041 tanto
455 3986 647 4055 regina
678 3985 871 4040 dicitur
909 3987 1209 4042 exsultasse
1238 3988 1492 4058 tripudio,
1544 3997 1601 4041 ut
1632 3991 1682 4042 iu
1716 4003 1844 4042 con-

245 4091 450 4148 spectu
483 4077 666 4132 omnis
685 4079 861 4146 populi
891 4079 1008 4134 solo
1058 4083 1445 4148 procumbens,
1494 4088 1548 4134 et
1589 4079 1844 4151 lacrymis

247 4172 551 4244 superfusa
587 4172 797 4226 Domini
835 4172 1184 4228 benediceret
1228 4172 1591 4242 maiestatem,
1631 4173 1755 4241 quia
1788 4172 1839 4226 in

248 4279 312 4319 ca
341 4265 608 4334 dignatus
636 4264 806 4317 fuerat
831 4263 1127 4332 adimplere
1162 4265 1304 4335 quod
1333 4266 1594 4334 scriptum
1631 4279 1751 4318 esse
1786 4264 1838 4318 in

1952 3805 2226 3870 Videlicet,
2260 3821 2351 3876 qui
2396 3820 2605 3858 summa
2639 3814 2788 3859 sorte
2835 3804 2902 3858 de
2949 3803 3107 3871 Troia
3163 3817 3285 3857 cum
3337 3803 3544 3857 nostris

1954 3897 2278 3966 au‘fugcrant
2319 3905 2370 3950 ct
2419 3895 2790 3951 Macedoniam
2836 3895 3003 3948 armis
3051 3894 3391 3956 domuerant,
3451 3894 3534 3947 iu-

1950 4004 2112 4058 super
2159 3996 2213 4042 ct
2270 3995 2667 4058 pervaserant.‘
2700 3985 2850 4039 lianc
2909 3984 3242 4038 insectantes
3286 3983 3536 4047 Romani,

1949 4082 2092 4136 sicut
2121 4090 2176 4136 et
2205 4089 2433 4135 cmteras
2468 4080 2750 4142 nationes,
2784 4077 2970 4133 multis
3005 4093 3123 4131 eam
3153 4075 3357 4146 prmliis
3383 4074 3537 4129 attri-

1948 4182 2164 4238 verunt,
2202 4173 2446 4242 captivos
2477 4185 2659 4227 secum
2684 4171 3034 4232 adducentes,
3069 4177 3123 4223 et
3154 4167 3325 4238 spolia
3367 4166 3545 4221 multa

1950 4263 2207 4318 ferentes.
2248 4261 2528 4316 Adductus
2556 4269 2640 4314 est
2670 4260 2812 4314 inter
2857 4259 3096 4328 reliquos
3142 4274 3277 4328 puer
3317 4257 3536 4327 quidam

247 4359 525 4429 Apostolo
553 4359 752 4428 legerat
778 4358 868 4427 qui
898 4359 1054 4413 dicit:
1079 4357 1379 4413 Saluabitur
1409 4360 1486 4413 vir
1508 4359 1736 4428 inﬁdelis
1757 4374 1847 4426 per
1877 4356 1924 4415 D
1952 4354 2324 4411 Theodericus
2367 4352 2612 4416 nomine,
2651 4360 2706 4406 et
2735 4350 2914 4420 puella
2954 4351 3201 4420 qutcdam
3240 4364 3359 4418 qua:
3401 4347 3544 4402 Lilia

253 4454 539 4506 mulierem
585 4451 811 4520 ﬁdelem.
866 4452 943 4506 Ex
997 4462 1124 4506 tunc
1177 4452 1510 4507 Francorum
1567 4453 1739 4506 virtus
1791 4463 1847 4507 ct

253 4543 438 4614 gloria
496 4545 569 4597 ita
624 4543 851 4597 Domino
907 4550 1236 4614 procurante
1287 4543 1631 4614 magniﬁcata
1681 4543 1846 4598 fuisse

252 4635 528 4699 refertur,
557 4642 615 4688 ut
641 4650 748 4688 non
781 4635 951 4690 solum
985 4635 1178 4689 vicina:
1219 4645 1426 4705 gentes,
1459 4651 1646 4688 verum
1681 4636 1844 4689 etiam

250 4725 427 4797 longe
467 4734 690 4779 remota:
735 4739 921 4778 eorum
966 4724 1236 4779 amicitias
1279 4734 1619 4794 expeterent,
1666 4735 1719 4779 et
1751 4719 1846 4778 eos

252 4815 756 4887 consanguinitatis
777 4817 945 4886 gratia
977 4815 1080 4871 sibi
1121 4815 1376 4869 fmdcrari
1407 4815 1489 4870 vel
1516 4815 1844 4870 consortiari

253 4911 558 4978 cuperent.
579 4905 734 4960 Unde
767 4907 991 4977 contigit
1022 4919 1083 4960 ut
1121 4905 1493 4961 Theodericus
1531 4905 1698 4959 Italia:
1723 4920 1840 4970 rex,

251 5000 352 5072 qui
397 5000 452 5054 in
483 4997 635 5052 Italia
669 4997 859 5054 Gothis
892 5001 1196 5070 imperabat
1225 5009 1278 5054 et
1304 4999 1590 5064 Romanis,
1634 4998 1846 5053 Laude.

253 5093 499 5151 childem
535 5092 785 5147 Clozlovei
823 5109 1065 5150 sororem
1094 5096 1163 5148 ad
1217 5093 1523 5165 coniugium
1567 5101 1844 5161 expeteret

250 5195 310 5240 et
354 5183 651 5251 acciperet.
694 5183 743 5237 ls
770 5184 926 5255 igitur
978 5184 1350 5242 Theodericus
1378 5187 1499 5256 quis
1547 5185 1713 5238 fuerit
1760 5185 1844 5240 vel

251 5276 402 5330 unde
437 5273 707 5343 originem
742 5274 969 5344 duxerit,
1001 5279 1047 5333 si
1094 5273 1326 5331 modicis
1371 5277 1556 5332 verbis
1591 5273 1844 5330 evolvere

251 5386 367 5424 non
393 5367 553 5423 vobis
583 5385 865 5428 onerosum
894 5377 1185 5428 habeatur.
1224 5375 1526 5428 praesertim
1573 5386 1694 5425 cum
1726 5371 1840 5425 heri

1950 4447 2270 4501 vocabatur.
2314 4443 2378 4498 Hi
2414 4453 2561 4500 sorte
2598 4442 2853 4496 militaris
2897 4441 3095 4512 prmda:
3133 4439 3371 4494 devoluti
3411 4447 3544 4494 sunt

1949 4541 2002 4595 in
2022 4548 2228 4608 partem
2247 4537 2398 4592 ldatii
2427 4536 2661 4608 patricii,
2684 4545 2733 4591 et
2760 4536 2994 4592 fideliter
3019 4535 3307 4591 serviendo
3331 4532 3542 4589 domini

1950 4633 2030 4686 sui
2061 4612 2301 4700 gratiam.
2331 4630 2561 4699 pleniter
2601 4635 2726 4682 sunt
2763 4627 2968 4698 adepti.
3011 4627 3141 4680 Erat
3179 4625 3307 4680 huic
3363 4623 3539 4677 Idalio

1949 4740 2090 4778 uxor
2116 4724 2336 4778 nomine
2367 4723 2604 4792 Eugenia
2634 4724 2827 4776 decora
2855 4721 3036 4784 valde,
3065 4720 3158 4773 sed
3193 4718 3417 4773 sterilis.
3457 4715 3548 4770 0b

1950 4821 2090 4876 hanc
2118 4836 2341 4875 causam
2374 4819 2773 4888 adoptaverant
2803 4819 2904 4873 sibi
2935 4818 2987 4871 in
3035 4816 3200 4870 lilium
3235 4812 3538 4870 Theoderi-

1949 4927 2098 4976 cum,
2121 4911 2315 4965 Liliam
2343 4911 2394 4966 in
2427 4911 2617 4974 filiam,
2645 4920 2699 4965 et
2720 4909 2978 4981 singulari
3004 4907 3299 4961 dilectione
3327 4903 3511 4960 excole

1947 5005 2103 5060 bant.
2151 5004 2300 5070 Quos
2351 5020 2473 5059 cum
2513 5005 2728 5057 amandi
2755 5003 2869 5072 lege
2903 5005 3160 5055 consueta
3211 5000 3443 5054 nutibus
3492 5003 3550 5048 et

1948 5094 2143 5158 sibilis,
2180 5093 2321 5162 jocis
2367 5103 2422 5148 ct
2455 5093 2795 5162 amplexibus
2841 5089 3099 5144 incubare
3130 5089 3551 5156 conspicerent,

1947 5185 2201 5256 conjugio
2222 5186 2463 5256 cepulari
2489 5185 2872 5253 permiserunt.
2903 5179 2966 5231 lat
2990 5178 3268 5231 advocans
3306 5174 3551 5246 Eugenio

1946 5279 2183 5353 puellam
2247 5280 2381 5333 dixit
2439 5277 2487 5331 ei
2543 5275 2829 5337 secretius,
2880 5285 3000 5324 cum
3050 5266 3116 5319 ad
3164 5267 3276 5323 viri
3345 5269 3548 5326 coitum

1945 5372 2269 5428 accesseris.
2303 5381 2636 5428 aumcunqne
2675 5364 2768 5418 tibi
2798 5367 3062 5415 noc‘turna
3091 5358 3320 5420 visione
3353 5372 3547 5417 occur-
