4044 5428
511 265 617 324 605

1495 279 1862 341 RORICONIS
1902 285 2207 344 MONACIH
2247 288 2765 350 MOISSIACENSIS

3661 303 3766 360 60$

513 396 654 487 sata.
677 385 840 487 lianc
873 391 1318 447 consuetudinem
1349 393 1418 449 ab
1439 395 1818 467 insipientibus
1840 411 1894 456 et
1925 403 2086 457 rnsti—
2112 404 2158 463 A
2189 405 2376 471 paucis
2403 405 2684 472 militibus,
2723 416 2915 479 aptans
2943 410 3116 481 magis
3149 412 3283 481 mori
3331 429 3492 484 quam
3531 415 3762 487 amplius

515 478 595 534 cis
623 479 801 536 adhuc
828 482 992 537 etiam
1025 486 1334 540 conservari
1363 490 1518 558 quasi
1551 506 1822 558 vcracem,
1850 510 1972 549 cum
2015 512 2081 551 ex

517 579 630 626 toto
678 573 850 628 inanis
897 575 963 628 sit
1010 583 1064 628 et
1107 574 1430 643 abiicienda,
1475 579 1694 650 plurimi
1745 595 2077 641 asseverant.

516 667 662 720 Abiit
696 667 908 731 mulier,
955 678 1008 722 et
1032 670 1382 739 obdormivit,
1405 681 1457 728 et
1491 685 1672 730 tamen
1708 675 1756 730 ei
1783 676 1836 731 in
1881 679 2084 732 somnis

517 757 705 811 ﬁctilia
746 758 897 827 quasi
926 761 1210 828 prtescntia
1245 761 1614 819 demonstrata
1657 775 1802 822 sunt.
1841 767 1988 824 Vidit
2029 769 2084 824 in

515 847 720 902 somnis
749 849 902 918 quasi
929 850 993 904 de
1031 851 1285 908 umbilico
1309 855 1515 910 ventris
1539 855 1622 911 sui
1657 856 1807 912 exire
1836 857 2084 913 arborem

515 937 783 993 excelsam
810 949 864 995 et
895 941 1202 1010 sublimem,
1230 945 1300 999 ita
1327 953 1386 1000 ut
1405 961 1542 1018 pene
1562 949 1784 1004 nubium
1813 949 2086 1006 altitudini

514 1035 780 1103 cozeqnari
813 1035 1086 1091 videretur
1116 1055 1130 1092 :
1157 1037 1325 1092 lilium
1355 1041 1603 1097 videlicet
1628 1044 1873 1112 signans,
1905 1044 1995 1114 qui
2021 1060 2088 1100 ex

515 1133 668 1199 utero
700 1126 844 1182 illius
862 1129 1200 1197 generandus
1219 1140 1358 1186 erat.
1382 1133 1448 1187 Et
1474 1135 1728 1206 evigilata
1752 1150 1864 1205 pra:
1887 1150 2089 1206 pavore

516 1217 759 1273 narravit
809 1219 928 1275 viro
956 1235 1054 1274 suo
1100 1222 1398 1290 somnium,
1449 1225 1670 1296 insvper
1714 1234 1770 1282 et
1819 1236 2088 1283 secretum

516 1307 747 1364 dominae
796 1325 909 1367 sua:
951 1314 1023 1368 nil
1067 1325 1279 1371 morata
1317 1318 1560 1374 nudavit.
1607 1318 1735 1386 Qua:
1771 1335 1893 1375 cum
1933 1334 2092 1376 mane

517 1404 846 1459 surrexisset
884 1407 1071 1461 edocta
1115 1423 1144 1462 a
1186 1398 1406 1476 marito,
1437 1425 1543 1466 non
1586 1420 1646 1466 ut
1681 1421 1960 1482 evenerat,
1997 1411 2091 1468 sed

519 1490 712 1547 fallens
762 1493 1036 1552 dominam
1094 1514 1248 1554 suam
1295 1501 1344 1556 ei
1395 1501 1555 1556 aliter
1599 1513 1682 1558 est
1731 1505 1932 1559 locuta.
1991 1505 2088 1570 En,

521 1585 714 1654 inquit,
743 1587 962 1643 domina
996 1605 1134 1658 mea,
1170 1600 1256 1646 tua
1300 1595 1465 1648 verba
1501 1610 1889 1662 rememorans,
1933 1596 2090 1667 juxta

522 1675 704 1732 virum
747 1679 846 1734 hac
886 1689 1045 1737 nocte
1093 1683 1420 1752 obdormivi,
1461 1696 1517 1742 et
1555 1688 1660 1742 vidi
1688 1704 1783 1758 per
1823 1689 2090 1744 somnium

2188 495 2398 562 vivere,
2451 513 2572 552 cum
2607 497 2722 566 jam
2766 499 2992 570 dispersi
3034 512 3224 558 essent:
3265 505 3332 560 ad
3377 507 3761 578 praedandum,

2187 584 2338 652 quasi
2368 600 2434 639 ex
2461 586 2752 657 improviso
2784 589 3012 647 inimicis
3046 596 3305 660 occurrit,
3325 605 3379 652 et
3403 612 3496 652 eos
3525 599 3763 668 impara-

2189 682 2272 729 tos
2308 675 2589 733 inveniens
2635 679 2802 734 veluti
2848 681 3036 752 vulgus
3076 684 3308 755 ignobile
3363 690 3668 760 superavit,
3713 701 3767 745 et

2189 782 2374 822 eorum
2405 780 2592 840 regem
2613 771 2793 843 gladio
2820 774 3128 840 trucidavit,
3171 793 3391 833 uxorem
3432 779 3661 849 insuper
3706 797 3770 837 ac

2189 856 2389 913 liberos
2419 859 2712 929 interfecit,
2750 879 3083 936 regnumque
3108 876 3162 922 et
3191 879 3402 938 gentem
3438 869 3764 926 llerulorum

2190 958 2245 1004 et
2273 951 2508 1007 nominis
2539 953 2855 1026 dignitatem
2882 957 2947 1011 ad
2974 957 3200 1013 nihilum
3231 976 3401 1032 usque
3439 961 3691 1027 deduxit,
3718 974 3785 1018 et-

2190 1058 2376 1099 eorum
2422 1045 2608 1116 spoliis
2646 1047 2845 1104 ditatus
2873 1059 2975 1114 est,
3007 1051 3080 1106 ita
3112 1061 3170 1105 ut
3193 1051 3401 1108 Chrmsi
3443 1069 3578 1122 opes
3612 1069 3773 1125 supe-

2193 1153 2347 1194 rasse
2370 1154 2429 1194 se
2467 1141 2734 1196 crederet.
2775 1140 2890 1198 Hoc
2917 1158 3038 1198 cum
3071 1143 3296 1199 relatum
3322 1143 3516 1201 fuisset
3542 1146 3773 1214 impera-

2193 1229 2317 1295 tori,
2350 1230 2602 1286 extimuit
2655 1233 2901 1304 protinus
2943 1250 3009 1289 ne
3052 1235 3304 1291 similiter
3335 1237 3603 1290 adversus
3649 1252 3771 1291 cum

2193 1321 2483 1391 aliquando
2509 1338 2661 1379 arma
2692 1326 3012 1397 corriperet,
3042 1336 3098 1382 et
3122 1342 3242 1382 eum
3285 1328 3392 1384 vita
3440 1330 3690 1400 privaret
3723 1341 3776 1384 et

2195 1418 2447 1499 imperio.
2473 1419 2626 1476 Tune
2655 1422 2820 1476 etiam
2849 1431 2905 1477 et
2936 1438 3251 1492 persuasum
3277 1432 3358 1480 est
3387 1424 3713 1494 imperatori
3743 1440 3789 1479 at

2193 1510 2513 1580 quibusdam
2558 1513 2785 1578 annulis,
2817 1514 3012 1584 quibus
3037 1511 3352 1570 Theoderici
3385 1515 3694 1571 liberalitas
3722 1526 3776 1569 et

2196 1601 2482 1670 prudentia
2507 1603 2846 1673 displicebat,
2871 1604 2962 1674 qui
2989 1620 3112 1659 eum
3136 1620 3349 1676 quoque
3380 1617 3777 1660 accusaverant

2196 1691 2424 1748 crimine
2455 1695 2708 1763 pessime,
2757 1700 2818 1749 ut
2861 1695 3252 1752 Theodericum
3289 1697 3394 1752 sub
3425 1695 3778 1753 festinatione

521 1768 674 1836 quasi
706 1784 901 1838 equum
930 1779 980 1826 et
1013 1787 1208 1844 equam
1241 1777 1481 1832 omnium
1512 1779 1852 1848 pulchriores
1887 1780 2089 1850 ingredi
2125 1759 2170 1820 Β
2197 1783 2265 1837 ad
2290 1799 2350 1838 se
2369 1784 2554 1839 venire
2578 1785 2894 1855 praeciperet
2923 1797 2980 1840 et
3006 1801 3131 1840 eum
3162 1786 3274 1840 vita
3306 1785 3571 1856 privaret.
3601 1785 3786 1841 Theo-

524 1861 576 1913 in
599 1861 815 1917 dommn
844 1864 1181 1922 dominorum
1209 1879 1472 1936 meorum,
1498 1885 1634 1940 quos
1661 1869 2095 1940 subsequebatur

521 1952 699 2022 pullus
735 1953 930 2011 habilis
957 1965 1010 2012 et
1039 1957 1271 2016 lascivus
1293 1975 1388 2016 sua
1418 1961 1814 2033 pulchritudine
1835 1978 2099 2034 superans

519 2057 709 2097 omnes
733 2059 925 2116 greges
952 2061 1239 2117 equorum.

509 2197 512 2200 ,
593 2133 688 2190 llis
727 2138 953 2205 auditis,
997 2140 1200 2196 ldatius
1229 2153 1281 2195 et
1331 2142 1568 2213 [ingenia
1617 2152 1946 2213 putaverunt
1999 2143 2099 2199 sibi

520 2226 761 2281 sobolem
785 2229 1114 2299 adfuturam,
1137 2242 1191 2287 et
1210 2234 1279 2288 ob
1300 2234 1439 2290 hanc
1457 2237 1684 2305 gratiam
1707 2235 2100 2291 Theodericum

524 2323 578 2368 et
602 2314 794 2372 Liliam
823 2318 1072 2377 libertate
1098 2321 1458 2390 donaverunt,
1490 2336 1543 2380 et
1570 2325 1754 2381 multis
1785 2326 2102 2383 muneribus

523 2407 853 2464 (litaverunt.
908 2410 1241 2484 Conceptnm
1298 2431 1525 2486 puerum
1569 2417 1703 2471 Lilia
1751 2418 1994 2486 peperit,
2046 2427 2103 2474 et

529 2504 743 2557 vocavit
772 2520 895 2559 eum
925 2509 1141 2561 nomine
1171 2511 1341 2580 patris
1367 2511 1448 2566 sui
1477 2510 1890 2568 Theodericum.
1921 2513 2105 2569 Crevit

525 2609 680 2662 puer,
713 2604 768 2652 et
793 2597 1098 2656 ablactatus
1131 2611 1237 2668 est,
1268 2613 1322 2658 et
1360 2604 1625 2674 adoptans
1659 2622 1780 2660 eum
1818 2606 2019 2662 ldatius
2049 2607 2103 2663 in

528 2687 865 2756 filinrn,'cum
905 2695 1050 2749 omni
1082 2695 1357 2762 diligentia
1400 2713 1522 2753 eum
1561 2701 1803 2755 enutrirc
1830 2703 2102 2771 praecepit.

532 2776 660 2832 Fuit
685 2779 828 2835 enim
859 2782 1086 2839 decorus
1113 2795 1578 2856 aspectu,statnra
1611 2805 1888 2859 procerus,
1933 2806 2106 2846 sazcu-

533 2869 632 2927 lari
680 2875 964 2943 prudentia
1010 2887 1065 2932 et
1109 2879 1403 2936 calliditate
1446 2884 1704 2946 munitus,
1753 2891 1809 2938 et
1863 2882 2107 2953 corporis

529 2965 695 3020 nimia
753 2966 1067 3025 fortitudine
1121 2973 1548 3044 circonspeclus.
1624 2975 1890 3030 Defuncto
1947 2975 2109 3045 igitur

2196 1874 2412 1930 dericus
2455 1874 2618 1944 igitur
2674 1874 2813 1929 nihil
2855 1875 2962 1930 doli
3001 1875 3328 1945 suspicatus,
3368 1891 3492 1930 cum
3542 1875 3612 1930 1-2
3661 1877 3781 1930 mil-

2198 1965 2340 2021 libus
2394 1964 2814 2020 fortissimorum
2869 1965 3190 2022 bellatorum
3249 1967 3778 2036 Constantinopolim

2199 2073 2371 2126 usque
2405 2057 2738 2128 prepcravit,
2788 2067 2843 2114 et
2885 2059 2964 2114 sic
3008 2059 3251 2114 occurrit
3284 2058 3626 2128 imperatori.
3670 2057 3780 2112 De-

2199 2159 2406 2207 cretum
2437 2159 2553 2204 erat
2578 2149 2646 2205 ab
2677 2150 2930 2205 universo
2954 2159 3144 2205 senatu
3175 2158 3234 2203 ut
3256 2165 3376 2204 cum
3406 2147 3783 2204 Theodericus

2205 2240 2356 2296 solus
2393 2240 2767 2311 ingrederetur
2803 2239 3079 2312 palatium,
3117 2239 3455 2296 membratim
3497 2239 3782 2295 scindere-

2203 2341 2290 2386 tur
2311 2340 2474 2398 totus,
2505 2341 2561 2386 et
2591 2331 2664 2385 ita
2699 2331 2764 2386 de
2796 2331 2971 2389 medio
2996 2331 3287 2389 viventium
3329 2329 3631 2385 tolleretur.
3670 2330 3780 2384 Sed

2204 2422 2477 2478 Ptolemazi
2509 2423 2667 2477 amici
2707 2423 2788 2476 sui
2833 2421 3059 2478 consilio
3093 2429 3448 2478 conservatus
3476 2429 3531 2475 et
3574 2421 3788 2479 astutia

2202 2512 2464 2568 liberatus
2518 2523 2621 2567 est.
2673 2512 2914 2567 Accessit
2961 2513 3104 2567 enim
3157 2511 3225 2566 ad
3274 2511 3691 2582 imperatorem,
3729 2519 3787 2562 et

2203 2620 2326 2660 eum
2368 2605 2452 2659 his
2485 2604 2753 2660 allocutus
2795 2613 2878 2660 est
2906 2604 3084 2658 verbis
3115 2621 3128 2657 :
3169 2622 3185 2654 ι
3221 2601 3502 2673 Indignum
3545 2601 3780 2655 nimium

2204 2705 2289 2752 est
2327 2695 2595 2766 majestati
2639 2704 2856 2759 vestrm,
2891 2693 3108 2751 domine
3130 2694 3202 2748 mi
3245 2693 3560 2763 imperator,
3606 2699 3670 2746 at
3705 2690 3786 2745 sic

2205 2787 2578 2843 fraudulenter
2619 2787 2782 2841 homo
2821 2784 2912 2840 ille
2941 2785 3300 2840 interficiatur
3339 2783 3458 2839 sine
3486 2781 3630 2853 lege,
3667 2782 3784 2836 sine

2201 2874 2428 2946 judicio,
2465 2876 2544 2931 sic
2580 2883 2862 2947 separetur
2891 2890 2922 2929 a
2953 2875 3088 2943 suis,
3127 2875 3205 2930 sic
3229 2873 3566 2944 opprimatur
3614 2887 3648 2926 a
3688 2887 3786 2927 no,

2210 2969 2360 3024 stris.
2407 2968 2568 3024 Prius
2623 2968 2878 3024 omnibus
2932 2982 3095 3023 causa
3145 2966 3390 3022 criminis
3433 2961 3773 3037 exp'onat’ur;

528 3057 700 3117 Idalio
725 3069 778 3119 et
806 3059 1067 3136 Eugsmia,
1097 3060 1280 3135 iussus
1304 3076 1387 3125 cst
1424 3066 1659 3127 militare
1700 3067 2098 3131 Thaida-ﬁcus,
2136 3107 2182 3170 ε
2212 3059 2364 3128 prius
2395 3059 2460 3113 ad
2491 3073 2618 3114 suos
2648 3067 2931 3114 senatores
2953 3059 3118 3113 etiam
3147 3059 3212 3113 de
3237 3059 3387 3114 curia
3415 3068 3602 3112 nostra
3631 3059 3786 3112 nobi.

547 3161 578 3170 ,.
719 3153 740 3170 π
872 3156 882 3168 .
944 3157 954 3170 .
1160 3169 1164 3170 ν
1241 3160 1252 3170 -
1436 3165 1444 3170 .
1762 3165 1773 3170 -
1939 3166 1949 3170 -
2216 3151 2374 3170 .,__-_
2423 3150 2721 3170 J,_.___,.‘__
2754 3149 2838 3170 ---ε
2871 3165 2982 3170 ---μ
3025 3148 3304 3170 ,,.,___.-_
3333 3148 3638 3170 -_.__:__-__.
3697 3164 3781 3170 _-__

528 3161 584 3206 et
609 3153 688 3208 sic
719 3153 916 3212 Leonis
944 3157 1286 3227 imperatoris
1313 3165 1543 3230 gratiam
1569 3165 1824 3229 emeruit,
1858 3175 1910 3218 et
1938 3166 2106 3236 impe-

531 3241 650 3295 riali
677 3243 874 3312 palatio
925 3249 1062 3317 apud
1100 3247 1620 3320 Constantinopolim
1658 3253 2008 3325 ingenuitatis
2052 3264 2106 3310 et

521 3335 768 3411 audacia:
802 3353 995 3394 nomen
1019 3340 1121 3396 sibi
1172 3343 1462 3410 acquisivit
1515 3353 1571 3397 et
1630 3343 1861 3398 laudem.
1921 3344 2106 3402 Ptole-

531 3443 698 3483 nueus
744 3428 963 3498 quidam
1013 3448 1078 3485 ex
1123 3433 1398 3488 senatorio
1450 3435 1638 3489 ordine
1693 3437 1817 3491 huic
1872 3436 1926 3490 in
1970 3438 2107 3492 anti-

532 3521 714 3576 citiam
776 3511 1100 3594 singularem
1182 3524 1253 3578 ita
1319 3527 1601 3582 devinctus
1661 3542 1780 3582 esse
1837 3528 2102 3592 refertur,

535 3625 594 3669 ut
638 3631 760 3671 eum
813 3633 982 3687 usque
1030 3619 1097 3673 ad
1138 3619 1278 3673 diem
1325 3620 1406 3674 sui
1466 3620 1646 3676 obitus
1715 3636 1812 3676 suo
1879 3622 2106 3677 consilio

535 3715 589 3759 et
646 3708 929 3777 prudentia
1003 3711 1072 3764 ab
1115 3710 1458 3765 obviantibus
1504 3710 1758 3780 periculis
1795 3711 2106 3766 invidorum

539 3805 712 3851 tutare
763 3807 991 3853 conatus
1047 3799 1138 3853 sit.
1201 3799 1265 3853 Et
1321 3800 1445 3854 dum
1504 3800 1826 3870 quibusdam
1867 3798 2108 3853 Theode-

536 3887 633 3941 rici
664 3888 945 3958 prudentia
977 3889 1232 3960 placeret,
1261 3890 1386 3944 dum
1432 3898 1487 3945 et
1531 3889 1850 3960 quibusdam
1895 3889 2108 3945 invidia:

533 3994 692 4033 causa
726 3981 1002 4036 videretur
1031 3995 1281 4047 onerosa,
1316 3997 1410 4052 per
1441 3982 1799 4036 internuntios
1834 3982 2106 4037 communi

534 4071 760 4127 consilio
792 4073 858 4128 ab
899 4073 1227 4144 imperatore
1254 4073 1368 4128 ltali
1405 4073 1709 4144 petiverunt
1737 4081 1795 4126 ut
1822 4071 1902 4127 eis
1928 4071 2107 4126 Theo-

447 4180 455 4182 -
533 4160 750 4216 dericus
788 4163 1050 4232 patricius
1092 4164 1480 4229 institueretur,
1529 4173 1794 4234 quatenus
1826 4161 1942 4232 ejus
1983 4178 2111 4232 pru-

535 4251 713 4306 dentia
739 4253 996 4321 singulari
1023 4255 1090 4308 ab
1116 4254 1443 4310 instantibus
1478 4255 1711 4311 inimicis
1736 4265 1978 4311 tueretur
2004 4255 2110 4311 Ro-

536 4355 693 4394 mana
739 4343 978 4398 libertas.
1038 4344 1246 4399 Placuit
1293 4347 1396 4400 hoc
1457 4346 1812 4415 imperatori,
1881 4355 1936 4402 et
1983 4362 2106 4402 eum

2213 3151 2377 3211 liores
2417 3150 2721 3221 dirigantur
2747 3149 2838 3220 qui
2871 3165 2986 3204 rem
3019 3148 3305 3220 diligenter
3329 3148 3662 3212 examinem,
3693 3164 3782 3218 qut

2209 3242 2566 3303 offensionum
2599 3242 2782 3311 culpas
2820 3241 3177 3310 multiplicare
3209 3240 3536 3305 didicerunt,
3574 3249 3631 3293 ut
3663 3255 3783 3294 cum

2207 3340 2276 3395 ab
2308 3348 2555 3408 utrisque
2597 3348 2702 3392 DlOl
2721 3342 2768 3394 te
2799 3331 2991 3408 dignus
3019 3331 3182 3392 fuerit
3214 3332 3511 3408 judicatus,
3539 3341 3665 3391 tunc
3695 3332 3788 3392 ιἐ·

2206 3433 2418 3488 centius
2461 3441 2621 3500 atque
2662 3431 2888 3486 liberius
2933 3440 3026 3485 aut
3073 3431 3262 3486 chIiis
3310 3429 3647 3498 subrigatnr,
3693 3440 3787 3484 aut

2205 3523 2382 3593 capite
2413 3523 2690 3593 puniatur,
2719 3521 2813 3592 .vcl
2838 3523 3131 3593 suspendio
3151 3529 3355 3591 pereat.
3383 3519 3607 3575 interim
3637 3521 3786 3574 vivus

2209 3623 2459 3669 teneatur
2483 3623 2540 3668 et
2583 3614 2815 3668 vinctus.
2846 3613 2926 3667 En
2963 3621 3018 3668 et
3063 3627 3165 3681 ego
3205 3627 3327 3667 cum
3357 3611 3552 3682 legatis
3590 3613 3784 3666 vestris

2208 3705 2358 3760 abire
2379 3715 2599 3774 paratus
2620 3719 2760 3760 sum.
2793 3724 2813 3758 ι
2843 3704 3129 3775 Eliguntur
3154 3704 3386 3775 denique
3412 3705 3655 3774 quinque
3679 3706 3774 3758 \il‘i

2208 3795 2503 3850 nobiliores
2535 3795 2602 3851 de
2635 3795 2788 3850 curia
2818 3795 3162 3864 imperatoris
3188 3794 3302 3864 qui,
3342 3803 3402 3848 ut
3439 3804 3788 3865 suggesserat

2210 3883 2550 3948 Ptolemaeus,
2581 3883 2649 3938 ad
2675 3881 2882 3938 Gothos
2910 3883 3139 3940 italusve
3163 3883 3506 3953 imperatoris
3538 3884 3788 3937 mandata

2209 3975 2503 4032 deferrent.
2553 3973 2714 4029 Jussu
2762 3975 3104 4044 imperatoris
3146 3977 3280 4030 abiit
3322 3991 3443 4033 cum
3486 3976 3570 4031 eis
3615 3969 3790 4031 Ptole-

2209 4083 2398 4133 manus,
2440 4075 2493 4122 et
2518 4067 2886 4122 seet-ctissime
2916 4068 3175 4138 praemisit
3205 4083 3439 4137 puerum:
3470 4067 3561 4135 qui
3593 4067 3794 4122 Gothis

2211 4164 2462 4220 universa
2490 4164 2811 4228 nuntiasset,
2847 4171 2902 4216 et
2927 4163 3015 4232 qui
3049 4163 3323 4216 intimaret
3349 4161 3558 4230 legatos
3601 4174 3790 4214 omnes

2211 4273 2332 4314 esse
2360 4256 2676 4311 vinciendos
2717 4253 2919 4324 pariter
2959 4263 3013 4306 et
3042 4251 3408 4315 Ptoletnaaum,
3439 4259 3497 4304 et
3525 4265 3789 4318 quarum-

2213 4350 2336 4404 dam
2387 4362 2670 4418 pmnartnn
2714 4345 3078 4400 ostentatione
3115 4344 3526 4414 perterrendos,
3565 4343 3669 4397 nisi
3715 4343 3790 4397 eis

518 4434 764 4515 .ltomam
793 4434 1051 4504 dirigens,
1078 4436 1398 4504 patriciatus
1421 4436 1624 4491 honore
1650 4437 1971 4490 sublimatus
2004 4444 2104 4499 est,
2140 4468 2186 4528 Β
2214 4440 2476 4495 velociter
2501 4439 2778 4493 dominum
2804 4453 2959 4491 suum
2985 4437 3374 4491 Theodericum
3398 4450 3589 4488 sanum
3621 4444 3677 4487 οι
3716 4435 3792 4487 in-

537 4538 593 4581 et
621 4541 742 4581 cum
774 4526 986 4581 llerulis
1023 4529 1204 4596 praelia
1253 4528 1415 4580 multa
1455 4527 1748 4592 commisit,
1795 4537 1852 4582 et
1901 4542 1994 4581 eos
2041 4525 2111 4579 ad

541 4619 963 4673 internecionem
992 4635 1160 4688 usque
1185 4619 1399 4674 delevit.
1442 4619 1595 4675 Unde
1637 4619 1863 4688 contigit
1903 4627 1960 4672 ut
1986 4633 2111 4673 cum

540 4712 627 4768 die
655 4711 886 4781 quadam
926 4712 1185 4766 adversus
1222 4728 1408 4768 eorum
1440 4727 1621 4780 regem
1654 4711 1899 4781 praelium
1930 4710 2114 4766 conci-

542 4812 767 4868 lassent,
805 4809 859 4857 et
898 4817 966 4856 ex
1002 4812 1233 4872 utroque
1282 4803 1523 4857 exercitu
1565 4801 1797 4871 plurima
1833 4800 2111 4854 hominum

539 4895 829 4951 multitudo
868 4896 1070 4950 mutuis
1103 4894 1414 4949 vulneribus
1447 4902 1845 4957 sternerentur,
1875 4892 2113 4948 sentiens

541 4986 907 5044 Theodericus
930 5003 1150 5044 suorum
1189 4986 1396 5057 gladios
1431 4985 1712 5052 defecisse,
1761 4995 1910 5054 terga
1942 4985 2110 5049 dedit,

539 5091 595 5136 ct
634 5082 708 5137 ita
755 5097 877 5137 cum
922 5082 1034 5137 suis
1081 5080 1292 5142 fugiens
1321 5079 1630 5134 Ravennam
1683 5086 1769 5132 est
1811 5077 2109 5142 ingressus.

2216 4533 2486 4588 columem
2529 4530 2778 4585 redderet
2817 4529 3131 4598 imperator,
3183 4537 3400 4581 etcum
3429 4525 3790 4595 prosperitate

2215 4639 2309 4680 cos
2335 4639 2526 4679 omnes
2553 4623 2644 4692 qui
2673 4636 2794 4676 cum
2835 4635 2901 4674 eo
2921 4628 3077 4676 erant
3110 4620 3175 4673 ad
3205 4617 3421 4689 propria
3457 4616 3637 4670 redire
3669 4631 3789 4685 per-

2215 4715 2478 4770 mitteret.
2521 4713 2658 4779 Quid
2695 4712 2889 4781 plura?
2941 4711 3168 4766 necdum
3217 4709 3378 4763 verba
3418 4704 3673 4760 finierant
3703 4706 3790 4774 qni

2215 4803 2366 4858 missi
2417 4801 2632 4856 fuerant
2672 4808 2977 4864 senatores,
3017 4809 3075 4852 et
3109 4813 3238 4853 ecce
3274 4797 3513 4866 undique
3543 4797 3789 4850 vinciun-

2215 4903 2342 4959 tur,
2393 4895 2461 4949 ad
2517 4892 2952 4962 suspendendum
3014 4904 3205 4944 cruces
3271 4897 3570 4959 aptantur,
3627 4887 3786 4958 gladii

2217 4993 2486 5041 acuuntur
2511 4992 2566 5038 et
2595 4984 2809 5038 diversa
2841 4980 3096 5035 mortium
3128 4995 3323 5049 genera
3363 4989 3740 5049 pra‘parantur
3770 4996 3780 5029 :

2213 5093 2308 5134 eos
2335 5076 2537 5142 pariter
2561 5089 2792 5130 enecare
2815 5073 3231 5135 comminantes,
3253 5070 3355 5124 nisi
3379 5070 3631 5124 dominus
3663 5084 3784 5122 suas
