4044 5428
456 237 558 298 607

1433 242 1809 311 BORICONIS'
1838 241 2710 321 MOXACHt-MOISSMCENSIS

3641 274 3746 332 608

451 368 540 416 lus
567 353 666 428 per
689 353 930 415 tridtmm
963 370 1110 413 more
1139 358 1498 417 Ninivitarum
1537 365 1604 420 ab
1642 367 1915 424 alimentis
1942 371 2035 425 ab-

2150 351 2438 410 Ecclesiam
2469 370 2622 410 suam
2641 355 3245 430 'defensaredign'etur,
3273 377 3344 416 ne
3371 358 3606 420 callidus
3651 367 3683 421 h
3701 385 3744 418 )-

452 453 754 520 ﬂlnerent;
775 465 830 511 et
851 447 1023 527 Operti
1056 455 1268 519 ciliciis,
1299 465 1353 510 et
1392 459 1609 514 nudatis
1641 462 1868 532 pedibus
1899 467 2048 520 incc-

452 543 675 610 dentes,
731 548 846 603 ioca
900 557 1109 603 saerata
1158 547 1335 605 ﬂendo
1372 563 1426 606 et
1475 556 1681 611 orando
1734 551 2047 625 circuircnt,

414 639 418 647 ’
451 643 768 695 σιπῐηειηιόε
797 640 964 720 Κυνῖε
993 643 1217 714 eleyscn,
1269 644 1316 698 si
1339 664 1342 668 '
1367 643 1503 721 forte
1537 649 1637 704 hac
1679 651 2052 721 lutmiliatione

451 729 702 802 [ﬁrmatus
750 735 1007 790 Dominus
1068 737 1174 791 tam
1241 739 1535 795 terribilem
1585 730 2051 801 exterminationis

460 825 781 880 sententiam
823 827 872 880 in
921 828 1348 885 benevolentiam
1385 843 1762 888 commutaret.
1815 836 2048 891 Instituit

457 917 620 969 etiam
649 924 708 971 t’tt
738 927 834 987 per
863 921 1032 974 annos
1060 920 1296 990 singulos
1325 922 1411 977 ‘in‘
1446 917 1633 979 eadem
1675 929 1901 981 ecclesia
1932 927 2052 982 lita-

459 1008 564 1063 nitc
585 1021 683 1079 per
717 1010 954 1066 triduum
987 1025 1295 1085 agerentur,
1320 1018 1384 1070 ad
1412 1035 1545 1087 quas
1579 1021 1859 1076 universus
1887 1039 2054 1092 popu—

459 1097 539 1150 lns
561 1090 898 1165 conveniret,
933 1113 989 1157 et
1028 1120 1094 1159 ne
1137 1107 1368 1177 amplius
1418 1110 1659 1165 feraliter
1699 1090 2055 1169 absumet-em

461 1199 568 1253 tur,
605 1211 792 1264 preces
831 1199 1098 1267 supplices
1139 1196 1436 1256 effunderet
1475 1204 1738 1260 Creatori.
1773 1205 1916 1260 Vidit
1945 1208 2050 1263 Do-

461 1285 642 1341 minus
688 1287 1032 1344 aﬂlictionem
1066 1294 1244 1362 populi
1275 1295 1379 1358 sui,
1429 1305 1480 1350 et
1523 1299 1765 1367 pepercit
1791 1290 2072 1368 creatur-te

456 1393 588 1444 sum,
619 1395 686 1434 ne
715 1388 834 1436 vast
857 1392 1024 1437 iretur
1046 1386 1111 1438 ad
1139 1387 1593 1456 internecionem;
1630 1391 1731 1446 hac
1761 1392 2051 1462 plurimum

456 1471 746 1526 devotione
775 1473 1074 1530 delectatus
1104 1471 1206 1531 est;
1259 1478 1332 1533 Ita
1383 1480 1490 1550 lupi
1531 1483 1812 1539 smvicntes
1852 1483 2050 1556 repulsi

456 1573 614 1628 Sunt;
644 1565 715 1618 ita
742 1566 979 1622 vindicta
1005 1569 1241 1624 cmlcs'is
1267 1573 1652 1642 reprOpitiante
1682 1575 1908 1631 Domino
1932 1565 2053 1632 cono

453 1667 488 1723 q
511 1653 680 1710 licvit.
707 1655 781 1710 lta
817 1655 1086 1726 generalis
1113 1659 1290 1717 luctus
1313 1663 1364 1717 iu
1390 1665 1647 1732 gaudium
1675 1676 1759 1722 est
1787 1677 2048 1734 mutatus,

2153 446 2252 500 stis
2278 461 2372 500 sua
2418 446 2643 502 feritate
2676 452 3030 507 commaculet
3059 454 3201 522 quod
3233 455 3444 511 Domini
3482 460 3743 528 sanguine

2155 537 2502 604 cognoscitur
2535 555 2655 595 esse
2701 542 3057 611 redemptum.
3088 544 3343 600 Precatur
3370 547 3442 602 ibi
3473 563 3576 618 pro
3603 557 3742 607 statu

2153 627 2428 695 Ecclesiae,
2453 646 2551 700 pro
2575 631 2946 688 incolumitate
2965 634 3287 704 principum,
3320 638 3747 711 pro-serenitate

2152 735 2428 786 aurarum,
2462 738 2559 791 pro
2583 726 3034 796 terraefrngibus,
3080 723 3155 781 et
3178 742 3272 797 pro
3301 728 3538 783 diversis
3562 730 3741 800 populi

2151 812 2798 887 ineommoditatiluts,'ut
2829 815 2970 874 Deus
2999 828 3053 871 et
3091 817 3348 872 Dominus
3379 827 3567 872 noster
3593 817 3749 888 .lcsus

2153 901 2406 958 Christus
2437 921 2532 974 pro
2573 921 2669 960 sua
2700 907 2902 975 pietate
2927 916 2978 964 et
3007 909 3373 963 misericordia
3405 920 3519 965 Sua:
3549 920 3748 964 sancta:

2153 994 2650 1053 Ecclesizestatum
2709 999 2761 1053 iu
2815 1001 2960 1054 omni
3024 1003 3382 1072 prosperitate
3443 1003 3768 1071 custodiat;-

2153 1085 2426 1156 principcs
2454 1090 2635 1158 populi
2665 1091 2914 1147 catholici
2969 1093 3041 1146 ita
3079 1102 3323 1165 protegat
3357 1103 3412 1147 et
3439 1103 3748 1154 conservet.

2155 1185 2214 1232 ut
2242 1178 2474 1234 accincti
2502 1179 2818 1235 fortitudine
2845 1183 3074 1252 spiritali
3103 1185 3286 1254 procul
3315 1198 3345 1238 a
3375 1184 3536 1240 nobis
3567 1185 3754 1254 expel-

2152 1269 2267 1324 lant
2294 1287 2482 1326 omnes
2505 1273 2764 1328 barbaras
2804 1276 3086 1342 nationes;
3135 1278 3277 1332 aeris
3307 1277 3632 1346 temperiem
3659 1278 3753 1333 bo-

2150 1376 2278 1416 nam
2315 1363 2726 1426 nobistribuat,
2761 1383 3012 1437 agrorum
3057 1369 3397 1423 sterilitatem
3432 1370 3484 1423 in
3511 1369 3752 1439 Opimam

2156 1451 2537 1510 fecunditatem
2572 1457 2685 1528 ipse
2713 1469 3029 1526 commutet,
3061 1461 3244 1531 fruges
3267 1462 3540 1516 custodiat
3585 1471 3756 1530 atque

2155 1544 2497 1613 multiplicet,
2525 1555 2583 1601 et
2608 1548 2672 1600 ad
2700 1551 3068 1606 maturitatem
3111 1565 3280 1620 usque
3315 1550 3608 1618 perducat;
3636 1566 3759 1605 cor-

2157 1650 2348 1703 porum
2389 1652 2605 1706 quoque
2653 1648 2958 1697 nostrorum
3009 1640 3481 1696 incommoditates
3516 1641 3760 1695 medica-

470 1713 486 1723 _
817 1713 844 1726 ι,
1143 1713 1146 1714 ν
1390 1713 1647 1732 νην--.
1677 1713 1759 1722 νυ-
1789 1713 2047 1734 Nam..."

453 1744 578 1801 dun
611 1748 839 1802 ces‘savit
877 1749 1181 1817 tribulatio,
1204 1753 1327 1807 dum
1356 1753 1423 1809 ‘in
1463 1759 1924 1814 mansuetudinem
1958 1761 2047 1815 b3-

2154 1729 2242 1784 bili
2275 1731 2474 1785 virtute
2496 1731 2748 1802 depellat,
2775 1743 2829 1788 et
2865 1749 3026 1789 sanos
3057 1744 3220 1804 atque
3251 1733 3552 1788 incolumes
3582 1733 3635 1799 in
3657 1747 3759 1786 suo

452 1835 678 1890 stiarum
704 1837 826 1893 ferit
845 1855 888 1894 lS
910 1849 992 1896 est
1015 1844 1424 1898 c0nvet'sa.'l‘lar
1445 1856 1627 1900 sancta
1655 1850 2047 1905 consuetudine

452 1926 716 1983 delectata
749 1940 831 1986 est
859 1942 1042 1988 sancta
1075 1945 1250 1991 mater
1288 1935 1550 2003 Ecclesia,
1577 1947 1630 1992 et
1659 1953 1779 1993 cum
1807 1942 2045 1995 auctori-

451 2022 565 2074 tate
591 2018 817 2076 Romaui
850 2023 1118 2091 pontificis
1145 2041 1240 2096 per
1265 2027 1578 2081 universum
1612 2031 1796 2085 orbem
1831 2019 2049 2085 institu-

452 2113 566 2166 tum
596 2112 762 2168 estut
789 2109 840 2170 in
879 2116 964 2170 his
992 2118 1182 2171 diebus
1221 2120 1415 2185 tribus,
1448 2119 1497 2173 id
1533 2130 1610 2175 est
1637 2122 1871 2176 secunda
1907 2122 2042 2177 feria

452 2211 579 2260 ante
626 2206 956 2262 Dominiram
1007 2209 1394 2266 Ascensionem
1423 2253 1437 2276 ,
1489 2215 1646 2266 tertia
1695 2214 1945 2270 videlicet
1993 2225 2047 2270 et

453 2307 667 2367 quarta,
699 2301 764 2353 ad
805 2299 1089 2355 ecclesiam
1122 2303 1407 2357 conveniat
1435 2304 1675 2374 populus.
1708 2305 1769 2359 Et
1815 2306 1892 2360 sic
1921 2305 2045 2361 lita»

448 2385 572 2444 'ni'as
599 2390 893 2457 celebrent,
920 2385 979 2446 nt
1006 2394 1148 2447 sicut
1177 2395 1363 2448 eodem
1398 2401 1639 2464 tempore
1666 2396 1733 2450 ab
1773 2395 2047 2451 insectan-

452 2477 598 2534 tihus
648 2479 785 2551 lupis
835 2481 1071 2551 per‘Dei
1119 2486 1348 2552 gratiam
1390 2483 1644 2539 defensus
1695 2494 1778 2540 est
1825 2485 2052 2556 populus

452 2565 795 2636 Viennensis,
840 2574 912 2627 ita
958 2583 1010 2628 et
1052 2590 1195 2630 nunc
1229 2575 1318 2630 Dei
1355 2576 1631 2631 miseratio
1667 2577 1937 2646 spiritales
1967 2578 2050 2632 he"-

447 2673 568 2730 pns,
611 2664 662 2719 id
701 2675 802 2733 est,
846 2666 1086 2722 diabolos
1132 2683 1162 2722 a
1215 2667 1368 2722 nobis
1415 2677 1685 2734 amoveat,
1723 2677 1776 2722 et
1810 2678 2051 2723 sanctam

2155 1833 2344 1903 sancto
2400 1825 2630 1879 servitio
2681 1841 2778 1882 nos
2830 1841 3154 1881 conservare
3209 1826 3484 1896 dignetur.
3540 1825 3776 1899 Pcpuiit'

2139 1911 2352 1968 .Auster
2386 1915 2636 1970 nebulam
2666 1914 3057 1972 formidabilem
3088 1933 3436 1978 aranearum.
3486 1919 3606 1974 tela:
3637 1919 3760 1973 dis-

2157 2017 2329 2076 rupta:
2357 2017 2504 2073 sunt,
2538 2010 2764 2064 nocivus
2809 2026 2905 2064 aer
2950 2000 3252 2076 submotus,
3286 2012 3350 2064 ad
3389 2021 3604 2081 pastum
3634 2010 3759 2063 ovi-

2154 2099 2288 2155 cula:
2323 2110 2450 2156 sunt
2482 2102 2758 2163 ducendae.
2792 2120 2857 2157 ne
2888 2104 3134 2172 procacis
3169 2104 3362 2174 linguae
3391 2101 3604 2172 ﬂagello
3631 2115 3762 2170 per-

2139 2191 2331 2250 .cutiar
2359 2202 2414 2247 et
2442 2191 2720 2247 verbercr.
2764 2193 2872 2248 Vos
2922 2205 3050 2247 vero
3097 2193 3309 2248 nemine
3338 2193 3546 2246 sciente
3597 2199 3762 2243 caute

2153 2299 2242 2338 me
2273 2284 2583 2353 sequimini,
2631 2284 2674 2340 si
2725 2286 2850 2355 quid
2895 2285 3125 2355 amplius
3181 2285 3370 2339 audire
3391 2283 3661 2347 delectat,
3699 2291 3759 2335 et

2153 2386 2340 2432 cavete
2388 2392 2454 2432 ne
2500 2378 2601 2432 hoc
2651 2392 2863 2447 quoque
2909 2377 3118 2432 Domini
3168 2377 3271 2430 mei
3319 2376 3578 2440 sentiant,
3619 2373 3764 2444 quia.

2157 2469 2289 2522 mihi
2339 2469 2628 2538 plurimum
2678 2471 3002 2534 irascentur,
3057 2468 3101 2521 si
3162 2484 3244 2523 me
3293 2463 3778 2537 deprehenderint-

2157 2560 2419 2626 otiantem
2449 2561 2724 2616 vobiscum
2755 2571 2918 2631 atque
2951 2559 3324 2626 fabulantem._

1645 2770 2016 2856 rnomcus
2057 2800 2234 2856 Ltant
2272 2800 2532 2869 ρωῐηί

527 2935 668 2991 liora
701 2936 804 2990 diei
846 2935 1070 2990 decursa
1111 2934 1222 3003 jam
1278 2936 1456 3001 tertia,
1504 2947 1781 3007 quartum,
1825 2933 2050 3005 juvant'e
2078 2932 2122 2993 C
2155 2936 2423 3006 lapidibus
2467 2936 2827 3006 impleviu'ius,
2880 2937 3096 2992 fundam
3144 2942 3599 3010 praeparavimus;
3644 2959 3757 3000 non

452 3027 703 3091 Domino,
737 3027 896 3095 hujus
922 3028 1102 3098 Operis
1132 3027 1396 3082 iuchoabo
1424 3029 1682 3090 libellum,
1714 3021 1837 3098 quia
1868 3038 1922 3082 et
1947 3029 2048 3082 sub

451 3117 705 3173 frondosa
751 3119 944 3173 arbore
991 3118 1292 3172 residentes
1335 3128 1525 3172 :estnm
1574 3119 1704 3174 solis
1748 3117 2045 3175 declinavi-

455 3225 596 3274 mus,
620 3220 674 3264 et
699 3211 854 3280 lupus
885 3211 974 3279 Qui
1014 3209 1373 3266 insidiabatur
1401 3210 1592 3264 ovibus
1631 3211 1852 3265 territus
1891 3211 2044 3265 abiit.

451 3301 912 3357 Constriuxerunt
937 3302 1079 3357 enim
1109 3303 1292 3357 fauces
1315 3302 1479 3370 illius,
1513 3304 1707 3372 quibus
1734 3303 1938 3374 pariter
1967 3303 2046 3358 in-

447 3393 777 3459 sidiabatur,
811 3409 910 3448 nec
938 3393 1046 3461 iam
1077 3403 1136 3448 ut
1159 3393 1531 3462 lupusululat,
1565 3398 1656 3450 sed
1686 3407 1743 3450 nt
1769 3395 2046 3467 vulpecula

451 3485 665 3555 gannit,
695 3484 998 3540 humiliav-it
1026 3485 1232 3547 oculos,
1277 3486 1544 3541 cervicem
1578 3485 1746 3548 ﬂexit,
1787 3486 2049 3540 alteratur

457 3576 514 3629 in
555 3590 705 3641 voce,
735 3575 936 3629 incedit
963 3585 1028 3629 ut
1053 3576 1357 3648 languidus,
1389 3591 1495 3631 non
1547 3587 1602 3632 ut
1654 3575 1924 3632 feritatem
1949 3593 2045 3648 po-

455 3675 573 3729 tat,
601 3666 696 3720 sed
727 3674 783 3719 ut
813 3665 1057 3721 incautos
1084 3666 1340 3736 decipiat.
1377 3665 1567 3722 Utrum
1615 3668 1843 3738 gallinas
1883 3668 2048 3736 inspi-

452 3760 584 3824 ciat,
616 3773 682 3812 an
719 3759 868 3812 sitiat
902 3775 1098 3827 agnos,
1133 3759 1364 3814 habetur
1404 3761 1669 3816 incertum
1701 3781 1714 3816 :
1754 3769 1808 3816 et
1857 3762 1900 3816 si
1941 3761 2048 3832 pel-

453 3849 557 3904 lem
593 3853 867 3905 mutasset
889 3849 1162 3922 lEthiops,
1210 3852 1262 3906 in
1305 3868 1460 3908 ovem
1503 3854 1708 3924 pariter
1731 3863 1786 3908 et
1816 3854 1960 3908 hunc
1985 3868 2043 3908 se

452 3945 730 3998 crederem
781 3944 1116 3999 immutasse.
1165 3946 1317 4013 Quod
1371 3948 1414 4002 si
1471 3948 1753 4002 mentitum
1800 3947 2042 4003 habitum

451 4034 685 4098 exiret-it,
732 4041 787 4089 et
828 4049 955 4090 oves
991 4037 1203 4090 nostras
1252 4035 1482 4107 amplius
1523 4047 1779 4092 consueta
1831 4035 2046 4090 feritate

452 4127 773 4195 pervaserit,
807 4141 989 4197 peram
1019 4127 1368 4198 pastoralem,
1400 4144 1560 4200 quam
1598 4145 1763 4200 prope
1800 4128 2044 4193 cernitis,

2156 3043 2254 3084 nos
2281 3043 2472 3094 segnes
2500 3038 2552 3083 ct
2580 3028 2872 3097 imparatos
2903 3028 3162 3092 inveniet,
3205 3032 3466 3086 audacter
3503 3047 3629 3087 eum
3658 3050 3759 3089 ex-

2156 3119 2546 3190 spectabimus,
2575 3116 2737 3172 fnnda
2765 3117 3047 3186 dejicietur
3071 3128 3126 3172 et
3165 3119 3360 3189 lapide.
3395 3121 3460 3174 Et
3491 3123 3754 3191 quoniam

2131 3210 2412 3281 .specmtis
2450 3211 2515 3264 ad
2557 3209 2836 3274 Austrum,
2885 3219 2940 3264 et
2989 3224 3098 3264 non
3146 3209 3345 3276 verbis,
3395 3215 3489 3266 sed
3535 3214 3757 3268 nutibus

2111 3309 2113 3311 ’
2155 3301 2386 3363 intuitis,
2416 3308 2475 3353 ut
2503 3300 2643 3354 sicut
2670 3299 2944 3355 Romanos
2980 3299 3210 3354 a.Gallis
3239 3300 3456 3355 attritos
3484 3313 3540 3356 et
3560 3303 3756 3373 expul-

2153 3407 2244 3448 sos
2275 3389 2586 3454 insinuasti,
2614 3388 2823 3445 Gothos
2870 3391 3076 3459 pariter
3130 3400 3366 3460 tangam,
3423 3401 3479 3446 et
3517 3395 3758 3462 qualiter

2151 3499 2339 3539 eorum
2373 3482 2552 3536 rabies
2605 3482 2676 3536 sit
2723 3497 3032 3553 compressa
3057 3481 3504 3552 planosermone
3531 3485 3755 3537 demon-

2149 3584 2408 3630 stremus.
2444 3573 2662 3650 Faciam
2691 3575 2832 3644 quod
2864 3574 3170 3638 hortamini,
3215 3574 3259 3629 si
3311 3589 3407 3629 vos
3436 3576 3753 3643 promiseri-

2153 3667 2220 3722 tis
2251 3667 2390 3720 nulla
2422 3681 2519 3722 nos
2561 3665 2790 3736 amplius
2836 3665 3598 3735 inquietudinepulsaturum,
3626 3677 3679 3720 et
3704 3667 3774 3729 si,

2151 3759 2508 3814 rusticitatent
2542 3771 2718 3814 mea‘m
2764 3769 2973 3814 meeum
3004 3759 3473 3828 ipsicelaveritis,
3505 3775 3577 3814 ne
3607 3761 3752 3814 viro-

2151 3867 2271 3906 rum
2307 3850 2567 3906 nobilium
2593 3867 2753 3921 quam
2783 3851 3015 3906 urbanas
3041 3867 3201 3906 aures
3231 3851 3389 3906 laedat
3415 3868 3600 3908 sermo
3624 3867 3752 3922 pau-

2152 3943 2357 4012 perior,
2383 3943 2508 4012 quia
2539 3944 2670 3997 tanti
2699 3944 2840 4014 regis
2871 3943 3149 3998 historiam
3174 3958 3306 3998 ausu
3333 3947 3628 3999 temerario
3658 3944 3749 3999 de-

2153 4034 2384 4105 gnstavi,
2419 4049 2578 4103 quam
2609 4044 2858 4089 sensatus
2887 4033 3079 4104 aliquis
3117 4033 3403 4102 prmconiis
3436 4033 3772 4090 innumera--

2156 4126 2355 4180 bilibus
2387 4124 2649 4182 extollere
2673 4124 2985 4187 debuisset,

1670 4321 1978 4419 LIBER
2005 4318 2554 4417 QUARTUS.

525 4516 824 4572 Cludoveus
848 4517 1026 4587 igitur,
1049 4517 1200 4589 cujus
1229 4517 1536 4596 religiosum
1565 4519 1806 4596 animum
1832 4519 2044 4574 divinus
2073 4512 2122 4572 D
2153 4517 2290 4582 Filii,
2319 4527 2376 4572 et
2403 4515 2641 4587 Spiritus
2670 4517 2840 4572 sancti
2881 4530 3002 4571 esse
3028 4515 3294 4578 crederet,
3326 4513 3372 4569 si
3396 4528 3528 4570 eum
3559 4515 3664 4569 sibi
3696 4515 3745 4568 in

458 4608 638 4664 fervor
662 4608 956 4674 amaverat,
1001 4610 1115 4664 zelo
1143 4611 1265 4665 tidei
1305 4625 1587 4674 accensus,
1619 4626 1725 4666 non
1773 4611 1946 4666 solum
1981 4612 2048 4678 de

455 4702 691 4773 propriis
723 4702 919 4758 finibus
968 4703 1290 4758 exturbabat
1329 4704 1634 4769 haereticos,
1665 4719 1850 4758 verum
1883 4705 2047 4776 etiam

456 4796 500 4851 si
544 4795 752 4867 aliquos
798 4795 1099 4849 vicinarum
1143 4797 1382 4868 gentium
1415 4797 1591 4874 minus
1614 4797 1901 4866 religiosos
1928 4812 2050 4851 esse

455 4893 833 4962 comperisset,
860 4899 953 4945 aut
974 4905 1068 4946 eos
1091 4891 1292 4963 sedulis
1319 4893 1711 4963 irruptionibus
1733 4889 2046 4956 edomabat,

455 4990 538 5016 nul
595 4983 740 5016 ,ιω-ιο
792 4981 1015 5016 tantum”:
1069 4983 1341 5016 ctu-uituli:
1391 4983 1656 5016 υἶΑΙΛι-Ιηι·
1683 4979 2017 5016 Ληηνῖηιοιιση

2150 4607 2444 4663 amicitiam
2481 4616 2754 4662 retentare
2791 4614 3030 4676 cuperet.
3072 4604 3177 4661 Sed
3203 4606 3454 4660 Alaricus
3487 4615 3746 4660 consueta

2146 4697 2368 4751 feritate
2391 4695 2660 4760 suffultus,
2688 4689 2930 4764 propriis
2950 4697 3155 4751 viribus
3177 4693 3452 4749 conlidere
3483 4692 3674 4763 (ξαίνει,
3695 4705 3747 4749 et

2152 4789 2257 4843 boc
2285 4788 2450 4843 etiam
2499 4786 2716 4857 indigne
2759 4783 2964 4853 ferens,
3020 4803 3119 4840 cur
3176 4787 3301 4841 talia
3355 4785 3584 4840 auderet
3627 4801 3745 4840 eum

2152 4883 2350 4951 smpius
2388 4879 2702 4951 injuriabat,
2729 4888 2783 4934 et
2818 4895 2916 4948 pro
2957 4880 3252 4950 gratiarum
3302 4878 3523 4932 actione
3560 4887 3748 4932 contu-

2155 4972 2343 5016 melias
2388 4970 2668 5016 inferebat-
2711 4969 3074 5016 nnamohmm
3109 4979 3164 5016 et
3199 4969 3464 5016 adversus
3505 4971 3654 5016 cum-
3690 4977 3748 5016 ut
