4044 5428
264 396 361 450 609

1512 388 1729 453 GESTA
1760 384 2214 455 GRANCORUM.

3421 386 3524 442 ϐω

263 510 559 567 efficeretur
586 506 857 575 Alaricus,
890 517 944 562 et
965 504 1217 577 deinceps
1253 504 1304 560 in
1334 503 1672 561 confessione
1708 519 1846 561 vera:
1876 518 1921 576 Α
1952 515 2141 555 eorum
2187 508 2241 553 et
2288 498 2500 554 animos
2549 496 2865 567 armaveris,
2913 495 3121 567 juratas
3177 497 3419 570 legiones
3470 500 3523 562 in

261 596 380 651 ﬁdei
406 609 780 664 perseverans,
830 595 1006 648 foedus
1036 593 1311 647 alterutrae
1344 591 1492 661 pacis
1526 590 1618 651 tali
1659 589 1848 657 obsero

258 685 471 738 vatione
524 684 826 747 ﬁrmarent,
872 690 927 736 ut
973 680 1163 736 Franci
1216 680 1420 749 pariter
1475 688 1639 747 atque
1690 676 1848 745 Gothi

258 790 410 828 arma
464 774 801 843 deponerent
837 773 1048 841 quoties
1100 772 1166 827 ad
1215 770 1598 827 stabiliendum
1650 768 1847 834 fwdus,

256 865 339 917 vel
389 863 459 917 ad
509 862 928 931 colloquendqu
987 861 1131 916 acies
1185 870 1424 929 utraeque
1478 858 1848 912 convenirent.

257 953 414 1008 Gothi
452 953 635 1021 itaque
672 960 890 1004 assueta
935 949 1250 1004 inﬁdelitate
1292 948 1443 1017 pacis
1482 946 1684 1001 foedera
1724 961 1849 1016 per-

256 1046 477 1098 turbare
504 1043 809 1112 cupientes,
852 1051 908 1095 et
958 1056 1139 1111 regem
1178 1049 1421 1095 nostrum
1450 1040 1557 1093 vita
1587 1028 1643 1093 et
1686 1038 1851 1109 impe-

174 1146 177 1147 '
254 1137 334 1195 rio
360 1136 595 1207 spoliare
636 1136 988 1203 meditantes,
1016 1136 1262 1191 cultellos
1299 1135 1683 1205 permaximos,
1715 1149 1852 1203 quos

252 1228 557 1296 velgariter
582 1229 894 1281 [tantsacros
919 1237 1176 1297 corrupto
1207 1227 1466 1293 vocabulo
1489 1227 1848 1292 nominamus,

252 1318 431 1388 palliis
455 1327 839 1382 contexerunt,
866 1326 923 1371 ut
954 1319 1055 1373 hoc
1092 1318 1281 1371 habitu
1307 1317 1511 1387 palliati
1541 1317 1657 1370 sine
1686 1315 1851 1385 impe-

249 1412 495 1466 dimento
541 1421 851 1465 sternerent
890 1412 1211 1479 imparatum
1242 1410 1539 1465 exercitum
1575 1408 1848 1464 Glodovei.

254 1502 406 1569 Quod
442 1518 573 1556 cum
620 1503 888 1557 Patet-nus
934 1501 1224 1573 legatarius
1261 1502 1654 1572 praesensisset,
1683 1516 1851 1572 genus

254 1595 507 1650 factionis
539 1595 1129 1659 admiratus,.Francos
1160 1594 1225 1648 ad
1270 1595 1489 1664 propria
1515 1594 1693 1649 redire
1714 1608 1851 1663 prte-

258 1688 411 1751 texit,
444 1697 499 1741 et
550 1688 666 1757 ipse
711 1686 987 1746 Alaricum
1035 1686 1121 1742 his
1176 1687 1723 1743 sermocinationibus
1767 1694 1853 1741 est

254 1795 542 1850 aggressus
568 1795 585 1834 ί
614 1797 632 1830 ι
665 1777 935 1845 Quoniam
965 1780 1113 1848 pacis
1143 1787 1198 1833 et
1224 1778 1475 1832 amicitiae
1495 1777 1618 1848 jura
1648 1779 1849 1849 nostris

1954 603 2198 655 ttustrttttt
2249 594 2563 663 sanguittem
2607 593 2842 657 acueris,
2898 594 3103 663 absque
3149 593 3407 649 dilatione
3440 594 3525 647 fa-

1954 681 2148 736 ctionis
2180 691 2281 736 tua:
2308 682 2498 752 dignas
2530 698 2716 752 pmnas
2753 683 3008 750 accipies,
3050 700 3170 737 cum
3199 684 3264 737 ad
3297 685 3397 739 hoc
3425 700 3523 739 at;-

1952 788 2072 828 rum
2108 774 2451 837 dividendum
2489 775 2726 830 Francos
2752 786 2965 831 nostros
2988 776 3280 839 adduxero,
3308 792 3430 830 cum
3456 778 3524 831 ad

1953 864 2093 918 hanc
2114 863 2427 935 dignitatem
2455 867 2835 935 possidendam
2860 877 3073 921 nostros
3098 878 3317 937 nepotes
3338 883 3528 922 accen-

1952 956 2105 1017 dero.
2154 972 2276 1011 cum
2334 958 2403 1011 ad
2456 958 2771 1014 dividendus
2824 961 2922 1014 bos
2977 960 3235 1014 terminos
3290 959 3525 1016 calamos

1952 1055 2169 1108 nostros
2194 1047 2276 1101 vel
2312 1046 2467 1103 funes
2494 1052 2790 1105 extendere
2818 1051 3021 1106 fecero.
3054 1071 3071 1104 ι

1957 1200 1966 1207 ι
2022 1137 2118 1194 llis
2164 1140 2234 1193 ita
2278 1143 2566 1210 peroratis,
2621 1158 2849 1197 ascenso
2877 1159 3016 1214 equo
3042 1146 3107 1198 ad
3136 1144 3377 1201 Francos
3398 1160 3529 1209 con:

1950 1232 2092 1286 citus
2123 1233 2335 1297 abiens,
2370 1234 2622 1288 universa
2672 1234 2813 1289 sicut
2854 1245 3149 1289 evenerant
3180 1220 3399 1290 domino
3426 1252 3525 1291 suo

1950 1320 2219 1377 Clodoveo
2264 1324 2550 1388 nuntiavit,
2604 1333 2658 1379 et
2702 1324 2820 1393 ejus
2856 1326 3065 1379 animos
3096 1326 3162 1380 ad
3192 1326 3524 1396 ampliﬁcan-

1951 1410 2073 1465 dam
2107 1410 2439 1467 Fraucorum
2470 1406 2694 1485 gloriam
2726 1416 3073 1469 vehementer
3100 1418 3365 1481 accendit,
3394 1404 3521 1472 dum

1949 1500 2016 1572 ad
2048 1500 2305 1557 videndos
2352 1513 2565 1559 montes
2609 1503 2922 1575 Pyrenaeos,
2972 1504 3055 1558 vel
3095 1507 3161 1559 ad
3201 1506 3527 1561 collustran-

1948 1593 2073 1647 dum
2104 1611 2255 1649 mare
2298 1596 2574 1652 Oceanum
2624 1612 2745 1651 eum
2799 1599 3052 1653 hortatur
3079 1599 3250 1654 abire.
3284 1599 3395 1655 iloc
3425 1601 3525 1655 fuit

1947 1687 2326 1745 scandalorum
2378 1677 2632 1755 initium,
2694 1691 2818 1746 inde
2879 1691 3301 1746 concertationis
3360 1708 3524 1746 causa

1949 1780 2236 1834 succrevit.
2287 1779 2399 1836 lloc
2448 1782 2600 1850 origo
2646 1782 2949 1849 discordize,
2993 1799 3100 1854 qua
3128 1796 3181 1838 et
3212 1783 3525 1849 Gothorum,

255 1887 313 1927 ac
335 1872 530 1926 vestris
558 1871 884 1933 utilitatibus
914 1856 1241 1940 providendo
1261 1871 1403 1924 inter
1425 1881 1649 1941 utraque
1674 1886 1840 1941 regna
1872 1863 1915 1923 Β
1946 1868 2134 1931 feritas
2158 1878 2243 1922 est
2271 1871 2478 1935 attrita,
2505 1880 2560 1923 et
2583 1870 2830 1926 Alaricus
2873 1873 2979 1926 vita
3019 1874 3224 1942 pariter
3253 1874 3516 1943 spoliatus

255 1964 492 2018 stabilire
524 1963 846 2028 meditarer,
884 1972 938 2017 et
979 1972 1035 2029 ut
1072 1950 1153 2017 exi
1181 1962 1322 2017 facto
1362 1962 1555 2032 patuit,
1588 1971 1846 2017 consueto

253 2056 532 2110 mendacio
563 2065 622 2110 et
654 2054 1019 2121 fraudulentia
1052 2054 1288 2120 utitnini,
1328 2064 1385 2108 ut
1424 2065 1638 2109 nostros
1661 2054 1847 2125 pallia-

255 2147 319 2201 tis
346 2147 674 2206 vulneribus
711 2157 957 2205 sternere
996 2146 1295 2210 volueritis,
1342 2162 1409 2198 ne
1448 2154 1556 2198 tant
1587 2145 1764 2200 subito
1795 2152 1850 2207 et

249 2240 523 2311 insperate
548 2240 831 2309 rejiciatur
856 2240 955 2293 ista
978 2239 1237 2303 conditio,
1269 2238 1700 2306 qualemcunque
1726 2237 1850 2292 vici-

250 2349 439 2388 norum
468 2349 662 2402 regem
694 2348 790 2401 per
818 2330 1177 2391 internuntios
1203 2346 1367 2400 super
1417 2330 1516 2384 hac
1563 2345 1621 2384 re
1644 2329 1847 2398 pariter

247 2426 622 2488 consulamus,
652 2424 911 2494 quidquid
934 2424 1052 2494 ipse
1074 2423 1373 2478 decreverit
1395 2423 1599 2492 absque
1623 2421 1851 2477 frustra—

249 2519 397 2573 tione
422 2518 791 2589 eompleatur.
812 2539 835 2571 ι
881 2519 1031 2585 Quod
1058 2518 1323 2572 Patet-nus
1352 2525 1603 2573 oraverat
1632 2516 1850 2571 mandat

244 2610 511 2680 compleri
542 2610 774 2681 populis,
811 2620 865 2665 et
897 2608 1287 2664 Theodericum
1328 2607 1492 2662 Italia:
1539 2622 1718 2678 regem
1752 2621 1845 2661 su-

246 2716 340 2771 per
373 2702 484 2755 hoc
524 2702 987 2772 pereunctandum
1032 2700 1284 2763 insinuat,
1334 2709 1388 2752 et
1436 2698 1695 2768 quidquid
1735 2697 1848 2767 ipse

246 2792 519 2846 decernat
567 2792 811 2861 prmcipit
857 2791 1281 2860 exsequendum.
1315 2790 1433 2856 Quo
1478 2806 1600 2845 cum
1646 2790 1849 2859 pariter

248 2884 650 2950 perrexissent,
686 2883 944 2937 l’ateruus
992 2882 1240 2936 videlicet
1281 2890 1334 2936 et
1376 2881 1583 2951 legatus
1620 2880 1845 2943 Alarici,

247 2972 404 3027 istius
421 2972 708 3044 patefacto
735 2974 947 3042 negotio
963 2971 1218 3042 cogitavit
1243 2970 1607 3024 Theodericus
1633 2970 1775 3039 quod
1801 2971 1848 3025 si

247 3064 344 3116 hos
361 3063 701 3117 fortissimos
717 3078 865 3132 reges
883 3070 1157 3133 separaret
1178 3062 1244 3115 ab
1263 3061 1491 3114 invicem
1507 3070 1559 3114 et
1575 3060 1718 3115 inter
1730 3077 1845 3129 eos,

247 3153 633 3208 altercationis
645 3163 697 3210 et
710 3154 817 3209 odii
833 3153 1084 3207 alfamina
1100 3153 1409 3217 seminaret,
1428 3154 1552 3223 dum
1570 3168 1628 3208 se
1645 3155 1845 3209 mutuis

1949 1971 2000 2013 et
2028 1960 2306 2028 dignitate.
2348 1960 2417 2029 lit
2442 1961 2696 2029 quoniam
2728 1962 3050 2017 Theoderici
3088 1966 3231 2034 regis
3267 1965 3515 2033 quaedam

1946 2049 2210 2120 principia
2269 2050 2551 2105 retulimus
2604 2068 2723 2124 qua:
2776 2065 2972 2107 nostra:
3026 2055 3324 2109 narrationi
3380 2072 3512 2108 con-

1948 2154 2142 2208 gruere
2184 2140 2559 2209 sperabamus,
2605 2142 2726 2211 quis
2771 2142 2894 2197 linis
2942 2143 3060 2212 ejus
3107 2143 3269 2199 fuerit
3315 2146 3522 2215 pariter

1949 2229 2287 2295 intimemus,
2336 2240 2393 2285 ut
2432 2231 2547 2299 ejus
2591 2234 2915 2289 formidabili
2947 2236 3194 2305 exemplo
3222 2253 3416 2306 pravos
3438 2238 3525 2308 jn-

1944 2321 2095 2391 dices
2126 2323 2483 2395 corrigamus.
2518 2324 2613 2379 llic
2646 2326 2953 2397 iniquorum
2993 2330 3349 2405 quorumdam
3383 2345 3520 2383 cou-

1947 2410 2069 2466 silio
2108 2411 2452 2482 depravatus,
2484 2412 2747 2469 Joannem
2791 2432 2983 2485 papam
3028 2428 3081 2472 et
3131 2418 3522 2489 Symmachum

1948 2504 2253 2574 patricium,
2271 2507 2413 2561 viros
2436 2506 2792 2574 Christianos,
2827 2512 2896 2566 ab
2922 2512 3333 2569 insidiatoribus
3358 2532 3523 2569 accu-

1946 2606 2115 2661 Satos,
2145 2613 2267 2652 cum
2297 2614 2360 2652 ex
2389 2609 2502 2654 toto
2538 2600 2657 2656 sine
2696 2600 2993 2659 offensione
3037 2605 3299 2670 viverent,
3334 2607 3521 2675 iniquo

1942 2686 2147 2758 jlldiClO
2178 2691 2560 2745 condemnavit
2588 2702 2748 2762 atque
2770 2693 3042 2749 trucidare
3082 2698 3355 2765 praecepit.
3396 2696 3525 2753 Post

1944 2781 2065 2835 haec
2111 2798 2233 2837 cum
2278 2782 2568 2838 duceretur
2611 2787 2677 2838 ad
2717 2786 2946 2851 exitum,
2981 2802 3084 2842 nec
3128 2768 3241 2841 rem
3274 2789 3525 2859 hujusce-

1946 2871 2091 2927 modi
2139 2882 2397 2953 purgaret
2427 2876 2783 2943 pmuitudine,
2821 2876 2950 2930 ultio
2981 2878 3033 2930 iu
3061 2894 3183 2931 eum
3208 2878 3391 2932 divina
3425 2881 3521 2933 de-

1942 2964 2154 3021 ,sccn'lit
2180 2973 2234 3018 et
2266 2965 2506 3034 iniquum
2529 2964 2643 3033 ejus
2670 2966 2915 3035 spiritum
2945 2984 2973 3020 a
3000 2983 3227 3038 corpore
3256 2970 3521 3027 violenter

1958 3051 2247 3117 abstraxit,
2293 3063 2346 3106 et
2389 3056 2529 3109 sicut
2566 3055 2725 3110 beato
2765 3071 2901 3126 papa
2952 3055 3213 3129 Gregorio
3256 3060 3525 3117 referente

1948 3145 2319 3212 cognorimus,
2369 3147 2559 3199 eodem
2611 3149 2697 3202 die
2739 3163 2846 3218 quo
2883 3149 2947 3204 de
2982 3151 3079 3203 hac
3106 3150 3223 3206 luce
3247 3152 3521 3223 migravit,

249 3244 523 3300 bellatum
567 3245 846 3300 eventibus
884 3247 1290 3316 impugnaient,
1327 3244 1561 3315 dumque
1602 3261 1660 3301 se
1696 3236 1841 3300 uter.
1870 3231 1914 3294 C
1950 3235 2030 3288 vir
2058 3236 2278 3305 quidam
2312 3237 2363 3290 in
2395 3237 2581 3292 Sicilia
2625 3238 2877 3293 habitans
2916 3249 2968 3295 et
3013 3241 3325 3313 angelorum
3355 3244 3522 3298 vitam

256 3352 361 3405 que
388 3338 673 3395 exercitus
710 3336 910 3392 mutuis
954 3337 1265 3397 vulneribus
1290 3345 1614 3402 sternerent,
1648 3339 1840 3393 horum

254 3428 368 3495 ipse
399 3428 621 3482 medius
658 3438 850 3497 pacato
893 3428 1015 3496 jure
1057 3429 1382 3498 quiesceret.
1439 3428 1553 3484 Iloc
1609 3430 1841 3499 denique

252 3520 482 3585 statuit,
517 3520 623 3574 hoc.
650 3520 910 3585 decrevit,
939 3522 1092 3591 quasi
1119 3536 1187 3576 ex
1216 3522 1483 3575 sententia
1507 3522 1836 3590 prodiretur,

250 3621 309 3664 ut
348 3610 482 3668 hinc
511 3620 569 3664 et
610 3611 730 3665 inde
768 3610 1099 3666 Francorum
1140 3621 1195 3665 et
1236 3612 1540 3666 Gothorum
1589 3621 1837 3683 utraeque

248 3702 398 3757 acies
424 3701 782 3758 convenirent
824 3712 988 3772 atque
1030 3703 1489 3766 circumstarent;
1528 3702 1589 3765 in
1610 3718 1839 3771 quorum

252 3796 436 3849 medio
465 3794 680 3863 legatus
722 3794 977 3850 Clodovei
1017 3810 1155 3865 equo
1204 3795 1448 3849 residens
1488 3809 1701 3849 sursum
1744 3795 1840 3849 ha-

251 3893 393 3937 stam
441 3885 697 3953 erigeret,
736 3892 790 3938 et
821 3884 1003 3937 tandiu
1048 3885 1100 3937 in
1130 3885 1359 3938 circuitu
1390 3884 1507 3954 ejus
1534 3900 1724 3938 aurmn
1756 3901 1841 3941 ar-

248 3983 593 4045 gentumque
632 3990 727 4045 pro
763 3974 1156 4043 compositione
1204 3974 1463 4029 facinoris
1491 3974 1651 4029 Gothi
1684 3989 1837 4029 com-

255 4074 571 4135 portarent,
603 4064 771 4119 donec
813 4079 974 4119 omne
1016 4063 1280 4133 Spiculum
1313 4064 1473 4134 hujus
1502 4064 1698 4135 gemini
1727 4079 1840 4119 me-

254 4158 368 4211 talli
423 4157 679 4226 congerie
724 4156 1049 4225 operiretur.
1086 4157 1195 4211 llac
1235 4157 1547 4211 conditione
1575 4159 1834 4227 gravatus

246 4250 533 4313 Alaricus,
558 4250 739 4303 odium
770 4264 928 4317 quant
959 4263 1147 4318 pacem
1191 4248 1353 4318 elegit
1390 4248 1593 4317 potius,
1638 4258 1695 4303 et
1734 4248 1839 4315 alio

248 4338 465 4394 fraudis
516 4353 716 4410 genere
768 4338 1061 4393 Paternum
1112 4339 1359 4406 decipere
1413 4339 1733 4401 conabatur,
1789 4338 1834 4393 si

247 4430 395 4485 forte
428 4446 560 4484 casu
605 4429 786 4498 aliquo
829 4429 1115 4483 laederetur
1154 4431 1219 4482 ad
1255 4437 1482 4483 mortem
1515 4437 1569 4483 et
1602 4430 1676 4485 ita
1716 4429 1836 4483 lini-

250 4532 407 4574 retur
438 4522 545 4573 ista
580 4520 882 4581 contentio,
912 4520 1038 4573 dum
1071 4534 1178 4577 non
1204 4528 1344 4574 esset
1381 4520 1470 4589 qui
1503 4520 1838 4575 renuntiaret

249 4613 419 4682 hujus
449 4611 654 4680 negotii
688 4610 967 4665 veritatem
998 4611 1217 4665 domino
1241 4620 1423 4665 nostro
1446 4609 1737 4666 Glodoveo.
1778 4612 1836 4666 lu

248 4703 632 4765 vetustissimo
662 4716 805 4761 eum
859 4702 1059 4757 solario
1111 4702 1373 4770 li0$pitari
1425 4704 1703 4772 praecepit,
1738 4718 1834 4771 per

247 4793 401 4862 quod
440 4792 573 4845 dum
610 4792 826 4845 incaute
862 4790 1125 4859 graditur,
1175 4790 1509 4844 comminuto
1547 4792 1648 4845 sub
1691 4792 1836 4861 pedi-

244 4886 351 4938 bus
376 4883 501 4951 ejus
530 4883 699 4952 liguo,
727 4898 925 4950 pronus
961 4882 1027 4936 ad
1073 4892 1275 4936 terram
1324 4882 1542 4946 cecidit,
1576 4892 1629 4936 et
1663 4882 1840 4938 fracto

244 4978 484 5033 brachio
544 4978 669 5030 vita:
710 4983 1015 5039 reservatus
1065 4983 1169 5038 est,
1230 4972 1455 5028 Domino
1503 4983 1838 5045 protegente.

244 5069 503 5137 Cumque
529 5068 619 5120 vix
646 5064 1066 5132 convalesceret,
1094 5079 1196 5119 nec
1224 5064 1350 5118 dum
1377 5080 1567 5121 sanato
1597 5066 1841 5132 vulnere,

1754 5158 1841 5192 Δία

248 5160 315 5192 ,Α
367 5157 737 5192 ηειο-ιΛηηΛηα
792 5155 1069 5192 Illac-nume
1127 5169 1257 5192 cnnc
1303 5169 1423 5192 num
1468 5158 1701 5192 naucularum

1942 3325 2088 3381 inter
2139 3328 2394 3383 homines
2450 3344 2664 3398 gerens,
2719 3331 2843 3384 dum
2884 3329 3041 3400 juxta
3080 3333 3523 3388 consuetudinem

1941 3420 2175 3491 orationi
2208 3421 2565 3486 incumberet,
2608 3430 2663 3476 et
2710 3432 2896 3491 raptus
2940 3423 2992 3476 iu
3030 3423 3223 3494 spiritu
3251 3413 3373 3479 veta
3399 3414 3529 3493 sup-

1942 3514 2102 3584 plicia
2152 3515 2455 3585 porrigeret
2494 3500 2763 3581 Creatori,
2815 3516 2949 3571 vidit
2997 3515 3170 3586 ipsum
3214 3516 3519 3572 Theoderi-

1936 3621 2065 3677 cum
2117 3606 2445 3660 discinctum
2478 3616 2533 3660 et
2570 3594 2957 3661 discalceatum
3006 3608 3199 3683 vinctis
3236 3594 3357 3678 pust
3410 3619 3519 3662 ter-

1940 3712 2068 3767 gunt
2098 3699 2349 3751 manibus
2385 3697 2452 3751 ad
2475 3713 2757 3767 pcenarum
2790 3684 3203 3767 loca’pertrahi.
3235 3698 3302 3752 Et
3331 3700 3383 3753 bi
3411 3700 3518 3753 duo

1943 3786 2087 3857 viri,
2138 3785 2379 3842 Joannes
2432 3788 2684 3842 videlicet
2733 3797 2789 3843 et
2844 3789 3227 3858 Synauacbus,
3297 3791 3528 3863 turpiter

1938 3894 2063 3934 eum
2106 3876 2449 3948 appellabant
2496 3882 2761 3934 violenter
2804 3890 2965 3949 atque
2996 3883 3404 3950 pertrahcbaut.
3451 3884 3519 3938 Et

1940 3969 2091 4029 sicut
2120 3986 2215 4023 eos
2245 3970 2441 4039 injusta
2490 3980 2662 4026 morte
2699 3972 3092 4037 damnaverat,
3140 3972 3211 4025 ita
3260 3972 3358 4041 ipsi
3401 3988 3523 4027 euut

1940 4070 2059 4131 post
2088 4072 2316 4115 mortem
2360 4061 2427 4116 ad
2484 4062 2805 4131 supplicium
2849 4064 3234 4131 perduxerunt,
3266 4074 3319 4117 et
3350 4065 3402 4117 in
3431 4066 3526 4118 ba-

1942 4156 2180 4209 rathrum
2209 4153 2429 4208 Vulcani
2454 4156 2569 4209 sine
2595 4156 2945 4209 miseratione
2972 4141 3333 4226 projecerunt.
3366 4157 3432 4210 Et
3452 4146 3519 4213 de

1941 4245 2026 4298 lus
2056 4245 2157 4297 ista
2187 4243 2474 4299 sutﬁciant.
2532 4244 2726 4299 Verum
2774 4246 2841 4300 ad
2887 4246 3132 4301 historia:
3164 4248 3414 4302 ordinem
3443 4265 3524 4304 re-

1940 4345 2239 4391 vertamur.
3058 4388 3062 4393 ,

1938 4488 1943 4495 ί
2020 4426 2322 4503 Clodoveus
2350 4424 2517 4505 igitur
2538 4427 2757 4482 Paterni
2781 4427 3029 4499 legatarii
3054 4431 3133 4485 sui
3161 4433 3387 4489 consilio
3410 4435 3525 4489 ani-

1938 4528 2121 4575 matus
2145 4514 2198 4571 et
2218 4510 2511 4588 prudentia
2535 4519 2890 4586 confortatus,
2913 4504 3245 4577 Francorum
3270 4541 3523 4595 proceres

1944 4609 2085 4677 apud
2107 4608 2348 4663 Parisios
2371 4625 2702 4681 congregare
2730 4615 3008 4684 praecepit,
3039 4624 3093 4670 et
3116 4619 3409 4675 astutiores
3437 4623 3520 4676 bis

1940 4700 2120 4753 verbis
2178 4700 2531 4769 alloquitur;
2587 4719 2606 4753 ‹
2645 4702 2913 4769 Quoniam
2978 4706 3144 4759 animi
3214 4711 3379 4763 vestri
3438 4711 3564 4763 vi?

1942 4805 2042 4859 gor
2087 4799 2142 4844 et
2190 4791 2521 4845 confidentia
2577 4793 2708 4845 mihi
2756 4794 2893 4848 bene
2943 4806 3214 4864 comperta
3270 4800 3520 4864 habetur,

1944 4878 2066 4933 ideo
2088 4895 2186 4933 vos
2213 4882 2543 4935 accersendo
2583 4883 2849 4938 restimavi
2884 4895 2935 4938 ut
2968 4887 3165 4954 quibus
3197 4904 3410 4943 mecum
3440 4903 3526 4944 est

1949 4986 2052 5023 una
2085 4970 2336 5024 voluntas
2378 4981 2432 5024 et
2476 4973 2712 5026 amicitia
2749 4975 3069 5045 singularis,
3103 4978 3275 5030 animi
3304 4980 3409 5033 mei
3444 4961 3529 5034 se.-

1936 5048 2094 5117 'creta
2118 5062 2461 5133 patefaciant.
2495 5065 2625 5118 Volo
2650 5078 2987 5134 compertum
3016 5064 3263 5120 habeatis
3292 5070 3531 5123 animmn

1947 5172 2122 5192 malum
2176 5159 2400 5192 anno-nl:
2452 5160 2835 5192 \vuknnsnntinn
2915 5174 3033 5192 nun]
3082 5161 3374 5192 οηηοῖιΙΛ-ιι
3412 5164 3536 5192 υἷι...
