4044 5428
516 367 615 427 611

1464 364 1827 424 RORlCONlS
1858 364 2165 423 MONAClll
2201 363 2718 424 MOISSIACENSIS

3685 356 3791 431 sta

522 490 650 540 sunt
681 469 1013 536 reducenda.
1046 477 1161 532 Non
1197 489 1295 533 vos
1331 476 1559 533 illiciant
1585 475 1955 534 blandimenta
1989 495 2105 534 mu-
2131 488 2180 547 Α
2208 481 2373 535 saria.
2425 479 2648 535 Munera
2692 479 2858 534 etiam
2895 474 3127 548 plurima
3179 483 3232 531 et
3270 489 3471 546 equum
3499 474 3788 533 velocissi-

518 576 739 638 lierum,
781 588 884 627 non
921 569 1270 642 parvulorum
1321 570 1533 641 vagitus
1577 580 1911 625 exterreant.
1952 570 2105 625 Licet

517 662 839 736 gentilitatis
867 675 1054 714 errore
1086 668 1408 713 tenerentur
1459 659 1632 713 nostri
1680 667 1961 730 parentes,
2015 674 2105 713 ar-

520 755 620 809 mis
646 763 701 808 et
732 753 941 807 vicibus
978 751 1237 806 domuere
1266 751 1550 820 superbos.
1581 751 1646 805 Et
1676 765 1797 816 nos,
1828 751 1919 820 qui
1947 750 2104 804 Chri-

514 855 655 900 stum
697 844 926 897 adorare
950 840 1063 910 jam
1095 841 1380 911 cuspimus,
1431 842 1524 912 qui
1567 839 1685 910 ejus
1721 841 1970 896 laudibus
2009 842 2104 895 de-

516 944 786 992 .ectamur
836 941 892 988 et
944 932 1204 987 amicitiis
1255 932 1510 998 fruimur,
1560 933 1890 1004 condignum
1948 931 2103 988 valde

513 1035 572 1080 ut
602 1025 853 1080 inimicos
883 1022 1000 1094 ejus
1029 1038 1227 1079 exesos
1269 1023 1588 1079 habeamus.
1625 1024 1769 1079 Ecce
1802 1023 2101 1079 Galiiarum

510 1133 722 1192 partem
774 1123 1092 1184 maximam,
1156 1136 1318 1190 quam
1377 1119 1733 1191 Aquitaniam
1785 1119 2095 1186 nominant,

513 1214 743 1286 populus
777 1213 1033 1278 infidelis,
1080 1212 1243 1268 Gothi
1289 1212 1543 1268 videlicet
1581 1212 1867 1278 insensati,
1897 1228 2098 1267 cruen-

514 1316 634 1360 tare
677 1305 952 1359 videntur.
995 1303 1096 1371 Qui
1130 1318 1228 1375 per
1264 1304 1519 1359 Arianam
1547 1305 1874 1376 pravitatem
1902 1305 2099 1360 Filium

509 1412 540 1451 a
573 1397 736 1450 Patre
757 1404 1041 1464 separant,
1076 1411 1174 1449 nec
1209 1393 1477 1466 Spiritum
1512 1406 1762 1451 sanctum
1789 1411 1910 1450 cum
1938 1395 2099 1450 Patre

510 1497 566 1543 et
610 1487 746 1543 Filio
789 1486 1052 1556 :equalem
1107 1487 1446 1541 divinitatem
1497 1487 1698 1542 habere
1744 1486 2004 1552 fatentur,
2043 1495 2098 1542 et

512 1593 609 1648 per
652 1577 756 1632 hoc
800 1575 1009 1630 inimici
1063 1575 1158 1630 Dei
1213 1590 1334 1630 esse
1384 1576 1824 1645 comprobantur.
1865 1577 2020 1643 Quod
2051 1576 2097 1631 si

513 1681 620 1720 uno
643 1667 825 1721 animo
857 1666 1040 1720 verbis
1069 1665 1275 1720 nostris
1311 1681 1596 1720 assensum
1624 1666 1884 1720 dederitis
1919 1674 1976 1720 et
2004 1679 2097 1722 vos

511 1771 577 1811 ex
611 1758 829 1812 nomine
871 1757 1188 1813 Christiano
1221 1756 1317 1812 Dei
1354 1757 1560 1814 amicos
1598 1774 1720 1813 esse
1752 1767 2094 1813 monstrave-

2208 587 2379 636 mum,
2418 586 2579 640 quem
2613 570 2841 625 amabat
2881 568 3195 640 plurimum,
3227 569 3537 626 transmisit
3562 584 3661 626 rex
3691 584 3789 640 per

2205 661 2411 732 legatos
2456 663 2526 717 ad
2573 661 2718 716 beati
2768 659 2988 715 Martini
3042 660 3350 728 basilicam,
3395 667 3453 715 et
3501 661 3581 715 ait
3630 660 3739 718 illis
3766 680 3785 719 :

2211 773 2229 806 ι
2258 754 2394 810 Cum
2447 753 2678 822 ingressi
2728 751 2940 808 fueritis
2985 752 3131 808 beati
3187 752 3290 808 viri
3337 753 3676 817 oratorium,
3734 763 3793 810 et

2205 853 2390 898 nostra
2424 858 2653 899 munera
2694 842 3191 914 praesentaveritis,
3237 843 3500 913 quidquid
3537 843 3791 900 ecclesia

2204 942 2400 991 cantor
2443 936 2679 1007 primum
2715 950 2813 990 ore
2853 935 3320 1005 pronuntiaverit,
3367 937 3629 990 mandate
3671 950 3789 990 me-

2203 1027 2412 1092 moriae,
2439 1036 2500 1082 ut
2526 1027 2663 1081 mihi
2705 1029 3022 1082 renuntiare
3045 1027 3255 1084 sciatis.
3278 1027 3532 1082 Forsitan
3567 1027 3790 1098 aliquod

2203 1119 2448 1175 victoriae
2476 1121 2689 1190 signum
2719 1135 2792 1176 ex
2829 1128 3312 1184 sanetosermone
3338 1120 3594 1192 capietis.
3628 1142 3649 1175 ι
3693 1121 3789 1178 llis

2202 1213 2382 1278 dictis,
2409 1215 2591 1270 oravit
2621 1213 2688 1268 ad
2718 1213 3030 1279 Dominum,
3058 1222 3115 1268 et
3142 1214 3215 1268 ait
3245 1231 3259 1267 :
3296 1232 3316 1266 ι
3340 1215 3396 1268 Si
3423 1224 3501 1282 tu,
3537 1214 3787 1281 Domine,

2201 1313 2417 1375 gentem
2445 1305 2590 1361 hanc
2624 1304 2960 1359 incredulam
3009 1305 3142 1359 mihi
3173 1305 3486 1371 tradideris,
3527 1315 3587 1360 et
3616 1307 3788 1362 victo-

2201 1400 2338 1454 riam
2355 1401 2407 1454 in
2420 1401 2671 1454 manibus
2687 1399 2822 1454 meis
2835 1398 3139 1472 videi'is[f.,
3157 1398 3418 1471 dederis].
3434 1409 3490 1455 et
3503 1401 3789 1470 adjutoret

2199 1499 2478 1560 protector
2497 1489 2551 1544 in
2577 1489 2718 1546 bello
2737 1489 3181 1557 mihiexstiteris,
3206 1491 3259 1546 in
3277 1491 3524 1561 ingressu
3551 1492 3790 1547 basilice

2199 1580 2388 1636 Sancti
2422 1580 2639 1636 Martini
2669 1581 2800 1636 talia
2826 1581 3029 1637 nostris
3065 1581 3254 1653 pueris
3287 1584 3478 1638 audire
3503 1584 3790 1650 contingat

2201 1671 2254 1726 in
2293 1673 2492 1742 quibus
2529 1671 2748 1742 aliquod
2793 1671 3036 1728 victoriae
3085 1674 3300 1742 signum
3351 1673 3786 1744 deprehendam,

2199 1772 2253 1819 et
2280 1779 2606 1836 cognoscam
2647 1765 2774 1835 quia
2827 1775 2882 1820 tu
2927 1767 3200 1838 propitius
3236 1766 3405 1823 fueris
3445 1769 3583 1824 mihi
3625 1783 3788 1824 servo

513 1850 652 1914 ritis,
712 1865 927 1904 sursum
976 1850 1200 1904 dextras
1246 1849 1463 1921 erigite,
1503 1861 1558 1904 et
1594 1849 1661 1904 ad
1701 1850 2092 1904 conterendum
2128 1866 2168 1927 Β
2200 1866 2311 1912 ιυο.
2343 1876 2361 1910 ι
2395 1858 2612 1913 Dimisit
2654 1858 2840 1928 itaque
2879 1874 3105 1930 pueros,
3136 1869 3194 1915 et
3224 1860 3495 1917 abierunt.
3539 1861 3789 1931 Cumque

510 1941 766 2012 populum
825 1939 1098 1997 infelicem
1173 1941 1384 2014 gladios
1443 1940 1629 1996 felices
1686 1941 1931 2006 exerite,
1993 1942 2096 1995 mi-

509 2051 613 2090 nus
671 2044 862 2090 cautos
917 2036 1084 2088 armis
1139 2045 1196 2090 et
1249 2035 1725 2090 adhortationibus
1791 2033 1951 2090 bonis
2014 2033 2100 2087 in.

512 2125 730 2181 sta-uite.
787 2126 944 2182 Dabit
985 2126 1098 2197 ipse
1137 2140 1234 2196 pro
1259 2134 1412 2182 certo
1461 2125 1767 2190 victoriam,
1812 2122 1905 2193 qui
1945 2136 2096 2178 men.-

510 2227 594 2272 tes
623 2225 839 2272 vestras
879 2231 977 2272 suo
1027 2217 1194 2272 cultui
1247 2215 1538 2272 dedicavit.
1583 2214 1816 2270 Felicem
1869 2214 2095 2269 Romam

512 2309 721 2363 divitiis
743 2309 954 2379 pariter
979 2317 1035 2363 et
1067 2307 1321 2363 libertate
1374 2309 1733 2372 nudaverant,
1790 2321 1892 2362 nec
1939 2307 2096 2362 nubis

513 2401 693 2457 minor
734 2401 905 2473 gloria
950 2401 1256 2472 parabitur,
1307 2400 1352 2457 si
1385 2415 1785 2480 regem‘eorum
1813 2397 2094 2454 ferocissi-

513 2509 664 2548 mum
693 2493 940 2548 bellando
968 2493 1282 2560 vicerimus,
1313 2500 1369 2548 et
1394 2507 1618 2562 regnum
1649 2490 1769 2562 ejus
1796 2500 1960 2560 atque
1985 2489 2096 2544 for-

510 2595 698 2640 tunam
750 2593 952 2640 nostra:
991 2583 1185 2638 ditioni
1231 2582 1700 2652 subjecerimusn
1750 2582 1917 2653 Regis
1962 2597 2094 2653 pru-

510 2677 751 2733 dentiam
783 2690 975 2730 ornnes
999 2676 1205 2746 pariter
1228 2675 1652 2746 amplectuntur,
1684 2674 2093 2730 animositatem

513 2769 879 2833 admirantur,
924 2777 980 2822 et
1020 2767 1179 2822 fidem
1230 2768 1411 2839 potius
1464 2775 1813 2822 venerantur.
1863 2765 2095 2822 Dextras

501 2875 702 2930 Von'tnes
742 2861 795 2915 itt
833 2857 1066 2915 sublime
1094 2861 1334 2932 erigunt,
1369 2860 1682 2914 mandatum
1711 2857 1856 2929 regis
1885 2857 2095 2912 accele-

511 2953 624 3007 rari
678 2951 1026 3015 denuntiant,
1075 2965 1300 3020 seseque
1330 2950 1472 3006 votis
1500 2950 1796 3018 stringunt,
1833 2957 1890 3002 et
1919 2947 1974 3002 ni
2004 2963 2094 3002 su-

507 3053 793 3116 peressent
821 3043 1092 3107 infideles,
1131 3045 1328 3099 barbas
1361 3059 1467 3099 non
1498 3041 1731 3114 amplius
1757 3057 1878 3096 esse
1903 3042 2095 3097 raden-

511 3137 610 3190 das
629 3135 1098 3205 profitetttur.l\'cc
1126 3151 1273 3190 mora
1299 3151 1394 3205 per
1415 3133 1641 3206 populos
1668 3134 1812 3189 volat
1831 3134 2088 3197 edicto-nt,

2199 1953 2574 2024 pervenissent
2615 1953 2681 2008 ad
2730 1953 3038 2024 ingressum
3092 1954 3358 2020 basilicae,
3405 1955 3612 2010 emissa
3653 1970 3789 2011 voce

2201 2052 2389 2098 cantor
2434 2044 2844 2114 pronuntiabat,
2893 2045 3081 2101 dicens
3111 2062 3128 2099 :
3160 2044 3502 2102 Pro-cimini
3540 2063 3648 2110 me,
3679 2046 3794 2102 Do-

2199 2130 2360 2194 mine,
2372 2131 2560 2184 virtute
2572 2131 2639 2184 ad
2651 2132 2845 2186 bellum
2864 2148 2884 2198 ;
2909 2132 3263 2204 supplantacti
3279 2134 3610 2204 insurgentes
3637 2134 3693 2188 in
3706 2150 3792 2189 me

2199 2221 2381 2276 subtus
2410 2237 2490 2276 me
2510 2265 2526 2286 ,
2548 2232 2596 2277 et
2629 2223 2870 2278 inimicos
2899 2241 3040 2279 meo:
3085 2225 3278 2278 dedisti
3305 2226 3435 2280 mihi
3462 2226 3705 2292 dorsum,
3737 2235 3793 2281 et

2194 2312 2432 2368 'odientes
2457 2327 2543 2368 me
2568 2314 2952 2385 disperdidisti.
2972 2315 3191 2372 Oblatis
3216 2317 3402 2389 itaque
3432 2320 3790 2388 muraeribus,

2199 2411 2255 2460 et
2279 2403 2506 2459 oraculo
2543 2405 2728 2460 divino
2765 2406 3060 2462 confortati
3081 2447 3097 2473 ,
3131 2423 3259 2464 eum
3296 2408 3483 2464 laetitia
3513 2419 3570 2466 et
3599 2409 3792 2466 exsul-

2200 2493 2405 2549 tatione
2431 2493 2498 2548 ad
2526 2494 2806 2551 dominum
2837 2511 2998 2551 suum
3025 2505 3154 2552 sunt
3184 2496 3414 2564 reversi,
3441 2507 3500 2554 et
3525 2513 3656 2554 eum
3689 2499 3785 2554 tali

2199 2584 2391 2639 nuntio
2431 2584 2704 2640 reficiunt.
2749 2584 3154 2643 lnundaverant
3195 2597 3324 2642 tunc
3361 2602 3520 2658 aqua:
3555 2603 3673 2660 pra
3699 2589 3791 2643 ni-

2199 2677 2419 2732 mietate
2436 2678 2758 2746 pluviarum;
2785 2687 2841 2732 et
2869 2676 3097 2734 Vicenus
3120 2677 3320 2734 fluvius
3351 2679 3406 2734 in
3434 2689 3652 2734 tantum
3682 2695 3786 2736 ex-

2195 2776 2447 2822 creverat
2489 2777 2548 2822 ut
2591 2768 2810 2840 penitus
2839 2769 3074 2826 inveniri
3118 2785 3225 2825 non
3271 2778 3457 2840 posset
3497 2770 3654 2827 locus
3674 2785 3788 2840 quo

2189 2861 2316 2916 sine
2351 2861 2568 2930 navigio
2605 2865 2932 2918 transmeari
2963 2872 3172 2934 posset.
3199 2863 3319 2931 Quo
3350 2879 3476 2920 cum
3503 2865 3787 2935 pervenis-

2197 2961 2282 3007 set
2301 2965 2397 3006 rex
2425 2961 2482 3006 et
2505 2952 2650 3007 ultra
2681 2955 2933 3026 progredi
2963 2970 3068 3009 non
3093 2955 3320 3018 valeret,
3356 2956 3588 3010 tentoria
3617 2956 3787 3025 (igere

2195 3046 2460 3117 praecepit
2504 3055 2566 3100 ut
2618 3046 2700 3100 vel
2751 3056 2972 3118 pontem
3023 3056 3312 3113 sterneret,
3363 3047 3449 3101 vel
3499 3046 3784 3114 navigium

2203 3148 2542 3208 prmpararct
2581 3155 2689 3210 quo
2715 3139 2846 3195 illud
2875 3156 3032 3210 aqua!
3057 3141 3320 3195 diluvium
3363 3155 3489 3196 eum
3535 3140 3786 3194 exercitu

509 3227 808 3297 prmparari
838 3227 1064 3298 'jubetur
1101 3243 1264 3282 sexus
1296 3239 1526 3297 uterque
1555 3227 1621 3282 ad
1659 3226 1764 3282 tale
1797 3227 2090 3298 negotium.
2123 3229 2168 3292 C
2201 3229 2543 3299 pertransire
2598 3231 2843 3285 deberet.
2901 3229 3133 3286 Sustulit
3181 3231 3330 3285 hunc
3383 3228 3632 3284 laborem
3687 3229 3784 3283 Dei

507 3319 722 3375 Parvuli
761 3324 1030 3376 ducuntur
1055 3331 1108 3376 et
1132 3330 1358 3386 matres,
1393 3330 1449 3376 et
1473 3320 1678 3375 evulsis
1710 3328 1765 3376 et
1793 3320 2088 3375 eradicatis

510 3411 718 3467 aculeis
775 3412 1031 3467 hercticm
1083 3412 1412 3482 pravitatis,
1467 3413 1782 3466 inserantur
1827 3411 2090 3465 virtutum

509 3501 736 3565 surculi,
779 3510 834 3554 ct
879 3500 1085 3555 novella
1134 3500 1399 3570 plantatio
1438 3500 1671 3554 fructum
1705 3498 1931 3554 Domino
1957 3514 2089 3554 cen-

512 3591 752 3660 tuplieet,
805 3604 964 3661 quem
1018 3591 1334 3645 adinvcntio
1387 3590 1526 3645 t'tnda
1581 3589 1946 3644 fraudaverat.
2009 3589 2092 3643 Ad

507 3682 624 3736 haec
661 3683 843 3753 regina
887 3681 1184 3736 Crothi-ldis
1230 3682 1456 3736 nimium
1487 3681 1788 3736 exhilarata
1822 3680 2090 3754 gaudebat

511 3775 564 3829 in
598 3773 845 3840 Domino,
885 3783 940 3829 et
980 3775 1270 3845 plaudebat
1298 3774 1440 3844 quod
1467 3784 1573 3828 tam
1601 3774 1893 3844 pretiosam
1930 3773 2089 3829 sobo-

507 3868 610 3923 lem
641 3885 738 3940 per
769 3870 1098 3940 baptismum
1145 3869 1415 3922 obtulerat
1462 3867 1730 3933 Creatori,
1767 3882 1887 3936 quae
1922 3867 2088 3922 etiam

506 3962 803 4016 infidelium
844 3969 1075 4024 mentes,
1128 3976 1261 4029 quas
1309 3973 1491 4013 vomer
1537 3958 1944 4013 ecclesiasticus
1978 3957 2089 4012 sul-

504 4071 630 4111 care
662 4073 767 4111 non
801 4064 1038 4127 poterat,
1090 4054 1260 4108 armis
1305 4055 1564 4108 edomare
1602 4054 1940 4107 decerneret.
1986 4053 2086 4106 Ac-

504 4151 668 4202 cessit
708 4149 874 4220 igitur
916 4147 982 4201 ad
1028 4161 1230 4218 regem,
1262 4155 1315 4200 et
1344 4147 1421 4198 ait
1449 4145 1521 4198 illi
1553 4163 1566 4198 :
1599 4162 1618 4193 ι
1642 4143 1805 4209 Audi,
1832 4145 2083 4208 obsecro,

499 4232 735 4292 Domine
785 4239 857 4291 nti
901 4253 1020 4299 rex,
1068 4236 1317 4289 ancillam
1372 4244 1550 4299 tuam,
1591 4243 1649 4288 et
1681 4234 1812 4304 jnbe
1842 4234 2086 4290 construi

503 4325 790 4378 ecclesiam
841 4327 892 4380 in
949 4327 1211 4380 honorem
1266 4325 1409 4378 beati
1459 4324 1604 4378 Petri
1653 4325 1914 4395 principis
1956 4340 2086 4396 apo-

505 4414 788 4478 stolorum,
829 4425 884 4468 ut
916 4417 1012 4468 tibi
1051 4416 1121 4468 sit
1149 4414 1445 4467 auxiliator
1474 4415 1526 4468 in
1557 4414 1718 4479 bello,
1752 4425 1807 4468 ct
1840 4414 2083 4484 profecto

505 4503 672 4556 faciet
705 4503 965 4558 Dominus
1006 4505 1294 4559 victoriam
1341 4505 1393 4556 in
1447 4505 1700 4558 manibus
1752 4504 1876 4558 tuis.
1912 4524 1929 4556 ι
1961 4503 2081 4557 Pla-

2193 3319 2369 3374 nostri
2416 3321 2720 3388 miseratio,
2762 3321 2891 3377 etin
2933 3323 3021 3378 die
3059 3322 3301 3378 crastina
3347 3322 3620 3376 matutina
3666 3320 3783 3390 jam

2194 3410 2314 3464 luce
2361 3411 2579 3478 diffusa,
2612 3427 2742 3467 ecce
2771 3428 2990 3468 cervam
3022 3414 3174 3468 mira:
3211 3414 3606 3483 magnitudinis
3647 3412 3783 3467 emi-

2194 3517 2294 3556 nus
2333 3504 2725 3572 conspicantur
2760 3520 2883 3574 qnze
2928 3503 3077 3559 lento
3121 3519 3311 3575 gressu
3349 3519 3566 3559 amnem
3589 3505 3782 3560 estin-

2193 3610 2400 3666 gressa,
2441 3601 2498 3648 et
2537 3608 2646 3664 quo
2695 3593 2931 3649 transire
2971 3593 3170 3649 debeat
3208 3593 3440 3665 populus
3467 3595 3673 3649 animal
3700 3595 3782 3648 in-

2191 3687 2366 3740 scium
2427 3695 2559 3738 nutu
2613 3683 2799 3739 divino
2853 3684 3211 3740 demonstrat.
3283 3685 3390 3740 Nec
3445 3701 3598 3740 mora
3647 3701 3781 3742 cun-

2195 3787 2316 3831 ctus
2338 3777 2613 3832 exercitus
2641 3792 2858 3830 amnem
2891 3777 3128 3843 transiit,
3156 3785 3211 3831 et
3239 3791 3364 3832 eum
3393 3776 3563 3831 animi
3603 3778 3778 3848 tripu-

2191 3869 2281 3924 dio
2305 3869 2590 3924 Dominum
2615 3867 2916 3938 glorificent
2947 3868 2999 3922 in
3039 3867 3289 3932 excelsis,
3325 3868 3415 3937 qui
3449 3877 3508 3921 ut
3533 3867 3781 3922 Israeliti-

2191 3976 2310 4016 cum
2340 3959 2593 4029 populum
2626 3975 2722 4029 per
2767 3974 2914 4013 mare
2947 3959 3209 4022 Rubrum,
3258 3960 3330 4012 ita
3357 3968 3412 4014 et
3443 3959 3778 4016 Francorum

2191 4051 2440 4122 populutn
2471 4067 2565 4122 per
2592 4050 2992 4105 inundationem
3021 4051 3150 4104 tanti
3179 4049 3418 4103 fluminis
3448 4051 3588 4103 viam
3617 4051 3780 4104 mira-

2188 4142 2373 4197 biliter
2396 4141 2729 4196 ostendendo
2774 4141 3004 4195 transire
3047 4139 3320 4210 prmcepit.
3374 4137 3478 4204 Qui
3523 4154 3649 4192 cum
3693 4137 3778 4191 Pi-

2189 4242 2399 4288 etavam
2450 4231 2824 4301 pervenissent
2871 4229 2939 4283 ad
2973 4231 3204 4293 urbem,
3255 4229 3414 4299 longe
3442 4228 3511 4284 ab
3549 4228 3778 4284 ecclesia

2188 4326 2372 4383 Sancti
2427 4323 2615 4378 Hilarii
2665 4323 2895 4377 tentoria
2942 4324 3105 4393 figere
3140 4323 3402 4394 percepit
3449 4323 3772 4379 Clodoveus.

2187 4420 2253 4474 Et
2283 4416 2646 4472 comminatus
2687 4425 2772 4469 est
2815 4415 2960 4469 omni
3004 4415 3233 4484 populo,
3283 4429 3350 4469 ne
3397 4415 3450 4468 in
3489 4415 3611 4484 ipso
3641 4429 3775 4484 pago

2186 4508 2414 4578 spolium
2441 4505 2668 4574 alicujus
2697 4504 3005 4570 auferrent,
3053 4521 3188 4560 neve
3227 4505 3527 4575 diriperent
3561 4505 3772 4568 domos,

503 4600 617 4653 cuit
666 4614 847 4653 sermo
894 4599 1094 4669 regina:
1134 4601 1187 4653 in
1231 4599 1405 4653 oculis
1452 4597 1744 4665 Clodovci,
1781 4606 1836 4652 et
1872 4596 2082 4652 elevata
2115 4586 2162 4645 Ι)
2188 4613 2293 4652 non
2325 4611 2521 4666 pecora
2565 4597 2960 4666 praedarentur,
3014 4611 3112 4650 nec
3159 4596 3427 4665 stipendia
3473 4597 3643 4651 etiam
3682 4613 3774 4667 per

502 4689 737 4761 bipenne
791 4705 954 4761 quant
999 4706 1158 4744 manu
1206 4690 1452 4761 gerebat,
1508 4689 1699 4742 adnisa
1753 4703 1861 4758 quo
1910 4688 2085 4757 potuit

502 4782 734 4852 projccit
764 4798 884 4836 eam
915 4798 944 4834 τι
972 4797 1052 4846 se,
1083 4791 1136 4835 et
1165 4782 1240 4833 ait
1269 4799 1281 4834 :
1321 4800 1336 4831 ι
1367 4780 1422 4834 In
1469 4781 1572 4834 hoc
1607 4780 1744 4845 loco,
1793 4780 2083 4849 adjuvante

504 4877 753 4941 Domino,
786 4875 843 4930 S.
884 4875 1024 4930 Petri
1060 4874 1366 4929 stabilietur
1392 4875 1643 4939 ecclesia,
1687 4890 1811 4929 cum
1835 4889 1866 4929 e
1893 4874 2079 4944 przelio

501 4968 676 5022 victor
726 4983 974 5022 reversus
1027 4965 1198 5020 fuero.
1232 4987 1250 5018 ι
1312 4966 1477 5020 Movit
1527 4966 1708 5036 itaque
1745 4967 2076 5028 exercitum,

502 5070 558 5116 et
616 5060 850 5115 Pictavis
911 5075 1084 5129 usque
1137 5075 1427 5129 properare
1497 5060 1758 5114 decrevit.
1831 5057 2080 5111 Alaricus

500 5165 632 5205 vero
702 5150 999 5206 Gothorum
1072 5164 1166 5203 rex
1232 5158 1359 5204 tunc
1429 5151 1692 5221 temporis
1761 5149 2078 5204 morabatur

501 5240 722 5295 ibidem.

572 5329 819 5399 Cumque
849 5347 944 5401 per
976 5346 1179 5404 pagum
1220 5330 1549 5385 Turonicnm
1583 5329 1841 5384 transiret
1868 5325 2077 5382 exerci—

2183 4688 2496 4742 violentiam
2561 4695 2829 4757 raperent.
2896 4687 3095 4741 Eadem
3152 4703 3283 4742 vero
3344 4699 3508 4742 nocte
3571 4689 3773 4759 pbarus

2185 4779 2373 4850 igneus
2393 4778 2549 4848 qttasi
2577 4777 2645 4832 de
2674 4776 2922 4847 sepulcro
2949 4777 3006 4832 S.
3040 4777 3230 4832 Hilarii
3262 4781 3448 4849 egredi
3494 4782 3648 4834 visus
3671 4789 3770 4844 est,

2184 4879 2238 4926 et
2260 4885 2420 4940 super
2451 4869 2703 4925 Clodovei
2749 4869 3040 4923 tentorium
3088 4884 3184 4938 per
3227 4871 3507 4925 dimidiam
3539 4871 3656 4927 fere
3683 4874 3773 4927 ho-

2185 4979 2298 5016 ram
2331 4963 2598 5032 apparuit,
2629 4961 2848 5024 rnissus,
2886 4969 2944 5014 ut
2988 4961 3281 5026 credimus,
3329 4961 3385 5016 in
3433 4961 3770 5018 Francorum

2183 5054 2463 5120 auxilium,
2495 5061 2554 5107 ut
2584 5053 2684 5107 hoc
2714 5052 2908 5106 vexillo
2951 5051 3238 5107 confortati
3270 5053 3336 5106 ad
3381 5056 3769 5110 eonterendam

2184 5140 2530 5223 incredulae].
2545 5155 2757 5216 gentem
2801 5146 2974 5215 magis
3003 5161 3070 5199 ac
3099 5147 3272 5216 magis
3315 5147 3767 5202 accenderentur.

2182 5235 2429 5290 Alarieus
2487 5234 2625 5289 forte
2680 5246 2806 5289 tunc
2849 5237 3066 5300 aberat,
3111 5245 3169 5289 et
3215 5235 3282 5290 ad
3329 5239 3770 5309 congrt-gandum

2185 5326 2636 5384 innumerabilem
2662 5328 2961 5382 exercitum
2996 5327 3201 5398 legatos
3243 5328 3442 5398 ubique
3472 5330 3769 5394 direxerat,
