4044 5428
193 297 293 353 615

196 506 439 570 landum,
467 508 559 560 sed
593 505 660 557 ad
697 504 1046 573 prmdandum
1088 518 1182 557 eos
1235 501 1553 556 adventasse
1597 499 1791 554 ruenti-

197 608 300 649 tur.
341 596 485 650 Mille
523 594 780 650 eonvitiis
814 574 1031 649 nosiros
1079 592 1323 655 infamat,
1374 607 1501 645 suos
1546 590 1794 644 laudibus

195 690 413 745 extollit
480 688 780 742 imuzcnsis.
858 686 934 740 Ne
994 685 1247 757 parvulos
1313 699 1440 739 suos
1501 681 1793 737 latrunculi

196 780 456 853 spoliem,
497 794 649 832 arma
682 778 967 831 denuntiat
997 775 1398 848 prehendenda.
1436 774 1527 829 Sic
1577 773 1792 829 substo-

197 872 492 926 mat-hatus
523 871 763 923 occurrit
796 870 998 923 nostris
1039 884 1144 922 non
1175 876 1234 922 ut
1264 866 1441 934 feriat,
1478 867 1569 921 sed
1619 873 1677 919 ut
1704 865 1797 920 de-

192 961 425 1031 glutiat;
492 967 547 1013 et
604 958 837 1013 vallatus
895 957 1122 1011 militum
1176 972 1394 1011 suorum
1453 956 1796 1010 multitudine

194 1063 516 1106 nostrorum
550 1051 778 1104 exuvias
811 1049 1137 1119 StISpirahat,
1182 1048 1408 1102 anhelus
1450 1046 1595 1116 quod
1627 1043 1797 1099 elfuso

192 1145 467 1215 sanguine
498 1143 857 1197 fmdarentur.
892 1140 1180 1211 Ignorabat
1229 1140 1472 1203 insanus,
1507 1137 1649 1208 quod
1684 1136 1799 1207 ipse

195 1248 455 1291 nostrum
506 1236 757 1290 dnctaret
799 1233 1119 1295 exercitum,
1172 1232 1264 1302 qui
1320 1246 1425 1285 non
1473 1231 1695 1285 conlidit
1745 1230 1798 1285 in

200 1330 468 1394 millibus,
497 1328 586 1397 qui
620 1338 772 1381 tonat
806 1328 859 1381 in
888 1325 1140 1389 nubibus,
1185 1326 1278 1395 qui
1308 1333 1486 1379 movet
1512 1326 1798 1395 abyssum,

200 1429 252 1473 et
280 1420 440 1473 sedet
473 1420 523 1473 in
553 1418 717 1473 ccelo.
774 1416 1079 1472 Clodoveus
1132 1416 1295 1487 igitur
1325 1416 1519 1471 castris
1546 1430 1799 1485 egressus

198 1512 482 1566 Christum
528 1512 782 1579 gestabat
835 1511 889 1564 in
942 1520 1181 1580 pectore,
1234 1518 1289 1565 et
1339 1517 1510 1564 totum
1562 1508 1800 1564 lustrans

202 1602 507 1655 exercitum
537 1601 833 1655 ordinabat
883 1602 1029 1655 acies
1079 1600 1396 1655 electorum.
1450 1599 1802 1656 Fortissimos

205 1692 407 1745 milites
439 1701 498 1745 ut
524 1689 735 1745 feriant
761 1689 1171 1754 adhortabatur,
1203 1700 1257 1746 et
1281 1692 1580 1747 mediocres
1610 1708 1677 1747 ne
1710 1706 1803 1762 pa-

1474 289 1696 346 cnsrx
1738 291 2192 350 rnxscouuu.

196 430 382 467 corum
414 411 642 485 gloriam
675 411 918 467 insinuat
946 409 1352 467 conterendam.
1407 407 1522 463 Non
1571 409 1636 462 ad
1669 408 1781 463 bel-
1818 414 1863 471 Α

3373 290 3479 348 σει

1965 407 2059 462 llis
2100 407 2173 461 ita
2220 405 2574 472 bellantibus,
2625 406 2729 461 duo
2770 405 2932 462 Gothi
2971 404 3257 477 prosiliunt
3286 421 3349 460 ox
3384 408 3487 461 ad-

1896 513 2078 561 verso,
2105 507 2159 551 et
2196 514 2376 569 regem
2399 509 2643 553 nostrum
2667 497 2873 553 lanceis
2901 498 3013 553 suis
3042 498 3165 552 forti
3200 500 3483 554 conamine

1896 600 2292 659 percusserunt,
2327 606 2448 645 eum
2478 606 2541 645 ex
2578 591 2869 661 improviso
2910 591 3070 646 morti
3118 592 3332 648 tradcrc
3364 607 3479 647 me-

1898 681 2155 735 ditantes.
2208 679 2313 735 Scd
2349 680 2606 737 Dominus
2630 683 2975 752 omnipotens
3024 683 3170 737 hunc
3218 683 3478 752 protexit,

1900 779 1949 823 et
1977 769 2146 839 gloria
2176 770 2373 839 triplici
2405 780 2693 841 coopertus
2738 772 2879 827 ictus
2914 773 3049 827 tales
3076 788 3171 843 pro
3202 773 3370 828 nihilo
3406 789 3490 829 re-

1899 860 2129 929 putavit,
2165 869 2217 914 et
2249 859 2522 914 Alaricum
2572 860 2703 915 larva
2735 862 3056 931 corripiens,
3090 862 3279 917 adnisu
3316 864 3491 917 valido

1899 949 2124 1006 deduxit
2154 952 2411 1022 gladium,
2443 961 2497 1007 et
2526 955 2603 1007 sic
2635 961 2799 1023 caput
2834 954 2951 1023 ejus
2997 957 3317 1027 amputavit.
3356 957 3488 1012 Tol-

1901 1040 2084 1095 lnntur
2114 1043 2307 1096 iterum
2338 1058 2498 1098 voces
2526 1044 2591 1097 ad
2621 1044 2827 1109 sidera,
2874 1053 2928 1099 ct
2981 1047 3254 1101 renovatis
3282 1048 3492 1105 viribus

1903 1131 2096 1185 Franci
2129 1133 2325 1186 iterum
2358 1134 2670 1187 animantur
2690 1134 2753 1187 ad
2787 1135 2981 1189 caules.
3010 1135 3286 1192 SedGothi
3318 1148 3493 1194 morte

1904 1226 1986 1281 sui
2021 1228 2158 1297 regis
2188 1228 2450 1297 inspecta,
2479 1228 2751 1281 turbinum
2780 1244 2928 1283 ntore
2955 1230 3055 1283 hac
3080 1230 3310 1300 illucque
3336 1230 3497 1286 diffu-

1903 1319 2078 1389 giunt,
2110 1328 2164 1373 et
2208 1319 2457 1389 projectis
2501 1320 2669 1375 armis
2714 1321 2985 1375 incassum
3036 1323 3219 1377 abdita
3265 1339 3494 1396 qumque

1909 1412 2249 1467 collustrant.
2279 1413 2367 1476 Et,
2399 1421 2457 1465 ut
2480 1412 2533 1467 in
2564 1422 2808 1468 veterum
2856 1413 3083 1467 Patrum
3115 1415 3336 1470 historia
3364 1418 3497 1488 legi-

1906 1511 2011 1563 tur,
2058 1518 2196 1557 unus
2246 1512 2491 1559 nostrum
2528 1518 2715 1557 eorum
2766 1504 2911 1560 mille
2961 1508 3411 1577 persequebatur,
3440 1520 3500 1565 et

1907 1591 2014 1645 duo
2038 1590 2298 1663 fugahant
2321 1594 2506 1648 decem
2534 1593 2723 1647 millia.
2742 1593 3008 1649 Cerneres
3036 1595 3163 1650 illud
3191 1596 3497 1666 impletum,

1906 1686 2048 1753 quod
2075 1684 2141 1739 de
2178 1684 2558 1753 peccatoribus
2591 1685 2868 1756 Scriptura
2904 1696 3153 1753 testatur,
3193 1690 3318 1759 quia
3363 1692 3501 1745 sicut

203 1790 367 1835 veant
397 1782 561 1837 dictis
601 1782 931 1837 informahat
954 1784 1246 1838 alacribus.
1279 1782 1342 1840 Ut
1376 1786 1624 1855 egregius
1646 1786 1801 1842 miles

1919 1777 2021 1829 tluit
2050 1792 2166 1830 cera
2202 1794 2231 1830 a
2264 1777 2399 1846 faeie
2421 1778 2574 1847 ignis,
2616 1779 2692 1831 sic
2732 1789 2943 1848 pereant
2979 1791 3274 1846 peccatores
3307 1802 3337 1836 α
3366 1783 3502 1852 facie

204 1883 326 1925 ante
356 1872 614 1928 ductabat
645 1874 968 1939 exercitum,
1000 1883 1055 1928 ut
1087 1875 1429 1932 fidelissimus
1458 1877 1803 1934 Christianus

203 1962 399 2033 sapius
440 1963 761 2034 suspirabat
785 1965 850 2018 ad
885 1965 1101 2019 cmlum.
1143 1964 1221 2021 Ne
1257 1974 1382 2022 ante
1425 1974 1637 2037 tempus
1676 1982 1803 2037 pro-

210 2062 464 2125 rumpant
488 2071 555 2109 ex
594 2057 743 2120 acie,
780 2056 1039 2112 nobilium
1076 2055 1335 2127 juvenum
1384 2059 1638 2115 ardentes
1680 2059 1801 2114 ani-

206 2164 323 2204 mos
351 2150 693 2220 comprimit,
739 2162 793 2206 et
844 2168 967 2207 cum
1013 2153 1066 2206 in
1118 2152 1260 2208 bello
1296 2153 1564 2216 steterint,
1599 2154 1806 2225 gladios

210 2254 274 2293 ne
304 2240 711 2296 obliviscantur
737 2243 1005 2298 hortatur.
1035 2242 1279 2298 Rudibus
1304 2242 1544 2298 insinuat
1573 2243 1807 2315 qualiter

211 2329 419 2384 hostem
458 2330 682 2396 feriant,
721 2340 774 2385 et
809 2330 1054 2402 designat
1102 2333 1309 2401 pariter
1348 2334 1618 2402 quomodo
1664 2334 1807 2389 ictus

209 2420 447 2475 hostium
494 2422 774 2477 incassum
814 2422 1051 2477 dissilire
1107 2421 1327 2477 faciant.
1388 2421 1609 2477 Petrum
1642 2433 1807 2493 atque

209 2511 508 2567 Mat-tinum
563 2512 783 2568 invocat
812 2522 871 2567 ut
895 2521 1245 2579 succurrant;
1280 2522 1335 2568 et
1372 2519 1687 2583 respectans
1717 2512 1809 2567 Hi-

212 2603 407 2657 larium
436 2614 497 2659 ut
529 2604 785 2659 vexillum
817 2605 995 2675 capiat
1044 2614 1099 2660 et
1146 2604 1329 2660 ductet
1367 2605 1668 2660 exercitum
1710 2606 1812 2659 im-

213 2707 486 2765 precatnr.
518 2695 636 2751 Nec
661 2697 878 2768 segnius
909 2696 1069 2751 feriat
1090 2695 1345 2763 Arianos,
1377 2712 1539 2768 quam
1562 2706 1811 2753 ventrem

215 2802 447 2842 vacuum
486 2788 605 2843 suis
633 2788 1087 2857 disputationibus
1139 2786 1301 2843 ferire
1341 2796 1697 2843 consueverat
1722 2802 1814 2844 eo-

218 2892 339 2931 rum
382 2878 692 2949 principem
736 2876 1005 2932 infelicem
1046 2878 1255 2932 Arium.
1292 2878 1357 2933 Et
1386 2878 1605 2933 innixus
1651 2879 1811 2934 hasta

214 2965 461 3023 Francos
486 2983 684 3023 omnes
731 2969 983 3033 intuetur,
1020 2978 1076 3025 et
1119 2970 1397 3038 signaculo
1441 2979 1643 3025 nostrae
1690 2971 1813 3026 ﬁdei

217 3060 435 3114 ﬁdelem
470 3062 652 3131 signat
677 3062 1007 3126 exercitum,
1045 3070 1098 3116 et
1145 3071 1203 3115 ut
1254 3063 1307 3119 in
1349 3063 1566 3118 nomine
1602 3063 1815 3119 Domini

216 3151 422 3206 feriant
448 3152 804 3222 imprecatur.
838 3154 930 3207 Ast
959 3154 1083 3208 hinc
1102 3163 1155 3209 et
1186 3154 1308 3210 inde
1334 3156 1641 3210 conseritur
1674 3172 1815 3226 prae-
1846 3176 1890 3236 ρ

215 3242 375 3309 lium,
404 3253 463 3299 et
486 3242 735 3300 buccinis
767 3244 1001 3315 undique
1029 3247 1367 3315 sonantibus,
1393 3248 1588 3304 cadum
1613 3248 1817 3304 clamo-

218 3337 371 3392 ribus
404 3336 680 3407 impletur,
713 3336 816 3391 tela
852 3337 1037 3393 volant
1082 3354 1180 3409 per
1202 3356 1348 3406 aera,
1382 3349 1527 3394 terra
1555 3342 1820 3413 sanguine

220 3437 573 3489 cruentatur.
604 3428 832 3484 Audires
864 3428 985 3483 hinc
1037 3430 1293 3500 gemitum
1338 3431 1708 3497 morientium,
1751 3432 1818 3487 il-

218 3519 330 3580 linc
362 3519 777 3574 vulneratorum
826 3518 1088 3573 stridores
1115 3517 1481 3575 horresceres.
1515 3519 1822 3591 Palpitabat

221 3611 353 3666 hinc
384 3609 705 3681 exsanguis,
738 3615 792 3664 et
819 3608 1057 3663 moriens
1086 3609 1312 3664 vorahat
1343 3618 1542 3664 terram
1572 3621 1664 3665 aut
1692 3610 1824 3681 lapi-

221 3704 343 3756 des.
376 3700 535 3754 Alius
566 3699 879 3765 calcitrans,
904 3700 1029 3755 dum
1052 3702 1102 3755 ei
1136 3702 1325 3756 mortis
1352 3702 1503 3756 tarda
1538 3702 1822 3757 molimina

224 3795 569 3858 viderentur,
600 3793 936 3861 angustiatus
960 3810 1072 3865 prae
1099 3795 1285 3849 dolore
1330 3795 1635 3863 vulnerum,
1663 3796 1823 3865 quid-

224 3886 353 3943 dam
394 3884 637 3939 effractis
682 3882 905 3953 spiculis
945 3885 1192 3954 rapiebat
1232 3900 1339 3953 quo
1376 3885 1551 3939 tristia
1599 3894 1823 3955 pectora

230 3974 735 4041 transverberaret,
765 3986 818 4030 et
844 3976 935 4030 tali
969 3976 1160 4031 mortis
1187 3977 1583 4032 acceleratione
1606 3976 1829 4032 finiebat

228 4068 521 4122 vulnerum
579 4065 873 4120 cruciatus.
921 4066 1222 4122 Clodoveus
1265 4068 1429 4136 igitur
1488 4068 1696 4123 hastam
1744 4069 1826 4123 vi-

230 4160 397 4215 brans
442 4159 638 4213 obvios
684 4173 924 4228 quosque
952 4160 1363 4229 prosternebat,
1406 4169 1461 4215 et
1500 4176 1694 4216 nomen
1725 4162 1829 4217 Do-

229 4253 364 4308 tnini
414 4252 618 4321 saepius
650 4250 993 4305 inclamabat.
1041 4251 1286 4321 Cumque
1336 4252 1671 4307 Francorum
1708 4252 1830 4307 ani-

230 4360 348 4399 mos
382 4343 453 4396 ad
485 4341 919 4397 internecionem
960 4342 1159 4396 odiosa:
1190 4343 1365 4411 gentis
1414 4343 1615 4398 sedulis
1657 4342 1829 4397 incla-

234 4436 577 4492 mationibns
600 4434 1004 4497 adhortaretur,
1050 4444 1106 4489 et
1149 4435 1365 4505 aliquos
1398 4436 1450 4490 in
1483 4436 1624 4491 bello
1653 4436 1831 4491 minus

232 4527 503 4585 sollicitos
530 4525 891 4589 confortaret,
924 4526 1194 4581 Alarieum
1222 4527 1433 4581 eminus
1459 4527 1827 4597 conspicatur,

232 4627 287 4671 et
312 4630 463 4686 equo
513 4624 639 4685 post
675 4629 801 4667 eum
850 4616 1065 4681 emisso,
1112 4629 1233 4669 eum
1284 4614 1466 4670 lancea
1496 4617 1753 4686 percutit,
1780 4624 1834 4670 et

234 4710 311 4764 sic
342 4706 593 4778 gladium
618 4706 891 4777 evaginat.
941 4707 1077 4763 Ecce
1128 4723 1284 4778 reges
1330 4706 1702 4762 ferocissimos
1731 4706 1835 4761 cir-

236 4807 525 4853 cumstans
578 4797 811 4869 populus
858 4798 1177 4865 mirabatur,
1223 4808 1273 4852 et
1302 4799 1382 4853 eis
1409 4800 1481 4853 ita
1512 4798 1838 4854 bellantibus

238 4889 451 4943 nullum
508 4888 762 4943 solatium
818 4888 1185 4958 impendebat.
1236 4887 1558 4944 Rimabatur
1606 4897 1839 4957 uterque

238 4977 423 5033 locum
449 4978 718 5045 vulneris,
750 4988 804 5034 et
832 4978 1150 5049 plerumque
1198 4994 1305 5033 non
1344 4980 1627 5035 inveniens
1659 4979 1840 5034 aversi

244 5074 495 5145 clypeum
533 5072 711 5144 gladio
740 5072 1080 5128 decurtabat.
1121 5073 1365 5143 Cumque
1410 5074 1512 5129 hac
1560 5075 1838 5130 vicissitu-

248 5166 369 5196 Ᾱῖηιι
402 5165 543 5196 nllnu
572 5166 725 5196 ἠπίη-ιζ
770 5166 989 5196 (aut!an
1021 5180 1176 5196 elnnnn
1204 5167 1215 5184 ³

1907 1868 2023 1933 Dei,
2055 1878 2101 1922 et
2120 1869 2258 1938 justi
2282 1869 2577 1938 epulantur,
2607 1880 2653 1924 et
2687 1871 2943 1925 exsultent
2970 1873 3023 1925 in
3057 1884 3334 1942 conspectu
3380 1874 3500 1941 Dei,

1905 1968 1952 2013 et
2005 1959 2326 2014 delectentur
2380 1962 2433 2015 iu
2478 1960 2686 2015 la'ttlia.
2742 1961 2815 2015 Ita
2856 1961 3160 2019 Clodoveus
3220 1964 3500 2020 inimicum

1908 2057 2185 2126 superavit
2233 2058 2574 2124 exercitum,
2631 2068 2687 2114 et
2745 2075 2884 2129 pene
2941 2061 3007 2116 ad
3070 2061 3500 2118 internecionem

1915 2162 2086 2216 usque
2137 2147 2377 2203 deduxit.
2438 2148 2503 2203 Hi
2557 2164 2717 2213 vero,
2771 2152 2863 2220 qui
2916 2152 3247 2208 Francorum
3295 2153 3506 2222 gladios

1908 2248 2221 2301 evaserunt,
2252 2255 2373 2292 cum
2424 2239 2731 2296 Amalarico
2756 2242 2961 2298 Alarici
2995 2244 3103 2299 lilio
3124 2246 3190 2299 ad
3219 2245 3505 2316 Hispanias

1909 2326 2294 2399 profugerunt,
2342 2341 2394 2385 et
2442 2332 2694 2386 eumdem
2749 2333 3113 2391 Amalaricum
3165 2338 3217 2391 in
3272 2346 3502 2407 paterno

1911 2418 2045 2474 solio
2069 2420 2448 2475 sublimarunt.
2484 2421 2748 2480 Maximus
2790 2436 2970 2481 autem
3014 2428 3379 2484 Arvernorum
3411 2444 3515 2498 po-.

1911 2510 2091 2580 pulus,
2127 2511 2217 2580 qni
2247 2527 2368 2566 cum
2397 2513 2708 2582 Apollinare
2751 2516 2887 2571 duce
2928 2517 2983 2572 in
3015 2517 3340 2586 atljntorium
3377 2519 3508 2574 Ala-

1915 2600 2018 2654 rici
2048 2606 2293 2665 vc'nerat,
2335 2604 2406 2657 ita
2440 2603 2493 2658 in
2526 2607 2717 2661 eodem
2749 2607 2936 2676 prmlio
2983 2624 3106 2663 cum
3139 2610 3325 2665 multis
3355 2626 3511 2665 sena-

1917 2692 2126 2747 toribus
2170 2703 2254 2748 est
2300 2694 2543 2761 attritus,
2598 2704 2660 2750 ut
2709 2697 2796 2751 vix
2847 2708 2911 2753 ex
2963 2707 3112 2752 tanta
3165 2699 3511 2757 multitudine

1918 2782 2141 2838 nuntius
2201 2794 2531 2854 superesset,
2585 2786 2677 2856 qui
2737 2787 2839 2842 hoc
2893 2789 3153 2844 uxoribus
3208 2791 3507 2847 nuntiaret.

1917 2869 2140 2926 Factum
2168 2881 2249 2927 est
2282 2874 2525 2943 przclium
2574 2876 2714 2931 istud
2762 2878 2813 2931 in
2850 2894 3044 2949 campo
3079 2878 3394 2953 Vosaglinse
3420 2898 3513 2938 su-

1919 2980 2016 3035 per
2070 2965 2320 3020 Clinnum
2371 2965 2591 3021 ﬂuvium
2622 3009 2635 3035 ,
2692 2970 2902 3026 decimo
2952 2971 3206 3028 milliaria
3259 2974 3327 3029 ab
3377 2973 3513 3031 urbe

1921 3057 2162 3113 Pictava.

1997 3151 2109 3207 Hac
2142 3153 2307 3222 igitur
2336 3163 2552 3224 patrata
2584 3155 2831 3222 victoria,
2868 3156 3035 3213 lilium
3064 3174 3220 3213 suum
3259 3158 3512 3215 Theode-

1924 3243 2121 3311 ricum,
2152 3260 2311 3313 quem
2342 3259 2405 3298 ex
2434 3246 2735 3301 concubina
2765 3257 3050 3318 genuerat,
3092 3248 3393 3305 Clodoveus
3421 3263 3517 3304 rex

1923 3350 2045 3390 cum
2097 3345 2249 3404 parte
2280 3335 2363 3390 sui
2411 3337 2685 3391 exercitus
2716 3338 2783 3392 ad
2811 3339 3114 3394 Arvernum
3166 3340 3375 3411 dirigit,
3422 3340 3516 3410 qui

1923 3424 1975 3480 ei
2033 3424 2278 3479 civitates
2334 3432 2389 3479 et
2445 3426 2739 3497 municipia
2792 3427 2859 3481 ad
2917 3428 3237 3485 Rhodanum
3297 3428 3519 3485 ﬂuvium

1925 3531 2098 3586 usque
2129 3516 2403 3585 subjiciat.
2448 3516 2549 3584 Qui
2600 3519 2772 3588 patris
2813 3519 2895 3574 sui
2942 3520 3213 3575 mandatis
3236 3520 3520 3591 obtempe-

1928 3626 2058 3665 rans
2107 3610 2267 3665 urbes
2319 3611 2602 3665 universas
2655 3628 2684 3665 a
2742 3612 2937 3666 finibus
2988 3612 3294 3667 Gothorum
3345 3628 3519 3682 usque

1925 3702 2295 3773 Burgundiam
2328 3703 2597 3772 sagaciter
2631 3701 2939 3773 subjugavit
2983 3711 3036 3756 et
3071 3702 3408 3758 Francorum
3440 3704 3523 3759 di-

1928 3795 2062 3850 tioni
2110 3794 2413 3849 substituit.
2466 3794 2770 3849 Clodoveus
2817 3796 2978 3866 igitur
3025 3811 3115 3850 rex
3166 3795 3521 3865 Burdcgalem

1930 3892 2203 3947 civitatem
2251 3890 2585 3960 ingrediens,
2638 3906 2738 3960 per
2773 3891 3005 3945 hiemem
3053 3890 3253 3944 ibidem
3280 3889 3527 3944 demora-

1934 3992 2019 4037 tus
2040 3992 2143 4046 est,
2167 3990 2221 4035 et
2249 3979 2532 4050 fatigatum
2561 3980 2614 4035 in
2636 3980 2777 4036 bello
2806 3980 2996 4035 refecit
3023 3980 3342 4036 exercitum.
3369 3977 3526 4034 Unde

1931 4074 2283 4145 progrediens
2316 4071 2569 4126 Tolosam
2619 4072 2855 4136 invasit,
2891 4080 2946 4126 et
2988 4071 3272 4125 thesauros
3317 4067 3525 4123 Alarici

1935 4164 2041 4228 his,
2072 4164 2165 4232 qui
2198 4162 2443 4218 eamdem
2474 4162 2807 4231 provinciam
2839 4161 3144 4232 possessuri
3174 4170 3355 4227 erant,
3388 4160 3527 4215 divi-

1935 4257 2064 4313 dere
2104 4256 2380 4326 praecepit.
2409 4256 2653 4324 Cumque
2685 4255 3022 4310 Ecolesinam
3055 4254 3355 4318 civitatem,
3404 4268 3526 4321 quas

1938 4348 2248 4405 rebellionis
2274 4348 2561 4402 audaciam
2586 4357 2979 4417 assumpserat,
3004 4355 3307 4417 expeteret,
3331 4354 3387 4401 et
3405 4360 3525 4401 eam

1938 4445 2104 4499 armis
2133 4453 2187 4499 et
2217 4444 2496 4499 obsidione
2541 4458 2853 4514 expugnare
2900 4444 3222 4496 decerneret
3249 4481 3265 4506 ,
3318 4450 3527 4495 tantam

1936 4534 2172 4605 gratiam
2209 4535 2259 4588 ei
2289 4534 2466 4587 virtus
2503 4533 2684 4587 divina
2716 4532 2985 4587 concessit
3010 4540 3067 4585 ut
3100 4532 3151 4585 in
3184 4530 3301 4599 ejus
3328 4532 3530 4587 adven-

1938 4637 2051 4683 tum
2082 4626 2221 4681 muri
2254 4624 2497 4693 ejusdem
2546 4624 2779 4679 civitatis
2822 4634 3065 4679 ruerent.
3099 4622 3253 4690 Quod
3283 4624 3530 4679 videntes

1935 4718 2214 4787 oppidani,
2251 4725 2305 4772 et
2349 4731 2464 4770 rem
2511 4715 2697 4769 divino
2740 4723 2874 4767 nutu
2925 4715 3175 4769 evenisse
3222 4715 3529 4774 credentes,

1939 4825 2059 4864 sese
2090 4822 2296 4877 suaque
2320 4806 2517 4861 dedere
2562 4805 2856 4869 Clodoveo,
2905 4814 2962 4860 et
2995 4806 3145 4859 urbis
3173 4806 3531 4859 munitionem

1942 4899 2213 4955 machinis
2236 4899 2631 4969 protriverunt,
2658 4906 2711 4953 et
2738 4896 2951 4952 Gothos
2976 4898 3180 4952 milites
3224 4894 3539 4949 munitionis

1941 4994 2183 5064 ejusdem
2226 4992 2336 5062 regi
2365 4991 2575 5062 pariter
2598 4988 2939 5046 obtulerunt.
2966 4988 3116 5056 Quos
3138 5000 3338 5040 omnes
3364 4985 3544 5053 capite

1944 5085 2134 5155 plexos
2183 5081 2345 5136 morti
2398 5080 2639 5142 tradidit,
2672 5086 2724 5131 et
2764 5077 3061 5147 Pyrenaeos
3109 5084 3335 5129 montes
3380 5085 3549 5141 usque

2671 5167 2837 5196 ...ιι-ιΛο
2882 5175 2934 5196 nl
2994 5160 3220 5196 Λησ-ΙΩΙΙσὶ
3265 5184 3270 5196 ι

2068 5187 2178 5196 ,ιι-..ι
2194 5188 2279 5196 η-..
2307 5170 2600 5196 -..ικεῖλτλιεη
