4044 5428
529 18 635 75 615

1173 14 1539 73 ROIthONIS
1561 14 1868 75 MONACHI
1896 13 2432 81 MOISSIACENSIS,
2451 13 2676 73 GESTA
2716 13 3175 74 FRANCORUM.’

3686 11 3794 69 6l6

532 132 663 192 tiam
685 105 999 202 dereliquit,
1031 105 1099 185 et
1121 105 1402 186 immensis
1429 106 1741 185 muneribus
1768 106 2068 200 ampliavit.
2134 134 2179 191 Α
2208 106 2314 184 est.
2368 127 2476 184 Sed
2523 125 2736 182 favente
2783 104 3054 193 Domino,
3101 123 3187 181 cui
3241 104 3475 203 nefaria.
3515 104 3640 197 eius
3688 126 3800 185 vita

601 223 694 281 Sic
723 223 905 292 itaque
931 220 1210 277 exsultans
1236 221 1288 275 in
1324 208 1550 277 Domino
1580 229 1634 275 et
1660 220 1713 275 in
1737 219 1925 275 laetitia
1966 210 2115 275 dele?

528 326 729 379 ctatus,
783 313 1019 372 Turonis
1065 323 1152 369 est
1206 327 1507 385 regressus,
1566 324 1621 369 et
1669 313 1838 369 multa
1887 326 2112 367 munera

530 410 756 481 supplex
802 406 996 463 obtulit
1031 405 1369 469 confessori,
1419 416 1744 475 centumque
1789 404 1990 459 solidos
2046 402 2114 458 ad

532 498 906 555 redimendum
933 510 1133 567 equum
1164 510 1322 550 suum
1370 494 1757 550 matriculariis
1805 495 1935 548 dare
1976 509 2115 563 pra:-

529 592 691 661 cepit.
726 588 834 644 Sed
866 602 965 643 nec
992 587 1152 654 solvi,
1195 601 1295 641 nec
1329 586 1493 657 etiam
1526 585 1726 641 moveri
1759 586 1934 655 potuit
1971 572 2115 637 loco.

528 682 687 737 Deiit
733 681 930 734 iterum
972 688 1213 744 centum,
1247 686 1304 733 et
1347 676 1555 732 moveri
1599 677 1851 748 potuitet
1880 675 2109 731 absolvi.

528 774 701 841 Quem
729 788 852 827 cum
881 772 1198 843 recepisset,
1221 785 1288 825 ex
1318 769 1610 825 abundanti
1642 768 1826 825 laetitia
1858 768 2112 825 resolutis

529 864 583 917 in
632 864 824 925 risum,
882 862 1008 917 talia
1062 862 1261 916 dicitur
1304 876 1560 931 responsa
1614 859 1865 916 dedisse:
1927 878 1944 911 ι
1975 846 2113 916 Vere

526 951 719 1007 beatus
764 951 1028 1006 Martinus
1053 960 1107 1005 et
1133 952 1333 1006 auxilio
1374 961 1679 1020 promptus,
1730 950 1865 1005 etin
1896 950 2113 1021 negotio

525 1043 730 1097 cltarus
757 1044 1038 1097 habetur.»
1073 1043 1139 1096 Et
1173 1042 1472 1097 ascendens
1506 1058 1723 1112 equum,
1772 1058 2007 1113 purpura
2036 1059 2117 1098 re-

526 1134 751 1189 dimitus
785 1144 839 1189 ct
886 1150 1017 1190 auro
1053 1151 1118 1188 ac
1163 1135 1415 1189 diadema
1465 1136 1671 1205 regium
1718 1135 1771 1189 in
1817 1136 1996 1205 capite
2021 1151 2114 1207 ge-

526 1233 717 1290 stans,
771 1240 869 1294 pro
917 1224 1280 1281 exsultatione
1332 1225 1572 1281 victoriae
1623 1225 1693 1280 ob
1751 1222 2109 1297 reverentiam

526 1314 701 1369 sant-ti
744 1314 958 1369 Martini
1003 1315 1119 1369 auri
1168 1325 1223 1370 et
1273 1315 1483 1387 argenti
1535 1316 1826 1387 plttrimnm
1858 1317 1909 1371 in
1947 1318 2109 1385 atrio,

525 1403 671 1474 quod
714 1415 797 1460 est
828 1405 970 1459 inter
1010 1405 1300 1461 ecclesiam
1326 1405 1403 1463 ος.
1464 1407 1681 1479 Martini
1735 1412 1790 1463 et
1832 1410 2108 1466 civitatem

525 1506 794 1566 praesente
830 1497 1027 1568 pupulo
1057 1498 1277 1568 sparsit,
1329 1480 1384 1554 et
1410 1500 1553 1570 regia
1604 1498 1971 1557 muniﬁcentia
2001 1502 2111 1558 dis-
2142 1502 2186 1562 Β

525 1588 793 1656 pensavit.
818 1587 901 1641 Ab
930 1589 1047 1659 ipso
1070 1588 1235 1657 igitur
1261 1588 1345 1642 die
1370 1590 1606 1661 suscepit
1631 1605 1754 1645 eum
1789 1585 2110 1649 Anastasius

528 1666 826 1745 imperator
855 1677 908 1731 in
942 1678 1237 1733 amicitiam
1270 1679 1639 1749 singularem,
1678 1690 1734 1735 et
1785 1697 1890 1735 non
1935 1681 2108 1737 solum

528 1780 622 1820 rex
651 1775 745 1821 aut
766 1767 979 1833 censui,
1026 1768 1121 1822 sed
1157 1775 1215 1823 et
1258 1768 1530 1839 Augustus
1555 1768 1623 1824 ab
1641 1770 1853 1825 eadem
1887 1770 2112 1841 impera-

526 1868 644 1912 tore
669 1856 852 1929 jussus
881 1866 966 1915 est
997 1852 1276 1928 appellari.
1322 1858 1393 1912 Et’
1433 1859 1531 1913 tali
1573 1859 1744 1930 gloria
1790 1858 2111 1915 sublimatus

525 1959 655 2005 ante
676 1939 987 2022 sepulcrum
1036 1944 1179 2005 beati
1231 1949 1447 2006 Martini
1480 1940 1651 2022 genua
1684 1951 1801 2005 likit
1827 1961 1879 2007 et
1912 1950 2108 2009 oravit.

526 2039 594 2095 Et
615 2040 696 2095 sic
728 2038 862 2096 urbe
908 2033 1268 2112 progressus}
1304 2039 1544 2096 Parisios
1572 2041 1751 2107 rediit,
1782 2049 1836 2096 et
1865 2044 2110 2098 eamdem

527 2129 803 2186 civitatem
830 2132 981 2201 regni
1005 2131 1088 2185 sui
1117 2131 1301 2185 sedem
1331 2144 1453 2185 esse
1487 2131 1783 2186 constituit.
1810 2130 2110 2187 Ecclesium

531 2235 656 2276 vero
672 2220 859 2276 Sancti
880 2222 1026 2276 Petri
1052 2237 1214 2291 quam
1239 2235 1298 2275 se
1319 2220 1585 2276 facturum
1608 2224 1935 2292 promiserat
1960 2232 2114 2277 ante.

523 2327 689 2383 quam
734 2312 1156 2383 progrederetur
1183 2312 1251 2368 ad
1284 2312 1567 2368 bellumtet
1593 2313 1804 2368 decenti
1846 2316 2114 2378 composi-

525 2408 674 2462 tione
705 2402 1024 2462 cdnstruere
1067 2404 1211 2468 fecit,
1260 2398 1314 2461 et
1362 2404 1734 2461 constructam
1778 2406 2114 2463 ornamentis

522 2506 689 2567 atque
729 2496 1031 2551 redditibus
1062 2494 1394 2552 suﬁicienter
1439 2497 1736 2569 ampliavit.
1786 2498 1992 2552 Dehinc
2022 2497 2114 2571 ad“-

523 2600 718 2643 versus
765 2584 1095 2660 Raguerium
1140 2585 1305 2659 atriue
1353 2588 1668 2644 Richarium
1719 2588 1873 2644 duxit
1899 2589 2113 2644 exercib

524 2688 663 2746 tum,
690 2681 781 2750 qui
810 2680 952 2753 apud
974 2679 1336 2736 Camaracum
1362 2680 1734 2747 morabantur,
1757 2690 1811 2736 et
1840 2697 1934 2737 eos
1961 2680 2110 2737 omni

527 2770 794 2840 dignitate
824 2771 1069 2825 saeculari
1104 2782 1161 2828 et
1206 2772 1321 2827 vita
1365 2773 1573 2841 pariter
1610 2772 1952 2828 conﬁrmavit
1991 2786 2111 2828 esse

525 2858 829 2915 nudandas.
887 2860 1020 2915 Erat
1062 2858 1167 2917 iste
1211 2863 1517 2933 Bagnerius
1567 2862 1802 2920 ell‘renus
1848 2863 1902 2918 in
1952 2864 2109 2919 luxu-
2137 2858 2182 2921 C

526 2949 689 3016 riam,
726 2959 783 3005 et
811 2950 1047 3006 habebat
1073 2951 1444 3007 consiliarium
1472 2953 1759 3023 quemdam
1802 2953 2108 3010 Pltarouem

527 3042 752 3103 nomine
773 3042 938 3097 simili
977 3040 1241 3114 spurcitia
1269 3042 1617 3098 lutulentum.
1651 3043 1853 3099 Oderat
1879 3060 1973 3100 eos
2005 3046 2110 3102 Do-

525 3134 729 3198 minus,
759 3142 814 3188 et
845 3133 965 3189 ideo
1010 3134 1078 3188 ab
1116 3126 1427 3191 hominibus
1470 3134 1566 3190 Dei
1611 3134 1785 3191 a'mari
1829 3123 2114 3208 non'poteé

527 3234 674 3278 rant.
720 3224 1016 3295 Propterea
1047 3234 1103 3281 et
1145 3224 1348 3280 Franci
1387 3226 1719 3296 superiores,
1764 3241 1899 3296 quos
1943 3227 2110 3282 domis

526 3330 658 3375 natu
706 3321 1025 3392 premebant
1075 3320 1299 3391 iniquo,
1350 3320 1575 3375 nimium
1618 3320 1834 3391 indigne
1871 3320 2111 3378 ferentes

528 3410 726 3466 talibus
753 3411 932 3477 subdi,
977 3418 1330 3467 accesserunt
1356 3410 1423 3466 ad
1447 3410 1798 3476 Clodoveum,
1842 3420 1895 3465 et
1932 3413 2108 3482 petie-

528 3512 657 3559 runt
682 3504 750 3559 ab
772 3518 839 3558 eo
862 3519 1086 3559 munera
1120 3514 1179 3559 ut
1202 3518 1326 3559 eum
1364 3502 1489 3557 dolo
1516 3502 1584 3557 ad
1615 3504 1934 3561 certandum
1978 3517 2110 3559 con-

527 3603 611 3650 tra
639 3605 858 3651 nostros
888 3597 1244 3668 impellerent,
1273 3605 1331 3651 et
1363 3596 1437 3651 ita
1463 3597 1581 3651 sine
1610 3595 1840 3651 tumultu
1870 3596 2109 3653 maxime

523 3695 582 3740 et
608 3684 734 3740 vita:
757 3685 899 3742 illius
931 3685 1455 3757 ﬁuis'imponeretur
1478 3696 1531 3743 et
1560 3687 1798 3742 crimini.
1845 3687 2003 3741 Dedit
2029 3688 2111 3743 eis

527 3776 711 3847 itaque
736 3792 828 3833 rex
854 3778 1122 3844 armillas,
1165 3787 1221 3833 et
1263 3778 1471 3835 balteos
1500 3778 1776 3849 caprinos,
1802 3787 1858 3834 et
1890 3778 2109 3834 electri-

525 3881 628 3921 nos
682 3867 908 3923 subdole
955 3868 1307 3939 compositos,
1357 3878 1414 3922 et
1464 3868 1695 3939 desuper
1731 3883 1867 3924 auro
1914 3878 2106 3925 tectos.

526 3957 736 4024 Quibus
787 3962 1022 4030 receptis
1085 3961 1442 4026 muneribus,
1494 3970 1781 4032 cmperuut
1824 3963 2108 4020 adhortari

528 4046 858 4117 Ragnerium
886 4060 946 4102 ut
977 4052 1236 4105 adversus
1263 4050 1588 4105 Clodoveum
1615 4066 1766 4106 arma
1809 4053 2110 4124 corriperet

526 4144 586 4190 et
605 4138 957 4204 egrederetur
984 4141 1050 4194 ad
1080 4141 1303 4207 bellum,
1349 4142 1670 4197 mentientes
1700 4158 1881 4212 regem
1909 4147 2107 4201 adven-

2213 218 2590 293 diSplicuerat,
2619 228 2906 291 correptus
2929 228 3016 275 est
3052 228 3107 274 et
3152 218 3372 289 ligatus,
3398 216 3478 274 'et
3527 218 3801 293 Clodoveo

2214 321 2591 385 praasentatus.
2620 310 2756 368 Cum
2784 328 2891 387 quo
2924 321 2981 367 et
3017 311 3339 369 Ricltarium
3382 320 3549 382 atque
3595 311 3805 368 Pharo-

2215 416 2337 460 nem
2363 403 2910 474 comprehenderunt,
2949 412 3003 459 et
3031 403 3241 459 vinctos
3268 404 3474 474 pariter
3495 404 3615 474 regi
3645 405 3804 458 obtu-

2216 498 2412 554 lerunt.
2459 497 2606 565 Quos
2650 495 2917 567 capitibus
2952 496 3134 566 puniri
3181 496 3457 567 praecepit,
3506 505 3563 551 et
3594 495 3673 551 ita
3704 509 3803 551 ne-

2214 588 2378 645 fando
2409 588 2626 646 crimini
2658 586 2817 644 ﬁnem
2845 588 3125 659 imposuit.
3167 585 3393 658 Insuper
3419 595 3475 642 et
3509 587 3802 643 thesauros

2213 672 2404 738 eorum
2444 696 2510 737 ac
2535 681 2811 738 civitatem
2843 682 3075 753 propria:
3109 681 3300 737 ditioni
3350 682 3613 738 restituit.
3643 681 3800 752 Apud

2214 773 2630 831 Cenomanicam
2654 788 2873 851 quoque
2897 774 3170 829 civitatem
3185 774 3437 846 Ragnerii
3461 775 3800 845 prepinquus

2214 866 2434 937 quidam
2478 867 2795 922 morabatur
2839 852 3188 936 Ragnimirus
3236 866 3475 931 nomine,
3513 856 3682 935 quem
3710 880 3800 935 pa-

2214 952 2350 1013 riter
2370 957 2484 1013 vita
2516 958 2752 1028 privavit
2795 964 2853 1011 et
2906 970 3115 1027 regno:
3167 942 3235 1011 ne
3278 956 3517 1012 scintilla
3546 954 3799 1012 videlicet

2215 1052 2386 1122 iniqui
2443 1050 2705 1122 germinis
2754 1064 3042 1105 remanere
3096 1049 3393 1116 videretur,
3446 1064 3570 1119 qua:
3621 1050 3800 1107 scelus

2212 1128 2543 1201 horrendum
2597 1145 2886 1201 suscitaret
2935 1144 2987 1197 in
3041 1136 3285 1213 populos,
3333 1150 3387 1198 et
3434 1141 3799 1198 Sodomorum

2213 1234 2778 1301 Gontorrltmorumve,
2816 1235 2961 1305 quod
3006 1233 3167 1299 absit,
3200 1233 3529 1289 exterminio
3570 1234 3802 1288 damna-

2215 1314 2424 1383 rentur.
2454 1324 2701 1397 Cumque
2748 1326 3055 1396 proditorcs
3106 1324 3359 1407 Ragnerii
3409 1326 3798 1396 cognovissent

2212 1424 2356 1496 quod
2380 1414 2431 1479 in
2464 1423 2643 1497 pretio
2673 1421 2811 1497 tanti
2858 1421 3119 1476 facinoris
3146 1437 3219 1475 :es
3246 1420 3497 1475 vitiatum
3551 1420 3796 1491 accepis.

2214 1526 2364 1583 seut,
2384 1496 2778 1588 conquerentes
2824 1498 3049 1569 nimium
3092 1521 3148 1568 et
3181 1528 3302 1568 sero
3324 1506 3683 1584 pteniteutes,
3713 1526 3799 1567 ac-

2213 1592 2498 1664 cesserunt
2539 1607 2608 1664 ad
2655 1592 2859 1678 regem,
2899 1614 2956 1660 et
2988 1602 3224 1676 qualiter
3258 1592 3801 1685 ludiﬁcati'nfuerant

2214 1692 2623 1757 intimaverunt.
2647 1699 2856 1767 Quibus
2875 1696 3174 1775 Clodoveus
3202 1698 3272 1771 ita
3297 1690 3660 1766 respbndens,
3689 1696 3794 1751 ait:

2219 1784 2398 1847 i'l‘ale
2460 1808 2653 1867 aurum
2727 1791 2920 1851 merito
2975 1789 3299 1868 recepistis,
3360 1790 3475 1868 qui
3515 1790 3795 1844 dominum

2214 1873 2456 1940 vestrum
2490 1864 2681 1939 intorti
2742 1864 3069 1939 tradidistis.
3134 1881 3220 1937 Sit
3276 1864 3611 1951 jam‘vobis
3665 1883 3796 1938 satis

2211 1990 2424 2052 vestras
2473 1977 2684 2032 animas
2735 1990 3064 2041 reservasse,
3111 1983 3169 2030 et
3211 1989 3315 2030 non
3348 1990 3447 2046 pro
3495 1981 3650 2030 tanto
3686 1974 3793 2030 cri-

2214 2069 2358 2124 mine
2382 2067 2647 2138 condigna
2675 2065 2933 2136 supplicia
2965 2064 3335 2137 persolvisse.)

2284 2159 2380 2214 [iis
2407 2158 2573 2230 igitur
2601 2156 2850 2228 patratis,
2875 2155 3026 2211 febre
3048 2154 3341 2225 corripitur
3374 2152 3701 2216 Clodoveus,
3740 2162 3792 2209 rt

2214 2250 2282 2307 de
2304 2250 2391 2305 die
2416 2250 2471 2304 in
2499 2250 2637 2304 diem
2666 2246 2905 2304 sentiens
2932 2245 3207 2317 langorem
3237 2246 3638 2317 ingravescere,
3662 2260 3789 2301 con-

2212 2332 2419 2398 vocatis
2442 2341 2775 2396 Francorum
2802 2339 3139 2411 proceribus,
3169 2353 3395 2409 regnum
3425 2352 3585 2393 suum
3615 2336 3794 2393 divisit

2213 2422 2268 2489 in
2299 2442 2502 2503 partes,
2538 2442 2595 2488 et
2622 2432 2747 2487 ﬁliis
2770 2432 2883 2487 suis
2906 2438 3142 2500 quatuor
3161 2430 3378 2499 easdem
3408 2439 3593 2500 partes
3614 2427 3795 2485 distri-

2212 2524 2369 2581 buit-
2398 2524 2746 2595 Clnldeberto
2790 2540 2918 2579 vero
2965 2522 3074 2579 ﬁlio
3112 2523 3230 2587 suo,
3263 2538 3427 2593 quem
3463 2524 3625 2578 unice
3668 2521 3788 2577 dili-

2213 2612 2397 2688 gebat,
2428 2616 2668 2672 Parisios
2696 2616 2935 2681 tradidit,
2967 2624 3020 2669 et
3050 2614 3411 2670 Clodomirem
3443 2615 3585 2685 apud
3623 2613 3793 2669 Aure-

2214 2704 2341 2763 liam
2365 2708 2605 2763 residere
2640 2706 2919 2777 praecepit.
2945 2704 3225 2761 Clotltario
3259 2703 3584 2759 Suessiones
3625 2704 3789 2767 dedit,

2212 2802 2268 2855 et
2292 2799 2649 2865 Theoderico,
2686 2814 2846 2868 quem
2875 2813 2938 2853 ex
2970 2796 3269 2853 concubium
3304 2808 3589 2867 genuerat,
3612 2795 3790 2851 Remis

2213 2893 2487 2948 civitatem
2523 2900 2685 2963 atque
2717 2889 3072 2946 Camaracum
3123 2887 3364 2945 indulsit.
3414 2887 3660 2957 Cumque
3699 2902 3788 2957 per

2212 2982 2546 3039 Francorum
2592 2996 2847 3054 proceres
2906 2980 3086 3035 luctus
3149 2979 3339 3052 ingens
3399 2979 3641 3034 oriretur
3695 2990 3788 3048 pro

2215 3073 2350 3131 tanti
2376 3074 2517 3144 regis
2542 3072 2818 3137 abscessu,
2871 3070 3153 3141 suspirans
3202 3069 3267 3123 ad
3313 3068 3509 3125 caelum
3542 3084 3638 3147 rex
3666 3066 3791 3155 ﬁde:

2212 3164 2319 3222 iis:
2383 3185 2402 3218 ι
2434 3164 2534 3229 En,
2564 3164 2757 3236 inquit,
2790 3164 3017 3218 Domine
3069 3154 3231 3225 Deus,
3263 3161 3528 3231 miserere
3573 3159 3700 3224 mei,
3735 3166 3787 3212 et

2211 3256 2469 3329 populum
2498 3255 2662 3321 hunc,
2686 3254 2775 3325 qui
2808 3254 2861 3307 in
2898 3262 2987 3307 tuo
3018 3253 3236 3307 nomine
3277 3250 3420 3305 sacri
3455 3248 3784 3321 baptismatis

2213 3348 2627 3419 regeneratioue
2672 3355 2931 3419 purgatus
2977 3350 3101 3409 est,
3149 3355 3204 3399 tu
3252 3344 3367 3414 ipse
3410 3344 3690 3415 guberna;
3732 3351 3780 3396 tu

2213 3438 2698 3499 nostrosltteredes
2737 3448 2995 3510 perpetua
3046 3436 3273 3491 tuitione
3319 3436 3620 3491 circumda.
3654 3434 3779 3489 Cro-

2212 3532 2444 3587 childem
2476 3546 2604 3586 vero
2635 3538 2897 3592 nostram,
2924 3528 3033 3582 imo
3064 3537 3232 3591 tuam,
3256 3536 3310 3581 et
3339 3525 3468 3595 quia
3497 3533 3644 3579 tuam
3669 3522 3781 3579 ideo

2214 3609 2411 3680 melius
2442 3633 2705 3686 nostram,
2740 3622 2814 3675 ita
2846 3620 2940 3676 tibi
2965 3619 3305 3684 commendo,
3334 3626 3393 3672 ut
3419 3633 3542 3673 eam
3592 3614 3779 3670 tuearis

2205 3711 2675 3783 'sicutpropriam',
2715 3711 2857 3765 sicut
2902 3708 3281 3773 domesticam,
3308 3711 3453 3763 sicut
3495 3706 3678 3771 ﬁliam,
3702 3702 3780 3759 vel

2212 3803 2355 3859 s'cut
2398 3801 2675 3857 ancillam.
2717 3800 2796 3855 Tu
2847 3814 2970 3853 eam
3012 3799 3142 3853 mihi
3176 3796 3455 3869 providisti
3504 3814 3659 3854 servo
3692 3805 3778 3850 tuo

2213 3902 2373 3963 atque
2399 3891 2699 3955 tradidisti;
2748 3890 2843 3945 tibi
2874 3905 2997 3945 eam
3045 3889 3232 3951 reddo,
3257 3904 3354 3957 per
3381 3904 3548 3957 quam
3593 3896 3645 3944 et
3684 3895 3777 3941 tua;

2212 3983 2347 4054 legis
2373 3982 2589 4038 decreta
2619 3980 2899 4052 cognovi.»
2931 3979 3024 4036 llis
3058 3980 3238 4043 dictis,
3274 3979 3509 4034 reddidit
3539 3978 3777 4049 spirituum

2211 4086 2264 4132 et
2293 4075 2535 4146 sepultus
2564 4086 2648 4129 est
2687 4074 2739 4128 in
2774 4073 2997 4128 basilica
3028 4071 3213 4126 Sancti
3245 4070 3434 4135 Petri,
3480 4086 3641 4141 quam
3674 4068 3776 4138 ipse

2204 4166 2613 4231 ‘coustrux'erat,
2643 4182 2785 4220 anno
2812 4165 3087 4221 tricesimo
3112 4164 3195 4219 sui
3219 4164 3393 4236 regni,
3419 4164 3643 4218 Domino
3661 4159 3774 4215 Iesu

528 4234 649 4282 tare
674 4244 795 4339 cu‘m
836 4233 1038 4339 paucis,
1077 4247 1139 4288 se
1174 4233 1655 4339 lmultisnmilitibus
1689 4247 1810 4289 esse
1829 4238 2111 4339 ςοηειῑιη-
2210 4259 2426 4327 Christo
2470 4267 2729 4329 regnante
2771 4258 2823 4312 in
2880 4266 3221 4339 perpetuum,
3269 4230 3355 4311 cui
3405 4263 3491 4312 est
3534 4254 3701 4312 honor
3727 4255 3774 4305 et

531 4330 668 4373 tum.
711 4323 865 4389 Quod
906 4339 1029 4381 cum
1082 4326 1325 4382 audisset
1367 4326 1692 4398 Ragnerius,
1737 4327 1996 4383 audacter
2039 4331 2108 4385 ad

527 4423 764 4481 pugnam
797 4414 878 4483 iit,
919 4424 973 4473 et
1014 4417 1278 4476 adversus
1321 4428 1542 4474 nostros
1590 4417 1793 4471 acriter
1830 4419 2108 4476 armliatus

2212 4350 2378 4423 gloria
2402 4351 2454 4405 in
2484 4349 2677 4406 szecula
2708 4347 3047 4404 saeculorum.
3074 4346 3268 4402 Amen.

2047 4613 2294 4684 Explicil.
2324 4598 2330 4605 '
