4044 5428
1552 574 1723 623 ANNO
1774 580 2002 625 DOMINI
2046 580 2233 628 “VIII.
2276 642 2278 645 ν

1220 777 2197 1007 ΑΙΜΟΙΝ
2223 782 2552 995 US

965 1128 1738 1250 MONACHUS
1803 1130 2862 1271 FLORIACENSIS.

1665 1328 2105 1349 *—

1316 1471 1758 1558 ΝΟΤΙΤΙΑ
1794 1473 2380 1559 HISTORICA.

1040 1653 1224 1725 (Apud
1250 1652 1499 1722 FABRIC.,
1524 1654 1772 1709 Biblioth.
1795 1654 1932 1709 med.
1973 1663 2022 1708 et
2048 1655 2147 1725 inf.
2169 1653 2315 1723 Lat.,
2346 1662 2476 1712 tom.
2500 1652 2540 1721 I,
2567 1671 2689 1728 pag.
2716 1656 2833 1730 55.)

1656 1800 2123 1821 WG

308 1942 616 2012 Aimoinus,
646 1944 759 2002 sive
788 1942 1005 2012 Haimo,
1032 1947 1205 2016 patria
1226 1943 1557 2003 Petricorius
1596 1946 1824 2017 Aquita—
1854 1933 1900 1992 Α
1930 1952 2307 2023 reccnsitaque
2340 1969 2367 2008 a
2400 1946 2608 2010 Joanne
2657 1951 2868 2010 Nicotio
2894 1994 2909 2019 ,
2944 1942 3118 2010 Paris.
3146 1994 3162 2019 ,
3204 1948 3343 2026 apud
3397 1947 3509 2012 Αηι

238 2046 375 2101 nus,
415 2052 447 2090 a
478 2035 721 2091 librariis
749 2036 909 2091 modo
942 2036 993 2090 in
1024 2036 1363 2099 Aumonium,
1396 2037 1553 2091 modo
1577 2037 1629 2092 in
1652 2038 1827 2091 Aimo-

240 2129 411 2193 nium,
449 2129 733 2183 Amonium
763 2128 847 2183 vel
874 2126 1198 2191 Annonium,
1230 2130 1673 2194 transformatus,
1707 2144 1824 2183 mo-

239 2220 451 2273 nachus
482 2216 550 2273 ab
580 2234 669 2274 an.
700 2218 760 2273 C.
792 2219 895 2273 970
922 2220 1156 2273 cceuobii
1194 2210 1549 2274 Floriacensis
1576 2261 1590 2285 ,
1622 2221 1734 2274 sive
1764 2220 1823 2275 S.

236 2305 519 2361 Benedicti
565 2308 649 2374 (de
682 2298 895 2379 Flenry)
939 2309 1005 2362 ad
1037 2308 1292 2380 Ligerim.
1345 2309 1444 2365 Ilic
1489 2326 1573 2365 an.
1602 2310 1662 2366 C.
1690 2311 1827 2365 1005

236 2397 425 2454 Vitam
477 2407 534 2454 et
583 2394 839 2454 Miracula
889 2390 1097 2455 abbatis
1128 2402 1211 2455 sui
1244 2400 1470 2455 Abbonis
1516 2402 1592 2472 (l)
1642 2400 1824 2471 (quem

233 2491 425 2559 priore
459 2504 600 2543 anno
619 2488 915 2544 Wascones
957 2487 1364 2560 interfecerant)
1398 2490 1735 2560 consignavit
1761 2489 1825 2543 ad

237 2580 530 2635 IIervzeum
554 2620 571 2641 ,
620 2579 732 2635 sive
783 2576 1106 2645 IIerivmum,
1136 2580 1392 2635 clericum
1428 2582 1825 2635 thesaurarium

236 2666 295 2723 S.
330 2671 576 2725 Martini.
602 2671 719 2725 Vita
745 2681 915 2727 exstat
958 2672 1009 2725 in
1042 2670 1265 2726 Joannis
1312 2672 1376 2726 de
1416 2670 1588 2726 Bosco
1631 2672 1827 2727 Biblio-

234 2764 399 2818 theca
426 2756 779 2827 Floriacensi,
810 2763 1054 2837 Lugduni
1085 2766 1305 2831 1605-8,
1334 2781 1455 2835 pag.
1484 2767 1619 2828 299;
1652 2767 1703 2820 iu
1736 2765 1827 2820 Pi-

234 2854 373 2909 thmi
406 2853 504 2907 XII
539 2853 926 2923 Scriptoribus,
961 2872 1083 2926 pag.
1116 2857 1249 2921 428;
1286 2868 1339 2912 et
1371 2867 1499 2911 tom.
1527 2856 1631 2910 Vlll
1662 2857 1828 2912 Acto-

232 2959 361 2996 rum
393 2938 756 3007 Benedictin.,
804 2960 924 3014 pag.
973 2945 1096 3001 682.
1150 2947 1334 3001 Eidem
1378 2947 1587 3002 Abboui
1631 2948 1831 3002 dicavit

232 3030 406 3089 libros
437 3031 467 3086 Ι
487 3030 522 3083 γ
547 3031 793 3088 Historiis
820 3033 1173 3097 Francorum,
1203 3052 1363 3103 quant
1390 3036 1455 3089 ad
1487 3035 1660 3104 PLpini
1688 3036 1828 3106 regis

234 3121 723 3191 inauguratiouem
748 3124 861 3177 sive
889 3124 940 3177 iu
970 3140 1058 3177 au.
1088 3122 1150 3177 (ἶ.
1190 3124 1291 3178 752
1323 3123 1589 3179 deducere
1630 3124 1826 3189 voluit,

1930 2040 2114 2096 dream
2143 2040 2457 2097 Wechelum
2485 2042 2704 2107 1567-8,
2742 2042 2936 2097 deinde
2971 2059 2999 2096 a
3030 2040 3233 2099 Iacobo
3289 2044 3507 2099 Breulio

1930 2127 2062 2183 ibid.
2114 2129 2250 2184 1605
2295 2129 2387 2184 fol.
2420 2142 2475 2185 et
2525 2131 2578 2185 in
2630 2130 2853 2187 Joannis
2888 2147 2917 2186 a
2960 2130 3131 2187 Bosco
3172 2131 3509 2188 Bibliotheca

1928 2219 2279 2283 Floriaccusi,
2306 2220 2552 2291 Lugduni
2588 2221 2808 2286 1605-8,
2842 2237 2941 2277 nec
2984 2237 3090 2276 non
3120 2222 3172 2275 in
3216 2220 3511 2290 Scriptori-

1930 2310 2029 2365 bus
2056 2310 2336 2365 Francicis
2361 2309 2667 2381 Marquardi
2698 2311 2952 2376 Froheri,
2979 2312 3184 2366 llanov.
3218 2302 3507 2378 i613fol.;

1930 2401 2160 2472 denique
2212 2402 2266 2456 in
2317 2412 2462 2459 tome
2492 2403 2652 2459 tertio
2677 2396 2907 2458 Androm
2931 2403 3000 2457 du
3053 2394 3285 2469 Cbestac,
3331 2400 3508 2460 Paris.

1931 2491 2060 2545 I641
2102 2491 2220 2556 fol.,
2248 2490 2337 2546 ubi
2368 2493 2532 2547 etiam
2566 2492 2761 2547 Poema
2785 2494 2848 2547 de
2874 2493 3044 2562 prima
3065 2493 3372 2562 [undatione
3410 2510 3511 2548 τωο

1930 2580 2068 2632 nobii
2105 2579 2460 2635 Floriacensis
2486 2620 2501 2645 ,
2531 2582 2778 2637 versibus
2843 2581 3174 2636 hexametris
3200 2619 3215 2646 ,
3271 2582 3510 2651 itemque

1929 2671 2153 2725 alterum
2188 2672 2252 2725 de
2293 2671 2637 2725 translatione
2669 2671 3007 2741 reliquiarum
3046 2670 3108 2726 S.
3138 2669 3408 2725 Benedicti
3456 2672 3512 2724 in

1930 2760 2192 2827 Galliam,
2226 2761 2369 2830 quod
2418 2760 2635 2815 obvium
2660 2774 2874 2831 quoque
2914 2761 2969 2815 in
3013 2752 3309 2815 Mabilionii
3360 2761 3511 2816 Actis

1930 2850 2255 2905 Sanctorum
2275 2850 2478 2905 ordinis
2500 2849 2773 2905 Benedicti
2799 2840 2935 2906 Sine.
2960 2849 3023 2915 II,
3046 2864 3164 2921 pag.
3183 2847 3307 2905 559.
3322 2849 3510 2906 Sermo

1930 2940 1983 2994 in
2025 2940 2389 3011 festivitatibus
2454 2936 2513 2993 S.
2563 2937 2833 2992 Benedicti
2875 2954 2997 2994 cum
3047 2939 3295 2995 versibus
3339 2939 3513 2995 Mauri

1930 3030 2214 3102 Paulique,
2248 3031 2620 3087 Casinensium
2648 3030 3072 3095 monachorum,
3106 3030 3389 3101 Smaragdi
3412 3031 3511 3086 ab‘

1930 3120 2093 3185 batis,
2118 3120 2345 3175 Aldelmi
2371 3120 2627 3190 episc0pi,
2649 3119 3008 3190 aliorumque,
3036 3119 3091 3175 in
3116 3117 3318 3174 laudati
3343 3118 3513 3175 Joan-

233 3214 335 3267 sed
371 3214 616 3268 substitit
648 3214 701 3267 in
743 3212 1054 3270 fundatioue
1110 3216 1421 3269 monasterii
1476 3215 1830 3271 Floriaceusis
1862 3283 1886 3285 ᾉ
1933 3213 2015 3268 nis
2049 3228 2080 3267 a
2115 3212 2284 3268 Bosco
2312 3213 2625 3268 Biblotbeca
2642 3211 2993 3280 Floriacensi,
3021 3229 3144 3284 pag.
3173 3214 3302 3280 270,
3326 3214 3382 3269 in
3407 3228 3516 3285 qua

236 3306 394 3361 circa
426 3305 495 3359 A.
527 3304 585 3361 (ἶ.
614 3306 717 3359 650
745 3298 826 3359 vel
853 3305 975 3359 660.
1008 3306 1217 3361 Canera
1250 3307 1411 3376 igitur
1437 3322 1466 3359 a
1497 3306 1617 3360 libri
1646 3307 1827 3375 quarti
1860 3283 1902 3342 Β
1931 3304 2091 3358 etiam
2118 3319 2240 3373 pag.
2273 3303 2359 3366 79,
2413 3301 2655 3357 Historia
2687 3283 3071 3357 Mil-acutorum
3101 3283 3173 3358 iS.
3202 3283 3512 3369 Benedicti,
3601 3373 3605 3377 ~

237 3398 428 3468 capite
475 3396 566 3461 62,
593 3397 646 3451 in
683 3412 789 3466 quo
836 3397 1055 3452 Chesnii
1099 3398 1264 3451 editio
1299 3398 1498 3453 desinit
1520 3437 1535 3463 ,
1591 3406 1645 3451 et
1692 3397 1828 3453 liber
1926 3396 2072 3450 libris
2095 3395 2157 3448 II
2178 3397 2247 3449 ad
2277 3394 2613 3459 Gauzlinum,
2643 3395 2755 3451 sive
2784 3391 3104 3449 Gauslenum
3134 3394 3212 3467 (9.)
3234 3396 3511 3459 abbatem,

236 3490 475 3556 quintus
521 3502 692 3557 usque
735 3488 802 3543 ad
845 3503 1041 3542 annum
1073 3488 1207 3543 H65
1231 3529 1247 3554 ,
1276 3490 1456 3544 addita
1487 3505 1517 3543 a
1562 3491 1827 3543 monacho

235 3580 483 3646 quodam
520 3576 578 3631 S.
632 3576 886 3632 Germani
935 3576 1110 3631 Paris.
1156 3574 1400 3647 aliisque.
1454 3578 1585 3633 Vide
1624 3577 1826 3632 Labhei

236 3673 536 3726 diatribam
564 3672 629 3726 de
654 3671 923 3736 Aimoino,
958 3680 1088 3725 tom.
1135 3670 1177 3725 II
1204 3671 1271 3725 de
1314 3670 1370 3724 S.
1399 3670 1487 3734 E.,
1532 3685 1653 3739 pag.
1688 3669 1819 3733 8‘29;

234 3762 444 3815 Cointii
470 3761 707 3815 Annales
735 3760 1087 3825 Francorum,
1120 3769 1249 3815 tom.
1272 3760 1313 3827 I,
1341 3776 1460 3829 pag.
1478 3759 1745 3821 84'2,tom.
1767 3757 1829 3823 ll,

233 3867 365 3923 pag.
396 3852 535 3917 161;
565 3861 690 3906 tom.
726 3852 808 3917 Ill,
838 3868 958 3923 pag.
985 3852 1120 3918 401;
1146 3861 1273 3907 tom.
1296 3852 1383 3916 IV,
1409 3867 1529 3922 pag.
1554 3852 1831 3915 il7,.ctc.;

227 3942 590 4007 Launoium,
632 3944 974 4011 inquisitione
1031 3944 1082 3996 in
1153 3944 1395 3999 chartam
1445 3941 1831 4005 immunitatis,

230 4049 364 4104 pag.
382 4033 455 4085 ’Π
474 4047 615 4101 seq.,
630 4033 848 4103 ejusque
867 4034 1229 4103 inquisitionis
1247 4033 1562 4094 assertione,
1580 4047 1703 4100 pag.
1727 4030 1831 4083 (520

229 4137 425 4192 seqq.,
475 4136 600 4190 quae
650 4132 869 4191 utraque
916 4124 1117 4192 scripta
1169 4139 1359 4177 recusa
1414 4131 1560 4176 tomo
1606 4119 1831 4174 Launoii

232 4213 402 4265 tertio
436 4210 706 4279 Operum.
745 4211 943 4268 Nicolai
976 4212 1289 4284 Ilieronymi
1320 4211 1628 4281 Gundliugii
1654 4208 1830 4278 Frag-

229 4300 508 4363 Stucken,
542 4299 689 4354 XIV.
720 4302 864 4358 Edita
890 4304 1123 4359 Aimoiui
1155 4304 1386 4359 Ilistoria
1413 4320 1441 4358 a
1465 4301 1629 4356 Badio
1657 4300 1829 4354 Paris.

225 4393 374 4447 15H
403 4392 511 4447 fol.
560 4394 669 4447 sub
698 4393 911 4452 Annonii
938 4398 1175 4462 nomine,
1201 4407 1257 4451 et
1284 4396 1533 4451 restituta
1555 4394 1825 4455 Aimoino,

320 4545 382 4611 1)
423 4544 515 4597 Ex
575 4543 945 4606 Miraculorum
998 4551 1136 4607 libro
1184 4550 1402 4606 unicum
1460 4549 1619 4603 modo
1666 4554 1825 4618 caput

214 4620 521 4682 superest.

1928 3499 2114 3560 postea
2155 3490 2547 3544 Bituricensem
2589 3488 3052 3558 archiepiscopum
3078 3528 3093 3552 ,
3125 3503 3262 3557 quos
3313 3487 3515 3543 habent

1929 3595 2143 3651 quoque
2171 3578 2465 3635 Bollandus
2511 3579 2578 3633 ad
2605 3578 2667 3632 21
2702 3577 2903 3641 Martii,
2933 3592 3054 3649 pag.
3082 3570 3209 3642 524,
3237 3585 3292 3632 et
3328 3574 3516 3631 Mabil-

1929 3670 2105 3724 Ionius
2129 3668 2263 3723 Suec.
2292 3667 2629 3723 Benedictin.
2661 3666 2749 3731 IV,
2778 3676 2931 3735 parte
2960 3683 3021 3730 ιι,
3056 3682 3180 3736 pag.
3214 3665 3337 3721 366.
3368 3666 3517 3733 Sige-

1932 3762 2121 3814 hertus
2173 3756 2615 3822 Gemblacensis,
2669 3772 2719 3810 c.
2777 3756 2872 3810 101
2930 3755 3165 3810 Aimoini
3221 3752 3517 3809 Historiam

1937 3849 2268 3905 Francorum
2300 3861 2629 3909 memorans,
2643 3845 2833 3900 scribit
2853 3846 3008 3899 silum
3032 3844 3189 3898 etiam
3216 3840 3516 3898 Galliarum

1933 3938 2253 3993 distinxisse.
2281 3936 2440 3991 Dedit
2466 3945 2521 3990 et
2546 3945 2663 3989 acta
2683 3934 3045 3989 translationis
3075 3933 3137 3987 S.
3169 3931 3352 3987 Savini
3375 3946 3515 3983 mar.

1934 4031 2063 4101 tyris
2088 4044 2155 4083 ex
2188 4025 2516 4096 templojam
2544 4025 2724 4079 diruto
2767 4036 2824 4080 et
2869 4025 3081 4079 deserto
3128 4022 3196 4076 ad
3241 4020 3516 4076 abbatiam

1936 4134 2055 4189 qua:
2078 4134 2221 4173 nunc
2252 4117 2309 4171 S.
2348 4112 2530 4171 Savini
2569 4115 2767 4170 dicitur
2813 4116 2867 4169 in
2918 4111 3245 4167 Pictaviensi
3287 4110 3513 4165 ditione.

1933 4212 2067 4266 Acta
2103 4211 2204 4263 ista
2240 4210 2386 4279 legas
2414 4206 2557 4277 apud
2581 4204 2820 4261 Martene
2848 4204 2968 4261 Vet.
3001 4202 3239 4258 Monum.
3268 4211 3397 4257 tom.
3424 4198 3514 4270 V'I,

1933 4319 2054 4373 pag.
2080 4301 2207 4357 806.

1963 4543 2084 4667 [(2)
2115 4538 2482 4608 Trithemius,
2535 4554 2653 4610 cap.
2706 4534 2834 4605 305,
2880 4530 2951 4591 ad
2985 4533 3278 4592 Renaldum
3330 4548 3521 4591 mona-

1979 4629 2106 4667 mm.

1934 4629 1993 4668 CII
2002 4629 2106 4668 um.

218 4734 3473 4777 ww

1327 4906 1694 4989 NOTITI
1713 4908 1765 4984 Α
1830 4899 2477 4983 LITTERARIA.

1092 5106 1355 5182 (Histoire
1380 5106 1632 5163 littéraire
1660 5105 1723 5160 de
1752 5105 1804 5159 la
1840 5100 2070 5168 France,
2094 5111 2226 5157 tom.
2257 5096 2369 5168 VII,
2395 5114 2516 5171 pag.
2547 5096 2700 5171 218.)

1648 5264 2089 5287 -—-—---—----'
