4044 5428
271 214 372 269 6⁸19

297 351 3314 387 W

1245 218 1563 278 HISTORIA
1603 217 2046 276 FRANGORUM.
2082 249 2150 262 -—
2177 216 2538 274 PROGEMIA.

3445 197 3549 252 650

948 521 1486 638 INCIPIT
1578 521 1988 638 SITUS
2073 518 2847 639 GERMANI/E

1467 780 1697 872 VEL
1771 761 2284 902 GALLIE,

983 997 1068 1061 De
1109 996 1370 1056 (ἰὴ-ωηειέ
1399 991 1765 1052 auctoribus
1795 989 1869 1051 ab
1907 988 2422 1076 historiographo
2463 997 2775 1069 exceptus.

1402 1178 1491 1235 AG
1517 1175 1784 1234 PRIMUM
1819 1175 1908 1230 DE
1941 1175 2323 1238 GERMANIA.

325 1465 458 1518 Car.
485 1461 526 1518 I.
571 1441 868 1518 Germania
921 1460 1096 1517 omnis
1141 1461 1194 1517 in
1241 1461 1479 1532 quinque
1526 1459 1842 1531 populorum
1873 1446 1919 1505 Α
1956 1458 2223 1514 Dacorum
2254 1468 2310 1512 et
2344 1458 2655 1514 Anartium.
2710 1459 2847 1516 llinc
2873 1474 2932 1516 se
2981 1459 3146 1516 ﬁectit
3184 1461 3532 1519 smistrorsus

256 1565 561 1612 conventus
606 1556 888 1620 dividitur,
917 1569 947 1609 e
973 1555 1170 1624 quibus
1199 1555 1356 1624 primi
1402 1563 1530 1608 sunt
1559 1553 1841 1620 Vindelici,

255 1648 450 1702 deinde
499 1647 756 1711 Cimbri,
809 1656 930 1716 post
991 1647 1092 1700 hos
1150 1645 1465 1709 Teutones,
1518 1664 1582 1699 ac
1623 1647 1846 1716 perinde

259 1737 504 1801 Peucini,
539 1737 746 1790 ultimis
774 1737 1015 1791 omnium
1043 1737 1402 1791 existentibus
1429 1719 1724 1799 Bastarnis,
1752 1738 1843 1807 qui

255 1827 503 1882 conﬁnes
533 1837 663 1882 sunt
697 1827 878 1883 Dacis.
933 1827 1237 1898 Porrigitur
1263 1838 1443 1883 autem
1471 1828 1759 1883 Germania
1792 1831 1844 1883 in

229 1903 658 1987 'Iongitudinem
681 1917 783 1971 686
813 1917 1048 1972 millibus
1077 1934 1332 1988 passuum
1367 1935 1381 1983 ;
1419 1919 1470 1972 in
1503 1918 1843 1973 latitudinem

251 2007 357 2064 548
387 2009 654 2064 millibus.
703 2010 906 2065 Amnes
934 2011 985 2064 in
1017 2026 1080 2065 ea
1127 2012 1259 2066 clari
1292 2020 1452 2081 atque
1485 2012 1536 2066 in
1569 2013 1843 2068 Oceanum

253 2101 615 2156 decurrentes
637 2099 923 2165 Gutbalus,
951 2099 1196 2169 Visurgis
1225 2111 1280 2155 et
1313 2102 1550 2158 Ithenus.
1577 2103 1632 2157 In
1658 2104 1844 2158 Rheno

250 2201 436 2243 autem
464 2190 586 2262 ipso
613 2199 828 2245 centum
863 2205 1028 2260 prope
1060 2191 1330 2245 habentur
1367 2193 1418 2246 in
1455 2194 1714 2262 longitin
1743 2211 1842 2248 :em

249 2280 466 2344 insulae,
494 2297 724 2351 quarum
760 2282 1094 2336 nobilissima
1142 2293 1225 2336 est
1254 2282 1582 2339 Batavorum
1633 2297 1685 2339 et
1727 2287 1843 2339 alite

247 2372 694 2441 quamplurima,
749 2389 868 2444 qua:
915 2382 1236 2429 sternuntur
1285 2377 1426 2429 inter
1482 2376 1730 2430 Rhenum
1779 2393 1845 2431 ac

244 2461 503 2516 Flevum.
543 2462 622 2517 lia
656 2478 782 2517 vero
815 2465 1158 2534 appellantur
1186 2467 1346 2536 ostia,
1403 2467 1452 2520 in
1479 2484 1598 2537 qute
1623 2469 1844 2522 Rhenus

249 2555 310 2609 in
352 2555 734 2624 septentrione
792 2557 844 2610 in
895 2557 1044 2611 lacus
1093 2559 1292 2622 varios,
1335 2562 1403 2612 ah
1467 2561 1746 2615 occidente
1791 2563 1840 2612 in

224 2641 471 2700 ’amnetn
531 2646 736 2702 Mosam
782 2663 841 2703 se
887 2649 1112 2719 spargit,
1154 2651 1386 2704 medium
1435 2653 1573 2706 inter
1623 2653 1755 2727 hare,
1790 2661 1843 2705 et

243 2740 529 2793 modicum
563 2741 762 2795 nomini
787 2745 882 2795 suo
909 2743 1217 2796 custodiens
1257 2743 1467 2798 alvemn
1533 2745 1722 2799 Oritur
1743 2760 1829 2796 au-

242 2839 358 2888 vein
382 2846 446 2883 cx
474 2829 772 2899 Lepontiis,
801 2833 890 2903 qui
926 2833 1090 2902 Alpes
1111 2832 1372 2895 incolunt,
1397 2844 1452 2888 et
1479 2835 1636 2904 longo
1661 2835 1834 2904 Spatio

239 2935 346 2990 per
377 2920 514 2976 ﬁnes
537 2920 925 2984 Ilelvetiorum,
955 2923 1418 2978 Mediomatrieum
1453 2936 1616 2994 atque
1639 2926 1831 2980 Trevi-

242 3025 440 3066 rorum
471 3010 671 3065 citatus
692 3011 880 3065 fertur.
925 3012 991 3066 Et
1031 3011 1122 3066 ubi
1171 3013 1389 3068 Oceano
1419 3015 1833 3084 appropinquat,

242 3101 300 3156 in
334 3101 523 3171 plures
562 3101 754 3158 deﬁnit
804 3111 1005 3172 partes,
1053 3103 1237 3158 multis
1283 3104 1700 3174 ingentihusque
1755 3105 1836 3160 iu-

243 3193 407 3256 sulis,
437 3202 498 3246 ut
521 3195 862 3266 prtemissum
902 3204 1006 3257 est,
1033 3193 1266 3258 effectis,
1298 3211 1528 3264 quarum
1571 3213 1694 3266 pars
1719 3212 1834 3250 ma-

245 3299 354 3356 gna
401 3300 431 3339 a
489 3285 622 3341 feris
675 3286 1033 3356 barbarisque
1084 3287 1395 3342 nationibus
1439 3289 1736 3352 incolitur;
1770 3305 1835 3344 ex

242 3377 447 3446 quibus
473 3385 599 3432 sunt
627 3378 720 3447 qui
767 3377 895 3432 solis
936 3378 1174 3447 piscibus
1206 3389 1368 3448 atque
1399 3380 1515 3436 mis
1540 3381 1719 3434 avium
1753 3382 1834 3435 vi-

243 3484 372 3524 vere
407 3471 818 3536 existimantur,
852 3472 1143 3540 multisque
1173 3474 1444 3542 capitibus
1471 3476 1524 3528 in
1557 3476 1833 3530 Oceanum

242 3558 382 3614 ﬁuit.
423 3560 574 3615 Intra
612 3561 962 3616 Germaniam
1016 3578 1147 3616 vero
1187 3563 1316 3618 nulli
1366 3565 1592 3620 inﬁrius
1642 3569 1836 3624 nobili-

244 3661 356 3708 tate
378 3653 696 3708 Hercinium
731 3652 916 3725 jugum
943 3658 1315 3724 prmtcnditur.
1354 3660 1427 3713 De
1458 3676 1564 3728 quo
1590 3662 1837 3717 videlicet

241 3744 370 3813 jugo
399 3745 580 3800 Julius
613 3747 814 3812 Ctesar,
867 3748 920 3801 in
962 3747 1196 3802 I-listoria
1249 3750 1371 3804 belli
1427 3752 1641 3817 Gallici,
1687 3756 1833 3822 quod

247 3834 382 3888 silva
444 3836 740 3906 adopertus
799 3837 869 3892 sit
917 3841 1190 3908 variisque
1247 3841 1480 3896 ferarum
1547 3846 1835 3913 generibus

247 3925 557 3991 abundans,
586 3928 700 3982 hoc
722 3931 881 3983 modo
923 3932 1114 3986 scribit
1139 3949 1151 3984 :
1190 3951 1208 3982 ε
1249 3933 1342 3996 Ea,
1375 3935 1564 4003 inquit,
1590 3951 1710 4003 qua:
1736 3939 1836 3990 l'er-

247 4018 507 4073 tilissima
560 4019 865 4075 Germanice
922 4033 1047 4075 sunt
1094 4024 1206 4078 loca
1263 4026 1469 4079 circum
1523 4027 1829 4081 lierciniam

251 4110 482 4174 silvam,
545 4126 705 4179 quam
753 4112 1100 4168 Eratostheni
1153 4123 1209 4169 et
1257 4117 1578 4184 quibusdam
1629 4119 1832 4173 Graecis

251 4200 399 4254 fama
445 4211 628 4255 nolam
659 4217 780 4257 esse
821 4203 998 4266 video,
1033 4220 1196 4273 quam
1231 4206 1303 4259 illi
1333 4208 1607 4261 Orciniam
1654 4210 1834 4278 appel-

245 4290 385 4356 lant,
435 4293 618 4363 Volgte
665 4294 990 4364 Tectosages
1039 4310 1509 4366 mmcupavcrunt,
1556 4309 1720 4369 atque
1760 4303 1830 4356 ibi

247 4383 637 4436 consederunt.
693 4382 824 4450 Qute
855 4400 984 4453 gens
1027 4401 1197 4453 usque
1246 4388 1445 4443 adhoc
1489 4400 1698 4460 tempus
1749 4394 1831 4446 his

247 4471 481 4526 sedibus
523 4487 641 4527 sese
689 4475 950 4540 continet,
1006 4491 1380 4546 summamque
1422 4480 1578 4535 habet
1605 4481 1830 4548 jUSiIlILC

247 4571 301 4616 et
330 4561 544 4616 bellica:
571 4561 743 4617 laudis
768 4563 1098 4632 opinionem.
1127 4565 1276 4620 Nune
1304 4570 1520 4633 quidem
1563 4573 1615 4624 in
1641 4573 1827 4626 eadem

249 4653 461 4724 inopia,
495 4663 754 4722 egestate,
806 4655 1090 4724 patientia,
1140 4674 1246 4726 qua
1300 4657 1578 4722 Germani,
1623 4677 1832 4730 perma-

246 4757 380 4801 nent
416 4763 431 4809 ;
469 4747 652 4801 eodem
680 4747 826 4802 victu
853 4757 908 4802 et
943 4749 1090 4801 cultu
1118 4750 1359 4817 corporis
1386 4761 1629 4807 utuntur.
1662 4753 1831 4810 Gallis

248 4846 436 4890 autem
471 4837 870 4905 provinciarum
929 4839 1310 4907 prepinquitas
1359 4849 1414 4894 et
1445 4843 1832 4900 transmarina-

249 4945 367 4983 rum
424 4945 605 4983 rerum
635 4929 831 4984 notitia
887 4929 1055 4983 multa
1121 4930 1188 4982 ad
1244 4933 1450 5000 copiam
1497 4946 1661 5006 atque
1702 4951 1830 4993 usus

247 5022 498 5092 largitur.
524 5043 541 5074 ι
571 5023 694 5088 Qui,
723 5023 982 5091 paulatim
1021 5022 1313 5077 assuefacti
1341 5031 1584 5096 superari
1619 5029 1832 5085 multis-

247 5129 351 5183 que
383 5114 508 5166 victi
548 5112 765 5182 prailiis,
797 5128 897 5166 nec
944 5128 1002 5166 se
1044 5112 1261 5181 quidem
1292 5114 1390 5182 ipsi
1422 5136 1542 5174 cum
1581 5120 1690 5175 illis
1717 5123 1828 5175 vir-

250 5214 363 5260 tute
387 5214 726 5273 comparant.
783 5203 948 5271 llujns
992 5203 1258 5262 Here-inim
1310 5208 1472 5274 silvae,
1505 5229 1627 5284 qua:
1661 5226 1823 5280 supra

177 5343 180 5347 .
249 5297 615 5350 demonstrata
654 5305 761 5359 est,
808 5295 1034 5350 IulItlItIO
1063 5309 1256 5350 "0ch
1307 5301 1513 5359 dierum
1569 5305 1676 5360 iter
1722 5318 1822 5358 ex-

248 5388 432 5428 nmIitn
462 5396 626 5428 natm.
686 5387 800 5428 Nnn
841 5387 984 5428 mmini
1015 5387 1175 5428 alilnr
1209 5386 1345 5428 Iin’ri
1399 5404 1568 5428 nnln.-l
1651 5407 1822 5428 nnnnn

1946 1550 2180 1605 diversis
2214 1565 2244 1603 a
2298 1549 2518 1603 ﬂumine
2571 1549 2899 1619 regionibus,
2955 1551 3354 1622 multarumque
3401 1570 3531 1622 gen—

1949 1641 2080 1694 timn
2135 1640 2270 1696 ﬁnes
2324 1648 2545 1710 [ll‘OlthI‘
2590 1643 3020 1713 magnitudinem
3074 1644 3308 1715 attingit.
3345 1645 3530 1716 Neque

1946 1730 2235 1800 quisquam
2265 1741 2348 1785 est
2386 1731 2543 1798 huius
2583 1732 2887 1791 Germania:
2935 1736 3026 1804 qui
3075 1749 3133 1791 se
3175 1745 3269 1791 aut
3309 1737 3528 1792 audisse

1945 1827 2040 1874 aut
2080 1820 2278 1874 adiisse
2323 1821 2538 1876 initium
2574 1823 2739 1892 hujus
2766 1823 2915 1878 silva:
2941 1825 3110 1890 dicat,
3159 1841 3284 1880 etim
3317 1826 3528 1880 dierum

1946 1909 2050 1964 iter
2078 1913 2357 1980 sexaginta
2411 1915 2755 1983 processerit,
2792 1926 2882 1970 aut
2908 1932 3016 1986 quo
3046 1931 3113 1970 ex
3161 1915 3277 1970 loco
3323 1917 3529 1970 oriatur

1945 2003 2240 2072 acceperit.
2294 2003 2570 2073 Multaque
2624 2006 2677 2059 in
2731 2021 2794 2060 ea
2845 2022 3041 2078 genera
3092 2005 3330 2061 ferarum
3379 2009 3528 2060 nasci

1946 2102 2182 2158 constat,
2224 2109 2345 2163 qua:
2387 2097 2613 2166 reliquis
2668 2097 2720 2150 in
2762 2098 2894 2152 locis
2947 2099 3061 2152 visa
3118 2114 3224 2154 non
3267 2107 3413 2152 sunt.
3450 2098 3528 2154 Ex

1944 2184 2160 2253 quibus,
2191 2202 2311 2255 qua:
2363 2192 2604 2243 maxime
2633 2190 2883 2245 diﬁ'crant
2906 2191 2973 2247 ab
3006 2190 3123 2248 aliis
3173 2200 3228 2245 et
3253 2191 3528 2247 memoria:

1943 2277 2216 2343 prodenda
2243 2279 2516 2341 videntur,
2545 2282 2657 2334 hmc
2691 2292 2852 2338 sttnt:

2014 2365 2110 2419 Est
2145 2367 2242 2420 bos
2294 2371 2438 2423 cervi
2473 2370 2662 2441 ﬁgura,
2711 2373 2864 2441 enjus
2893 2387 2922 2425 a
2960 2372 3134 2426 media
3161 2371 3337 2429 fronte
3387 2371 3527 2428 inter

1945 2471 2104 2512 acres
2138 2475 2302 2513 nntnn
2331 2477 2502 2515 cornu
2540 2463 2730 2516 existit
2769 2462 3037 2517 excelsius
3072 2462 3352 2532 magisque
3377 2462 3526 2516 ὤτο-

1943 2567 2088 2609 cltun
2123 2555 2206 2612 his
2235 2571 2355 2623 qure
2379 2555 2536 2610 nobis
2587 2566 2710 2610 nota
2739 2564 2865 2610 sunt
2908 2556 3186 2618 cornibus,
3217 2563 3274 2608 et
3308 2555 3378 2614 ab
3405 2555 3524 2624 ejus

1947 2661 2184 2710 summo,
2215 2645 2356 2699 sicut
2395 2645 2609 2715 palmae,
2665 2647 2798 2700 rami
2832 2645 2938 2700 late
2977 2645 3370 2700 diﬂ’unduntur.
3421 2645 3524 2699 Ea-

1953 2737 2073 2789 dem
2113 2746 2195 2789 est
2229 2735 2446 2788 feminm
2481 2737 2754 2804 marisque
2810 2747 3001 2790 natura
3035 2752 3049 2801 ;
3104 2736 3294 2791 eadem
3350 2737 3522 2790 forma

1943 2828 2361 2897 magnitudoque
2414 2843 2697 2881 cornuum.
2737 2827 2876 2881 Sunt
2924 2829 3052 2882 item
3096 2844 3216 2897 qua:
3256 2827 3526 2898 appellau-

1941 2931 2027 2973 tur
2057 2920 2219 2973 alces.
2271 2921 2472 2972 llarum
2527 2929 2612 2973 est
2660 2920 2964 2973 consimilis
3016 2921 3197 2990 capris
3245 2919 3414 2990 ﬁgura
3468 2925 3524 2971 et

1943 3011 2185 3064 varietas
2227 3010 2446 3080 pellium
2485 3025 2499 3074 ;
2551 3009 2644 3062 sed
2692 3010 3067 3078 magnitudine
3101 3009 3258 3080 paulo
3303 3018 3524 3069 antece-

1938 3099 2096 3163 dunt,
2127 3100 2438 3172 mutilaeque
2482 3107 2608 3154 sunt
2633 3101 2909 3162 cornibus,
2951 3111 3004 3154 et
3030 3115 3190 3155 crura
3223 3101 3339 3155 sine
3366 3100 3523 3156 nodis

1940 3193 2296 3261 aitieulisque
2348 3192 2548 3246 habent
2581 3209 2595 3257 ;
2630 3207 2802 3262 neque
2831 3193 3031 3263 quietis
3079 3208 3240 3248 causa
3273 3208 3524 3263 procum-

1938 3283 2093 3347 bunt,
2147 3300 2343 3353 neque,
2377 3283 2419 3338 si
2451 3299 2556 3353 quo
2607 3281 2818 3338 amicta:
2869 3300 2994 3340 casu
3031 3285 3385 3349 conciderint,
3418 3284 3523 3341 eri-

1939 3390 2066 3443 gere
2095 3392 2215 3429 sese
2247 3385 2340 3429 aut
2391 3375 2680 3429 sublevare
2729 3387 2975 3444 possunt.
3017 3375 3110 3430 llis
3146 3385 3271 3430 sunt
3298 3375 3522 3430 arbores

1940 3480 2037 3533 pro
2064 3466 2352 3530 cubilibus,
2386 3467 2454 3520 ad
2485 3481 2579 3520 eas
2613 3481 2670 3519 se
2699 3465 2996 3535 applicant,
3027 3477 3190 3536 atque
3228 3466 3300 3518 ita
3327 3465 3518 3535 paulo.

1939 3556 2047 3610 lum
2081 3559 2240 3612 modo
2275 3559 2549 3613 reclinatae
2598 3558 2837 3627 quietem
2891 3559 3129 3628 capiunt.
3165 3559 3402 3624 Quarum
3453 3573 3520 3610 ex

1940 3651 2184 3720 vestigiis
2218 3667 2338 3704 eum
2371 3659 2455 3704 est
2486 3650 2924 3703 animadversum
2961 3667 2990 3703 a
3041 3649 3389 3704 venatoribus
3415 3664 3519 3718 quo

1935 3757 1993 3796 se
2024 3744 2267 3809 recipere
2294 3741 2694 3804 consueverint,
2725 3755 2912 3794 onlnes
2959 3755 3024 3794 eo
3054 3740 3174 3793 loco
3209 3747 3304 3793 aut
3330 3739 3398 3793 ab
3434 3754 3519 3793 ra-

1937 3832 2148 3886 dicibus
2196 3832 2471 3884 subruunt
2524 3841 2619 3882 aut
2650 3828 2978 3884 abscindunt
3025 3829 3269 3890 arbores,
3304 3835 3516 3882 tantum

1937 3932 1993 3974 ut
2020 3936 2228 3980 summa
2257 3921 2465 3990 species
2489 3937 2676 3974 carum
2724 3920 2980 3974 stantium
3015 3919 3372 3986 relinquatur.
3400 3917 3516 3972 Ilur:

1937 4028 2058 4064 eum
2114 4027 2173 4066 se
2221 4010 2618 4064 consuetudine
2679 4009 3093 4076 reclinavcrint,
3148 4008 3394 4066 inﬁrmas
3436 4023 3518 4061 ar-

1936 4105 2097 4158 bores
2121 4105 2360 4174 pondere
2386 4102 2648 4172 allligunt,
2698 4113 2858 4172 atque
2890 4118 2992 4155 una
3025 4102 3152 4171 ipsa:
3199 4099 3512 4156 concidunt.

1863 4159 1904 4217 Ο
1939 4159 2180 4255 Tertiuin
2209 4204 2292 4249 est
2328 4210 2499 4262 genus
2540 4210 2727 4248 earum
2759 4209 2877 4262 qua:
2923 4194 3003 4246 uri
3035 4191 3395 4260 appellantur.
3450 4188 3512 4243 IIi

1935 4296 2060 4342 sunt
2086 4287 2455 4356 magnitudine
2481 4285 2642 4356 paulo
2679 4284 2814 4338 infra
2851 4284 3183 4353 elephantos,
3239 4283 3421 4354 specie
3461 4292 3517 4336 et

1935 4380 2117 4434 colore
2143 4387 2197 4432 et
2229 4378 2398 4448 ﬁgura
2426 4381 2586 4432 tauri.
2615 4376 2803 4448 Magna
2832 4377 2912 4429 vis
2944 4391 3130 4429 eorum
3162 4382 3265 4438 est,
3299 4382 3355 4429 et
3397 4387 3516 4428 ma-

1935 4487 2039 4541 gna
2088 4471 2384 4535 velocitas;
2440 4484 2616 4538 nemie
2686 4468 2888 4523 homini
2942 4481 3116 4536 neque
3170 4465 3300 4521 fera:
3353 4481 3514 4535 quam

1933 4562 2319 4633 conspexerint
2357 4569 2604 4631 parcunt.
2663 4561 2771 4614 llos
2818 4559 3060 4614 studiose
3112 4567 3301 4626 captos
3344 4557 3516 4612 foveis

1935 4655 2286 4711 interﬁciunt.
2368 4654 2478 4708 Hoc
2527 4669 2584 4706 se
2633 4653 2815 4704 labore
2873 4652 3072 4704 durant
3121 4649 3512 4708 adolescentes,

1933 4757 2097 4816 atque
2146 4746 2249 4799 hoc
2293 4759 2495 4814 genere
2551 4743 2855 4798 venationis
2895 4758 2954 4797 se
2982 4748 3254 4796 exercent.
3314 4739 3383 4792 Et
3425 4737 3515 4804 qui

1934 4840 2202 4910 plurimos
2225 4853 2288 4892 ex
2344 4839 2428 4892 his
2484 4837 2878 4898 interfecerint,
2913 4834 3097 4891 relatis
3147 4831 3197 4883 in
3238 4831 3516 4899 publicum

1931 4931 2196 4988 cornibus
2217 4946 2335 5000 quae
2365 4930 2825 4991 sinttestimonio,
2883 4938 3132 4995 magnam
3172 4921 3365 4978 ferunt
3408 4924 3514 4976 lau-

1930 5026 2077 5080 dem.
2115 5021 2224 5076 Sed
2270 5036 2587 5076 assuescere
2617 5021 2683 5072 ad
2712 5018 2959 5071 homines
2986 5026 3042 5068 et
3079 5016 3356 5069 mansueti
3405 5010 3523 5068 ﬁeri

1929 5134 1997 5172 ne
2021 5113 2236 5186 parvuli
2260 5112 2475 5180 quidem
2501 5111 2733 5177 excepti,
2784 5114 3027 5176 possunt.
3051 5101 3376 5169 Amplitudo
3406 5118 3527 5160 cor-

1930 5221 2127 5267 nuum,
2175 5213 2228 5256 et
2277 5204 2468 5271 ﬁgura,
2501 5209 2555 5254 et
2583 5198 2792 5265 species
2836 5195 3064 5248 multum
3118 5207 3146 5243 a
3201 5203 3523 5248 nostrorum

1924 5301 2096 5355 boum
2155 5295 2409 5350 cornibus
2439 5291 2636 5345 diITert.
2679 5287 2804 5340 lla-c
2850 5287 3085 5340 studiose
3113 5286 3427 5360 conquisita
3457 5284 3526 5336 ab

1927 5391 2105 5428 hinc:
2157 5395 2378 5428 uramiln
2433 5377 2906 5428 circumcludunt.
2963 5385 3124 5428 atoue
3163 5378 3529 5428 amplissimis
