4044 5428
477 361 592 433 est

1534 379 1793 439 ΛΙΜΟΙΝΙ
1832 380 2138 439 MONACllI
2175 379 2669 438 FLORIACENSIS

3670 371 3772 434 63!

497 496 689 546 auctor
737 487 792 544 in
851 491 1042 547 eodem
1099 490 1238 546 libro
1271 491 1387 547 haec
1432 492 1618 548 refert.
1660 493 1938 561 Germani,
1985 494 2081 560 ait,
2117 484 2160 541 Α
2189 498 2327 554 bella
2378 499 2682 565 inferrent,
2741 507 2964 569 propter
3025 496 3309 553 hominum
3366 495 3768 552 multitudinem

498 579 726 644 multum
781 599 813 638 a
853 584 1246 644 consuetudine
1292 584 1571 640 Gallorum
1616 585 1890 642 differunt.
1949 586 2082 641 Nam

499 687 678 744 neque
727 674 969 739 druides,
1019 689 1156 745 quos
1202 689 1302 736 nos
1352 675 1690 742 sacerdotes,
1741 675 1828 731 vel
1877 676 2086 732 divinos

499 774 654 821 vates
702 780 992 836 possumus
1030 781 1244 830 vocare,
1291 765 1517 830 habent,
1575 775 1632 820 ut
1678 765 1755 822 illi
1803 766 1896 836 qui
1926 767 2088 822 rebus

500 856 698 912 divinis
725 868 989 928 praesunt,
1031 872 1209 928 neque
1235 857 1524 914 sacriﬁciis
1559 858 1801 913 student.
1858 858 1934 912 De
1959 857 2090 913 deo-

500 964 623 1004 rmn
646 964 872 1005 numero
899 964 995 1005 eos
1023 950 1166 1006 solos
1194 951 1399 1005 ducunt
1425 964 1559 1020 quos
1588 957 1839 1016 cernunt,
1864 959 1920 1006 et
1949 965 2088 1018 quo-

501 1055 623 1094 rum
651 1048 838 1110 aperte
878 1041 1073 1110 opibus
1090 1041 1369 1112 juvantur,
1398 1040 1578 1096 Solem
1609 1039 1840 1104 scilicet,
1870 1049 1924 1095 et
1957 1039 2090 1095 Vul-

502 1149 721 1198 canum,
753 1143 809 1190 et
837 1133 1068 1195 Lunam.
1099 1134 1356 1206 Reliquos
1392 1149 1494 1190 nec
1545 1133 1690 1188 fama
1739 1139 2090 1203 acceperunt.

505 1223 628 1279 Vita
681 1226 858 1282 omnis
905 1227 960 1282 in
1012 1226 1394 1288 venationibus
1445 1235 1609 1296 atque
1661 1225 1714 1279 in
1767 1224 1964 1279 studiis
2016 1221 2093 1277 rei

504 1320 760 1381 militaris
795 1320 1067 1382 consistit.
1125 1320 1208 1375 Ab
1267 1319 1512 1391 parvulis
1555 1317 1732 1375 labori
1770 1332 1835 1375 ac
1882 1315 2096 1372 duritia:

507 1416 752 1471 student.
804 1415 907 1484 Qui
960 1415 1263 1474 diutissime
1324 1415 1631 1485 impuberes
1678 1420 2099 1484 permanserunt

506 1508 807 1566 maximam
839 1507 985 1563 inter
1021 1522 1149 1563 suos
1201 1507 1414 1565 laudem
1461 1506 1661 1561 ferunt.
1718 1504 1832 1564 lloc
1868 1503 1958 1558 alii
1990 1513 2100 1558 sta-

509 1609 716 1665 turam,
741 1599 836 1654 alii
863 1600 1008 1656 vires
1031 1614 1336 1669 nervosque
1359 1599 1674 1654 confirmari
1711 1606 1923 1670 putant.
1951 1597 2098 1652 lnlra

514 1705 720 1749 annum
747 1704 879 1745 vero
907 1690 1225 1746 vicesimum
1283 1690 1504 1744 femina:
1534 1690 1786 1746 notitiam
1818 1688 2099 1752 habuisse,

512 1781 571 1835 in
608 1780 936 1850 turpissimis
983 1782 1185 1838 habent
1240 1783 1425 1837 rebus.
1471 1779 1639 1851 Cujus
1685 1781 1764 1836 rei
1814 1779 1959 1835 nulla
2016 1786 2101 1832 est

512 1871 829 1938 occultatio,
887 1875 1033 1943 quod
1066 1885 1123 1930 et
1171 1875 1479 1944 promiscue
1526 1872 1580 1928 in
1617 1870 1933 1927 tlurninibus
1979 1883 2104 1940 per-

511 1961 756 2026 luuntur,
790 1971 844 2017 et
874 1963 1105 2034 pellibus
1136 1974 1232 2021 aut
1263 1964 1446 2034 parvis
1472 1963 1778 2018 rhenonum
1813 1969 2103 2031 tegumen-

513 2053 589 2112 tis
623 2061 869 2121 utuntur,
904 2069 1100 2126 magna
1129 2055 1375 2125 corporis
1430 2066 1587 2126 parte
1639 2053 1803 2109 nuda.
1856 2051 2107 2122 Agricul—

514 2153 652 2198 tura:
690 2158 795 2202 non
840 2145 1082 2212 student,
1128 2143 1411 2216 majorque
1446 2161 1576 2218 pars
1617 2160 1806 2200 eorum
1831 2143 2006 2199 vietus
2053 2143 2107 2198 in

517 2236 687 2301 lacte,
739 2251 904 2296 cnseo
949 2253 1227 2308 caraeque
1270 2238 1542 2294 consistit.
1591 2236 1779 2306 Neque
1822 2235 2106 2305 quisquam

518 2327 635 2398 agri
665 2329 884 2389 modum
909 2339 1152 2400 certum,
1188 2339 1284 2385 aut
1335 2329 1470 2385 lines
1505 2330 1667 2385 habet
1697 2328 1966 2399 proprios.
2003 2325 2109 2380 Sed

520 2420 877 2490 magistratus
926 2436 993 2476 ac
1042 2421 1316 2491 principes
1364 2421 1417 2478 in
1475 2435 1648 2477 annos
1688 2419 1932 2490 singulos
1982 2431 2111 2488 gen-

516 2508 667 2567 tibus
696 2497 1220 2580 cognationibusque
1244 2512 1549 2576 horninum,
1583 2511 1676 2581 qui
1707 2524 1814 2566 una
1840 2509 2107 2570 coierunt,

521 2611 788 2673 quantum
820 2612 877 2662 et
924 2619 1034 2674 quo
1093 2605 1212 2660 loco
1256 2605 1434 2659 visum
1483 2613 1568 2658 est
1615 2602 1734 2674 agri
1784 2602 2108 2664 attribuunt,

521 2700 688 2763 atque
721 2701 847 2764 post
899 2709 1103 2750 annum
1139 2695 1248 2750 alio
1305 2695 1546 2750 transire
1589 2701 1811 2766 cogunt.
1859 2690 1991 2761 Ejus
2026 2690 2112 2745 rei

518 2785 724 2849 multas
768 2785 1005 2841 afferunt
1054 2802 1288 2843 causas:
1324 2803 1416 2852 ne,
1471 2787 1689 2842 assidua
1725 2782 2115 2840 consuetudine

524 2877 722 2950 capti,
774 2879 1016 2934 studium
1071 2879 1426 2951 belligerandi
1485 2877 1818 2950 agricultura
1867 2891 2116 2931 commu-

525 2978 645 3028 tent
675 2983 692 3039 ;
722 2986 789 3026 ne
809 2969 946 3026 latos
970 2972 1106 3027 lines
1136 2987 1332 3041 parare
1369 2970 1643 3032 studeant,
1676 2967 2118 3039 potentioresque

525 3062 850 3123 humiliores
878 3064 1312 3134 possessionibus
1342 3061 1614 3134 expellant
1643 3077 1658 3128 ;
1705 3075 1774 3117 ne
1810 3059 2119 3119 accuratius

527 3157 600 3212 ad
644 3157 846 3229 frigora
895 3169 1060 3228 atque
1099 3170 1267 3214 :estus
1309 3158 1560 3213 vitandos
1606 3156 1898 3221 aedificent,
1943 3169 2120 3223 neque

2188 595 2413 664 agrique
2440 595 2672 664 inapiam
2722 603 2872 648 trans
2904 593 3154 648 Rhenum
3182 589 3425 648 colonias
3466 590 3770 646 mitterent.

2191 683 2465 745 Hactenus
2499 684 2566 738 de
2591 683 2910 749 Germania,
2947 697 3074 753 qua:
3119 683 3172 737 in
3204 681 3481 738 veteribus
3535 679 3776 752 reperire

2188 775 2484 846 potuimus,
2528 777 2769 848 pandere
2795 777 3129 832 curavimus.
3169 774 3326 830 Nunc
3370 773 3438 829 de
3475 771 3655 828 Gallia
3699 769 3776 825 di-

2191 868 2440 928 centium.
3129 876 3132 877 '

2782 981 2870 1035 DE
2908 979 3182 1037 GALLIA.

2266 1094 2352 1150 Ill.
2393 1093 2622 1150 Galliam
2668 1110 2884 1150 omnem
2934 1094 2988 1148 in
3020 1100 3254 1163 quatuor
3305 1092 3620 1162 provincias
3647 1089 3781 1147 Oro~

2195 1187 2307 1242 sius
2333 1189 2434 1242 hoc
2468 1188 2629 1242 modo
2656 1187 2848 1241 dividit
2877 1204 2890 1239 :
2924 1185 3122 1250 Gallia,
3148 1182 3667 1253 inquiens,‘_Belgica
3689 1183 3782 1237 ha-

2197 1281 2289 1333 bet
2315 1280 2383 1334 ab
2434 1279 2648 1333 oriente
2700 1277 2929 1331 limitem
2962 1275 3202 1330 fluminis
3243 1275 3416 1330 Rheni
3451 1287 3510 1330 ct
3561 1273 3785 1329 Germa-

2198 1370 2344 1424 niam
2377 1386 2391 1436 ;
2426 1371 2493 1424 ab
2520 1383 2674 1436 curo,
2698 1368 2860 1439 Alpes
2888 1368 3160 1422 Penninas
3184 1384 3198 1432 ;
3225 1384 3254 1421 a
3281 1366 3530 1432 meridie,
3563 1364 3784 1434 provin-

2201 1463 2342 1518 ciam
2367 1460 2778 1515 Narbonensem
2807 1477 2821 1526 ;
2869 1461 2936 1514 ab
2957 1475 3180 1525 occasu,
3209 1459 3546 1529 provinciam
3571 1457 3788 1528 Lugdu-

2201 1569 2472 1619 nensem;
2535 1569 2562 1608 a
2621 1553 2816 1618 circio,
2858 1550 3133 1609 Oceanum
3177 1550 3552 1605 Britannicum
3589 1565 3605 1614 ;
3651 1564 3680 1602 a
3712 1563 3790 1603 sc-

2202 1646 2533 1718 ptentrione,
2558 1645 2900 1699 Britanniam
2926 1644 3182 1699 insulam.
3214 1643 3387 1698 Gallia
3410 1640 3791 1712 Lugdunensis

2205 1741 2362 1795 ducta
2393 1755 2490 1812 per
2524 1738 2767 1808 longum,
2794 1746 2848 1792 et
2864 1751 2960 1806 per
2982 1735 3151 1790 latum
3187 1735 3404 1798 inﬂexa,
3435 1732 3790 1804 Aquitaniam

2133 1861 2177 1921 η
2205 1835 2542 1906 provinciam
2574 1831 2902 1906 semicingit.
2929 1830 3056 1887 Haec
3083 1829 3247 1885 habet
3296 1831 3363 1884 ab
3409 1829 3628 1882 oriente
3678 1826 3792 1881 Bel-

2207 1930 2380 2000 gicam
2409 1945 2425 1995 ;
2454 1944 2483 1983 a
2511 1927 2759 1992 meridie,
2790 1935 2999 1998 partem
3049 1923 3345 1996 provincia:
3396 1920 3795 1984 Narbonensis,

2207 2039 2311 2094 qua
2334 2021 2524 2075 Arelas
2555 2019 2749 2075 civitas
2783 2019 2884 2077 sita
2925 2027 3050 2082 est;
3085 2027 3141 2074 et
3171 2016 3222 2070 in
3250 2015 3386 2070 mari
3417 2011 3631 2068 Gallico
3654 2009 3798 2065 Rho-

2210 2113 2333 2169 dani
2384 2113 2605 2169 ﬂumine
2638 2111 2922 2181 accipitur.
2967 2107 3339 2172 Narbonensis
3363 2102 3650 2177 provincia
3676 2115 3799 2172 pars

2210 2204 2509 2260 Galliarum
2543 2204 2706 2262 habet
2735 2203 2803 2261 ab
2845 2203 3058 2256 oriente
3102 2200 3268 2270 Alpes
3294 2197 3505 2254 Callias
3538 2211 3554 2260 ;
3600 2194 3671 2248 ab
3710 2208 3800 2248 oc-

2211 2300 2446 2361 cidente,
2467 2297 2780 2369 Hispaniam
2811 2313 2825 2362 ;
2861 2314 2891 2351 a
2914 2297 3081 2351 circio
3111 2291 3454 2364 Aquitaniam
3483 2306 3500 2356 ;
3531 2304 3561 2342 a
3585 2297 3802 2359 septeno

2214 2391 2410 2462 trione,
2439 2389 2855 2460 Lugdunensem
2889 2406 2903 2455 ;
2951 2390 3018 2445 ab
3049 2387 3322 2458 aquilone,
3371 2382 3649 2456 Belgicam
3676 2377 3801 2435 Gal-

2215 2484 2387 2548 liam;
2421 2497 2451 2536 a
2503 2482 2732 2537 meridie
2787 2496 2941 2542 mare
2988 2480 3281 2545 Gallicum,
3324 2476 3468 2547 quod
3519 2480 3609 2530 est
3666 2470 3805 2524 inter

2217 2573 2528 2631 Sardiniam
2575 2584 2629 2629 et
2678 2574 2883 2630 insulas
2909 2572 3204 2638 Baleares;
3248 2569 3458 2627 habens
3498 2565 3554 2619 in
3604 2560 3804 2622 fronte,

2216 2683 2321 2740 qua
2351 2667 2644 2724 Rhodanus
2677 2665 2872 2722 ﬂuvius
2904 2666 2957 2721 in
2982 2680 3132 2722 mare
3166 2663 3297 2728 exit,
3321 2658 3530 2722 insulas
3554 2653 3805 2711 Stoecha-

2217 2763 2335 2816 das.
2368 2761 2672 2830 Aquitanim
2697 2760 2974 2830 provincia
2999 2759 3222 2829 obliquo
3261 2770 3426 2812 cursu
3457 2750 3672 2822 Ligeris
3699 2746 3801 2809 ilu-

2219 2856 2402 2920 minis,
2435 2855 2525 2925 qui
2569 2871 2636 2909 ex
2678 2854 2911 2924 plurima
2942 2865 3097 2924 parte
3143 2849 3409 2906 terminus
3447 2845 3567 2916 ejus
3612 2851 3719 2905 est,
3753 2840 3806 2900 in

2219 2948 2407 3003 orbem
2433 2948 2632 3017 agitur.
2683 2946 2809 3001 Haec
2845 2962 2875 3001 a
2905 2945 3075 3001 circio
3119 2942 3420 3006 Oceanum,
3453 2937 3546 3008 qui
3592 2935 3811 3005 Aquita-

2222 3043 2377 3098 nicns
2409 3041 2560 3096 sinus
2586 3040 2826 3105 dicitur;
2861 3039 2929 3094 ab
2973 3053 3192 3102 occasu,
3225 3032 3513 3104 Hispanias
3546 3031 3752 3094 habet;
3780 3041 3812 3082 a

2225 3135 2599 3206 septentrione
2633 3142 2689 3194 et
2723 3133 2953 3198 oriente,
2988 3130 3402 3200 Lugdunensem
3430 3143 3445 3193 ;
3492 3125 3565 3180 ab
3590 3136 3726 3178 euro
3759 3128 3814 3174 et

524 3214 748 3305 oriatur
765 3214 1012 3319 pecunia:
1040 3249 1331 3318 cupiditas,
1355 3263 1463 3318 qua
1491 3262 1559 3302 ex
1607 3262 1668 3301 re
1715 3245 1985 3300 factiones
2009 3245 2122 3298 dis-
2147 3220 2190 3281 C
2225 3230 2470 3295 meridie.
2501 3228 2908 3290 Narbonensem
2949 3224 3283 3294 βτονίιιείὸυη
3315 3217 3605 3319 conﬁngu-
3637 3214 3814 3319 ίιυηυδ

516 3342 922 3414 uttsiortesqtre
948 3353 1284 3405 nascuntur;
1316 3353 1374 3397 ut
1403 3343 1572 3398 animi
1604 3343 1863 3412 aequitate
1905 3341 2120 3411 plebem

530 3435 874 3502 contineant,
906 3452 1031 3492 cum
1081 3451 1209 3492 suas
1235 3436 1466 3509 quisque
1512 3449 1644 3506 opes
1688 3449 1811 3494 cum
1858 3433 2124 3506 potentis-

531 3527 690 3590 simis
705 3527 908 3598 aequari
931 3527 1136 3591 videat,

606 3616 934 3677 Civitatibus
962 3618 1193 3672 maxima
1221 3617 1340 3672 laus
1378 3625 1485 3684 est,
1517 3632 1681 3688 quam
1725 3616 1991 3672 latissime
2019 3615 2128 3671 cir-

535 3724 661 3764 cum
687 3723 746 3764 se
776 3711 1004 3764 vastatis
1033 3709 1236 3764 ﬁnibus
1259 3709 1580 3766 solitudines
1600 3709 1825 3764 habere.
1860 3707 1972 3764 Hoc
1997 3721 2127 3778 pro-

536 3799 722 3878 prium
750 3799 975 3855 virtutis
1005 3799 1345 3866 existimant,
1373 3798 1631 3870 expulsos
1674 3785 1822 3871 agris
1865 3798 2130 3856 ﬁnitimos

535 3890 756 3957 cedere,
785 3906 964 3962 neque
993 3906 1323 3962 quemquam
1367 3906 1538 3962 prope
1577 3891 1782 3948 audere
1807 3892 2127 3948 consistere.

537 3983 716 4040 Simul
769 3984 872 4040 hoc
911 3999 972 4040 se
1002 3980 1120 4038 fore
1176 3983 1408 4038 tutiores
1437 3984 1801 4050 arbitrantur,
1834 3984 2130 4053 repentinae

537 4074 875 4130 incursionis
927 4077 1124 4132 timore
1151 4075 1387 4131 sublato.
1418 4073 1552 4130 Cum
1579 4076 1780 4133 bellum
1810 4077 2009 4132 civitas
2037 4088 2133 4130 aut

537 4168 749 4224 illatqu
777 4167 1036 4236 defendit,
1069 4180 1161 4225 aut
1190 4168 1376 4234 infert,
1399 4170 1772 4238 magistr-atus,
1798 4169 1890 4240 qui
1917 4169 1966 4224 ei
1990 4167 2134 4225 bello

540 4260 790 4328 pnesint,
825 4269 885 4315 ut
915 4261 1038 4316 vitae
1067 4263 1328 4331 necisque
1363 4263 1602 4319 habeant
1641 4271 1992 4332 potestatem,
2039 4262 2133 4317 de-

543 4351 808 4421 liguntur.
853 4351 910 4407 In
935 4367 1070 4422 pace
1116 4354 1295 4411 nullus
1323 4366 1407 4411 est
1433 4354 1736 4412 communis
1766 4354 2133 4424 magistratus,

543 4441 644 4509 sed
677 4444 952 4514 principes
988 4446 1268 4515 regionum
1319 4457 1483 4517 atque
1528 4461 1792 4517 pagorum
1843 4445 1988 4499 inter
2012 4457 2138 4499 suos

543 4531 638 4602 jus
686 4534 875 4590 dicunt
935 4538 1447 4609 controversiasque
1502 4540 1776 4593 minuunt.
1826 4535 2136 4590 Latrocinia
2169 4573 2216 4632 Β

548 4624 754 4680 nullam
783 4627 981 4684 habent
1011 4629 1315 4697 infamiam,
1357 4645 1478 4702 quae
1503 4638 1658 4686 extra
1692 4629 1827 4684 fines
1873 4627 2138 4698 cujusque

549 4718 790 4776 civitatis
834 4721 1012 4792 fiunt;
1064 4732 1227 4794 atque
1256 4738 1317 4778 ea
1363 4724 1668 4794 juventutis
1709 4721 2029 4777 exercenda:
2073 4735 2139 4774 ac

551 4808 772 4864 desidiae
827 4803 1320 4868 minuendze'causa
1351 4813 1465 4866 fieri
1497 4813 1810 4883 praedicant.
1848 4813 2025 4880 Atque
2049 4810 2140 4866 ubi

552 4900 676 4966 quis
696 4914 763 4954 ex
788 4902 1127 4972 principibus
1155 4902 1209 4956 in
1233 4901 1464 4958 consilio
1490 4902 1691 4958 dixerit
1715 4918 1768 4956 se
1795 4902 1979 4954 ducem
2004 4901 2139 4968 fore,

553 4993 645 5061 qui
677 4995 825 5064 sequi
855 4994 1013 5048 velint
1036 4995 1390 5065 profiteantur
1417 5011 1437 5061 ;
1478 5000 1815 5061 consurgunt
1865 4991 1918 5046 hi
1963 4991 2054 5060 qui
2086 5000 2143 5044 et

554 5101 774 5140 causam
822 5099 878 5143 et
930 5088 1203 5144 hominem
1259 5087 1514 5156 probant,
1568 5099 1833 5153 suumque
1881 5083 2141 5138 auxilium

556 5176 902 5250 pollicentur,
934 5189 1099 5250 atque
1122 5178 1475 5233 multitudine
1508 5174 1907 5230 collaudantur.
1934 5173 2034 5241 Qui
2076 5187 2145 5226 ex

561 5268 650 5323 his
674 5271 843 5325 secuti
867 5286 974 5328 non
1005 5280 1154 5339 sunt,
1205 5271 1261 5326 in
1316 5269 1657 5322 desertorum
1700 5281 1763 5320 ac
1803 5265 2146 5334 proditorum

561 5376 787 5388 ’διηνεκῆ-Α
844 5363 1118 5388 Α..-.....ι....
1175 5361 1527 5388 Α-κηζισιιὶιιιιη
1579 5357 1661 5388 ‘sie

967 5373 1118 5388 ...Ι-ι-
1175 5377 1317 5388 Amn-

1724 5371 1903 5394 “AI-nm
1959 5367 2145 5394 nnciam

2223 3339 2355 3383 vero
2377 3323 2583 3390 Cresar,
2630 3321 2721 3392 qui
2751 3335 2872 3375 cum
2900 3319 3148 3390 ejusdem
3187 3325 3348 3374 terra:
3379 3311 3576 3372 incolis
3618 3309 3815 3366 decen-

2225 3417 2316 3472 nio
2339 3415 2540 3472 bellum
2585 3414 2774 3486 gessit,
2818 3412 3190 3468 concordante
3238 3421 3424 3469 secum
3473 3403 3652 3462 Plinio
3679 3398 3818 3461 mut-

2227 3509 2405 3579 tisque
2428 3508 2550 3564 aliis
2586 3504 2948 3578 philosophis,
3001 3512 3110 3560 tres
3136 3510 3345 3563 tantum
3375 3497 3496 3555 vult
3542 3509 3667 3551 esse
3696 3507 3820 3564 pro-

2226 3600 2458 3658 vincias.
2497 3597 2664 3667 Cujus
2707 3613 2808 3654 nos
2860 3595 3065 3666 scripta
3110 3595 3324 3658 eodem,
3372 3604 3480 3660 quo
3530 3587 3648 3659 ipse
3689 3599 3822 3641 usus

2230 3705 2336 3759 est,
2368 3693 2459 3758 hic
2483 3692 2777 3748 inserimus
2813 3691 3028 3754 ordine,
3050 3687 3231 3758 aliqua
3270 3680 3671 3746 tantummodo,
3702 3693 3822 3747 qua:

2231 3787 2322 3842 ille
2359 3786 2413 3844 in
2444 3785 2569 3844 aliis
2617 3799 2727 3840 suae
2765 3782 3018 3849 Historia:
3063 3781 3198 3836 locis
3238 3779 3306 3834 de
3344 3775 3664 3833 civitatibus
3708 3772 3824 3827 sive

2229 3878 2546 3944 ﬂuminibus
2574 3877 2734 3943 dixit,
2759 3891 2856 3937 seu
2876 3891 2997 3950 qua:
3018 3874 3226 3939 Plinius
3253 3871 3414 3936 aliter
3433 3884 3499 3926 ac
3523 3867 3612 3923 ille
3633 3865 3820 3929 sensit,

2233 3972 2664 4042 interponentes.

2571 4062 2647 4118 De
2672 4060 2849 4124 Gallia
2873 4060 3163 4116 secundum
3190 4057 3475 4114 Calorem.

2307 4155 2400 4220 ιν,
2432 4155 2606 4213 Gallia
2637 4164 2722 4210 est
2749 4154 2928 4210 omnis
2947 4154 3118 4208 divisa
3145 4151 3198 4206 in
3222 4158 3404 4220 partes
3436 4157 3570 4211 tres,
3593 4158 3827 4216 quarum

2237 4266 2400 4304 unam
2438 4248 2680 4307 incolunt
2712 4246 2916 4315 Belgae;
2957 4244 3208 4306 alteram,
3247 4239 3540 4310 Aquitani;
3586 4237 3828 4298 tertiam,

2238 4344 2348 4411 qui,
2390 4343 2629 4411 ipsorum
2663 4340 2843 4410 lingua
2873 4338 3057 4399 Celta',
3115 4343 3300 4393 nostra
3355 4331 3496 4390 Galli
3553 4328 3833 4398 appellan-

2241 4445 2349 4489 tur.
2373 4433 2524 4489 Hane
2545 4447 2762 4503 quoque
2784 4439 2993 4502 partem
3030 4427 3237 4484 Plinius
3257 4424 3679 4494 Lugdunensem
3706 4419 3833 4478 Gal-

2243 4526 2371 4580 liam
2398 4541 2518 4582 esse
2557 4526 2772 4580 asserit.
2829 4523 2894 4576 lli
2943 4535 3133 4576 omnes
3177 4518 3380 4587 lingua,
3433 4515 3724 4580 institutis,
3757 4512 3832 4568 leo

2247 4619 2403 4689 gibus
2466 4619 2610 4672 inter
2661 4633 2720 4672 se
2771 4615 3045 4671 differunt.
3095 4613 3279 4669 Gallos
3330 4610 3724 4679 Lugdunenses
3767 4604 3836 4659 ab

2246 4713 2536 4783 Aquitanis
2554 4711 2829 4767 Garumna
2851 4708 3071 4772 flumen,
3103 4721 3133 4760 a
3161 4704 3342 4776 Belgis
3387 4702 3637 4756 Matrona
3659 4707 3718 4754 et
3740 4695 3837 4752 Se-

2249 4819 2427 4874 quana
2457 4803 2667 4858 dividit.
2699 4801 2903 4857 Horum
2929 4799 3172 4854 omnium
3199 4793 3483 4851 fortissimi
3535 4802 3666 4848 sunt
3715 4788 3838 4845 Bel-

2251 4913 2352 4968 ga},
2387 4905 2671 4968 propterea
2699 4893 2846 4964 quod
2883 4908 2914 4946 a
2948 4891 3095 4946 cultu
3126 4899 3290 4959 atque
3335 4886 3683 4942 humanitate
3717 4898 3840 4952 pro-

2257 4989 2448 5046 vinciat
2471 4987 2784 5058 longissime
2811 4985 3035 5047 absunt,
3084 4982 3417 5049 minimeque
3461 4980 3532 5030 ad
3577 4991 3676 5030 eos
3702 4990 3843 5030 nter.

2255 5091 2466 5137 catores
2495 5094 2639 5149 saape
2681 5086 3009 5140 commeant,
3043 5083 3204 5144 atque
3246 5087 3309 5127 ea
3356 5085 3481 5140 quae
3520 5069 3590 5123 ad
3637 5067 3842 5122 effemi-

2254 5174 2460 5229 nandos
2508 5173 2719 5227 animos
2775 5168 3052 5240 pertinent
3119 5168 3440 5237 important.
3489 5160 3844 5228 Proximide

2255 5277 2384 5321 sunt
2417 5264 2729 5329 Germanis,
2765 5262 2858 5333 qui
2912 5273 3064 5317 trans
3099 5259 3351 5313 Rhenum
3395 5254 3670 5320 incolunt,
3720 5266 3846 5307 cum

2256 5361 2451 5394 ,...:t.....
2506 5357 2848 5388 ηηηιςηοηοοι-
2892 5352 3092 5388 lmllmn
3147 5358 3337 5388 ani-nn!
3395 5347 3513 5388 nm
3567 5348 3638 5388 (In
3682 5361 3846 5388 partes
