4044 5428
229 282 314 339 63‘?)

1202 281 1517 341 tnsroau
1559 283 2005 343 rnxa'conuxt.
2034 320 2098 328 -
2141 268 2500 347 rnooexuai

3338 294 3443 347 636

232 397 453 459 tinentur,
483 408 571 464 qtn
609 408 798 465 agrum
828 393 1125 451 Helvetium
1154 415 1181 452 a
1221 399 1507 454 Germanis
1538 400 1725 454 dividit
1753 417 1767 465 ;
1800 403 1848 462 Α
1878 402 2025 455 Alter
2071 404 2263 460 ﬂuvius
2309 417 2389 461 est
2428 405 2566 476 apud
2617 406 2807 476 Belgas
2834 408 3048 473 Axona,
3091 408 3310 463 ultimos
3336 411 3440 465 lle-

232 491 373 544 altera
394 504 456 543 ex
481 499 658 558 parte,
690 498 871 543 monte
890 489 1018 545 Jura
1064 491 1348 555 altissimo,
1393 494 1482 561 qui
1511 503 1593 545 est
1622 493 1764 546 inter

230 581 478 649 Sequanos
516 591 570 634 et
621 581 936 643 Helvetios;
991 585 1174 648 tertia,
1232 584 1347 638 lacu
1399 584 1671 637 Lemanno
1710 593 1765 637 et

224 674 412 728 ﬂumine
456 673 741 740 Rhodano,
773 676 861 744 qui
896 677 1228 747 provinciam
1261 688 1503 731 nostram
1541 679 1607 731 ab
1637 677 1761 730 llel-

224 768 357 821 retiis
388 766 595 821 diridit.

280 859 445 914 Gallize
495 876 602 913 una
645 876 795 930 pars,
848 878 1008 931 quam
1041 878 1134 917 eos
1169 864 1257 932 qui
1293 864 1599 933 specialiter
1626 863 1763 918 Galli

223 953 443 1007 dicuntur
457 953 707 1009 oblinere
729 955 928 1009 dictum
952 967 1055 1021 est,
1086 956 1294 1009 initium
1324 958 1465 1026 capit
1490 974 1518 1010 a
1547 957 1767 1011 ﬂutniue

222 1045 467 1111 Rhodano,
526 1046 839 1101 continetur
889 1046 1162 1101 Garumna
1215 1048 1455 1110 ﬂmniue,
1493 1048 1764 1103 Oceanum

222 1138 265 1190 in
288 1137 466 1190 ﬁnibus
507 1136 793 1207 Belgarum
851 1140 1099 1207 attingit;
1125 1142 1287 1193 etiam
1312 1142 1379 1194 ab
1410 1141 1677 1209 Sequanis
1713 1151 1767 1194 et

220 1230 447 1283 Helvetiis
466 1229 667 1285 ﬂumen
698 1231 947 1287 Rhenum
983 1234 1155 1302 vergit
1185 1250 1213 1286 a
1245 1235 1635 1303 septentrione.
1666 1233 1764 1287 Ur-

219 1322 297 1375 bes
318 1322 363 1375 iu
386 1337 443 1376 ea
472 1321 658 1377 multze
698 1338 763 1378 ac
793 1324 1079 1393 opulentae.
1125 1324 1228 1379 Sed
1277 1340 1343 1378 ex
1373 1325 1456 1378 his
1487 1325 1767 1395 praecipua:

221 1423 325 1467 sunt
346 1423 632 1484 nostroque
652 1431 770 1470 aevo
790 1418 907 1485 plus
932 1419 1159 1486 cognitae
1187 1438 1198 1471 :
1226 1419 1563 1488 Lugdunum,
1590 1420 1767 1473 Cabil-

220 1503 355 1567 lonis,
385 1504 563 1561 Hedna
592 1524 715 1577 quae
737 1517 791 1562 et
814 1511 1254 1580 Augustodunus,
1303 1510 1557 1575 Senonis,
1588 1511 1770 1565 Autis-

221 1596 457 1661 siodorus,
482 1597 698 1665 Meldis,
730 1598 951 1664 Trecas,
982 1600 1242 1664 Parisius,
1274 1600 1598 1665 Caruotutn,
1621 1600 1767 1655 Gen-

220 1693 381 1751 nabus.
433 1691 521 1744 ubi
568 1708 713 1745 nunc
744 1692 1069 1757 Aurelianis,
1123 1692 1509 1763 Rothomagus.
1539 1693 1765 1757 Ebroas,

1869 511 2077 549 morum
2109 498 2244 552 ﬁnes
2273 498 2663 567 pratterﬂuens.
2711 500 2853 555 Silva
2885 515 3100 571 quoque
3124 502 3437 561 Arduenna,

1867 602 1984 654 qum
2009 597 2091 640 est
2142 590 2306 643 totius
2338 590 2525 644 Gallia:
2556 592 2806 651 maxima,
2852 602 3016 661 atque
3046 608 3075 646 a
3110 593 3241 661 ripis
3267 593 3441 647 Rheni

1869 680 2175 746 ﬁnibusque
2206 678 2553 733 Trevirorum
2609 682 2840 733 millibus
2874 682 3102 749 amplius
3134 683 3443 753 quingentis

1869 770 1920 823 in
1955 769 2345 837 longitudinem
2383 780 2547 839 patet.
2579 770 2705 825 Haec
2746 773 2811 825 de
2844 772 3019 842 Belgis
3059 774 3188 831 satis
3238 775 3442 830 dixisse

1867 863 1959 926 sit,
1987 863 2276 915 dummodo
2292 862 2358 917 de
2382 863 2667 933 Aquitania
2692 878 2810 933 qum
2832 864 2987 934 digna
3014 873 3141 919 sunt
3168 866 3444 921 memoriae

1870 953 2173 1007 tradantur.

1938 1043 2247 1112 Aquitania,
2273 1052 2330 1097 ut
2349 1043 2521 1097 Plinio
2544 1052 2703 1117 atque
2727 1044 2869 1100 Julio
2890 1046 3120 1112 videtur,
3156 1063 3185 1102 a
3213 1046 3443 1103 Garum-

1870 1153 1936 1192 na
1970 1137 2192 1191 ﬂumine
2220 1152 2392 1207 usque
2422 1138 2487 1191 ad
2518 1137 2805 1210 Pyrcnmos
2836 1149 3043 1195 montes
3075 1152 3126 1195 et
3156 1156 3273 1195 eam
3320 1157 3446 1210 par-

1872 1243 1979 1285 tem
2012 1246 2132 1301 quze
2186 1231 2251 1284 ad
2305 1230 2618 1299 Hispaniam
2653 1231 2904 1301 pertinet,
2954 1242 3159 1302 spectat
3190 1235 3330 1288 inter
3352 1249 3447 1288 oc-

1870 1342 2053 1381 casum
2078 1326 2209 1379 solis
2233 1334 2285 1379 et
2315 1325 2761 1393 septentrionem.
2819 1324 2944 1382 Plus
2974 1335 3150 1381 tamen
3178 1328 3279 1381 hoc
3308 1337 3446 1381 tem-

1871 1433 2001 1487 pore
2032 1417 2413 1471 determinatio
2445 1416 2646 1479 Orosii,
2693 1418 2939 1485 superius
2970 1433 2998 1469 a
3026 1418 3177 1472 nobis
3207 1419 3448 1473 declara-

1875 1520 1949 1571 ta,
1982 1518 2214 1562 tenetur.
2260 1508 2568 1561 Secundum
2602 1524 2762 1576 quam
2794 1508 3165 1572 traditionem,
3194 1509 3245 1562 in
3283 1510 3449 1579 Aqui-

1876 1605 2018 1657 tunia
2066 1604 2411 1657 continentur
2443 1604 2603 1658 urbes
2636 1604 2863 1673 egregizr
2894 1623 2905 1658 :
2953 1602 3220 1666 Narbona,
3251 1607 3451 1659 Arver-

1876 1709 1996 1755 nus,
2026 1708 2303 1761 qumnnnc
2334 1692 2687 1745 Clarusmons
2739 1690 2981 1754 vocatur,
3015 1693 3250 1757 Cudurx,
3288 1693 3450 1750 Tolo-

220 1782 433 1847 Oximus,
457 1782 845 1847 Cenomannis,
878 1783 1195 1847 Lexovium,
1231 1784 1530 1847 Natunetis,
1556 1784 1769 1837 Rhedo-
1797 1764 1847 1824 Β
1877 1802 1959 1847 sa,
1997 1783 2235 1845 Gavalis,
2276 1783 2535 1845 Rutenos,
2568 1782 2849 1844 Lemovix,
2878 1783 3247 1850 Pctragoriea,
3274 1785 3453 1839 Picta-

220 1874 303 1936 nis,
329 1872 581 1938 Venetus,
607 1874 985 1939 Ahrincatina,
1010 1877 1329 1947 Andusqute
1357 1886 1411 1932 et
1439 1877 1766 1945 Audegavis,

221 1964 312 2018 Tur
345 1966 439 2029 nis,
467 1967 759 2037 Bituriges,
794 1966 1139 2031 Niviodunus,
1161 1984 1320 2037 quam
1346 1970 1563 2038 quidam
1588 1968 1773 2021 Niver-

218 2056 288 2108 nis
330 2070 442 2109 esse
492 2066 707 2125 putant.
753 2056 951 2110 Harum
994 2058 1417 2128 Augustmlnuus
1446 2070 1497 2113 et
1543 2059 1771 2114 Senouis

219 2164 399 2216 magum
450 2150 755 2218 antiquitus
810 2152 950 2220 apud
996 2150 1179 2206 Gallos
1237 2151 1387 2207 fuere
1430 2154 1771 2207 auctoritatis

219 2248 357 2305 atque
384 2242 661 2307 potentia},
687 2241 820 2296 adeo
853 2252 909 2295 ut
934 2258 1038 2295 una
1062 2258 1273 2308 earnm,
1309 2245 1357 2297 id
1386 2255 1467 2298 est
1503 2249 1772 2313 Augusto-

218 2328 390 2392 dunus,
433 2345 598 2401 quam
648 2329 821 2385 Julius
864 2332 1105 2387 lleduam
1158 2337 1421 2400 nominat,
1474 2336 1769 2389 amicitiam

219 2422 369 2488 populi
390 2420 619 2478 Romani
651 2424 1040 2496 amplectende,
1070 2427 1171 2481 toti
1205 2443 1339 2497 pene
1356 2427 1560 2493 Gallia),
1581 2444 1767 2482 eorum

219 2512 321 2571 nixa
352 2514 553 2581 favore,
593 2517 895 2591 principata
949 2519 1037 2572 sit.
1081 2518 1250 2573 Porro
1281 2518 1532 2583 Seuonis,
1567 2519 1772 2572 viribus

220 2603 393 2657 conﬁsa
418 2606 551 2671 suis,
581 2606 753 2679 ipsam
784 2608 1009 2663 Romam
1044 2611 1192 2664 orbis
1222 2610 1647 2679 eaputobsidere
1663 2626 1769 2663 non

218 2698 552 2766 pertimuerit,
582 2717 743 2770 quam
768 2712 819 2759 et
848 2703 1010 2771 cepit.
1042 2703 1181 2759 Urbs
1211 2719 1337 2758 vero
1352 2700 1771 2774 Biturigaatqne

220 2785 478 2853 anonica,
510 2792 808 2845 secundum
840 2791 1015 2849 Orosii
1046 2793 1442 2859 diﬂiuitionem,
1484 2795 1573 2863 qui
1603 2795 1771 2863 Aqui-

221 2880 398 2933 taniam
427 2898 455 2935 a
486 2881 715 2937 ﬂumine
742 2884 949 2954 Ligeris
984 2901 1151 2955 usque
1174 2886 1238 2938 ad
1271 2886 1558 2961 Pyremeos
1589 2888 1771 2942 deter-

219 2971 369 3024 minat
420 2984 657 3039 montes,
720 2992 988 3046 quamque
1038 2979 1276 3033 muderni
1318 2989 1635 3049 sequuntur,
1667 2995 1772 3034 non

221 3061 266 3116 in
287 3063 475 3120 Celtica
504 3068 702 3133 Gallia,
728 3072 818 3124 sed
853 3070 1025 3141 magis
1072 3072 1126 3125 in
1164 3072 1454 3141 Aquitania
1494 3080 1621 3126 sunt
1646 3087 1773 3141 pro-

1876 1875 1978 1938 vis,
2010 1874 2342 1944 Burdegalis,
2376 1872 2661 1934 Santouia,
2692 1884 2745 1925 et
2771 1873 3286 1941 Eugolismafluvii
3316 1891 3453 1944 quo-

1874 1983 1978 2035 que
2014 1966 2158 2019 haud
2208 1966 2356 2033 parvi
2406 1965 2640 2017 nominis
2687 1964 2739 2019 in
2765 1965 2951 2017 eadem
2978 1973 3101 2017 snnt
3125 1966 3404 2032 provincia
3437 1984 3449 2018 :

1875 2059 2087 2122 Elaver,
2132 2057 2221 2126 qui
2276 2072 2379 2109 non
2412 2055 2581 2109 multo
2613 2056 2791 2107 minor
2837 2053 3015 2125 Ligeri
3044 2057 3159 2126 ejus
3184 2056 3456 2125 excipitur

1873 2154 2045 2207 alveo.
2078 2150 2346 2205 Dordonia
2376 2150 2565 2211 etiam,
2616 2149 2705 2218 qui
2743 2165 2805 2201 ex
2846 2158 3029 2203 monte
3058 2149 3145 2217 qui
3178 2148 3288 2201 Dor
3323 2149 3456 2202 dici-

1874 2252 1981 2308 tur,
2015 2252 2173 2296 etest
2197 2243 2249 2295 in
2280 2241 2473 2295 liuihus
2498 2246 2894 2304 Arvernorum,
2920 2241 3127 2293 duobus
3154 2242 3455 2294 seaturiens

1875 2335 2134 2397 fontibus,
2166 2348 2394 2404 quorum
2429 2332 2520 2385 uni
2552 2347 2745 2385 nomen
2798 2340 2880 2385 est
2910 2330 3042 2394 Dor,
3069 2330 3225 2383 alteri
3258 2330 3452 2392 Donia,

1873 2431 1963 2498 qui
2016 2429 2157 2483 haud
2203 2426 2389 2498 procul
2440 2442 2467 2479 a
2525 2437 2709 2480 monte
2764 2427 2879 2495 ipso
2926 2422 3350 2493 conjungnnlnr,
3402 2423 3455 2476 in

1874 2522 2205 2577 Garumnam
2247 2518 2437 2572 inﬂuit.
2472 2516 2712 2585 Denique
2762 2515 3048 2584 Aquitania
3086 2514 3229 2567 dicta
3257 2522 3359 2577 est,
3391 2528 3458 2569 eo

1875 2615 2016 2682 quod
2042 2627 2148 2680 prae
2177 2610 2389 2664 caeteris
2421 2608 2715 2677 provinciis
2756 2606 2994 2659 fontibus
3041 2604 3459 2671 ﬂuminibusque

1873 2704 2152 2759 exuberet.
2182 2702 2274 2754 Est
2303 2701 2354 2755 in
2382 2716 2443 2754 ea
2474 2710 2527 2753 et
2551 2699 2706 2763 silva,
2741 2700 3003 2752 vocabulo
3027 2698 3325 2759 Leccenna,
3351 2713 3455 2753 non

1875 2793 2282 2850 contemnenda:
2344 2791 2756 2861 magnitudinis,
2800 2791 3131 2860 Biturigibus
3162 2798 3325 2859 atque
3354 2788 3458 2842 Ar-

1878 2887 2064 2940 vernis
2099 2884 2359 2949 conﬁnis;
2391 2884 2442 2937 in
2468 2899 2571 2952 qua
2604 2898 2775 2953 usque
2806 2883 2964 2937 hodie
2993 2882 3297 2936 ostenditur
3320 2880 3456 2951 lapi-

1877 2979 1974 3032 dea
1990 2979 2181 3032 domus
2194 2976 2562 3031 Brunichildis
2576 2977 2777 3045 regium
2795 2973 3067 3044 quondam
3093 2972 3452 3037 Francorum,

1880 3083 2098 3122 amomo
2147 3068 2300 3129 satis,
2334 3076 2391 3120 ut
2423 3082 2521 3121 nos
2561 3080 2776 3135 quoque
2810 3065 3143 3135 aspeximus,
3192 3064 3294 3117 sita
3317 3061 3456 3116 loco.

220 3155 393 3211 vincia.
421 3159 674 3215 Flumina
709 3163 761 3223 in
809 3132 1156 3233 Lngduuensi
1184 3132 1353 3221 Gallia
1378 3164 1605 3234 plurima
1628 3132 1773 3229 {sed
1801 3132 1849 3197 δ
1881 3161 2013 3216 Nam
2071 3160 2316 3214 ﬂuviolus
2361 3175 2481 3213 eam
2534 3157 2903 3230 przeterﬂuens
2952 3158 3154 3225 irrigua
3208 3171 3237 3209 a
3284 3155 3459 3209 latere

222 3261 275 3309 ex
300 3251 372 3304 eis
412 3255 768 3325 prmcipuum,
826 3256 1138 3321 Rhodanus,
1166 3258 1255 3327 qui
1289 3257 1404 3326 ejus
1433 3259 1501 3314 ab
1522 3258 1774 3313 orientali

221 3350 353 3407 parte
391 3346 659 3399 terminus
702 3356 801 3400 est.
827 3346 981 3414 Quod
1024 3359 1201 3403 autem
1223 3350 1404 3403 verbis
1442 3348 1567 3405 Julii
1598 3350 1776 3418 posui-

223 3447 343 3500 mus,
391 3437 479 3505 qui
512 3438 852 3507 provinciam
907 3449 1150 3495 nostram
1176 3440 1242 3494 ab
1278 3439 1540 3495 Helvetiis
1564 3440 1775 3504 dividit,

226 3531 397 3578 terram
429 3528 578 3581 illam
635 3529 1007 3599 intell’gimus,
1035 3545 1153 3600 qum
1181 3531 1280 3585 hoc
1306 3532 1523 3585 nomine
1559 3532 1779 3601 proprio

221 3618 387 3671 sortita
420 3630 533 3687 est;
595 3622 785 3681 deinde
815 3624 1021 3686 Araris,
1057 3625 1146 3693 qui
1180 3639 1277 3693 per
1312 3623 1445 3679 ﬁnes
1470 3624 1779 3681 lieduorum

222 3713 269 3757 et
319 3706 696 3779 Sequanorum
754 3714 1055 3771 incredibili
1101 3714 1327 3769 lenitate
1380 3715 1432 3768 in
1463 3716 1780 3773 Rhodanum

222 3796 397 3866 inﬂuit,
448 3805 521 3857 ita
560 3814 621 3859 ut
647 3806 817 3861 oculis
847 3805 901 3863 in
948 3815 1124 3859 utram
1150 3816 1358 3879 partem
1396 3805 1781 3877 iluatjudicari

221 3887 300 3941 vix
326 3893 510 3959 possit.
542 3892 698 3959 Quod
730 3910 824 3951 nos
853 3911 1068 3964 quoque
1094 3897 1487 3965 perspeximus,
1518 3911 1582 3950 ac
1612 3896 1786 3955 admi-

225 3979 312 4041 rati
364 3997 552 4036 sumus
608 3992 768 4040 tanta)
819 3986 1203 4055 magnitudinis
1230 3986 1447 4039 ﬂuvium
1495 3994 1602 4040 tam
1633 3986 1785 4041 tardo

224 4078 352 4123 motu
396 4072 779 4141 proﬂuentem.
827 4075 954 4131 Post
984 4091 1108 4131 eum
1144 4088 1323 4133 exstat
1350 4078 1531 4147 Liger,
1559 4079 1650 4147 qui
1678 4086 1787 4132 ter-

224 4174 324 4215 ram
356 4164 497 4217 illam
532 4180 656 4235 qua:
684 4166 825 4221 inter
855 4168 1002 4222 illum
1032 4178 1087 4223 et
1120 4168 1425 4237 Sequanam
1446 4172 1618 4240 jacet,
1650 4186 1786 4239 pene

225 4249 433 4307 insulam
457 4245 645 4309 eﬂi'eit.
684 4254 843 4312 Silvae.
889 4260 1107 4325 multas;
1142 4262 1232 4314 sed
1270 4261 1597 4315 eminentior
1624 4271 1788 4316 eane-

226 4342 292 4395 ris
314 4342 576 4401 Perticus.
636 4346 704 4402 Et
744 4349 846 4402 hoc
870 4350 1087 4421 quidem
1124 4351 1190 4404 de
1216 4349 1387 4405 Gallia
1418 4350 1641 4415 Celtica,
1670 4368 1789 4421 qua:

226 4444 272 4487 et
298 4436 673 4508 Lugdunensis
712 4452 952 4499 vocatur.
980 4441 1134 4499 Nunc
1175 4443 1241 4499 de
1271 4443 1481 4515 Belgica
1507 4444 1785 4515 provincia

226 4531 502 4590 videamus.

288 4622 450 4694 Belga:
471 4628 542 4681 ab
572 4628 835 4684 extremis
870 4628 1055 4689 Gallite
1091 4629 1287 4685 finibus
1313 4630 1584 4685 oriuntur.
1606 4631 1785 4687 Perti—

231 4721 343 4765 nent
370 4726 552 4769 autem
587 4717 657 4770 ad
712 4717 1019 4773 inferiorem
1067 4730 1275 4789 partem
1318 4721 1557 4774 ﬂuminis
1588 4720 1787 4783 Rheni,

233 4813 570 4874 spectantque
617 4806 672 4859 in
723 4809 1146 4877 septentrionem
1195 4818 1249 4862 et.
1292 4810 1553 4865 orientem
1597 4809 1785 4863 solem.

238 4887 390 4947 Urbes
417 4895 533 4963 ejus
571 4895 791 4965 inclytae
821 4912 883 4951 ac
911 4897 1149 4963 famosae,
1191 4898 1410 4955 Colonia
1438 4902 1791 4973 Agrippinen-

235 4982 318 5046 sis,
356 4984 610 5057 Tungris,
655 4987 925 5053 Treveris,
964 4990 1142 5057 Metis,
1180 5007 1295 5060 qua:
1347 5003 1401 5047 et
1430 4993 1794 5049 Mediomatri-

238 5090 361 5140 cum,
386 5076 591 5141 Remis,
618 5077 929 5143 Lauduuus,
957 5081 1288 5146 Suessionis,
1317 5086 1618 5149 Ambianis,
1642 5084 1796 5136 Viro-

238 5167 464 5232 mandus,
518 5167 806 5240 Belvagus,
838 5169 1178 5236 Atrebatum,
1220 5170 1496 5243 Lingonis,
1530 5188 1584 5233 et
1625 5190 1795 5244 pagus

238 5253 602 5323 Helvetiorum,
653 5275 811 5331 quem
861 5278 997 5323 nunc
1026 5266 1314 5327 Alamanni
1367 5267 1631 5324 incolunt.
1670 5266 1798 5334 Ejus

234 5350 497 5415 provincia.
522 5350 694 5417 ﬂuvii,
726 5352 972 5422 Scaldus,
1001 5358 1273 5418 Matrona,
1307 5367 1470 5428 atque
1494 5362 1641 5415 Mosa
1669 5374 1797 5428 pro-

1880 3251 2044 3307 eﬂicit
2067 3259 2242 3319 prata,
2277 3265 2587 3319 messesque
2616 3265 2644 3302 a
2672 3249 2852 3304 fronte
2881 3248 3143 3317 oppositae
3170 3248 3465 3317 cinguntur

1882 3345 2014 3400 silva
2047 3343 2315 3399 venationi
2348 3358 2605 3411 congrua.
2634 3341 2743 3395 Has
2778 3356 2968 3395 omnes
2994 3340 3300 3411 provincias
3334 3339 3460 3391 dum

1884 3437 2077 3490 Franci
2127 3442 2505 3504 occupassent,
2559 3433 2613 3487 in
2670 3434 2805 3487 duas
2853 3433 3226 3486 tantummodo
3274 3438 3459 3498 partes

1883 3530 2206 3592 dividentes,
2246 3542 2366 3580 eam
2395 3542 2514 3595 qua:
2550 3525 2971 3595 septentrionem
3001 3538 3190 3579 versus
3223 3520 3464 3575 tenditur

1884 3630 1939 3674 et
1995 3619 2137 3672 inter
2190 3617 2394 3670 Mosam
2433 3625 2488 3669 et
2532 3614 2779 3668 Rhenum
2822 3623 2925 3676 est,
2969 3612 3275 3673 Austriam;
3312 3609 3461 3662 illam

1886 3726 2034 3773 vero,
2073 3725 2193 3779 qua:
2225 3724 2253 3762 a
2285 3708 2431 3761 Mosa
2458 3706 2522 3760 ad
2546 3707 2778 3775 Ligerim
2805 3720 2974 3774 usque
3010 3703 3287 3774 pertingit,
3318 3700 3465 3755 Neu-

1886 3801 2077 3855 striam
2108 3806 2458 3853 vocaverunt.
2483 3796 2616 3850 Pars
2648 3806 2827 3849 tamen
2851 3794 3223 3863 Lugdunensis
3253 3792 3462 3857 Galliae,

1887 3907 2048 3961 quam
2064 3890 2907 3959 Burgundionesoccupaverant,
2928 3884 3247 3955 Burgundize
3264 3897 3461 3937 nomen

1890 3984 2135 4039 retinuit.
2176 3982 2467 4055 Aquitania
2499 3994 2715 4052 quoque
2744 3980 2948 4033 avitum
2987 3994 3093 4033 non
3133 3986 3217 4031 est
3244 3976 3462 4045 dignata

1890 4092 2083 4130 nomen
2111 4086 2340 4131 mutare.

1960 4168 2056 4223 His
2086 4168 2151 4220 de
2198 4168 2302 4220 situ
2348 4163 2655 4219 Germaniae
2696 4162 2779 4217 vel
2807 4160 3013 4223 Gallite,
3040 4158 3272 4231 proutin
3312 4155 3467 4210 libris

1889 4272 2135 4315 veterum
2166 4258 2493 4327 investigare
2533 4255 2834 4327 potuimus,
2868 4253 3120 4314 ostensis,
3151 4264 3316 4311 nunc,
3345 4262 3467 4317 qme

1890 4348 2063 4403 Julius
2090 4350 2155 4402 de
2178 4348 2523 4417 antiquorum
2547 4343 2941 4399 consuetudine
2964 4340 3043 4395 vel
3075 4340 3313 4393 moribus
3342 4352 3466 4392 sen-

1894 4440 2027 4494 serit
2055 4437 2350 4499 Gallorum,
2383 4436 2547 4505 ipsius
2578 4434 2909 4504 explicemus
2940 4430 3138 4485 verbis.

1814 4511 1867 4571 Ῑ)
2292 4526 2366 4579 De
2406 4526 2733 4581 institutione
2772 4522 3067 4576 Gallorum.

1963 4621 2027 4675 γ.
2050 4620 2142 4674 Ait
2171 4634 2298 4689 ergo
2332 4636 2345 4671 :
2379 4619 2431 4671 In
2459 4618 2627 4678 otuni,
2654 4615 2924 4686 inquiens,
2948 4613 3141 4672 Gallia,
3160 4625 3357 4663 eorum
3377 4610 3479 4662 ho-

1894 4717 2099 4771 minum
2129 4713 2219 4783 qui
2266 4710 2448 4778 aliquo
2485 4717 2612 4763 sunt
2670 4722 2899 4761 numero
2939 4715 3099 4773 atque
3123 4701 3365 4759 honore,
3393 4709 3483 4764 ge-

1895 4821 2025 4863 nera
2072 4812 2196 4858 sunt
2226 4804 2353 4855 duo.
2402 4800 2537 4853 Nam
2566 4797 2717 4869 plebs
2753 4811 2893 4865 pene
2943 4802 3221 4848 servorum
3253 4785 3496 4839 habetur

1897 4899 2034 4962 loco,
2060 4911 2177 4964 qum
2204 4891 2338 4948 nihil
2370 4891 2531 4945 habet
2580 4904 2675 4960 per
2699 4902 2779 4949 se,
2811 4888 2964 4941 nullo
2992 4876 3305 4964 adhibetur
3330 4869 3510 4964 con-si-

1904 4992 1996 5045 lio.
2021 4988 2448 5057 Plerique,'cum
2475 4992 2566 5037 aut
2617 4995 2724 5035 tere
2764 4978 2982 5042 alieno,
3011 4980 3103 5025 aut
3126 4961 3528 5028 “mgniludine

1904 5083 2264 5143 tributorum,
2318 5084 2415 5129 aut
2462 5073 2657 5143 injuria
2719 5070 3105 5139 potentiorum
3158 5059 3535 5143 premuntur.

1904 5194 2022 5234 sese
2050 5176 2103 5229 in
2132 5142 2454 5229 servitutem
2487 5168 2763 5222 addicuut.
2787 5158 3092 5218 Nobilibus
3116 5146 3169 5198 in
3191 5142 3305 5234 hos:
3330 5144 3544 5234 eadem

1904 5226 2029 5327 sunt
2051 5268 2229 5321 omnia
2263 5264 2413 5332 jura,
2444 5276 2564 5332 quae
2590 5250 2827 5309 dominis
2864 5253 2931 5309 in
2959 5249 3169 5332 servos-
3193 5228 3311 5282 se“
3329 5236 3446 5332 ‘de
3468 5226 3553 5332 his

2166 5322 2732 5428 generibits'alterum
2779 5349 2885 5394 est
2954 5322 3561 5428 druidummnllerum

3226 5408 3293 5428 ,οη
