4044 5428
577 304 688 368 (i323

1600 311 1863 370 AIMOINI
1896 311 2202 371 MONACHI
2239 313 2748 379 FLoutACENSts
3724 309 3831 395 656.

593 421 825 476 honore.
855 418 989 475 Nam
1018 419 1131 476 fere
1152 419 1218 477 de
1247 422 1502 479 omnibus
1523 429 1908 484 controversiis
1928 428 2155 499 publicis
2181 431 2232 489 Δ
2259 444 2318 485 se
2349 430 2720 493 immolaturos
2740 449 2957 496 vovent.
2991 441 3443 516 Administrisque
3461 448 3531 504 ad
3561 464 3630 505 ea
3653 455 3821 507 sacri-

591 511 927 580 privatisque
974 511 1327 566 constituunt.
1388 514 1453 569 Et
1498 514 1542 569 si
1576 518 1717 585 quod
1755 529 1837 574 est
1860 510 2161 574 admissum

589 596 822 664 facinus,
847 602 889 654 si
916 601 1089 655 caedes
1139 600 1307 668 facta,
1349 605 1392 658 si
1419 605 1483 659 de
1513 607 1846 674 haereditate,
1871 610 1938 665 de
1962 610 2155 664 ﬁnibus

588 692 954 749 controuersia
973 702 1075 756 est,
1092 692 1254 747 iidem
1274 694 1610 764 discernunt,
1629 700 1844 768 praemia
1860 712 2157 769 poenasque

587 784 941 837 constituunt.
973 783 1028 838 Si
1055 784 1177 854 quis
1195 795 1287 839 aut
1324 787 1564 856 privatus
1591 800 1683 844 aut
1713 789 1941 860 populus
1966 805 2159 846 eorum

588 873 806 926 decreto
865 887 973 927 non
1024 875 1258 940 steterit,
1302 876 1584 932 sacriﬁciis
1629 878 1981 935 interdicunt.
2029 877 2159 936 limo

584 976 746 1032 poena
811 965 951 1034 apud
995 980 1090 1021 eos
1117 977 1203 1022 est
1230 968 1573 1038 gravissima.
1622 970 1829 1038 Quibus
1869 974 1942 1027 ita
1969 973 2158 1028 estia-

586 1054 895 1119 terdictum,
954 1055 1009 1110 hi
1049 1072 1277 1113 numero
1318 1060 1604 1130 impiormn
1655 1078 1720 1117 ac
1760 1060 2154 1119 scelerarorum

592 1144 880 1201 habentur.
907 1145 1001 1203 llis
1029 1163 1221 1204 omnes
1268 1151 1557 1218 decedunt,
1594 1152 1798 1207 aditum
1823 1169 2157 1210 sermonem-

585 1251 693 1308 que
734 1237 1041 1309 diﬁ‘ugiunt,
1089 1257 1157 1296 ne
1203 1243 1333 1312 quid
1375 1259 1442 1299 ex
1473 1245 1798 1314 cogitatione
1828 1247 2152 1303 incommodi

585 1326 885 1396 accipiant;
922 1343 1095 1399 neque
1140 1332 1225 1387 bis
1250 1334 1556 1402 petentibus
1573 1335 1663 1405 jus
1686 1336 1950 1401 redditur,
1982 1351 2154 1406 neque

581 1415 724 1471 ullus
754 1418 926 1472 honor
944 1423 1393 1477 communicatur.
1413 1423 1507 1480 llis
1536 1438 1714 1480 autem
1737 1427 1988 1481 omnibus
2007 1427 2155 1482 drui-

553 1504 743 1560 'dibus
787 1516 985 1577 pratest
1040 1525 1203 1576 unus,
1258 1513 1348 1581 qui
1388 1529 1653 1571 sumtnam
1691 1516 1831 1570 inter
1868 1531 1961 1571 eos
1990 1517 2153 1572 habet

584 1598 989 1665 auctoritatem.
1019 1598 1396 1669 Hoc-mortuo,
1425 1604 1468 1658 si
1494 1608 1613 1673 quis
1643 1622 1709 1661 ex
1733 1606 1955 1676 reliquis
1976 1607 2151 1662 excel-

552 1687 666 1756 ‘lit,
713 1689 963 1761 dignitati
1012 1695 1284 1760 succedit;
1326 1704 1421 1750 aut
1464 1697 1507 1750 si
1557 1709 1686 1752 sunt
1740 1698 1922 1769 plures
1969 1714 2145 1770 pares,

2255 518 2375 573 licia
2429 520 2708 581 druidibus
2736 538 2983 597 utuntur,
3011 536 3152 602 quod
3179 552 3275 605 pro
3301 538 3410 594 vita
3438 540 3699 609 hominis,
3722 546 3821 601 nisi

2257 610 2363 663 vita
2423 614 2659 672 hominis
2708 621 2986 688 reddatur,
3026 640 3132 679 non
3169 642 3326 697 posse
3353 629 3578 686 deomm
3606 633 3823 691 immor-

2257 698 2442 754 talium
2493 720 2690 763 numen
2716 707 2914 776 placari
2946 714 3299 781 arbitrantur,
3331 716 3659 792 publiceque
3677 725 3817 794 ejus-

2255 788 2374 844 dem
2423 795 2639 859 generis
2662 796 2860 854 habent
2882 801 3128 859 instituta
3151 809 3442 864 sacriﬁcia.
3467 788 3821 873 Alii-immani

2254 880 2624 949 pinguitudine
2667 887 2959 946 simulacra
3011 893 3232 961 habent,
3282 913 3515 969 quorum
3570 915 3818 962 contexta

2253 968 2547 1028 viminibus
2595 977 2839 1033 membra
2869 981 3004 1039 vivis
3033 968 3341 1044 hominibus
3366 992 3668 1062 complent.
3699 996 3825 1064 Qui-

2255 1060 2354 1119 bus
2410 1070 2721 1138 succensis,
2767 1073 3124 1134 circumventi
3172 1078 3390 1137 ﬁamma
3439 1086 3824 1143 exanimantur

2254 1152 2523 1212 homines.
2566 1159 2838 1231 Supplicia
2885 1181 3071 1223 eorum
3105 1171 3196 1238 qui
3245 1171 3303 1228 in
3354 1172 3500 1229 furto
3534 1178 3718 1232 autin
3748 1179 3824 1234 la-

2255 1246 2489 1302 trocinio
2509 1261 2603 1304 aut
2643 1252 2822 1323 aliqua
2860 1271 3001 1311 noxa
3027 1268 3151 1313 sunt
3173 1264 3821 1338 eomprehensi,gratiora

2253 1334 2358 1389 diis
2418 1337 2816 1398 immortalibus
2865 1361 2987 1402 esse
3031 1349 3384 1407 arbitrantur.
3424 1354 3531 1411 Sed
3554 1334 3682 1411 cum
3713 1358 3826 1427 ejus

2251 1426 2465 1493 generis
2478 1432 2630 1499 copia
2663 1432 2861 1501 deﬁcit,
2887 1437 3051 1492 etiam
3074 1441 3141 1493 ad
3171 1441 3538 1502 innocentium
3565 1426 3824 1519 supplicia

2253 1516 2599 1576 descendunt.
2616 1521 2782 1580 Deum
2813 1530 3050 1586 maxime
3071 1531 3392 1591 Mercurium
3416 1516 3827 1611 coluntal‘lujus

2251 1616 2377 1660 sunt
2414 1607 2640 1677 plurima
2669 1614 2982 1673 Simulacra.
3032 1619 3188 1678 Hunc
3211 1625 3454 1681 omnium
3486 1607 3824 1687 inventorem

2250 1696 2450 1752 artium
2482 1698 2684 1767 ferunt,
2726 1705 2870 1760 hunc
2901 1709 3107 1765 viarum
3133 1720 3296 1783 atque
3325 1715 3581 1773 itinerum
3610 1720 3825 1788 ducem,

584 1782 838 1855 suifragio
876 1786 1161 1854 druidum;
1220 1805 1603 1863 nonnunquam
1658 1794 1822 1849 etiam
1880 1796 2047 1851 armis
2083 1797 2148 1852 de
2180 1776 2224 1835 Β
2255 1787 2397 1843 hunc
2443 1793 2510 1846 ad
2568 1806 2806 1862 (infestus
2849 1804 3090 1869 pecuniae
3136 1818 3581 1879 mercaturasque
3628 1812 3833 1870 habere

584 1876 887 1947 principatu
944 1881 1292 1935 contendunt.
1340 1882 1404 1938 lli
1458 1894 1607 1939 certo
1655 1886 1779 1941 anni
1826 1895 2066 1958 tempore
2095 1888 2148 1942 in

585 1969 782 2023 ﬁnibus
828 1968 1151 2038 Carnutum,
1205 1988 1325 2040 qua:
1352 1974 1501 2045 regio
1558 1977 1720 2030 totius
1761 1976 1947 2032 Gallia:
1974 1978 2150 2033 media

584 2059 835 2126 habetur,
879 2064 1167 2119 considunt
1216 2066 1268 2119 iu
1293 2062 1411 2121 loco
1442 2079 1781 2123 consecrato.
1816 2069 1931 2124 lluc
1962 2085 2151 2125 omnes

586 2152 818 2221 undique
863 2154 955 2224 qui
1014 2158 1414 2213 controversias
1442 2158 1640 2213 habent
1676 2160 2024 2222 conveniunt,
2058 2175 2148 2215 eo-

579 2256 809 2313 rumque
847 2245 1069 2315 judiciis
1119 2248 1463 2322 decretisque
1517 2265 1728 2322 parent.
1779 2253 2149 2324 Discipliuain

575 2336 857 2396 Britannia
899 2350 1113 2410 reperta
1156 2352 1318 2412 atque
1375 2343 1499 2399 inde
1528 2345 1580 2398 iu
1613 2344 1843 2400 Galliam
1890 2345 2149 2401 translata

577 2445 698 2483 esse
724 2432 1086 2488 existimatur.
1137 2435 1203 2490 Et
1231 2452 1374 2491 nunc
1415 2437 1505 2506 qui
1534 2438 1846 2508 diligentius
1879 2454 2000 2493 eam
2032 2454 2147 2494 rem

580 2535 909 2591 cognoscere
962 2525 1171 2591 volunt,
1215 2528 1532 2599 plerumque
1587 2531 1681 2586 illo
1710 2531 1953 2588 discendi
1985 2548 2149 2587 causa

581 2610 1017 2679 proﬁciscuntur.
1048 2616 1276 2674 Druides
1299 2635 1329 2674 a
1350 2621 1489 2676 bello
1511 2622 1700 2679 abesse
1726 2633 2145 2684 consueverunt.

568 2699 757 2772 ‘neque
807 2706 1003 2761 tributa
1043 2725 1147 2763 una
1195 2726 1318 2764 cum
1371 2713 1596 2784 reliquis
1649 2714 1908 2782 pendunt.
1949 2713 2150 2769 Militia:

581 2796 916 2852 vacationem
935 2800 1287 2871 omniumque
1303 2818 1482 2861 rerum
1497 2804 1702 2860 habent
1729 2807 2144 2861 immunitatem.

581 2887 773 2945 Tantis
821 2893 1039 2946 excitati
1088 2895 1347 2963 prmmiis,
1391 2906 1445 2952 et
1468 2913 1562 2954 sua
1592 2908 1781 2969 sponte
1804 2899 1954 2955 multi
1980 2900 2031 2953 in
2063 2899 2147 2953 di-

579 2978 858 3046 stiplinam
873 2983 1221 3048 conveniunt,
1250 2996 1305 3040 et
1329 3002 1357 3040 a
1382 2989 1699 3057 parentibus
1724 2990 2147 3060 propinquisque

581 3069 889 3126 mittuntur.
924 3071 1171 3144 Magnum
1200 3076 1272 3130 ibi
1304 3094 1587 3134 numerum
1623 3096 1875 3135 versuum
1903 3082 2146 3137 ediscere

582 3160 853 3217 dicuntur.
888 3162 1072 3234 itaque
1098 3181 1270 3222 annos
1295 3168 1483 3240 viginti
1511 3171 1752 3225 nonnulli
1780 3172 1831 3226 in
1862 3172 2144 3243 disciplina

578 3267 918 3323 permanent,
976 3276 1151 3333 neque
1208 3261 1289 3317 fas
1338 3280 1460 3320 esse
1501 3266 1813 3323 existimant
1860 3283 1920 3322 ea
1952 3268 2149 3324 litteris

581 3349 864 3415 mandare,
895 3367 1014 3406 cum
1040 3354 1090 3407 in
1117 3354 1342 3424 reliquis
1372 3355 1488 3412 lere
1520 3361 1678 3415 rebus
1707 3359 1934 3430 publicis
1965 3360 2146 3430 priva-

581 3436 760 3507 tisque
814 3443 1111 3498 rationibus
1153 3445 1358 3509 Graecis
1412 3447 1610 3505 litteris
1658 3461 1901 3506 utantur.
1932 3450 1987 3504 ld
2015 3452 2147 3507 mihi

581 3526 791 3583 duabus
820 3532 888 3585 de
925 3534 1105 3589 causis
1163 3536 1462 3593 instituisse
1512 3540 1780 3604 videntur,
1812 3542 1951 3610 quod
1974 3558 2149 3612 neque

578 3617 634 3671 in
683 3621 894 3693 Vulgum
941 3625 1282 3696 disciplinam
1312 3631 1488 3686 eﬁ'erri
1518 3631 1703 3695 velint,
1738 3649 1911 3702 neque
1933 3649 2026 3689 eos
2055 3635 2146 3705 qui

577 3707 813 3776 discunt,
859 3711 1054 3771 litteris
1098 3719 1352 3786 conﬁsos,
1396 3722 1571 3776 minus
1609 3725 1880 3778 memoria:
1908 3718 2144 3780 studere.

577 3798 730 3866 Quod
781 3801 895 3859 fere
936 3805 1206 3879 plerisque
1236 3812 1453 3878 accidit,
1479 3822 1534 3867 ut
1563 3813 1816 3884 praesidio
1843 3814 2144 3871 litterarutn

575 3892 906 3963 diligentiam
940 3898 993 3952 in
1023 3902 1390 3968 prartlisccndo
1412 3920 1475 3959 ac
1502 3908 1818 3960 memoriam
1841 3909 2141 3966 remittant.

570 3980 628 4036 lu
659 3986 847 4054 primis
876 3989 975 4044 hoc
996 3992 1522 4063 voluntpersuadere
1554 4014 1656 4050 non
1678 3997 1889 4052 interire
1917 4001 2143 4066 animus,

573 4076 660 4127 sed
684 4079 746 4128 ub
773 4078 891 4133 aliis
912 4072 1026 4150 post
1064 4094 1280 4137 mortem
1327 4088 1553 4141 transire
1588 4089 1657 4141 ad
1684 4078 1835 4153 alios,
1861 4098 2021 4159 atque
2044 4092 2145 4145 hoc

570 4168 806 4225 maxime
858 4172 924 4225 ad
956 4173 1207 4230 virtutem
1262 4178 1486 4232 excitari
1517 4188 1731 4251 putant,
1782 4191 1926 4235 metu
1958 4180 2147 4237 mortis

571 4262 860 4321 exstincto.
909 4264 1073 4320 Multa
1136 4277 1397 4337 pra-terea
1449 4270 1517 4325 de
1563 4272 1831 4328 sideribus
1860 4288 1924 4329 ac
1956 4289 2141 4328 eorum

570 4361 741 4416 motu,
767 4355 831 4409 de
858 4356 1039 4413 mundi
1070 4374 1131 4413 ac
1155 4370 1418 4416 terrarum
1449 4364 1838 4434 magnitudine,
1862 4366 1929 4420 de
1957 4384 2139 4423 rerum

2254 1880 2360 1933 vim
2386 1883 2676 1951 maximam
2709 1891 3065 1963 arbitrantur.
3101 1894 3227 1951 Post
3250 1899 3393 1954 hunc
3412 1901 3744 1970 Apollinem,
3773 1917 3829 1963 et

2254 1968 2504 2041 Martem,
2547 1987 2603 2030 et
2654 1976 2867 2046 Jovem,
2911 1991 2966 2036 et
3010 1982 3324 2042 Minervam.
3359 1989 3434 2046 De
3460 1968 3544 2047 bis
3576 1996 3835 2050 eamdem

2254 2059 2366 2157 l‘eI‘e
2398 2079 2559 2134 quam
2607 2069 2828 2141 reliquae
2853 2086 3039 2140 gentes
3070 2078 3271 2135 habent
3293 2083 3630 2152 opinionem,
3660 2087 3824 2157 Apol~

2254 2153 2414 2210 liuent
2468 2160 2687 2217 morbos
2738 2165 3021 2236 depellere,
3082 2170 3375 2229 Minervam
3410 2191 3640 2245 operum
3663 2188 3827 2249 atque

2253 2245 2610 2305 artiﬁciorum
2640 2252 2793 2309 initia
2827 2258 3066 2326 tradere,
3094 2260 3279 2318 Jovem
3299 2264 3585 2336 imperium
3600 2245 3828 2326 caeleste

2255 2341 2460 2413 tenere,
2491 2337 2717 2396 Martem
2755 2344 2894 2400 bella
2944 2363 3150 2419 gerere.
3185 2351 3342 2419 Huic,
3379 2371 3501 2409 cum
3531 2356 3718 2426 pr:elio
3746 2357 3831 2413 dia

2250 2424 2454 2481 micare
2506 2433 2927 2502 constituerunt,
2980 2453 3043 2493 ea
3095 2456 3216 2511 quae
3264 2442 3406 2499 bello
3438 2424 3686 2515 ceperint
3709 2447 3822 2516 plev

2250 2527 2481 2586 rumque
2527 2520 2828 2593 devovent;
2882 2544 3002 2599 qua:
3028 2535 3401 2601 superaverint
3446 2536 3702 2592 animalia
3733 2554 3823 2593 ca-

2249 2613 2339 2672 pta
2375 2607 2680 2678 immolant,
2704 2616 3049 2688 reliquasque
3078 2638 3165 2678 res
3196 2624 3247 2679 in
3276 2642 3443 2681 unum
3476 2626 3657 2683 locum
3687 2645 3820 2684 con-

2250 2695 2448 2751 ferunt.
2480 2700 2657 2758 Multis
2689 2706 2741 2761 in
2767 2707 3073 2767 civitatibus
3089 2714 3277 2771 harum
3306 2733 3488 2773 rerum
3515 2730 3822 2776 exstructos

2251 2793 2489 2848 tumulos
2540 2794 2673 2852 locis
2727 2807 3063 2860 consneratis
3112 2810 3413 2878 conspicari
3450 2811 3597 2866 licet.
3639 2812 3820 2882 Neque

2250 2894 2392 2950 satpe
2444 2887 2643 2943 accidit
2701 2899 2759 2945 ttt
2805 2894 3043 2964 neglecta
3097 2901 3364 2970 quispiam
3409 2902 3693 2974 religione,
3732 2915 3823 2960 aut

2251 2985 2403 3042 capta
2427 2977 2567 3049 apud
2598 2996 2657 3036 se
2680 2985 2975 3052 occultare,
3032 2996 3125 3041 aut
3153 2993 3323 3059 posita
3350 2993 3541 3048 tollere
3571 2995 3819 3059 auderet;

2251 3070 2736 3143 gravissimumque
2750 3074 2799 3129 ei
2827 3077 2902 3131 rei
2931 3078 3248 3147 supplicium
3273 3098 3396 3137 cum
3419 3084 3670 3142 cruciatu
3691 3100 3821 3139 con~

2249 3161 2496 3217 stitutum
2524 3172 2627 3220 est.

2725 3258 2803 3312 De
2830 3257 3100 3314 Gallorum
3124 3264 3340 3333 origine.

2319 3344 2428 3400 γη.
2467 3345 2602 3401 Galli
2633 3363 2691 3403 se
2711 3364 2898 3405 omnes
2938 3351 3006 3405 ab
3039 3353 3154 3407 Dite
3183 3365 3336 3422 patre
3364 3368 3660 3428 prognatos
3682 3377 3818 3432 pne-

2249 3435 2450 3500 dicant,
2484 3438 2642 3507 idque
2673 3440 2741 3495 ab
2770 3441 3047 3498 druidibus
3064 3446 3330 3514 proditum
3347 3448 3553 3506 dicunt.
3577 3449 3658 3505 0b
3684 3451 3818 3507 hanc

2248 3542 2465 3579 causam
2502 3530 2675 3597 spatia
2707 3532 2883 3586 omnis
2915 3535 3170 3603 temporis
3193 3552 3297 3590 non
3329 3553 3559 3595 numero
3589 3541 3817 3606 dierum,

2248 3620 2341 3674 sed
2387 3622 2625 3675 noctium
2675 3621 2889 3676 ﬁniunt.
2936 3625 3060 3680 Dies
3106 3628 3340 3691 natales,
3371 3638 3427 3683 et
3464 3633 3726 3687 mensium
3764 3643 3820 3687 et

2247 3725 2514 3767 annorum
2544 3713 2691 3768 initia
2723 3714 2801 3768 sic
2828 3715 3141 3782 observant,
3174 3726 3233 3771 ut
3262 3727 3475 3774 noctem
3506 3719 3623 3776 dies
3641 3724 3821 3777 subsc~

2248 3811 2463 3871 quatur.
2489 3803 2546 3858 ln
2579 3804 2802 3873 reliquis
2830 3806 2949 3860 \itre
2982 3806 3242 3863 institutis
3270 3811 3372 3866 hoc
3405 3810 3521 3865 fere
3544 3828 3574 3864 a
3604 3809 3821 3880 reliquis

2248 3891 2520 3959 diﬁ‘ertmt,
2568 3897 2711 3964 quod
2751 3911 2878 3951 suos
2913 3896 3133 3963 liberos,
3159 3899 3261 3953 nisi
3317 3916 3441 3954 cum
3486 3902 3817 3956 adoleverint

2245 3995 2304 4039 ut
2328 4002 2521 4041 munus
2573 3988 2776 4043 militi-.e
2825 3990 3095 4044 sustinere
3144 3992 3371 4061 possint,
3420 3992 3596 4063 palam
3645 3994 3711 4048 ad
3757 4007 3818 4046 se

2246 4078 2395 4132 adire
2421 4093 2525 4130 non
2557 4079 2855 4146 patiuntur,
2889 4080 3164 4152 liliutnque
3199 4082 3389 4150 puerili
3424 4092 3587 4138 relate
3625 4085 3677 4138 in
3718 4098 3818 4152 po»

2246 4165 2385 4223 blico
2410 4169 2461 4221 in
2488 4180 2777 4237 conspectu
2806 4172 2976 4241 patris
3003 4172 3257 4227 assistere
3282 4182 3437 4242 turpe
3465 4173 3814 4245 duruntJ'iri

2244 4271 2475 4329 quantas
2507 4263 2758 4330 pecunias
2787 4264 2855 4318 ab
2886 4263 3146 4319 uxoribus
3179 4266 3318 4320 dotis
3347 4267 3563 4325 nomine
3592 4281 3814 4335 accepe-

2246 4358 2392 4413 runt,
2426 4358 2602 4407 tantas
2655 4366 2721 4406 ex
2767 4353 2879 4408 suis
2920 4352 3078 4409 bonis
3123 4355 3481 4412 aestimatione
3529 4355 3667 4411 facta
3693 4373 3813 4410 cum

569 4448 783 4507 natura.
808 4443 874 4499 de
895 4445 1113 4503 deorum
1133 4450 1519 4511 immortalium
1551 4455 1601 4511 vi
1640 4470 1703 4513 ac
1735 4464 2003 4527 potestate
2027 4459 2136 4514 dis-

2249 4441 2461 4496 dotibus
2484 4444 2904 4499 communicant.
2950 4443 3118 4513 Hujus
3158 4446 3334 4501 omnis
3374 4448 3813 4518 conjunctimpeo

569 4536 786 4598 putant,
817 4534 1154 4604 etjuventuti
1185 4542 1425 4599 tradunt.

536 4700 543 4705 ἱ
642 4622 887 4679 Alterum
918 4644 1085 4697 genus
1109 4642 1192 4687 est
1214 4635 1476 4704 equitum.
1505 4637 1590 4703 lli,
1619 4655 1740 4694 cum
1772 4649 1857 4695 est
1887 4658 2035 4709 usus,
2062 4652 2139 4698 at.

584 4729 691 4784 que
719 4716 935 4787 aliquod
965 4720 1160 4777 bellum
1210 4726 1417 4791 incidit,
1457 4732 1600 4798 quod
1628 4729 1742 4786 fere
1762 4741 1886 4787 ante
1915 4732 2143 4789 Cmsaris

568 4805 858 4861 adventum
902 4814 1190 4879 quotannis
1235 4816 1483 4874 accidere
1539 4818 1767 4885 solebat,
1798 4828 1858 4874 ut
1898 4831 1990 4875 aut
2038 4823 2138 4892 ipsi

569 4894 797 4964 injurias
840 4898 1123 4970 inferrent,
1155 4913 1248 4958 aut
1279 4906 1456 4963 illatas
1511 4908 1912 4980 prepulsarent,
1950 4926 2136 4967 omnes

567 4986 626 5049 in
649 4987 788 5043 bello
810 5001 1129 5059 versantur;
1156 5004 1337 5064 atque,
1369 5014 1557 5053 eorum
1584 5009 1641 5052 ut
1678 5000 1907 5069 quisque
1937 5014 2137 5069 genere

571 5079 848 5155 copiisque
878 5085 1263 5154 amplissimus,
1313 5088 1385 5142 ita
1426 5090 1688 5158 plurimos
1717 5090 1920 5145 circum
1943 5108 2000 5144 se
2026 5108 2137 5146 am-

569 5166 759 5229 bactos
801 5173 1136 5245 clientesque
1186 5178 1367 5232 habet.
1403 5178 1553 5233 lianc
1586 5196 1744 5232 uuam
1778 5181 2007 5250 gratiam
2037 5195 2133 5250 ρος

571 5259 903 5331 tenduntque
932 5277 1215 5323 noverunt.

1012 5357 1086 5410 De
1122 5356 1390 5412 Gallorum
1432 5359 1695 5428 relig7one.

2246 4531 2418 4585 cunne
2451 4532 2587 4586 ratio
2634 4534 2861 4588 habetur
2905 4532 3216 4606 fractusque
3262 4550 3584 4603 servantur;
3612 4548 3664 4593 et
3694 4546 3815 4593 utet2

2244 4638 2429 4678 eorum
2460 4624 2562 4678 vita
2586 4627 2946 4694 superaverit,
2975 4627 3040 4682 ad
3070 4642 3191 4681 eum
3226 4644 3354 4697 pars
3382 4629 3661 4699 utriusque
3687 4644 3806 4682 cum

2245 4714 2507 4769 fructibus
2557 4715 2893 4783 superiorum
2941 4723 3239 4786 temporum
3290 4719 3556 4786 pervenit.
3603 4717 3707 4773 Viri
3749 4717 3806 4771 in

2244 4821 2460 4869 uxores,
2488 4805 2645 4861 sicuti
2670 4807 2721 4858 in
2747 4804 2965 4871 liberos,
3014 4808 3137 4862 vitae
3183 4808 3439 4877 necisque
3496 4808 3808 4876 habentpo-

2246 4906 2517 4951 testatem.
2539 4896 2601 4951 Et
2625 4911 2746 4950 eum
2773 4896 3157 4966 paterfamilias
3181 4897 3472 4955 illustriore
3494 4897 3611 4952 loco
3650 4908 3805 4950 natus

2244 4988 2498 5051 decessit,
2528 4987 2640 5055 ejus
2670 4988 2956 5059 propinqui
2982 4990 3328 5057 conveniunt,
3349 4998 3406 5045 et
3434 4992 3502 5046 de
3543 4998 3724 5051 morte,
3749 4986 3801 5041 si

2243 5097 2332 5135 res
2362 5082 2413 5133 iu
2456 5081 2814 5151 suspicionem
2845 5081 3008 5142 venit,
3044 5079 3110 5133 de
3155 5081 3417 5136 uxoribus
3462 5084 3516 5135 in
3562 5077 3798 5135 servilm

2244 5174 2459 5226 modum
2505 5172 2858 5241 quaestionem
2896 5170 3109 5224 habent.
3146 5169 3212 5224 Et
3256 5171 3299 5225 si
3343 5175 3800 5239 compcrtumest,

2244 5264 2352 5334 igni
2397 5273 2561 5332 atque
2589 5264 2838 5317 omnibus
2884 5263 3163 5316 tormentis
3217 5262 3558 5316 excruciatas
3602 5255 3801 5313 interﬁ-

2242 5360 2411 5413 ciunt.
2444 5355 2652 5410 Funera
2682 5363 2806 5409 sunt
2831 5368 2926 5422 pro
2967 5353 3109 5406 cultu
3142 5352 3415 5407 Gallorum
3443 5352 3717 5421 magniﬁca
3741 5357 3803 5403 et
