4044 5428
163 363 254 422 €51
1173 365 1491 422 HISTORIA
1531 364 1978 422 FIIANCOIIUM.
2021 395 2093 406 —
2129 365 2256 420 LIB.
2297 364 2338 418 I.

165 483 332 546 fertis,
365 496 470 536 una
501 478 912 536 om.
945 477 1085 549 Qu:
1117 483 1377 537 ἀνῆκα
1397 482 1742 538 ouandi»
1769 487 1817 542 Α
1845 482 2196 552 unum,
2223 497 2335 537 non
2365 480 2614 536 vidntur
2657 475 2851 533 let-lori
2877 489 3172 533 onerosum
3199 477 3430 535 duos-tm

165 589 310 628 Suam
354 571 745 642 rempublicam
773 571 1155 627 administrare
1205 573 1610 636 existima-ur,
1637 573 1745 626 h-

163 664 282 718 bent
338 663 545 734 legibus
604 674 878 726 sanctum,
909 663 954 717 si
999 664 1119 733 quis
1144 663 1272 732 quid
1319 667 1385 718 de
1418 664 1689 732 republica
1718 679 1748 716 a

166 753 404 808 finitimis
437 769 655 808 rumore
684 764 778 808 aut
818 754 956 808 fama
1007 756 1298 825 acceperit,
1344 755 1421 811 uti
1462 755 1528 809 ad
1573 756 1748 824 magi-

164 854 390 898 stratum
418 843 650 908 deferat,
704 860 841 900 neve
889 861 1009 899 cum
1046 861 1154 914 quo
1205 846 1311 902 alio
1342 846 1746 909 communicet;

165 934 301 1002 quod
317 950 461 1003 smpe
484 935 739 994 homines
765 937 1086 992 temerarios
1111 946 1272 1007 atque
1301 937 1586 1007 impeditos
1604 936 1750 990 falsis

163 1023 475 1078 rumoribus
500 1025 718 1089 terreri,
735 1035 792 1079 et
810 1026 875 1079 ad
905 1024 1116 1080 facinus
1138 1027 1353 1097 impelli,
1372 1037 1426 1081 et
1441 1028 1505 1081 de
1525 1026 1751 1081 summis

163 1117 319 1176 Rbus
367 1119 655 1174 consilium
705 1135 900 1189 capere
947 1121 1221 1190 cognitum
1271 1130 1372 1176 est.
1408 1121 1751 1191 Magistratus

165 1223 278 1277 qua:
304 1209 420 1263 visa
450 1219 579 1264 sunt
599 1211 900 1274 occultant,
933 1228 1159 1284 qumque
1187 1228 1306 1268 esse
1327 1229 1391 1268 ex
1416 1230 1512 1268 usu
1539 1215 1750 1283 judicao

164 1299 337 1356 verint
379 1301 716 1356 multitudini
762 1304 1016 1373 produnt.
1060 1305 1135 1359 De
1164 1304 1440 1374 republica
1496 1304 1602 1359 nisi
1655 1319 1754 1374 per

167 1391 450 1450 concilium
476 1393 626 1464 loqui
655 1411 763 1448 non
791 1397 1128 1450 conceditur.
1169 1453 1176 1458 ,

491 1469 500 1484 ’
530 1483 612 1538 De
642 1484 763 1539 aliis
794 1484 1067 1539 Gallorum
1095 1487 1371 1540 institutis.

230 1572 360 1628 VIII.
396 1573 556 1640 Item,
593 1575 736 1631 idem
761 1577 872 1648 ipse
900 1577 1007 1634 alio
1041 1579 1092 1631 in
1121 1577 1239 1631 loco
1269 1577 1444 1646 inquit
1473 1595 1485 1631 :
1514 1577 1605 1632 Est
1629 1583 1751 1642 hoc,

170 1670 400 1739 inquam,
432 1671 664 1728 Gallica:
690 1675 1120 1740 consuetudinis,
1146 1677 1220 1728 uti
1247 1684 1297 1728 et
1326 1677 1562 1730 viatores
1588 1677 1752 1734 etiam

171 1765 353 1820 invitos
383 1767 695 1822 censistcre
725 1777 940 1838 cogant,
973 1778 1028 1823 et
1055 1769 1180 1839 quid
1213 1773 1442 1839 quisque
1469 1787 1657 1824 eorum
1684 1770 1750 1824 de

172 1871 484 1926 quacunque
521 1873 582 1911 re
629 1858 861 1912 audierit
904 1869 997 1913 aut
1024 1861 1342 1929 cognoverit
1365 1872 1612 1929 qumrant
1647 1881 1658 1915 :
1694 1875 1748 1917 et
1785 1838 1825 1894 Β

172 1957 497 2004 mercatores
523 1949 579 2003 in
601 1952 818 2020 oppidis
836 1951 1022 2022 vulgus
1039 1953 1428 2016 circumsistat,
1445 1954 1750 2024 quibusque

175 2053 233 2092 ex
263 2040 578 2110 regionibus
609 2043 852 2106 veniant,
881 2060 1124 2112 quasque
1171 2044 1244 2098 ibi
1288 2060 1376 2098 res
1399 2047 1755 2114 cognoverint

169 2131 516 2199 pronuntiare
571 2143 793 2198 cogant.
849 2133 943 2188 I-lis
990 2135 1149 2188 rebus
1195 2145 1357 2204 atque
1387 2137 1755 2191 audit'onibus

169 2223 414 2291 permoﬁ,
461 2223 531 2278 de
587 2226 814 2279 summis
864 2241 1005 2298 saepe
1050 2227 1208 2280 rebus
1257 2227 1479 2280 consilia
1544 2229 1750 2291 ineuut,

170 2325 397 2380 quorum
443 2330 538 2370 eos
591 2330 624 2370 e
669 2317 892 2385 vestigio
946 2317 1210 2388 pmnitere
1241 2333 1465 2373 necesse
1492 2328 1595 2381 est,
1627 2335 1752 2374 cum

170 2401 398 2468 incertis
425 2407 661 2460 motibus
691 2409 953 2472 serviant,
982 2417 1036 2462 et
1065 2409 1306 2478 plerique
1332 2410 1396 2462 ad
1421 2411 1752 2465 voluntatem

171 2510 357 2560 eorum
392 2496 512 2552 lieta
539 2501 918 2568 reSponJeaut.
947 2499 1126 2554 IIisde
1146 2501 1283 2554 libro
1310 2499 1435 2554 Julii
1471 2501 1756 2556 sente..tiis

1839 573 2274 628 anisi-orum
2301 571 2550 642 exempla
2599 571 2924 626 subnectere
2960 570 3223 634 virorum,
3255 567 3431 628 Orosii

1849 676 2011 731 atque
2031 663 2295 728 Sallustii,
2320 664 2386 716 de
2408 663 2604 716 virtute
2632 661 2842 731 prolata
2857 659 3158 716 Gallorum.
3174 659 3436 726 Quamvis

1849 755 1993 808 enim
2028 755 2078 808 id
2102 753 2349 823 przefatio
2373 769 2477 808 non
2502 753 2852 823 spoponderit
2881 767 2941 806 se
2966 760 3232 815 acturam,
3254 760 3436 811 tamen

1849 862 2150 916 congruum
2195 845 2522 900 aestimatum
2559 853 2642 899 est
2670 845 2897 900 duorum
2924 853 3018 899 aut
3068 843 3234 897 trium
3288 844 3438 897 testi-

1850 940 2030 995 monia
2062 939 2324 1004 inserere,
2353 946 2432 1001 ut,
2466 938 2592 991 dum
2623 952 2809 991 eorum
2840 937 3013 990 virtus
3044 950 3236 1006 magna
3273 934 3440 991 fuisse

1851 1033 2098 1097 docetur,
2140 1032 2315 1102 major
2364 1030 2624 1084 fortitudo
2667 1028 3001 1083 Francorum
3029 1030 3122 1099 qui
3171 1043 3266 1083 eos
3294 1030 3438 1084 vice-

1853 1133 1998 1186 runt,
2023 1122 2138 1177 fore
2167 1122 2496 1177 declaretur.
2525 1121 2616 1173 Ait
2671 1119 2905 1188 denique
2940 1116 3201 1174 Orosius:
3234 1135 3252 1170 ι
3290 1119 3438 1186 Quo-

1856 1216 2189 1285 tiescunque,
2246 1214 2518 1284 inquiens,
2548 1210 2686 1268 Galli
2739 1219 3062 1266 exarserunt
3095 1219 3283 1266 contra
3333 1211 3440 1264 Ilo-

1854 1323 2065 1373 manos,
2095 1307 2304 1362 scilicet
2335 1307 2462 1360 totis
2492 1306 2686 1375 opibus
2718 1304 2848 1366 suis,
2901 1303 2972 1357 ita
3024 1303 3192 1357 Roma
3241 1304 3440 1360 detrita

1855 1410 1938 1454 est
1970 1409 2023 1454 ut
2067 1402 2168 1454 sub
2217 1399 2470 1470 praesenti
2533 1412 2678 1452 nunc
2731 1395 3086 1451 concursione
3140 1395 3442 1452 Gothorum

1857 1492 2029 1560 magis
2061 1491 2256 1545 debeat
2284 1491 2594 1544 meminisse
2620 1489 2917 1544 Gallorum.
2953 1508 2970 1541 ι
3003 1488 3124 1543 Ideo
3155 1504 3284 1542 vero
3309 1503 3445 1558 prte-

1857 1593 2065 1640 sentem
2117 1583 2247 1636 dicit
2303 1583 2714 1636 concursionem
2771 1581 3095 1643 Gothorum,
3147 1581 3272 1648 quia
3330 1580 3446 1649 ejus

1861 1677 2196 1746 temporibus
2225 1675 2385 1729 Gothi
2421 1676 2654 1744 primum
2703 1675 2932 1728 Romam
2964 1682 3265 1742 ceperunt;
3310 1688 3447 1742 quos

1859 1780 2044 1840 postea
2071 1769 2260 1823 Franci
2287 1769 2555 1831 vicerunt,
2590 1775 2642 1820 ut
2681 1767 2731 1819 in
2764 1766 3118 1835 sequentibus
3148 1763 3449 1819 declarabi-

1861 1874 1968 1915 tur.
1995 1861 2286 1914 Sallustius
2309 1869 2488 1912 autem
2522 1859 2594 1912 Ita
2623 1859 2813 1912 scribit
2843 1874 2856 1914 :
2893 1878 2909 1908 ι
2939 1857 3041 1910 Per
3065 1857 3207 1910 idem
3236 1868 3448 1926 tempus

1859 1955 2000 2010 battd
2026 1952 2245 2008 dubium
2269 1952 2422 2021 quin,
2446 1950 2663 2019 quando
2684 1948 2882 2002 bellum
2913 1958 3099 2002 contra
3128 1946 3448 2017 Iugurtham

1861 2066 1888 2102 a
1938 2047 2198 2101 Romanis
2246 2045 2554 2113 gerebatur,
2604 2059 2633 2096 a
2683 2043 2911 2097 ducibus
2958 2041 3180 2105 nostris,
3245 2041 3448 2108 Quinto

1863 2139 2117 2208 Scipione
2143 2145 2197 2190 et
2247 2135 2497 2189 Memmio
2527 2133 2748 2195 Manlio,
2781 2135 3040 2187 adversus
3086 2131 3270 2188 Gallos
3311 2130 3452 2186 tnale

1859 2239 2154 2301 pugnatum
2188 2237 2291 2282 est.
2323 2226 2442 2294 Quo
2464 2236 2608 2281 metu
2637 2226 2816 2280 omnis
2840 2225 2988 2278 Italia
3020 2233 3448 2278 contremuerat.

1859 2322 2045 2391 Illique
2091 2328 2146 2375 et
2179 2334 2349 2388 usque
2377 2319 2444 2372 ad
2475 2327 2713 2372 nostra-n
2764 2317 3080 2374 memoriam
3116 2315 3344 2374 Romani
3373 2313 3452 2368 sic

1859 2412 2122 2476 habuere,
2171 2410 2275 2464 alia
2306 2410 2488 2463 omnia
2540 2409 2727 2462 virtuti
2769 2425 2880 2463 sua:
2923 2423 3093 2477 prona
3137 2421 3297 2473 csse;
3329 2421 3452 2464 cum

1857 2503 2028 2558 Gallis
2043 2519 2140 2574 pro
2155 2502 2351 2567 salute,
2375 2517 2480 2556 non
2507 2517 2602 2572 pro
2625 2500 2793 2570 gloria
2821 2499 3044 2556 certari.
3077 2517 3096 2553 ι

663 2674 1030 2785 INCIPIT
1105 2676 1658 2776 PROOEMIUM
1734 2675 2226 2776 IIISTOIIIIE
2300 2673 2935 2773 FBANCOBUM.

237 2877 492 2950 Regnum
531 2877 884 2945 Francorum,
914 2878 1134 2949 antiqua
1167 2878 1415 2947 Troiana:
1440 2881 1615 2948 gentis
1641 2897 1763 2952 pro-
1791 2885 1836 2946 (ζ
1869 2883 2195 2936 daemonum.
2249 2879 2384 2933 Nam
2436 2878 2682 2934 Creatori
2740 2877 2920 2945 potius
2971 2892 3134 2945 quam
3187 2886 3455 2931 creatura:

173 2969 323 3038 sapia
345 2967 708 3036 nobilitatum,
732 2985 857 3024 cum
878 2971 1120 3024 virorum
1147 2968 1345 3025 ferocis
1371 2971 1617 3040 corporis
1642 2971 1760 3024 ani-

173 3061 358 3128 mique
402 3061 620 3125 virtute,
653 3071 765 3126 tum
795 3061 1033 3118 maxime
1074 3075 1258 3131 regum
1298 3061 1758 3121 excellentissima

174 3163 391 3220 semper
418 3151 650 3221 viguisse
680 3151 942 3221 potentia,
977 3151 1098 3211 luce
1133 3153 1336 3206 clarius
1367 3159 1600 3207 constat.
1626 3151 1756 3218 Qua:

175 3256 271 3317 pro
298 3252 449 3298 certo
477 3244 640 3307 natio,
687 3243 810 3299 licet
839 3260 904 3299 eo
948 3261 1057 3313 quo
1086 3254 1343 3300 censetur
1369 3245 1590 3300 nomine
1618 3261 1757 3315 prae-

178 3332 330 3391 fero:
358 3349 476 3392 esse
500 3345 754 3392 noscatur
783 3355 797 3404 ;
831 3337 1263 3398 mansuetudinis
1292 3347 1470 3392 tamen
1515 3336 1632 3406 ejus
1671 3339 1760 3393 in.

179 3423 355 3493 signia
385 3427 516 3480 adeo
547 3427 780 3492 elucent,
809 3437 866 3481 ut
895 3428 1174 3483 rebellium
1205 3428 1340 3483 colla
1376 3430 1611 3484 hostium
1651 3447 1758 3487 non

181 3525 289 3571 tam
318 3517 514 3572 vindici
540 3517 706 3574 ferire
731 3536 990 3574 mucrone
1016 3537 1176 3590 quam
1214 3522 1316 3575 sibi
1352 3521 1618 3588 subjicere
1645 3539 1761 3577 ma-

181 3605 366 3666 luerit.
403 3611 617 3675 Verum,
649 3621 706 3664 ιιι
732 3612 966 3675 diximus
988 3653 1002 3676 ,
1033 3629 1155 3666 cum
1199 3629 1418 3682 regnum
1449 3614 1766 3689 praecellen-

185 3698 394 3776 tis-sima
432 3700 670 3761 floruerit
710 3703 1034 3756 auctoritate
1081 3703 1430 3772 virorumque
1475 3704 1764 3774 prtevalida

182 3786 549 3853 animositate,
567 3806 672 3844 non
698 3801 805 3849 tam
831 3791 1014 3847 (inium
1042 3793 1300 3862 ampliare
1321 3793 1490 3862 spatia
1517 3809 1764 3862 suorum,

179 3891 341 3945 quam
360 3890 667 3935 exterarum
691 3882 794 3936 sibi
817 3884 1100 3953 acquirere
1123 3884 1762 3948 studuitdominationetn

180 3970 444 4034 gentium.
467 3971 710 4027 Vividam
734 3991 965 4045 namque
996 3976 1135 4030 bello
1166 3979 1406 4032 dextram
1445 3979 1761 4047 praal‘erens,

180 4068 232 4111 et
281 4075 507 4128 parcere
553 4075 712 4118 norat
766 4067 1046 4136 subjectis,
1077 4078 1129 4121 et
1174 4070 1442 4126 debellare
1481 4071 1762 4139 superbos.

181 4149 308 4218 Quae
341 4167 454 4206 nou
506 4154 776 4211 immerito
803 4156 1342 4213 dominamultarum
1375 4162 1549 4216 evasit
1591 4161 1762 4214 natio-

1861 2972 2017 3026 subdi
2051 2973 2253 3026 rectius
2279 2970 2502 3031 ducens,
2544 2972 2676 3040 ipsa,
2708 2978 2765 3022 ut
2796 2969 2865 3022 ita
2886 2967 3087 3020 dictum
3110 2968 3198 3029 sit,
3239 2969 3319 3022 sui
3345 2967 3456 3038 pti-

1861 3065 2071 3118 mordia
2114 3064 2262 3134 regni
2315 3063 2533 3118 Christo
2578 3063 2795 3132 auspice
2825 3069 3022 3129 empta,
3070 3059 3236 3114 cultui
3285 3060 3454 3128 ipsius

1862 3157 2114 3211 dedicare
2144 3156 2351 3210 maluit.
2384 3153 2519 3208 I-Iinc
2545 3155 2612 3208 ad
2644 3153 2836 3207 altiora
2864 3169 2921 3206 se
2946 3152 3232 3220 subrigens
3259 3152 3454 3206 catho-

1861 3249 1978 3303 lica:
2033 3248 2156 3302 fidei
2203 3263 2426 3312 norma,
2485 3245 2696 3299 ardenti
2754 3260 2850 3298 usa
2897 3242 3188 3307 desiderio,
3235 3259 3294 3296 ea
3333 3258 3456 3300 eum

1862 3338 2014 3410 regni
2041 3339 2287 3392 terminis
2311 3346 2368 3390 ut
2392 3335 2728 3398 dilataretur,
2749 3335 3004 3388 ardenter
3027 3331 3225 3388 effecit.
3251 3331 3457 3386 Rerum

1863 3446 1994 3484 vero
2039 3431 2399 3485 secundarum
2440 3443 2694 3494 processu
2743 3426 2982 3480 excitata
3032 3425 3290 3493 impetum
3349 3439 3455 3476 non

1867 3521 2173 3576 refrenabat
2216 3535 2390 3582 suum,
2439 3519 2533 3573 sed
2579 3516 2876 3587 atljungere
2907 3515 3166 3569 finitimos
3197 3514 3338 3567 bello
3367 3528 3457 3566 co-

1867 3624 2018 3668 actos
2067 3613 2486 3681 haudquaquam
2545 3608 2995 3664 dissimulandum
3051 3605 3458 3668 arbitrabatur,

1868 3707 2040 3759 donec
2061 3703 2490 3757 Alamannorum
2515 3715 2664 3770 gens,
2691 3695 3077 3752 dominationis
3101 3695 3287 3764 jugum
3317 3691 3461 3746 ferre

1869 3797 2199 3857 detrectans,
2233 3791 2431 3850 bellum
2469 3790 2706 3846 immane
2746 3786 3023 3841 excitavit.
3061 3783 3211 3851 Quod
3242 3783 3460 3853 quidem

1867 3901 1962 3942 rex
2006 3885 2260 3954 inclytus,
2305 3881 2629 3944 ClodOveus,
2683 3879 2772 3950 qui
2807 3878 3028 3947 quintus
3057 3890 3244 3944 regum
3293 3873 3463 3944 ipsius

1869 3976 2047 4049 gentis
2076 3989 2300 4044 regnum
2332 3973 2572 4033 tenebat,
2602 3971 2836 4025 solerter
2884 3969 2948 4023 ad
2979 3967 3258 4022 victoriam
3292 3980 3464 4034 usque

1871 4067 2142 4138 perduxit.
2165 4066 2271 4120 Sed
2295 4065 2409 4118 haec
2434 4063 2652 4131 proprio
2677 4062 2882 4131 digesta
2912 4059 3217 4114 referentur
3246 4055 3298 4110 in
3322 4055 3458 4118 loco.

1872 4158 2023 4213 Nunc
2047 4156 2301 4221 Historiae
2331 4154 2465 4215 ordo
2495 4162 2712 4215 texatur

179 4257 332 4311 (tum,
357 4245 491 4301 dum
513 4262 615 4311 non
639 4249 726 4303 diu
750 4265 902 4330 passa
925 4263 1008 4306 est
1028 4260 1199 4306 semet
1221 4252 1538 4314 idololatria:
1558 4254 1764 4314 servire
1797 4267 1846 4326 ι)

1524 4410 1756 4482 Explicit
1786 4408 2128 4465 Prooemium.

959 4609 1501 4722 INCIPIT
1590 4610 2011 4724 LIBER
2093 4603 2667 4719 PRIMUS.

692 4866 909 4925 CAPUT
947 4872 1238 4936 PRIMUM,

251 4977 329 5035 De
361 4975 533 5049 gestis
568 4974 908 5056 Francorum,
936 4997 982 5039 et
1010 4989 1207 5054 primo,
1239 4986 1300 5039 de
1339 4986 1689 5056 Trojanorum

807 5054 1134 5122 dispersione.

255 5135 380 5189 Post
415 5135 750 5204 triumphum
780 5143 1006 5201 victoriae
1057 5162 1224 5218 quam
1249 5145 1419 5201 Grtrci
1464 5149 1528 5203 de
1554 5147 1769 5205 excidio

194 5237 412 5294 egerunt
460 5224 664 5291 Trojae,
706 5231 843 5286 tuulti
875 5237 1060 5292 civium
1100 5252 1310 5290 eversa:
1345 5239 1511 5304 urbis,
1549 5241 1638 5309 qui
1684 5240 1770 5292 ef-

197 5317 371 5358 [πυρί-ρ
391 5317 610 5358 βιαιιιηη
641 5328 843 5358 nnIIIar-n
871 5331 1004 5358 nnn:n
1057 5341 1493 5358 ηιυιηιιηνοιηοηησι
1519 5341 1766 5358 ’.οιΑ-αηο

1870 4882 2270 4926 transmeantes
2318 4871 2562 4940 paludes,
2590 4885 2642 4922 tn
2681 4868 2878 4922 linibus
2908 4864 3325 4923 Pannoniorum
3399 4877 3496 4918 cas

1869 4962 2172 5017 strametati
2217 4969 2364 5014 sunt.
2391 4960 2679 5016 Arridcute
2710 4968 2891 5010 autem
2926 4961 3008 5013 eis
3035 4957 3276 5009 locorum
3312 4964 3508 5008 amata

1871 5056 2064 5115 nitate,
2091 5052 2380 5106 stationem
2411 5050 2537 5104 inibi
2569 5050 2976 5103 constituerunt
3006 5057 3185 5101 suam,
3209 5039 3522 5097 aediﬁcata

1874 5151 2117 5216 civitate,
2149 5163 2312 5218 quam
2347 5145 2708 5201 Sicambriam
2744 5146 3110 5196 vocaverunt.
3159 5131 3296 5184 Post
3371 5125 3524 5188 mul~

1879 5253 2057 5298 lorum
2085 5255 2210 5293 vero
2237 5237 2505 5291 curricula
2557 5246 2888 5303 temporum,
2924 5238 3118 5285 contra
3150 5220 3534 5279 Valentinia‘

3098 5323 3261 5354 nrlttt‘l
3273 5323 3362 5352 nn
3383 5323 3404 5352 I
3420 5321 3506 5352 Ill“
3518 5342 3533 5352 .

1878 5346 2005 5358 ..ι-ονε
2113 5329 2199 5356 nn:
2263 5325 2486 5356 ,δη-πιστιιῖ
2540 5326 2749 5356 Innulnn'
2809 5318 3031 5354 ;llll\nl‘::
