4044 5428
571 290 678 345 659
1607 285 1866 343 AlMOINl
1907 286 2217 345 MONAGHI
2257 289 2751 348 FLORIACENSIS
3732 291 3836 351 640

565 405 833 476 Troianos
863 401 1220 459 Sicambriam
1271 401 1582 457 habitantes
1623 404 1672 456 in
1723 403 1987 458 auxilium
2018 419 2146 459 evo-
2179 413 2226 471 Α
2256 423 2404 463 rasse
2433 408 2535 464 sibi
2562 410 2660 464 visi
2691 419 2834 464 sunt.
2860 409 3204 466 Postmodum
3235 418 3575 475 tamen,cum
3607 411 3834 482 majores

564 510 672 555 cat.
730 499 836 553 Hos
889 497 1136 550 hortatur
1185 504 1472 563 monetque
1516 507 1571 548 ut
1626 495 1737 549 suis
1780 496 2150 554 tantummodo.

563 592 707 644 viam
755 587 1014 657 pandant,
1046 600 1143 655 per
1195 601 1360 655 quant
1393 601 1610 640 securos
1657 585 1840 639 hostes
1863 596 1916 638 et
1943 586 2016 640 nil
2047 585 2151 641 tale

563 689 816 735 verentes
845 677 1148 732 invadendo
1197 678 1524 744 opprimant.
1557 677 1632 730 Illi
1674 693 1778 730 non
1815 678 1864 730 id
1892 677 2062 731 solum
2094 693 2152 734 se

563 771 826 834 facturos,
865 783 1052 824 verum
1100 783 1158 823 se
1205 767 1407 822 Alanos
1452 769 1578 822 hinc
1621 769 1943 837 expulsnros
1992 784 2153 837 spon-

563 861 711 915 dent.
745 859 1044 929 Imperator
1082 859 1347 914 decennio
1377 859 1456 912 eis
1490 860 1708 920 tributa.
1740 859 1783 913 si
1816 859 1868 912 id
1896 857 2150 924 eﬂiciant,

565 951 829 1020 indulget.
861 949 1082 1019 Trojani
1125 949 1318 1005 ﬁducia
1357 950 1580 1005 animati
1621 952 1762 1020 quod
1793 950 1970 1007 forent
1999 952 2152 1022 gnari

563 1039 828 1104 locorum,
857 1041 1014 1095 simul
1036 1048 1087 1096 et
1113 1057 1397 1095 munerum
1423 1041 1780 1110 promissione
1803 1042 2002 1107 allecti,
2028 1043 2152 1095 Ala-

565 1131 653 1185 nis
686 1129 925 1184 locorum
953 1130 1208 1185 firmitate
1241 1131 1530 1186 {identibus
1555 1148 1619 1185 ex
1647 1132 1940 1200 improviso
1962 1146 2154 1199 snper-

565 1221 810 1284 veniunt,
853 1221 1070 1276 caedunt.
1113 1229 1574 1291 prosternunlque
1626 1223 1823 1276 multos
1873 1221 2152 1286 mortales,

565 1321 898 1382 exeterosque
926 1313 978 1366 in
1010 1312 1190 1382 fugam
1215 1323 1367 1366 actos
1393 1329 1420 1365 a
1452 1312 1644 1380 palude
1673 1312 2012 1382 perturbant.
2049 1310 2153 1364 lm-

571 1411 794 1472 perator
829 1402 1083 1457 virtutem
1107 1404 1280 1473 gentis
1310 1403 1703 1471 audaciamque
1731 1402 1979 1464 miratus,
2012 1399 2156 1469 quod

568 1493 709 1559 loca,
735 1510 854 1563 quae
884 1494 1047 1549 totius
1078 1494 1226 1550 orbis
1254 1497 1487 1550 victores
1533 1495 1760 1548 Romani
1790 1493 2154 1564 expavisscnt,

569 1599 678 1640 non
721 1586 892 1640 solum
938 1587 1163 1649 intrare,
1197 1602 1382 1640 verum
1417 1597 1471 1639 et
1509 1581 1928 1640 immanissimos
1976 1584 2158 1638 hostes

568 1677 836 1748 expellere
885 1693 992 1733 non
1040 1679 1398 1744 dubitassent,
1435 1661 1610 1734 Attica
1663 1678 1843 1748 lingua
1890 1675 2155 1739 Francos,

571 1770 625 1824 id
660 1781 741 1827 est
766 1770 997 1838 feroces,
1031 1774 1380 1842 nuncupavit.

1201 1864 1428 1921 CAPUT
1464 1863 1524 1918 ll.

753 1952 827 2007 De
857 1951 1187 2009 Francorum
1211 1955 1559 2023 appellatione
1582 1954 1749 2007 altera
1776 1954 1972 2024 opinio.

645 2043 873 2110 Quidam
907 2060 1034 2100 vero
1069 2055 1324 2100 auctores
1353 2046 1592 2100 referunt
1622 2045 1765 2115 quod
1803 2061 1831 2098 a
1864 2043 2166 2098 Francione

574 2151 702 2207 rege
723 2139 896 2193 vocati
939 2148 1064 2193 sunt
1105 2138 1325 2204 Franci,
1376 2139 1620 2194 dicentes
1674 2138 1817 2209 quod
1868 2137 2097 2208 digressi
2134 2154 2166 2191 a

581 2229 739 2299 Troja
781 2246 961 2300 regem
1019 2233 1144 2296 sibi,
1192 2232 1407 2303 Frigam
1470 2233 1712 2295 nomine,
1758 2229 2164 2286 constituerint.

579 2316 694 2372 Sub
721 2334 848 2388 quo,
883 2320 1152 2390 inquiunt,
1185 2322 1264 2376 eis
1311 2322 1496 2375 Asiam
1540 2320 1984 2391 pervagantibus,
2017 2333 2166 2388 quaa-

576 2409 702 2464 dam
732 2427 797 2465 ex
830 2411 959 2481 ipsis
1005 2428 1129 2483 pars
1159 2414 1300 2470 inter
1343 2413 1661 2469 Macedones
1703 2423 1906 2468 sortem
1955 2411 2170 2466 habita-

581 2500 743 2555 tionis
791 2505 1018 2573 acccpit.
1077 2504 1317 2572 Quorum
1366 2506 1570 2561 viribus
1629 2507 1772 2560 aucti
1827 2505 2166 2568 Macedones,

581 2604 782 2661 quanta
813 2597 913 2650 snb
940 2597 1184 2668 Philippo
1213 2609 1267 2654 et
1295 2600 1602 2655 Alexandro
1640 2600 1859 2670 regibus
1885 2599 2018 2654 bella
2048 2613 2171 2668 ges-

579 2695 771 2739 serunt
793 2702 1050 2756 prospera
1088 2693 1430 2759 perspicuum
1471 2693 1720 2748 habetur.
1756 2692 1923 2746 Porro
1962 2691 2167 2761 reliqua

580 2776 761 2844 portio
790 2793 910 2832 cum
937 2779 1160 2848 praefato
1184 2782 1428 2852 principe
1456 2783 1684 2854 Europze
1722 2791 1906 2852 partes
1934 2783 2090 2847 adiit,
2117 2790 2172 2835 et

581 2863 725 2919 inter
750 2864 1022 2922 Oceanum
1071 2878 1125 2923 et
1165 2869 1451 2925 Thraciam
1484 2888 1648 2942 super
1701 2873 1884 2927 littora
1942 2869 2169 2926 Danubii

581 2957 845 3010 consedit.
881 2958 1010 3024 Quae
1053 2960 1262 3015 duobus
1301 2980 1330 3016 a
1361 2978 1418 3017 se
1443 2964 1634 3019 electis
1683 2965 1921 3035 regibus,
1954 2965 2007 3018 in
2037 2964 2174 3017 dua-

581 3062 701 3103 runt
730 3064 789 3102 se
819 3050 1002 3105 divisit
1031 3053 1248 3107 notnina
1273 3055 1535 3125 gentium.
1561 3057 1624 3110 Et
1648 3072 1752 3111 una
1773 3056 1989 3126 quidem
2021 3056 2167 3111 natio

583 3134 917 3195 Turchorum
945 3181 960 3206 ,
1006 3142 1334 3200 a'l‘orchoto
1370 3162 1524 3216 rege;
1582 3146 1688 3201 alia
1737 3162 1869 3202 vero
1919 3162 1950 3201 a
1999 3147 2167 3202 Fran-

583 3229 760 3290 cioae,
789 3229 1115 3289 Francorum
1141 3235 1334 3306 adepta
1367 3253 1561 3292 nomen
1586 3247 1690 3304 est,
1712 3254 1832 3310 quae
1859 3237 2079 3304 Alanos,
2110 3247 2170 3298 ut

583 3317 841 3385 diximus,
869 3337 898 3376 a
929 3321 1178 3382 Meotidis
1200 3328 1402 3396 expulit
1437 3330 1739 3398 paludibus.

1207 3421 1436 3476 CAPUT
1474 3423 1556 3478 Ill.

591 3502 668 3557 De
707 3502 1064 3574 Francorum,
1093 3523 1372 3581 antequam
1399 3515 1452 3567 in
1477 3513 1706 3569 Galliam
1733 3517 2170 3586 venerint,gestis.

665 3593 936 3651 Deceanio
970 3613 1099 3653 sane
1146 3613 1359 3669 exacto,
1393 3603 1540 3658 misit
1589 3604 1881 3675 imperator
1912 3607 1999 3676 qui
2047 3621 2173 3661 eon-

591 3695 748 3740 sucta
799 3688 863 3741 de
907 3698 1064 3758 gente
1115 3691 1446 3747 Francorum
1491 3695 1770 3766 exigerent
1819 3696 2040 3750 tributa.
2094 3695 2172 3750 llli

589 3776 766 3847 pretio
792 3779 874 3833 sui
918 3782 1195 3849 sanguinis
1235 3799 1294 3836 se
1333 3799 1399 3838 eo
1449 3783 1649 3840 levatos
1703 3785 1970 3852 fatentur,
2007 3801 2174 3855 seque

591 3867 822 3936 vectigal
857 3885 960 3923 non
992 3871 1282 3936 soluturos,
1317 3889 1414 3942 pro
1463 3890 1569 3944 quo
1616 3877 1941 3931 remittendo
1987 3878 2176 3932 mortis

596 3956 888 4015 discrimen
919 3963 1157 4031 perpessi
1177 3962 1372 4018 forent.
1401 3964 1493 4019 His
1518 3965 1825 4037 indignatus
1850 3966 2029 4021 CtBSﬂI‘
2051 3983 2176 4021 suo-
2226 3985 2236 3994 '

596 4061 716 4101 rum
752 4048 971 4103 instruit
1021 4051 1217 4122 aciem,
1246 4068 1366 4123 qua:
1404 4063 1460 4108 et
1493 4055 1697 4111 viribus
1725 4056 1863 4112 foret
1915 4059 2175 4124 exercita,

593 4149 649 4188 et
684 4146 843 4191 tantae
868 4141 1012 4207 genti
1039 4139 1254 4196 obviam
1301 4143 1380 4197 ire
1421 4153 1629 4213 parata.
1679 4144 1789 4200 Nec
1831 4146 2050 4212 morati,
2081 4147 2178 4200 ob-

597 4226 737 4279 viam
775 4238 906 4282 eunt
929 4229 1122 4287 Franci
1147 4232 1425 4288 Romanis.
1456 4235 1635 4303 Pugna
1679 4235 1733 4289 in
1783 4235 2050 4300 manibus,
2079 4251 2179 4292 nec

599 4321 1099 4386 comperendinata,
1123 4325 1369 4393 quamvis
1411 4327 1500 4378 uni
1536 4327 1682 4395 genti
1715 4328 1975 4382 adversus
2000 4328 2180 4398 plures

601 4416 795 4474 gentes
824 4411 1007 4480 prmlio
1040 4413 1426 4471 decertandum
1457 4419 1612 4471 foret.
1641 4417 1836 4472 Franci
1862 4433 1994 4474 sane
2015 4419 2180 4475 robur

599 4500 830 4555 aliarum
885 4504 1164 4561 nationum
1223 4509 1482 4565 Romanis
1528 4511 1766 4566 subsidio
1806 4513 2022 4568 venisse
2050 4529 2182 4568 cono

599 4595 818 4664 Spicati,
846 4599 1145 4654 cedendum
1185 4603 1283 4657 sibi
1325 4604 1442 4658 loco
1491 4605 1672 4659 utilius
1699 4606 2052 4674 :estimantes,
2091 4607 2181 4663 Si-

603 4692 906 4746 cambriam
947 4695 1150 4766 egressi
1191 4697 1335 4766 ripas
1393 4697 1561 4752 Rheni
1605 4697 1842 4755 fluminis
1887 4715 2181 4770 occupave-

601 4794 760 4850 runt;
797 4785 962 4842 duces
1007 4797 1187 4842 autem
1229 4789 1330 4845 sibi
1385 4790 1824 4857 Marchomirum,
1873 4793 2183 4848 Suunonem

601 4883 658 4927 et
679 4872 1088 4939 Genebaudum,
1127 4888 1249 4946 post
1299 4879 1460 4935 funus
1497 4882 1781 4936 memorati
1833 4883 1973 4952 regis
2013 4882 2184 4937 Franv

603 4967 781 5023 cionis
808 4968 1090 5041 eligentes,
1135 4971 1366 5042 plurima
1395 4973 1785 5030 Germanorum
1821 4976 2016 5046 Oppida
2063 4991 2188 5046 per-

603 5073 816 5113 vasere.
861 5062 1099 5128 Quorum
1130 5064 1347 5132 quidem
1394 5081 1672 5131 numerus,
1718 5082 1840 5122 cum
1879 5066 2054 5137 primo
2101 5067 2188 5122 di-

602 5151 898 5219 gressionis
938 5170 1049 5210 sua:
1093 5155 1162 5211 ab
1203 5155 1331 5211 Asia
1377 5164 1613 5229 tempore
1649 5159 1740 5213 vix
1789 5159 1856 5213 ad
1905 5159 2187 5213 duodecim

610 5243 777 5298 millia
818 5257 1152 5304 armatorum
1205 5249 1588 5315 aestimaretur,
1623 5250 1674 5304 in
1729 5260 1936 5304 tantam
1985 5250 2188 5306 coaluit

609 5340 1076 5406 numerositatem,
1108 5350 1167 5396 ut
1212 5341 1347 5412 ipsis
1388 5342 1554 5397 etiam
1596 5342 1902 5405 Germanis,
1946 5342 2188 5411 proceri-

2211 4467 2258 4526 D

2253 500 2440 566 copim,
2467 500 2670 569 junctis
2697 502 2798 555 sibi
2831 501 3082 558 Heraclio
3128 519 3192 557 ac
3235 501 3546 568 Joviniano,
3581 503 3836 560 Romana:

2252 591 2457 646 militiae
2480 593 2835 662 principibus,
2864 594 2930 648 ad
2952 609 3009 648 se
3034 595 3285 660 ivissent;
3318 595 3607 650 commissa
3641 612 3833 663 pugna,

2255 691 2458 737 tantam
2513 701 2580 738 ex
2616 685 2870 741 Rutnanis
2908 687 3102 742 Franci
3134 698 3395 758 stragem,
3443 687 3648 756 fugatis
3679 688 3838 742 Hera-

2253 772 2444 827 clinac
2490 772 2820 841 Joviniano,
2869 777 3188 840 ediderunt,
3237 785 3296 830 ut
3348 778 3562 831 cunctis
3610 778 3836 830 circuitu

2254 865 2563 920 nationibus
2595 867 2710 922 haec
2759 869 3100 923 audientibus
3149 878 3414 924 terrorem
3465 884 3581 923 sua:
3627 869 3839 922 virtutis

2255 955 2580 1011 incuterent.
2621 956 2730 1012 Nec
2761 957 2862 1012 fuit
2897 959 2949 1012 in
2995 959 3260 1028 reliquum
3286 974 3417 1029 gens
3445 974 3568 1029 quae
3603 957 3844 1019 Francos

2249 1045 2370 1116 jure
2398 1048 2522 1102 belli
2549 1049 2650 1102 sub
2671 1049 2802 1118 jngo
2829 1050 3096 1119 redigeret
3131 1049 3336 1104 tributi.

2328 1139 2471 1194 Sane
2518 1139 2848 1209 Arbogaslcs
2886 1140 3126 1210 ejusdem
3175 1141 3350 1208 gentis
3394 1155 3580 1198 comes
3619 1139 3687 1193 ad
3735 1138 3842 1197 Ro-

2258 1246 2446 1284 manos
2475 1246 2533 1284 se
2573 1230 2818 1294 contulit,
2854 1240 2908 1285 et
2951 1233 3126 1285 victus
3151 1232 3288 1285 bello
3329 1246 3360 1284 a
3406 1230 3640 1285 Francis
3673 1231 3844 1300 primo

2261 1335 2561 1389 congressu
2593 1320 2822 1390 aufugits.
2874 1319 3221 1374 Postmodutn
3275 1329 3452 1373 tamen
3489 1319 3620 1371 inita
3669 1319 3844 1370 denuo

2258 1427 2434 1481 pugna
2468 1427 2571 1465 non
2613 1428 2836 1483 parvam
2873 1412 3271 1466 ntuhitndinem
3315 1425 3476 1464 manu
3521 1409 3683 1472 fudit,
3725 1425 3844 1464 cum

2259 1502 2493 1556 residuis
2517 1519 2648 1556 vero
2674 1516 2859 1572 pacem
2892 1502 3125 1556 lirtnavit
3149 1521 3162 1555 :
3190 1502 3265 1556 uti
3298 1501 3354 1554 in
3393 1499 3504 1554 vita
3542 1499 3692 1553 beati
3720 1500 3847 1552 Am-

2259 1593 2424 1646 brosii
2455 1593 2663 1663 plenius
2695 1593 2921 1647 inveniri
2949 1593 3108 1648 valet.

2331 1683 2678 1737 Trevirorum
2723 1683 2910 1736 urbem
2943 1681 3157 1743 Franci,
3207 1680 3438 1736 factione
3463 1678 3617 1734 Lucii
3646 1693 3796 1733 consr

2193 1767 2236 1824 Β
2268 1773 2417 1838 laris,
2466 1773 2657 1827 eodem
2717 1783 2958 1842 tempore
3016 1779 3393 1841 pervaserunt.
3441 1769 3544 1836 Qui
3595 1768 3827 1822 videlice

2267 1861 2465 1916 Lucius
2501 1861 2871 1931 indignatione
2898 1871 3220 1924 commotus,
3248 1876 3311 1915 eo
3336 1860 3475 1928 quod
3505 1859 3854 1928 cognovisset

2267 1955 2336 2007 ab
2359 1953 2537 2018 Avito,
2570 1953 2864 2007 Galliarum
2915 1953 3175 2019 Augusto,
3209 1967 3432 2004 uxorem
3463 1966 3620 2006 suam
3664 1960 3851 2017 stupro

2267 2046 2621 2110 maculatam,
2654 2054 2818 2114 atque
2845 2043 3145 2097 cavillando
3175 2043 3276 2096 sibi
3315 2041 3558 2095 audisset
3597 2055 3720 2094 eum
3765 2040 3851 2092 di-

2267 2148 2478 2192 Centem
2517 2135 2659 2206 quod
2703 2134 2904 2190 calidas
2958 2134 3173 2204 quidem
3223 2135 3445 2188 hat-cret
3471 2133 3736 2195 thermas,
3758 2130 3856 2185 sed

2267 2235 2381 2306 ipse
2413 2233 2609 2303 frigido
2641 2234 2933 2297 lavaretur,
2977 2233 3076 2287 ista
3115 2231 3464 2302 perpetravit.

2866 2344 3093 2400 CAPUT
3154 2343 3242 2398 IV.

2443 2436 2520 2491 De
2548 2436 2950 2500 PImrnmnndo,
2980 2437 3148 2504 primo
3174 2431 3507 2486 Francorum
3541 2446 3660 2499 rege

2339 2525 2542 2597 Regem
2572 2541 2723 2589 vero,
2755 2535 3073 2579 cmlerarum
3115 2537 3264 2578 more
3315 2521 3624 2582 nationum,
3659 2517 3854 2572 Franci

2271 2615 2374 2671 sibi
2424 2614 2686 2685 eligentes
2731 2611 3210 2673 Pharamundnm,
3256 2609 3604 2664 Marchomiri
3663 2609 3857 2669 lilium,

2272 2705 2406 2760 solio
2455 2704 2748 2766 sublimant
2798 2702 2967 2773 regio.
3004 2700 3101 2755 Cui
3155 2701 3294 2754 filius
3353 2699 3622 2753 successit
3672 2697 3859 2751 Clodio

2271 2795 2532 2850 Crinitus.
2561 2794 2652 2847 illo
2701 2793 2755 2846 in
2807 2803 3071 2862 tempore,
3097 2790 3433 2844 Francorum
3482 2802 3638 2857 reges
3673 2786 3854 2841 criniti

2277 2885 2631 2938 habebantur.
2660 2881 2944 2936 Finitimos
2971 2883 3152 2952 itaque
3174 2878 3316 2934 bello
3345 2877 3688 2938 lacessendo,
3717 2873 3851 2928 Tho-

2279 2977 2574 3044 ringorum,
2623 2974 2714 3042 qui
2748 2972 3098 3028 Germaniam
3140 2970 3403 3033 incolunt,
3446 2969 3582 3022 lines
3623 2967 3833 3036 depottu

2275 3067 2466 3131 lantes,
2504 3065 2784 3121 castellum
2828 3065 3095 3134 quoddam
3131 3063 3446 3132 Disbargum
3494 3058 3716 3113 nomine
3756 3072 3850 3110 oc-

2272 3160 2557 3232 cupant,in
2587 3173 2694 3229 quo
2722 3173 2815 3212 rex
2843 3156 3032 3212 Clodio
3057 3156 3238 3210 sedem
3262 3155 3344 3208 sui
3373 3149 3660 3207 constituit
3685 3147 3835 3218 regni

2891 3268 3118 3326 CAPUT
3172 3268 3232 3321 V.

2271 3365 2348 3421 De
2380 3364 2602 3423 Romani
2630 3363 2832 3434 imperii
2863 3360 3089 3434 excidio,
3107 3369 3154 3412 et
3187 3356 3519 3412 Francorum
3544 3355 3858 3412 incremento

2797 3433 2892 3486 sub
2919 3431 3168 3485 Clodione
3198 3445 3334 3498 rege.

2344 3528 2421 3584 Eo
2461 3527 2514 3581 in
2544 3535 2805 3595 tempore,
2839 3522 3084 3576 Romano
3134 3518 3362 3588 imperio
3393 3532 3421 3570 a
3462 3515 3640 3570 ferrea
3692 3510 3861 3566 firmi-

2273 3625 2384 3672 tate
2430 3615 2485 3669 in
2525 3623 2816 3669 testaceam
2859 3611 3142 3665 decidente
3185 3607 3563 3676 fragilitatem,
3611 3604 3858 3671 Burgun-

2273 3706 2461 3762 diones
2501 3703 2937 3771 Lugdunensem,
2979 3699 3138 3754 Gothi
3185 3695 3565 3766 Aquitanicam
3604 3705 3860 3764 pervase-

2276 3806 2398 3852 rattt
2424 3795 2781 3867 provinciam,
2810 3805 2981 3862 eaque
3018 3799 3224 3844 tantum
3257 3803 3383 3856 pars
3418 3784 3720 3840 Galliarum
3753 3782 3858 3836 Ro-

2276 3903 2450 3942 mana:
2483 3887 2703 3942 suberat
2733 3883 2953 3947 ditioni,
2983 3896 3144 3950 quant
3172 3879 3346 3934 Rheni
3372 3877 3574 3930 fluenta
3601 3889 3665 3928 ac
3689 3871 3860 3925 amnis

2276 3977 2485 4050 Ligeris
2533 3975 2917 4031 determinant.
2974 3972 3091 4027 Rex
3145 3981 3324 4024 autem
3369 3967 3557 4024 Clodio
3601 3973 3860 4033 angustos

2277 4070 2431 4140 regni
2462 4067 2596 4122 fines
2623 4069 2849 4121 dilatare
2872 4064 3113 4135 cupiens,
3139 4061 3514 4130 exploratores
3539 4072 3570 4110 a
3603 4055 3862 4120 Disbargo

2280 4173 2430 4218 trans
2453 4161 2699 4215 Rhenum
2740 4158 2942 4228 dirigit,
2969 4166 3024 4211 et
3067 4156 3178 4224 ipse
3217 4169 3339 4208 cum
3384 4149 3628 4204 exercitu
3671 4145 3860 4200 subse-

2281 4264 2436 4311 cutus
2462 4253 2816 4309 Cameracum
2852 4251 3040 4304 urbem
3067 4248 3336 4307 obtinuit;
3377 4255 3731 4313 quoscunque
3763 4239 3862 4291 Ro-

2282 4359 2566 4402 manorum
2595 4342 2783 4398 obvios
2804 4339 3009 4402 habuit,
3041 4337 3156 4392 neci
3185 4333 3425 4390 tradidit.

2896 4427 3122 4486 CAPUT
3176 4427 3261 4483 V'l.

2815 4523 2892 4580 De
2923 4522 3163 4582 Jleroveo
3196 4533 3331 4588 rege.

2315 4626 2326 4633 '
2357 4617 2484 4672 Post
2501 4617 2642 4681 haec,
2663 4614 2922 4670 Clodione
2947 4628 3073 4684 rege
3101 4613 3210 4666 vita
3242 4606 3560 4668 decedente,
3589 4600 3865 4658 Meroveus

2285 4709 2402 4778 ejus
2444 4707 2625 4767 aflinis
2658 4705 2805 4778 regni
2838 4705 3173 4761 Francorum
3214 4696 3583 4771 gubernacula
3613 4690 3863 4760 suscepit.

2290 4800 2555 4872 Regnavit
2584 4808 2766 4854 autem
2787 4796 2983 4860 .Clodio
3029 4809 3126 4866 per
3149 4793 3219 4848 ΞΟ
3255 4804 3531 4845 annorum
3577 4781 3864 4843 curricula.

2289 4893 2404 4959 Qua
2455 4899 2779 4961 tempestate
2821 4890 2986 4944 etiam
3035 4886 3211 4942 llunni
3243 4883 3493 4938 Rhenum
3530 4887 3867 4936 transeuntes

2292 4982 2450 5036 Motis
2501 4982 2774 5037 civitatem
2823 4987 3214 5043 concremant,
3276 4973 3524 5030 Treviris
3590 4971 3864 5042 diripiut,

2291 5073 2606 5141 'l‘nngrense
2633 5073 2915 5127 devastant
2947 5068 3300 5128 territorium.
3321 5065 3401 5121 ita
3435 5079 3535 5136 per
3559 5070 3732 5120 totam
3755 5061 3869 5118 Gal-

2291 5165 2418 5218 liam
2444 5178 2584 5218 saava
2607 5163 2871 5219 bellorum
2901 5161 3322 5217 exardescebant
3346 5157 3624 5214 incendia.
3669 5156 3869 5223 Ubique

2293 5255 2490 5318 luctus,
2528 5255 2726 5324 ubique
2754 5253 2928 5318 dolor,
2959 5263 3014 5308 et
3049 5253 3279 5323 plurima
3305 5249 3501 5304 mortis
3523 5249 3730 5318 imago.
3774 5247 3870 5299 Au-

2294 5348 2930 5416 relianensem'quoque
3000 5347 3258 5399 adeuntes
3330 5341 3520 5395 urbem
3598 5339 3872 5395 obsid'oue
