4044 5428
211 294 282 351 Gil

1161 279 1509 382 .HISTORIA
1551 276 2000 340 FRANCORUM.
2033 312 2102 324 —
2130 278 2257 337 LIB.
2294 277 2336 337 l.

3321 278 3426 337 651

211 407 410 466 nissimas
431 398 741 458 llunnorum
781 399 1080 472 phalanges
1105 400 1499 471 omnipatentia
1531 398 1733 455 Christi
1766 411 1810 468 Α
1838 396 2126 452 Chiderico
2157 402 2514 467 cognoverat,
2547 391 2867 448 criminibus
2917 391 3277 461 insimulatos,
3306 397 3430 471 Egi.

212 496 265 555 ita
302 493 536 569 protrivit,
566 501 627 547 ut
675 493 873 562 quibus
919 491 1133 563 profugi
1180 491 1429 547 habitent
1473 491 1526 546 in
1578 491 1739 546 terris

210 595 433 660 hucusque
462 587 529 641 sit
556 584 909 656 incognitum.
1019 584 1030 594 ’

747 674 974 730 CAPUT
1015 674 1128 730 Vll.

651 765 729 822 De
759 766 1052 821 Cltilderico
1081 783 1223 838 rege.

261 867 468 922 lleroveo
501 871 683 918 autem
719 877 843 934 rege
889 863 1222 917 Francorum
1269 863 1370 917 hac
1401 861 1522 916 luce
1551 875 1736 925 casso,

208 958 484 1015 Cbildericus
513 955 655 1009 illius
679 954 793 1025 ejus
829 954 965 1009 solio
997 953 1322 1008 sublimatur
1365 952 1533 1022 regio.
1569 949 1740 1018 llujus

211 1050 322 1119 regni
346 1044 626 1117 primordia
664 1045 966 1115 quibusque
1003 1043 1161 1097 bonis
1202 1041 1517 1096 detestanda
1564 1038 1736 1094 fuere.

208 1139 281 1194 l|;c
299 1151 498 1206 namque
523 1145 714 1191 contra
741 1135 980 1189 Francos
1002 1134 1237 1203 primum
1269 1133 1520 1201 nequiter
1551 1145 1738 1201 agens,

206 1251 297 1288 cum
318 1232 434 1285 tilias
457 1230 715 1284 nobilium
747 1229 952 1283 incesto
976 1227 1350 1282 contaminare
1379 1241 1488 1280 non
1512 1224 1740 1277 desiste-

210 1333 284 1387 ret,
325 1336 468 1392 regno
507 1318 745 1388 ejicitur.
799 1318 899 1385 Qui
949 1317 1228 1388 expulsus,
1273 1330 1455 1385 regem
1507 1313 1741 1368 Thoriu-

206 1431 372 1485 garum,
401 1413 660 1468 Bissinum
708 1413 949 1476 nomine,
978 1409 1225 1480 expetiit,
1267 1417 1434 1462 tutam
1468 1407 1571 1459 sibi
1602 1405 1741 1475 apud

207 1520 300 1557 eum
325 1503 566 1556 latebram
592 1501 708 1556 fore
732 1509 1038 1554 autumans.
1071 1497 1177 1552 Nec
1198 1513 1292 1568 spe
1322 1512 1416 1551 sua
1450 1495 1742 1550 frustratus

206 1607 282 1650 est.
309 1595 440 1659 Nam,
471 1604 668 1649 cuncto
696 1593 870 1649 exsilii
902 1595 983 1648 sui
1009 1602 1273 1661 tempore,
1300 1605 1425 1644 cum
1455 1604 1581 1659 rege
1605 1605 1737 1642 con-

209 1697 407 1742 versatus
449 1687 856 1755 lionoriﬁcoque
886 1685 1027 1756 apud
1074 1700 1196 1739 eum
1225 1683 1344 1738 loco
1388 1683 1606 1736 habitus
1634 1689 1736 1734 est.

1841 489 1930 543 dio
1955 488 2122 543 mittit
2147 487 2467 557 puniendos.
2493 485 2683 562 llle,ut
2708 501 2830 540 reos
2851 485 3148 554 imperialis
3174 485 3430 556 majesta-

1841 582 1929 648 tis,
1958 579 2136 649 gladio
2186 580 2365 650 puniri
2397 579 2582 650 jussit.
2618 576 2731 632 llac
2759 577 2904 648 regis
2931 577 3270 634 immanitate
3299 578 3430 649 per;

1840 675 1976 727 moti
2004 673 2226 738 Franci,
2255 670 2643 726 Winomadum
2666 669 2734 723 ab
2755 670 2856 724 hoc
2879 667 3107 724 consilio
3129 669 3425 726 immunem

1837 767 2190 832 aestimantes,
2221 763 2496 835 querelam
2530 765 2579 818 ei
2623 779 2775 818 suam
2802 763 3152 832 depromunt.
3201 764 3293 818 llle
3325 765 3427 819 mi-

1839 859 1949 914 rari
1979 874 2039 914 se
2070 858 2202 914 dicit
2241 858 2448 912 variam
2481 871 2668 912 eorum
2695 855 3108 910 mutabilitatem
3139 854 3422 921 menium,

1839 958 1900 1005 ιιι
1935 951 2002 1005 de
2028 947 2146 1018 ejus
2174 964 2316 1004 nunc
2365 948 2686 1003 crudelitate
2735 957 3052 1017 querantur,
3084 963 3243 1018 quem
3278 955 3426 1002 tanto

1840 1051 1966 1096 ante
1992 1041 2266 1112 praeconio
2296 1040 2520 1110 dignum
2557 1040 2962 1109 judicavissent.
2999 1039 3277 1108 Simulque
3326 1040 3428 1094 hac

1839 1149 1934 1189 eos
1962 1133 2211 1188 oratione
2236 1133 2513 1187 convenit.
2547 1151 2566 1183 ι
2613 1132 2762 1199 Qum,
2795 1132 2986 1202 inquit,
3022 1132 3289 1186 dementia
3337 1145 3429 1185 ve-

1841 1226 1972 1279 stris
2004 1226 2220 1279 vesanis
2245 1224 2443 1279 insedit
2473 1224 2690 1287 animis,
2725 1235 2806 1289 ut,
2845 1222 3068 1292 expulso
3094 1223 3233 1288 cive,
3262 1222 3430 1276 domi-

1843 1317 1991 1370 natui
2043 1332 2138 1372 vos
2186 1317 2405 1386 superbi
2456 1315 2762 1370 subderetis
2792 1312 3182 1368 advemc?Sed
3229 1313 3429 1369 dicturi

1841 1412 1974 1463 estis
1998 1408 2331 1464 infrenatam
2362 1409 2480 1478 ejus
2524 1407 2793 1461 luxuriam
2835 1404 2988 1460 vobis
3018 1405 3208 1476 pudori
3235 1405 3425 1461 fuisse.

1842 1497 1914 1554 Ut
1945 1498 2072 1567 quid
2099 1513 2228 1569 ergo
2248 1499 2315 1554 de
2343 1499 2500 1569 hujus
2525 1498 2741 1552 feritate
2788 1497 3110 1560 causatnini,
3140 1511 3299 1566 quem
3349 1495 3425 1550 illi

1842 1587 2240 1659 pra-ferendum
2270 1589 2669 1644 :estimavistis?
2701 1587 2994 1657 Sprevistis
3040 1601 3218 1657 regem
3246 1596 3429 1640 vestra

1845 1682 1911 1736 de
1942 1691 2106 1752 gente
2154 1691 2423 1746 creatum,
2455 1680 2546 1750 qui
2595 1680 2863 1749 benignus
2897 1687 3113 1744 natura,
3145 1678 3432 1749 benignior
3496 1714 3502 1720 ς

208 1779 309 1834 Erat
329 1780 372 1833 ei
407 1769 624 1848 quidam
662 1793 693 1833 θ
731 1779 1065 1833 Francorum
1112 1777 1428 1848 proceribus
1456 1772 1742 1828 l'amiliari-
1775 1767 1817 1826 Β
1845 1775 2006 1826 etiam
2031 1769 2231 1827 abolita
2272 1773 2446 1842 potuit
2473 1788 2593 1827 esse
2617 1773 2870 1836 lascivia,
2903 1780 2956 1824 et
2978 1770 3218 1841 elegistis
3249 1779 3434 1841 tyran-

211 1871 305 1923 tatis
329 1869 522 1924 vinculo
570 1869 878 1940 colligatus,
924 1869 1141 1923 nomine
1168 1867 1546 1922 Winomadus.
1581 1865 1745 1934 Cujus

208 1960 276 2015 ille
298 1963 454 2016 omnia
485 1962 684 2033 agebat
717 1963 968 2027 consilio,
1001 1963 1126 2015 dum
1189 1963 1366 2016 adhuc
1416 1961 1570 2031 regni
1604 1961 1747 2029 poti-

208 2059 325 2105 retur
357 2060 575 2123 sceptro.
623 2051 776 2122 lluuc
827 2066 956 2121 ergo
1006 2065 1282 2113 evocans,
1343 2050 1742 2104 animositatem

205 2142 485 2198 Francorum
519 2158 643 2200 sese
694 2159 861 2214 regno
897 2143 1096 2213 pellere
1144 2143 1510 2198 minitantium
1555 2142 1742 2207 edicit;

204 2235 302 2303 quid
325 2236 450 2291 facto
477 2251 616 2307 opus
643 2236 715 2291 sit
757 2237 1010 2291 consulit.
1058 2235 1150 2290 llle
1180 2236 1274 2289 irae
1314 2251 1501 2288 eorum
1549 2235 1748 2290 Ceden-

206 2331 303 2380 dum
326 2329 515 2393 suadet,
545 2346 641 2395 ne,
673 2330 716 2385 si
762 2330 1185 2400 permanendum
1234 2339 1470 2397 putaret,
1525 2336 1750 2398 augeret

205 2422 344 2488 potius
376 2423 547 2476 odium
592 2439 756 2492 quam
785 2423 1131 2488 diminueret,
1161 2421 1381 2476 humani
1418 2422 1604 2476 dicens
1630 2435 1748 2475 esse

206 2528 369 2566 morem
397 2514 590 2582 ingenii
627 2514 926 2584 praesentia:
945 2514 1172 2584 alicujus
1199 2513 1463 2577 invidere,
1493 2513 1749 2567 absentia:

205 2608 414 2676 coiupati.
449 2609 519 2663 Se
548 2609 793 2674 interim,
828 2611 954 2664 dum
1005 2609 1093 2664 ille
1130 2624 1348 2680 quoquo
1375 2610 1616 2664 locorum
1651 2610 1750 2662 im-

205 2707 420 2764 moratur,
439 2700 653 2754 animos
675 2701 850 2770 gentis
873 2709 1303 2770 pertentaturum
1328 2700 1610 2771 pollicetur
1630 2715 1750 2770 pcr-

204 2805 550 2864 suasuruuique
600 2802 662 2848 ut
698 2809 821 2848 cum
857 2810 921 2849 eo
953 2795 1004 2848 in
1036 2795 1267 2865 gratiam
1313 2794 1556 2848 redeant.
1599 2793 1750 2847 Divi;

203 2883 403 2953 deusque
428 2900 681 2950 aureum,
727 2877 826 2940 sibi
859 2886 1094 2940 medium
1145 2885 1357 2948 retinet,
1408 2885 1752 2952 mediumque

207 2972 264 3026 illi
282 2974 468 3030 confert
508 2977 746 3032 dicens:
782 2995 800 3029 ι
843 2976 1069 3047 Suscipe
1124 2976 1356 3031 mediam
1389 2975 1550 3042 hujus
1600 2974 1750 3028 aurei

205 3075 392 3133 partem,
431 3077 486 3124 et.
533 3071 579 3124 si
630 3069 847 3140 quidem
895 3069 1134 3124 Francos
1182 3069 1276 3124 tibi
1331 3070 1625 3124 conciliare
1653 3086 1751 3138 pc-

209 3163 350 3220 tuero,
379 3158 474 3213 hoc
514 3159 611 3214 tibi
659 3160 763 3214 erit
801 3161 1033 3232 signum,
1063 3161 1190 3214 dum
1242 3160 1381 3216 banc
1411 3161 1507 3214 tibi
1552 3160 1754 3214 misero

206 3258 398 3310 partem,
421 3261 472 3304 et
503 3251 800 3306 convenire
842 3253 942 3306 sibi
987 3261 1246 3321 utrasque
1302 3252 1613 3322 contigerit,
1641 3251 1757 3305 ani-

205 3336 474 3394 madvertas
516 3341 789 3410 oportebit
832 3343 1021 3396 eodem
1067 3341 1224 3395 modo
1254 3342 1629 3396 convenientia
1659 3358 1756 3412 po-

207 3425 290 3492 puli
311 3430 471 3483 studia
497 3431 594 3485 tibi
640 3447 952 3502 congruere.
986 3432 1238 3486 lleditum
1272 3446 1402 3503 ergo
1431 3434 1496 3486 ad
1526 3433 1756 3502 patriam

207 3521 498 3578 accelerabis
553 3533 727 3590 tuam,
759 3535 816 3579 ut
866 3543 1121 3596 regnum,
1155 3542 1263 3595 quo
1311 3542 1453 3581 nunc
1506 3527 1756 3595 privat-is,

210 3613 420 3683 recipias.
456 3637 472 3669 ι
507 3617 637 3672 Post
666 3620 780 3673 haec
824 3620 987 3672 verba
1019 3618 1358 3673 Childcricus
1405 3617 1756 3689 Thoringam,

205 3716 252 3759 at
271 3709 584 3776 praeli—batum
609 3721 717 3776 est,
744 3713 912 3780 petiit.
940 3711 1131 3765 Franci
1157 3727 1283 3767 vero
1305 3712 1649 3767 immemores
1674 3712 1758 3766 iii-

201 3797 426 3865 juriarsm
465 3821 611 3875 quas
659 3805 916 3859 Romanis
956 3805 1268 3870 intulerant,
1305 3805 1553 3876 Egidium
1593 3805 1761 3873 patri-

207 3893 342 3958 cium,
368 3897 452 3964 qui
505 3912 534 3950 a
579 3897 838 3951 Romanis
873 3899 1080 3951 tuendae
1121 3895 1308 3952 Galli-.c
1339 3913 1528 3951 curam
1577 3911 1761 3950 susce-

205 3993 350 4051 perat,
402 4003 582 4059 regem
632 3989 732 4043 sibi
777 3997 1041 4042 statuunt.
1091 3989 1243 4043 tjzera
1281 4003 1433 4043 meus
1482 3987 1794 4058 ltomiuuni_

206 4086 304 4127 eum
329 4077 424 4131 sibi
450 4088 644 4148 putare
677 4078 977 4141 consulere,
1013 4079 1095 4133 eui
1131 4080 1243 4148 ipse
1269 4079 1404 4132 mala
1434 4096 1539 4134 non
1566 4079 1764 4133 desinit

207 4162 462 4231 iri-ngare!
509 4168 648 4224 Nam
681 4185 786 4240 quo
807 4181 974 4240 pacto
1017 4170 1062 4224 is
1115 4171 1251 4224 bene
1294 4169 1399 4224 illis
1449 4171 1761 4224 consultum

204 4255 356 4321 vellet,
377 4257 528 4328 cujus
555 4276 716 4331 agros
732 4261 880 4329 igne,
907 4261 1158 4330 populum
1184 4261 1382 4332 gladio,
1407 4263 1568 4315 urbes
1587 4271 1764 4315 vasta-

208 4344 326 4402 tione
353 4353 753 4418 protriverunt?
798 4352 1154 4408 Winomadus
1218 4367 1349 4408 sane
1391 4363 1607 4408 versuta
1649 4352 1760 4408 cal-

207 4437 302 4496 lens
328 4446 539 4508 astutia,
578 4456 638 4500 et
663 4447 728 4500 ad
771 4461 892 4517 quae
920 4447 1160 4500 animum
1211 4444 1520 4501 intenderat
1549 4445 1762 4500 eﬂieere

206 4532 314 4586 satis
336 4545 636 4604 promptus,
665 4537 714 4590 in
739 4537 886 4592 brevi
911 4536 1356 4608 amicitiaeﬁgidii
1392 4537 1626 4592 iulncsit.
1661 4537 1760 4591 Cui

206 4615 297 4684 ille,
341 4621 820 4681 familiarissimum
873 4628 974 4682 sibi
1007 4629 1280 4682 :cstimans
1331 4629 1649 4692 amicorum,
1704 4642 1763 4682 se

207 4725 380 4782 suaque
416 4719 599 4772 omnia
655 4720 908 4774 credebat
947 4721 1194 4776 consilia.
1247 4720 1607 4775 Winomadus
1658 4721 1761 4774 ita-

207 4816 310 4869 que.
349 4810 765 4875 pmsentiseens
816 4810 1150 4865 Francorum
1200 4813 1246 4867 ei
1295 4821 1598 4882 suspectam
1649 4809 1764 4866 fore

208 4897 495 4963 potentiam,
525 4901 813 4955 cumulare
841 4911 895 4956 et
923 4903 1033 4972 ipse
1057 4903 1260 4967 verbis,
1291 4903 1486 4972 quibus
1528 4910 1762 4973 poterat,

209 4983 394 5044 invidiae
438 4992 751 5046 simultates
794 5009 897 5048 non
929 4994 1200 5050 cessabat.
1247 4993 1451 5048 Suadet
1493 5010 1622 5066 ergo
1665 4991 1762 5044 tri-

210 5073 305 5131 buti
338 5096 496 5138 onere
552 5100 652 5140 eos
683 5085 907 5154 opprimi
953 5096 1226 5158 oportere.
1273 5085 1377 5140 Sed
1425 5085 1763 5159 perpendens

212 5169 294 5214 liae
319 5189 402 5214 nne

446 5177 646 5214 ἷηῖηοιῖσι
710 5193 813 5214 nnn
864 5177 992 5214 Πρηιῖ
1046 5179 1178 5214 nnin
1253 5189 1303 5214 nl
1339 5191 1584 5214 annuum-ul
1637 5179 1764 5214 nalin

1848 1880 2000 1928 num,
2026 1865 2094 1919 ob
2119 1866 2220 1918 hoc
2249 1865 2331 1918 vel
2367 1866 2602 1918 maxime
2632 1863 3143 1935 pertimescendum,
3168 1864 3310 1932 quod
3342 1877 3434 1932 ge-

1849 1971 1951 2008 nus
2007 1966 2234 2009 externa
2285 1955 2481 2009 habeat
2527 1956 2748 2010 natione
2792 1955 3104 2011 deductum.
3163 1953 3433 2010 Animalia

1849 2062 2001 2113 sane,
2028 2047 2239 2102 ratione
2255 2048 2522 2114 carentia,
2547 2047 2626 2102 sui
2652 2047 2830 2118 potius
2847 2063 3007 2118 quam
3026 2047 3237 2102 externi
3263 2046 3434 2101 domi-

1850 2141 1995 2194 nium
2023 2148 2282 2209 expetunt
2329 2139 2565 2209 generis.
2614 2139 2756 2194 Solis
2801 2140 3025 2194 ciconiis
3056 2139 3216 2194 alieni
3265 2139 3431 2193 duces

1849 2233 2065 2305 placent
2113 2234 2412 2304 sanguinis,
2447 2249 2586 2304 quir,
2624 2235 2801 2287 ventri
2834 2234 3052 2299 dedita),
3107 2233 3336 2288 aliarum
3371 2246 3432 2285 se

1854 2334 2071 2381 tuentur
2117 2327 2359 2396 periculo
2390 2329 2592 2381 avium.
2630 2327 2830 2382 Verum
2871 2328 2915 2382 si
2967 2326 3214 2383 consiliis
3246 2326 3435 2381 dcere-

1850 2421 2004 2474 vistis
2027 2436 2220 2490 parere
2248 2424 2404 2484 meis,
2434 2421 2768 2476 redeundum
2800 2421 2851 2473 itt
2882 2421 3113 2490 gratiam
3144 2433 3358 2482 censeo,
3381 2425 3437 2472 ct

1852 2513 2175 2582 placandum
2208 2513 2472 2582 principis
2500 2515 2743 2566 animum
2783 2513 3100 2583 expulsione
3147 2513 3434 2568 oll'ensuut.

1853 2603 2052 2656 Duruut
2080 2602 2422 2669 certejudico
2446 2603 2605 2656 unius
2630 2620 2733 2657 non
2750 2618 2908 2673 posse
2923 2603 3434 2674 perpetiluxuriam,

1853 2703 1908 2748 et
1940 2704 2208 2748 tantorum
2228 2695 2467 2764 perferre
2488 2694 2745 2749 nobilium
2771 2696 3128 2764 perditionem
3151 2697 3371 2750 civium.
3408 2715 3427 2747 ι

1857 2783 1950 2838 llis
1978 2784 2051 2837 illi
2077 2785 2303 2838 animati
2335 2785 2538 2849 verbis,
2571 2785 2732 2840 simul
2761 2793 2814 2840 et
2841 2788 3128 2842 atrocitate
3157 2788 3280 2842 facti
3308 2803 3437 2857 pcr-

1855 2877 1985 2929 moti
2017 2892 2124 2944 quo
2154 2876 2423 2944 primores
2463 2876 2612 2946 regni
2645 2877 2966 2946 pessundat'i
2997 2879 3270 2942 videbant,
3318 2878 3434 2933 ιν.-

1858 2973 2091 3024 nomado
2121 2970 2417 3023 dixerunt:
2457 2987 2476 3020 ι
2513 2968 2748 3023 Ρωιιὶιοι
2791 2985 2888 3024 nos
2931 2969 3253 3040 iniuriarum
3305 2986 3437 3040 pro-

1859 3064 1978 3132 prio
2025 3062 2135 3130 regi
2171 3061 2467 3125 illatarum,
2510 3077 2670 3130 quem
2713 3061 2888 3115 sicubi
2916 3062 3156 3131 gentium
3208 3062 3440 3117 inveniri

1782 3130 1826 3192 Ο
1861 3169 2019 3225 posse
2047 3155 2333 3219 sciremus,
2367 3153 2634 3224 supplices
2658 3153 3216 3224 legatosniitteremus
3242 3171 3442 3212 exora-

1864 3256 1975 3301 tum
2028 3255 2083 3300 ut
2125 3261 2282 3300 suum
2316 3245 2519 3300 rediret
2563 3245 2630 3299 ad
2666 3261 2909 3316 regnent.
2945 3266 2964 3298 ι
2999 3247 3092 3302 llle
3118 3250 3446 3302 convenien-

1866 3339 1937 3394 tia
1994 3339 2106 3409 rcgi
2153 3338 2486 3393 Francorum
2522 3340 2926 3408 perscutisccns
2973 3341 3182 3405 studia,
3229 3343 3442 3397 tidelem

1861 3445 1959 3499 per
1986 3445 2210 3499 puerum
2247 3429 2528 3483 dimidium
2560 3435 2609 3484 ei
2634 3431 2819 3501 dir:git
2847 3449 3092 3500 aureum,
3120 3434 3274 3501 cujus
3315 3450 3446 3503 par-

1866 3530 1972 3576 tem
2000 3520 2230 3574 mediam
2262 3519 2484 3574 abeunti
2521 3521 2746 3574 dederat
2777 3521 2828 3574 in
2866 3523 3102 3592 signum.
3137 3522 3446 3594 Legatoque

1866 3613 1979 3667 hch
2003 3612 2076 3666 illi
2102 3613 2288 3666 dicere
2307 3609 2472 3678 jussit
2496 3628 2508 3664 :
2535 3630 2549 3662 ι
2575 3611 2999 3680 Reverterejam
3034 3631 3198 3679 nunc,
3226 3625 3283 3668 ut
3307 3619 3446 3670 desi-

1864 3709 2081 3764 deratus
2113 3708 2383 3771 dominus,
2412 3723 2474 3762 ac
2518 3715 2574 3760 ut
2606 3707 2728 3761 fciat
2761 3718 2913 3763 utere
2945 3725 3110 3779 regno
3138 3720 3246 3763 tuo.
3283 3710 3440 3777 iQua

1866 3802 2128 3870 legatione
2158 3800 2492 3855 Childericus
2513 3813 2734 3869 accepta
2761 3817 2930 3856 ovans
2960 3804 3191 3871 patriam
3225 3803 3443 3871 repetit,

1865 3905 1919 3948 ct
1947 3912 1975 3947 υ
2003 3895 2178 3946 medio
2204 3893 2416 3947 itineris
2450 3893 2614 3946 mittit
2646 3895 2738 3963 qui
2778 3894 3104 3949 Winomado
3144 3899 3439 3952 adventum

1865 3983 2078 4038 nuntiet
2120 3999 2308 4048 suum,
2343 3992 2395 4037 et
2435 3985 2611 4037 edicat.
2637 3993 2696 4038 ut
2722 3984 2822 4038 sibi
2867 3983 3123 4040 festinato
3170 3997 3442 4042 occurrat.

1867 4075 2018 4142 Quod
2051 4075 2355 4142 iliejunctis
2385 4074 2487 4128 sibi
2535 4073 2868 4128 Francorum
2913 4077 3231 4144 proceribus
3261 4090 3442 4132 matu-

1868 4181 1984 4218 rato
2014 4164 2254 4233 implevit
2284 4181 2296 4218 :
2324 4175 2377 4218 et
2402 4163 2542 4232 apud
2575 4173 2837 4230 castrum,
2870 4167 2952 4220 cui
2985 4183 3178 4220 nomen
3217 4167 3444 4226 Burrum

1867 4254 2034 4320 cst,ei
2065 4255 2322 4308 occurrit.
2354 4251 2692 4322 Prwecperat
2719 4271 2882 4325 porro
2905 4256 3160 4325 praefatus
3189 4257 3296 4312 dux
3321 4259 3448 4313 lilar-

1869 4347 2117 4402 rensibus
2149 4353 2204 4399 ut
2231 4360 2354 4399 cum
2397 4359 2611 4397 summo
2642 4345 2845 4399 honore
2868 4360 3046 4415 regem
3073 4347 3450 4407 advenientem

1870 4439 2203 4508 exciperent.
2251 4435 2417 4505 Cujus
2453 4436 2550 4506 ipsi
2579 4448 2848 4507 praecepto
2880 4449 3154 4508 parentes,
3181 4441 3448 4499 bonoriti-

1869 4529 2178 4584 acutissime
2205 4544 2326 4582 eum
2359 4528 2571 4581 obviam
2594 4528 2864 4596 progressi
2894 4540 3267 4599 susceperunt.
3295 4531 3452 4600 Quod

1873 4637 1965 4676 rex
1985 4636 2083 4690 pro
2113 4622 2294 4674 omine
2315 4620 2545 4689 accepit,
2574 4629 2957 4690 gratanterque
2979 4635 3167 4676 eorum
3189 4622 3455 4696 obsequio

1874 4732 2024 4782 usus,
2051 4716 2332 4778 tributum,
2367 4716 2511 4784 quod
2548 4717 2697 4780 regni
2727 4715 2845 4784 ejus
2875 4716 3253 4786 dependebant
3288 4723 3462 4789 parti-

1872 4807 1996 4872 bus,
2026 4806 2352 4861 liberalitate
2383 4806 2605 4859 indulsit
2645 4808 2813 4874 rcgia.
2845 4805 3056 4863 Juuctis
3105 4809 3289 4877 itaque
3342 4825 3463 4866 eum

1873 4899 2206 4955 Winomado
2252 4898 2457 4953 viribus
2485 4938 2499 4964 ,
2532 4896 2882 4954 Childcricus
2932 4900 3057 4955 inde
3118 4915 3473 4969 progressus.

1870 4991 2126 5062 Egidiutn
2158 4992 2274 5047 acie
2303 4998 2615 5059 superatum
2655 5005 2821 5058 regno
2859 4992 3126 5046 decedere
3174 4995 3487 5062 ευιιιῃυιῑι,

1871 5085 1970 5152 Qui
2019 5089 2287 5153 expulsus
2311 5081 2656 5137 Sucssiouem
2688 5082 2976 5138 civitatem
3026 5079 3200 5147 petiit,
3231 5083 3504 5158 reliqno-
3535 5070 3543 5077 ’

1873 5197 1974 5214 nuo
2015 5184 2201 5214 ιιιηιηιι
2247 5177 2370 5214 νίνῖι
2423 5185 2662 5214 Ιιιιηηηιορ
2719 5173 2850 5214 inihi
2918 5172 3116 5214 ran‘llil-
3162 5170 3236 5214 Ισῖη

3303 5191 3342 5214 :n
3357 5190 3504 5214 ιιιοιη
