4044 5428
530 348 663 417 643»

1564 340 1822 399 ΑΙΜΟΙΝΙ
1862 340 2162 398 MONACIII
2201 338 2693 396 FLORIACENSIS

3684 329 3788 400 (Μ

535 461 853 532 reperisset,
891 456 1061 528 ipsam
1097 454 1285 510 urbem
1318 467 1637 526 oppugnaus
1680 453 1846 523 cepit.
1879 452 2104 507 Paulum
2138 460 2181 512 Α
2206 452 2294 517 jus
2322 439 2470 521 regni
2512 437 2786 519 patientur
2812 443 3059 515 sceptris.
3107 434 3278 499 Porro
3310 442 3584 499 minorum
3632 443 3788 497 turba

532 551 901 605 Romanarum
947 545 1199 601 comitem
1245 554 1478 615 partium
1531 544 1825 599 interemit.
1904 543 2106 611 Sicque

535 641 687 712 regni
731 639 992 694 terminos
1021 636 1461 690 Aurelianonsem
1509 650 1574 689 ac
1618 636 1832 688 demum
1864 634 2111 703 Andega«

535 745 758 785 vensem
784 742 956 797 usque
994 727 1267 782 civitatem
1296 725 1526 779 dilatare
1547 724 1688 778 baud
1719 723 1956 793 segniter
1985 737 2109 792 pro-

535 821 763 878 curavit.

1131 908 1359 965 CAPUT
1396 905 1527 964 Vill.

537 1027 617 1082 De
633 1025 867 1091 Basiuw,
889 1023 1273 1107 Thoringoram
1296 1025 1427 1107 regis
1451 1023 1735 1089 uxoris,ml
1761 1015 2114 1080 Childericum

1198 1105 1449 1149 ιταηεῐιη.

607 1186 806 1242 Basina
856 1196 1037 1240 autem
1067 1185 1289 1250 Bissini,
1328 1180 1727 1256 Tboringorum
1758 1187 1921 1256 regis,
1954 1194 2114 1246 uxor,

539 1293 710 1347 cogno
726 1292 867 1331 ecens
885 1276 1251 1331 Cliildericum
1270 1284 1549 1345 paternmn
1568 1278 1834 1347 recepisse
1860 1289 2108 1346 regnum,

542 1370 610 1425 ad
632 1384 775 1425 eum.
802 1368 968 1438 priori
990 1365 1202 1434 abjecto
1228 1368 1370 1431 viro,
1397 1369 1474 1422 ire
1499 1370 1799 1423 contendit.
1831 1370 2121 1423 Dicebatur

543 1468 725 1519 autem
756 1459 894 1513 idem
938 1459 1193 1529 princeps
1221 1460 1669 1514 consuetudinem
1707 1461 1875 1530 stupri
1906 1474 2029 1514 cum
2057 1476 2123 1516 ea

545 1550 968 1620 habuissehdum
997 1550 1135 1619 apud
1163 1550 1445 1620 praefatum
1462 1552 1731 1607 exsularet
1752 1566 1950 1621 regem.
1976 1552 2124 1607 Chil-

542 1639 759 1697 dericus
788 1655 940 1711 ergo,
972 1640 1098 1695 dum
1123 1639 1191 1695 ab
1233 1656 1296 1697 ea
1335 1651 1602 1710 Quaereret
1634 1659 1739 1712 qua
1772 1644 1837 1697 de
1860 1656 2024 1698 causa
2052 1644 2121 1698 ad

546 1745 606 1787 se
636 1729 822 1785 venire
860 1738 1141 1800 tantopere
1167 1742 1435 1798 curasset,
1466 1734 1567 1788 hoc
1608 1734 1676 1788 ab
1707 1749 1770 1788 ea
1803 1743 2120 1803 responsiim

2212 539 2527 592 animalium
2553 548 2727 594 semet
2750 538 2978 593 invicem
3025 535 3403 598 lacerantium.
3435 534 3671 604 populus
3705 532 3793 589 est

2209 629 2326 683 sine
2356 629 2549 683 timore
2588 610 3058 698 principum,qni,
3088 626 3215 679 dum
3248 624 3402 694 regni
3457 623 3795 693 primoribus

2212 727 2397 771 mutuo
2417 733 2537 773 sese
2557 718 2679 773 odio
2701 718 3137 787 impugnantibus
3160 716 3479 785 obsequitur
3503 714 3793 778 attentius,

2211 807 2379 861 variis
2409 823 2528 862 sese
2575 808 2815 876 implicat
2843 821 3132 863 causarum
3180 804 3520 865 tumultibus,
3553 805 3738 869 dumqi
3762 803 3796 857 e

2215 904 2467 968 proceres
2482 898 2757 952 alterutris
2778 910 2898 952 sese
2921 896 3216 950 moliuntur
3230 895 3448 965 privare
3464 891 3741 948 bonoribu
3758 911 3796 956 ς,

2214 990 2320 1046 illis
2351 990 2585 1060 ignobile
2609 990 2800 1061 vulgus
2823 989 3048 1045 favendo
3077 997 3223 1057 patet
3256 989 3375 1042 sine
3412 993 3651 1041 numero
3688 1000 3800 1040 cr-

2217 1083 2392 1138 dibus.
2424 1083 2548 1137 llaec
2579 1084 2730 1148 mihi,
2755 1083 2971 1137 domine
2999 1098 3112 1143 rex,
3146 1091 3248 1135 tute
3269 1080 3497 1136 visionis
3527 1087 3615 1133 est
3641 1094 3804 1147 expo-

2219 1173 2346 1227 sitio
2400 1173 2713 1235 manifesta,
2740 1183 2794 1226 et
2824 1171 2992 1226 futuri
3024 1172 3312 1225 iudicatrix
3355 1178 3527 1224 certa.
3559 1167 3640 1221 Ita
3684 1182 3800 1229 rex,

2219 1266 2511 1334 postposita
2536 1266 2758 1320 visionis
2790 1267 3021 1334 proprize
3062 1263 3299 1319 mordaci
3324 1277 3478 1323 cura,
3513 1275 3805 1314 numerosa

2220 1365 2460 1411 ventqu
2502 1373 2611 1411 sua:
2642 1357 2809 1427 prolis
2840 1358 3052 1412 la~tatus
3085 1366 3166 1411 est
3204 1369 3261 1411 se
3290 1353 3582 1426 agnovisse
3618 1346 3811 1422 auspi~

2223 1448 2328 1503 εἰει.

2833 1524 3062 1593 CAPUT
3099 1524 3190 1591 IX.

2404 1618 2476 1680 De
2519 1626 3005 1698 Antemit’.imperio.
3044 1637 3091 1681 et
3122 1628 3378 1698 prodigiis
3408 1616 3504 1681 buli
3534 1630 3623 1680 ed.

2298 1713 2373 1772 Ea
2399 1726 2718 1787 tempestate
2738 1717 2991 1771 Antemio
3017 1718 3316 1771 llomanum
3339 1718 3683 1788 gubernante
3705 1713 3809 1769 ima

545 1822 759 1891 accepit
789 1839 802 1875 :
843 1838 862 1872 ‹
899 1819 1034 1884 Tua,
1065 1822 1262 1891 inquit,
1287 1824 1490 1878 virtute
1520 1834 1572 1879 et
1599 1825 1859 1880 modestia
1888 1802 2124 1897 cognita,

2239 1810 2465 1879 perium,
2495 1808 2674 1863 Leone
2722 1806 3403 1877 Constantinopolitanum,
3457 1805 3606 1874 apud
3651 1803 3821 1859 Toloe

546 1921 807 1982 expetere
848 1921 900 1968 te
926 1914 1161 1969 decrevi.
1191 1912 1327 1969 Nam
1370 1915 1416 1969 si
1454 1915 1626 1970 ultimi
1656 1916 1708 1971 in
1747 1917 1944 1971 finibus
1975 1918 2125 1973 orbis

547 2010 602 2058 te
630 2002 895 2058 utiliorem
949 2003 1189 2059 invenire
1224 2019 1311 2059 me
1363 2020 1664 2075 sperarem,
1716 2007 1858 2062 nulla
1909 2009 2124 2064 itineris

547 2092 798 2149 molestia
824 2093 1117 2165 impedirer
1143 2094 1271 2164 quin
1299 2110 1422 2150 eum
1454 2106 1810 2167 properanter
1835 2099 2063 2154 adirem.
2098 2120 2116 2152 ι

548 2181 792 2254 Cumque
822 2184 890 2238 ab
931 2199 993 2239 ea
1021 2199 1117 2238 rex
1143 2184 1257 2240 lure
1297 2186 1599 2255 accepisset
1626 2201 1905 2256 responsa,
1938 2188 2129 2245 imme-

556 2288 678 2329 mor
720 2273 975 2328 amicitiae
1002 2283 1056 2329 et
1086 2273 1471 2329 beneficiorum
1499 2276 1567 2330 ab
1594 2276 1711 2345 ejus
1736 2276 1853 2331 viro
1881 2276 1981 2332 sibi
2020 2278 2121 2332 col.

553 2359 806 2428 latorum,
837 2363 952 2434 ipso
982 2365 1291 2433 superstite,
1322 2374 1509 2435 utpote
1565 2381 1824 2436 paganus,
1858 2383 1979 2422 eam
2027 2369 2129 2424 sibi

558 2450 614 2506 in
646 2453 1047 2508 matrimonium
1073 2454 1324 2509 adscivit.
1359 2455 1495 2510 Dum
1526 2465 1705 2511 autem
1731 2467 1942 2512 secreta
1968 2456 2129 2530 iuga.

558 2542 625 2598 lis
656 2544 761 2599 tori
796 2544 1237 2613 supervenissent
1262 2546 1493 2611 silentia,
1518 2547 1713 2602 mulier
1744 2549 1917 2603 virum
1945 2551 2134 2605 admo-

556 2642 653 2690 net
692 2650 723 2688 a
767 2645 949 2690 mutua
970 2650 1092 2691 eum
1120 2635 1319 2692 debere
1351 2650 1544 2694 vacare
1573 2638 1978 2707 conjunctione,
2008 2642 2135 2697 lior-

559 2730 811 2793 taturque
842 2733 900 2779 ut
929 2733 1055 2779 ante
1097 2724 1239 2780 fores
1277 2724 1461 2796 palatii
1489 2735 1667 2794 exeat,
1699 2737 1754 2783 et
1787 2744 1906 2797 qum
1943 2730 2136 2785 viderit

557 2813 659 2869 sibi
686 2814 972 2869 renuntiet.
1001 2815 1336 2882 llle,mouita
1362 2817 1602 2873 mulieris
1626 2818 1768 2874 haud
1794 2820 2132 2891 aspernanda

560 2905 881 2971 arbitratus,
920 2906 1064 2962 dicto
1112 2917 1284 2978 paret.
1323 2908 1412 2973 Et,
1445 2924 1571 2964 ecce
1601 2926 1712 2980 pra:
1742 2909 1952 2966 foribus
2001 2912 2136 2966 aula:

558 2998 721 3068 regiae
749 2998 896 3053 videt
923 3014 1237 3069 magnarum
1281 3000 1483 3056 formas
1516 3001 1811 3056 bestiarum
1841 3003 2006 3058 veluti
2045 3002 2138 3057 (Ιρο

560 3087 972 3151 lmbulantium,
1006 3090 1294 3156 pardorum
1318 3090 1553 3157 scilicet,
1582 3091 1945 3154 unicernium,
1972 3103 2136 3162 atque

2228 1913 2344 1953 sam
2370 1898 2558 1952 Gallia:
2584 1899 2773 1952 urbem
2802 1912 2832 1951 e
2854 1896 3030 1949 medio
3060 1894 3177 1963 ejus
3206 1902 3314 1950 tota
3347 1896 3435 1949 die
3455 1893 3685 1964 sanguis
3707 1892 3823 1946 ιιι-δ

2230 1988 2455 2058 gissimo
2491 1988 2646 2042 ﬂuxit
2701 1987 2839 2040 rivo.
2892 1983 3044 2051 Quod
3107 1985 3401 2054 prudentes
3454 1985 3663 2053 quique
3706 1981 3823 2037 Go-

2234 2079 2472 2143 thorum,
2506 2078 2597 2146 qui
2627 2077 2820 2131 eadem
2866 2074 3167 2144 regnabant
3198 2075 3252 2128 in
3274 2074 3520 2139 civitate,
3546 2073 3825 2143 perditioz-

2235 2182 2382 2232 nem,
2418 2168 2859 2236 Francorumque
2898 2167 3162 2221 dixerunt
3196 2166 3521 2236 portendere
3570 2165 3824 2219 domina‘t

2238 2262 2460 2315 tionem.
2494 2258 2588 2313 llis
2635 2271 2853 2327 quoque
2905 2258 3095 2312 diebus
3141 2256 3406 2322 Odoaccr,
3458 2255 3553 2326 qui
3602 2254 3824 2311 llerulis

2232 2347 2461 2424 alisque
2508 2351 2816 2408 nationibus
2854 2358 2976 2423 qua:
3018 2344 3244 2407 Danubii
3277 2351 3423 2420 ripas
3446 2346 3694 2405 incolunt
3718 2340 3827 2404 ima

2233 2445 2522 2515 pet-itabat,
2562 2444 2791 2499 victoria
2814 2443 3006 2507 elatus,
3039 2459 3224 2514 quam,
3248 2442 3505 2498 Feletbeo
3535 2442 3826 2512 [iugorum

2234 2554 2360 2609 rege
2410 2538 2551 2592 bello
2602 2538 2836 2602 devicto,
2898 2538 3124 2607 adeptus
3153 2545 3293 2600 erat,
3346 2536 3554 2591 Italiam
3585 2552 3617 2589 a
3668 2540 3829 2604 parte

2233 2629 2635 2685 Pannoniorum
2666 2628 2925 2684 invadere
2951 2627 3246 2698 cogitabat.
3276 2625 3522 2695 Cumque
3542 2625 3683 2679 fines
3712 2622 3826 2680 Noe

2237 2720 2476 2775 ricorum
2526 2719 2932 2788 ingrederetur,
2991 2716 3320 2785 colloquium
3354 2712 3643 2782 cujusdam
3674 2711 3833 2768 servi

2239 2810 2355 2874 Dei,
2386 2808 2602 2863 nomine
2630 2806 2877 2861 Severini
2913 2807 3096 2876 petiit,
3126 2806 3217 2874 qui
3246 2804 3331 2858 bis
3365 2804 3416 2856 in
3445 2802 3584 2857 locis
3635 2817 3833 2856 mona-

2238 2900 2464 2955 sterium
2492 2897 2595 2953 sibi
2630 2908 3032 2954 construxerat.
3065 2898 3109 2953 A
3125 2913 3232 2967 quo
3253 2897 3420 2967 petita
3442 2894 3832 2951 benedictione

2240 3000 2296 3046 et
2325 2991 2644 3059 impetrata,
2671 2990 2795 3043 dum
2824 2989 3042 3044 domum
3067 2988 3247 3058 egredi
3278 2986 3461 3050 vellet,
3485 2995 3544 3039 et
3565 2998 3629 3038 se
3658 2983 3830 3037 adii-

2243 3098 2364 3137 meu
2389 3081 2531 3144 ostii,
2558 3088 2795 3149 necaput
2817 3078 3134 3142 offenderet,
3160 3078 3492 3139 inclinasset,
3514 3084 3640 3131 erat
3678 3075 3830 3130 enim

563 3177 800 3232 leonum.
830 3178 1161 3235 Perterritus
1210 3181 1394 3252 itaque
1425 3183 1492 3237 ad
1539 3153 1821 3254 coniugem
1864 3153 2138 3254 properat,

2246 3182 2458 3229 statura
2516 3187 2793 3243 procerus,
2826 3172 2942 3226 haec
2969 3171 3037 3225 ab
3066 3171 3254 3224 eodem
3286 3169 3405 3222 viro
3451 3167 3548 3222 Dei
3576 3168 3829 3221 audivit:

564 3279 679 3320 rem
703 3267 891 3322 ordine
916 3267 1100 3323 refert.
1138 3268 1229 3325 Illa
1265 3270 1538 3327 conlidere
1568 3288 1689 3326 eum
1733 3274 1987 3344 imperat,
2010 3285 2065 3331 et
2085 3287 2146 3331 ut

566 3358 803 3415 secundo
827 3375 889 3415 ac
936 3362 1094 3417 tertio
1127 3362 1178 3417 id
1206 3364 1372 3419 faciat
1399 3364 1584 3419 edicit.
1617 3365 1928 3421 llcvcrtenti
1955 3369 2138 3438 itaque

563 3448 677 3516 rcg’i
705 3457 965 3518 apparent
988 3450 1181 3506 iterum
1220 3468 1468 3508 ursorum
1498 3453 1856 3525 luporumque
1907 3457 2146 3514 circnm-

568 3541 900 3594 cursantium
941 3541 1220 3611 imagines.
1250 3541 1433 3598 Tertio
1467 3560 1681 3613 quoque
1708 3562 1982 3616 egressus,
2009 3550 2151 3620 aspi-

569 3630 855 3685 citcauum
906 3631 1103 3700 figuras
1129 3633 1506 3702 minorumque
1536 3636 1850 3690 animalium
1894 3652 1954 3692 se
2010 3639 2152 3693 invi-

570 3734 688 3775 cem
720 3720 1098 3776 lacerantium.
1133 3722 1369 3793 Stupcns
1421 3726 1601 3795 igitur,
1637 3726 1859 3782 visionis
1908 3728 2148 3796 ignarus,

572 3819 802 3866 stratum
831 3813 1046 3883 repetit,
1072 3829 1291 3869 causam
1322 3818 1570 3886 prudenti
1599 3816 1811 3874 feminae
1846 3822 2057 3890 pandit,
2099 3832 2153 3877 et

573 3899 704 3968 quid
733 3900 834 3954 ista
867 3902 1191 3971 portendant
1230 3903 1493 3960 sollicitus
1545 3908 1855 3975 explorator
1898 3912 2152 3979 exquirit.

576 3990 824 4063 Namque
850 4009 957 4049 non
989 4010 1047 4050 se
1068 3996 1136 4049 ab
1162 3998 1223 4049 ea
1257 3996 1458 4052 frustra
1488 3999 1555 4052 ad
1582 4001 1696 4054 lucc
1740 4001 1992 4056 intuenda
2020 4004 2147 4057 niis-

579 4092 697 4136 sum
724 4092 875 4139 certo
912 4084 1137 4139 sciebat.
1169 4085 1259 4139 llla
1294 4098 1443 4141 caste
1479 4104 1539 4143 se
1561 4104 1722 4160 agere
1765 4091 1939 4144 virum
1965 4107 2027 4146 ea
2060 4108 2155 4148 no-

575 4182 663 4230 cte
682 4186 1205 4245 prtetnonet,cuncta
1235 4192 1313 4244 se,
1340 4189 1563 4235 ventura
1588 4182 1731 4245 luce,
1755 4183 2153 4240 declaraturam

578 4263 863 4332 pollicens.
914 4264 1049 4318 Dum
1096 4282 1224 4337 ergo
1254 4284 1418 4323 aurea
1464 4270 1644 4338 polum
1692 4270 1858 4327 facies
1904 4273 2158 4345 rutilique

571 4352 737 4422 jubar
767 4352 896 4407 solis
924 4354 1064 4407 diem
1105 4357 1444 4422 decorarent,
1472 4359 1646 4427 surgit
1697 4360 1915 4427 nnilier,
1944 4364 2156 4418 mariti‘

583 4455 691 4510 que
735 4441 973 4495 animum
1007 4443 1165 4496 dubia
1211 4444 1418 4500 visione
1445 4432 1893 4518 suspensumbae
1926 4457 2159 4511 reddidit

582 4531 829 4586 oratione
854 4530 1078 4585 lenitum
1113 4545 1128 4586 :
1164 4549 1183 4584 ι
1223 4533 1353 4600 Has,
1383 4537 1576 4605 inquit,
1607 4541 1678 4593 mi
1706 4545 1806 4607 vir,
1831 4547 1992 4599 corde
2023 4548 2161 4616 pelle
2190 4512 2237 4571 θ

586 4634 770 4684 curas,
804 4627 859 4675 et
882 4636 1001 4690 qua:
1033 4622 1205 4676 dicam
1241 4624 1445 4677 intenta
1477 4628 1693 4698 percipe
1718 4641 1916 4685 mente.
1945 4633 2158 4691 Etenim

582 4724 692 4767 non
723 4720 930 4765 tantum
960 4714 1302 4782 praesentium
1337 4725 1457 4770 acta
1501 4735 1677 4774 rerum
1710 4731 1973 4790 quantum
2013 4725 2160 4780 futu-

585 4812 771 4855 rormn
794 4810 879 4855 est
907 4811 1184 4856 ostensum
1218 4807 1563 4873 prmsagium.
1597 4807 1704 4865 Nec
1728 4822 1778 4866 te
1814 4811 2019 4869 formas
2042 4817 2161 4870 ani-

586 4891 828 4955 malium,
858 4891 934 4947 uti
963 4901 1087 4947 ante
1114 4895 1276 4962 pedes
1321 4894 1501 4949 vidisti
1547 4899 1771 4966 positas,
1801 4901 2024 4973 dignum
2079 4914 2164 4960 est

588 4983 946 5052 perpendere,
979 4984 1073 5038 sed
1104 4984 1283 5053 petius
1308 4986 1360 5039 in
1397 4986 1483 5041 liis
1512 4997 1851 5057 posterorum
1887 5009 2067 5051 mores
2111 5003 2167 5051 et

2254 3283 2272 3316 ε
2312 3263 2478 3330 Vade,
2509 3263 2777 3339 Odoacer,
2806 3262 3001 3316 vilibus
3027 3275 3171 3314 nunc
3206 3260 3572 3313 animantium
3596 3257 3834 3328 pellibus

2251 3357 2491 3421 indutus,
2526 3354 2956 3409 Italitedominus
2984 3368 3104 3406 mox
3136 3352 3368 3406 futurus.
3412 3371 3431 3404 ο
3464 3352 3587 3418 Qua
3613 3351 3717 3405 viri
3738 3349 3835 3404 Dei

2248 3450 2529 3521 pmplietia
2561 3447 2649 3502 ille
2689 3447 2892 3512 audita,
2924 3443 3131 3500 Italiam
3178 3447 3473 3516 ingre;sns,
3507 3460 3617 3499 non
3654 3451 3716 3498 ut
3739 3444 3835 3497 de:

2250 3540 2388 3603 bnit,
2417 3542 2512 3595 sed
2539 3549 2601 3594 ut
2629 3537 2814 3602 voluit,
2838 3538 3078 3592 caulibus
3107 3551 3173 3590 ac
3193 3534 3397 3605 rapinis
3425 3543 3625 3589 cuncta
3655 3541 3837 3589 vasta.

2252 3630 2348 3683 vit.
2363 3629 2621 3684 Antemio
2645 3628 3118 3696 veroimperatore
3148 3624 3336 3680 fraude
3365 3624 3617 3678 Ritiiniri
3645 3615 3835 3694 generi

2257 3722 2340 3775 sui
2371 3722 2721 3791 interempto,
2748 3719 2879 3789 ipsis
2907 3720 3072 3774 etiam
3136 3717 3392 3771 Romanae
3418 3716 3573 3770 urbis
3602 3715 3835 3770 summis

2254 3796 2470 3868 arcibus
2500 3813 2750 3867 infestius
2780 3812 3031 3865 minitare
3054 3810 3235 3880 carpit.
3269 3808 3386 3875 Qua
3431 3809 3501 3862 de
3522 3821 3695 3860 causa
3722 3805 3831 3858 Rm

2256 3906 2400 3958 mani
2429 3914 2483 3959 et
2506 3887 2742 3957 maxime
2765 3902 2925 3957 Gothi
2957 3900 3164 3972 legatos
3195 3900 3260 3954 ad
3290 3899 3527 3954 Leonem
3561 3896 3836 3952 Constan-

2258 3994 2673 4066 tinopolitanum
2697 3994 3082 4063 imperatorem
3118 3991 3362 4060 dirigunt
3389 3996 3615 4042 oratum
3638 3996 3701 4040 ut
3728 3983 3834 4041 sibi

2256 4088 2453 4158 aliquis
2503 4087 2815 4142 mitteretur
2852 4085 3179 4156 principum,
3232 4097 3327 4152 per
3370 4081 3527 4151 cujus
3569 4078 3835 4134 auxilium

2257 4182 2517 4253 impetum
2546 4178 2929 4251 propulsarent
2954 4177 3211 4231 hostium.

2870 4264 3098 4321 CAPUT
3134 4263 3204 4319 X.

2693 4357 2772 4413 De
2805 4350 3119 4413 Theoderici
3144 4350 3383 4423 imperio.

2333 4452 2465 4509 Erat
2486 4460 2665 4508 autem
2693 4451 2914 4521 quidam
2959 4449 3102 4503 inter
3122 4448 3388 4518 primores
3423 4442 3728 4515 imperialis
3745 4451 3839 4497 att-

2267 4544 2745 4611 la',Tbeodoricus
2793 4539 3033 4603 nomine,
3078 4539 3163 4591 vir
3207 4545 3461 4606 spectata:
3510 4537 3834 4605 prudentia»

2259 4635 2424 4702 Cujus
2473 4642 2626 4704 pater
2653 4633 2991 4696 Theodorus,
3023 4627 3339 4683 Macedonia
3385 4626 3628 4695 genitus,
3658 4627 3840 4694 cujus-

2265 4727 2387 4779 dam
2437 4724 2593 4778 ldatii
2621 4723 2830 4792 patricii
2864 4725 2992 4777 dum
3041 4729 3190 4777 esset
3233 4717 3488 4780 famulus,
3544 4719 3836 4786 quamdam

2261 4828 2581 4870 conservam
2626 4823 2800 4875 suam,
2832 4813 3049 4866 nomine
3076 4804 3293 4878 Liliam,
3335 4822 3524 4862 amare
3552 4809 3721 4877 capit
3750 4815 3836 4861 ar-

2264 4905 2497 4961 dentius.
2525 4902 2680 4970 Quod
2704 4916 3003 4972 agnoscens
3017 4902 3285 4966 dominus,
3314 4899 3566 4970 conjugis
3589 4898 3838 4969 Eugenio:

2270 4992 2498 5054 consilio
2526 5009 2679 5058 usus,
2705 5008 2824 5048 eam
2849 4993 2922 5048 illi
2953 4993 3174 5048 tradidit
3204 4991 3515 5063 coniugem,
3551 4991 3736 5046 sciens
3753 5006 3839 5044 ωε
