4044 5428
178 320 276 379 663

179 441 281 498 mul
311 446 367 492 et
407 431 639 490 dominae
668 427 990 498 iussionem.
1016 409 1108 473 Ille
1139 413 1324 469 mirari
1352 411 1547 471 visum,
1571 401 1747 455 domi-

179 545 365 598 meque
406 525 573 594 erepit
622 520 846 576 laudare
873 519 1220 584 prteceptum.
1246 502 1352 558 Sed
1372 501 1567 553 timens
1599 491 1748 562 pueri

182 620 452 676 interitum
482 608 862 676 mutareinssit
890 601 1158 657 somnium
1189 595 1399 661 taleque
1422 587 1566 641 dedit
1601 598 1752 636 man-

183 715 406 767 datum:
447 727 466 758 ι
503 705 659 763 Dum,
707 699 901 769 inquit,
930 704 1053 748 ante
1089 688 1320 742 domina:
1371 679 1586 732 veneris
1624 690 1756 728 cou-

186 812 420 870 spectum
444 808 497 852 et
520 794 674 862 jussa
705 789 872 844 fueris
898 783 1131 853 pandere
1155 774 1445 831 somnium,
1487 767 1633 820 dices
1673 762 1756 814 vi-

186 896 324 948 disse
375 901 428 943 te
465 900 665 956 equum
711 890 766 935 et
815 890 1027 948 equam,
1084 863 1474 939 pulcherrimus
1515 854 1755 908 omnium

187 979 593 1038 obambulantes
622 973 898 1037 aliumque
929 959 1209 1034 parvulum
1242 965 1380 1024 pone
1405 962 1502 1002 eos
1527 957 1758 1010 sequen-

189 1085 310 1128 tem.
339 1091 358 1121 ι
417 1069 624 1122 Parens
670 1062 760 1116 illa
805 1056 982 1110 verbis
1011 1050 1114 1104 viri
1156 1046 1322 1100 refert
1362 1036 1598 1093 dominis
1649 1030 1758 1085 lit-ti

188 1165 344 1219 verba
375 1159 591 1215 somnii.
621 1150 980 1208 Gratulantur
1009 1143 1082 1196 illi
1108 1153 1206 1209 pro
1221 1131 1462 1202 auspicio
1496 1118 1760 1180 nascituri

191 1254 361 1327 pueri,
401 1249 634 1304 faruttlos
675 1245 926 1297 libertate
951 1237 1173 1291 donant.
1213 1234 1506 1289 natumque
1535 1226 1761 1286 puerum

196 1348 292 1403 sibi
321 1345 586 1412 adoptant
607 1340 657 1392 in
691 1329 1014 1389 filiumJ‘ost
1038 1325 1173 1381 Iree,
1207 1315 1372 1371 ldatio
1401 1321 1457 1366 et
1483 1309 1601 1377 ejus
1627 1318 1764 1357 con-

187 1440 308 1508 iuge
349 1437 463 1489 vita
510 1425 918 1486 decedentibus,
973 1417 1124 1486 jussu
1172 1406 1370 1463 Leonis
1420 1393 1765 1469 imperatoris

192 1527 560 1586 Theudoricus
589 1520 789 1578 castris
818 1509 1185 1584 imperialibus
1218 1502 1372 1556 miles
1421 1506 1502 1550 est
1534 1493 1737 1546 ascitus

193 1623 306 1690 Qui,
339 1636 462 1675 cum
490 1614 705 1672 creteris
721 1607 1043 1681 proceritate
1071 1595 1316 1666 corporis
1351 1597 1495 1644 esset
1524 1585 1770 1640 eminen-

196 1719 311 1777 tiur,
345 1707 668 1766 fortitudine
691 1713 906 1772 quoque
930 1692 1296 1748 membrorum
1320 1684 1626 1744 virtuteque
1652 1671 1769 1726 auio

196 1807 262 1861 mi
294 1812 412 1859 erat
440 1793 817 1870 praestantior.
843 1786 994 1842 Unde
1018 1779 1117 1850 ipsi
1141 1779 1434 1844 imperator

197 1894 538 1952 senatoribus
558 1889 759 1942 charus
774 1877 1092 1935 habebatur.
1119 1861 1469 1922 Venientibus
1491 1857 1670 1922 itaque
1686 1867 1775 1905 su-

196 1987 455 2059 pradictis
489 1983 859 2034 ltomanorum
885 1967 1293 2027 Guthorumque
1344 1951 1538 2022 legatis
1562 1955 1616 2000 et
1647 1960 1773 2015 pro-

1049 2055 1079 2059 _.
1208 2051 1218 2059 ,
1420 2055 1430 2059 _
1532 2037 1748 2059 mw“

197 2037 394 2059 τηρ-ν

195 2090 309 2151 pter
335 2091 464 2146 qua:
495 2074 764 2123 venerant
789 2051 1502 2117 intimantihus,imperator
1532 2037 1778 2094 Theodo-

1031 2148 1041 2151 ⁸
1120 2145 1131 2151 ⁸
1212 2143 1223 2151 ⁵
1454 2136 1465 2151 ⁸
1495 2149 1517 2151 λ-
1536 2149 1548 2151 -
1569 2140 1673 2151 με--
1699 2128 1743 2151 ,I!

199 2128 298 2151 r'“
344 2128 368 2146 'l

199 2175 388 2229 ricum,
423 2162 758 2236 patriciatus
793 2157 996 2208 honore
1030 2143 1366 2213 insignitum,
1401 2136 1466 2188 ad
1493 2140 1676 2203 partes
1694 2128 1776 2182 di-

199 2266 333 2318 rexit
375 2259 552 2314 Italia:
581 2252 828 2308 tuendas.
875 2244 998 2312 Qui,
1028 2248 1216 2293 evectu
1249 2230 1423 2286 mtvali
1457 2224 1778 2294 Hesperiam

200 2356 498 2424 ingressus,
539 2360 667 2400 cum
692 2343 937 2396 Odoacro
968 2349 1031 2387 ac
1059 2326 1272 2385 llerulis
1314 2323 1475 2374 variis
1519 2312 1784 2372 successi-

201 2446 296 2502 bus
318 2443 461 2498 bella
497 2435 689 2510 gessit.
735 2430 978 2498 Quadam
1010 2431 1189 2477 autem
1220 2418 1338 2471 vice
1378 2412 1517 2466 bello
1541 2408 1784 2463 devictus

201 2541 525 2594 Ravennam
576 2528 792 2598 fugiens
845 2528 1031 2591 petere
1071 2523 1152 2568 cst
1191 2517 1432 2564 coactus.
1467 2503 1562 2557 Cui
1614 2506 1786 2554 mater

204 2636 333 2691 Lilia
356 2631 580 2687 obviam
609 2622 791 2686 venit;
820 2625 941 2670 orat
972 2622 1028 2666 ut
1055 2613 1106 2664 iu
1136 2607 1332 2662 bellum
1381 2601 1590 2655 redeat.
1639 2595 1786 2650 Cun-

205 2727 374 2783 ctanti
408 2721 595 2775 taliter
619 2713 770 2769 infit:
805 2731 822 2762 ι
854 2707 982 2764 Mihi
1021 2700 1201 2762 crede,
1253 2697 1357 2760 lili,
1392 2709 1495 2747 non
1518 2699 1600 2744 est
1634 2697 1790 2752 tugu-

211 2817 373 2874 rium,
405 2825 513 2881 quo
567 2806 779 2876 fugiens
810 2809 860 2854 te
913 2795 1158 2865 recipere
1197 2787 1394 2857 possis,
1422 2781 1525 2835 nisi
1564 2778 1789 2831 allevcm

211 2914 448 2966 vestem,
479 2908 534 2953 et
560 2912 703 2956 eam,
742 2907 807 2946 ex
841 2903 946 2958 qua
979 2886 1209 2956 primatu
1244 2879 1391 2931 fusus
1421 2890 1479 2928 es
1505 2873 1559 2925 in
1592 2869 1789 2930 lueem,

211 2993 540 3068 ingrediaris
573 2989 815 3042 domtnn.
856 3001 873 3032 ι

280 3048 300 3068 ε

280 3087 492 3153 Quibus
517 3077 702 3133 verbis
759 3071 1002 3126 irritatus
1049 3061 1287 3133 juvenis,
1342 3055 1656 3125 pudoreque
1707 3048 1788 3101 in.

210 3181 544 3233 flammatus,
578 3166 798 3221 collecta
828 3173 1071 3216 suorum,
1103 3165 1238 3221 quos
1269 3149 1334 3201 ad
1367 3157 1606 3214 przesens
1641 3152 1765 3206 repc

216 3271 308 3331 rit,
337 3279 507 3336 parva
550 3257 787 3327 quidem,
817 3250 908 3305 sed
943 3248 1163 3301 robusta
1199 3253 1382 3295 manu,
1422 3247 1586 3301 super
1610 3232 1794 3283 hostes

217 3317 396 3420 irruit,
426 3353 521 3425 qui
569 3345 775 3405 securri
817 3338 1053 3394 victoria:
1080 3335 1188 3387 late
1231 3327 1407 3383 diﬂ‘usi
1435 3323 1694 3392 jacebaut
1741 3317 1796 3371 in

218 3467 430 3521 campo.
464 3445 580 3500 llos
608 3455 738 3509 ergo
785 3431 1140 3488 circumfusos
1183 3421 1375 3478 sternit
1407 3419 1683 3486 fugatque,
1721 3412 1800 3479 ip-

219 3556 453 3610 smuque
484 3536 790 3591 Odoacrum
825 3523 988 3591 capit.
1017 3519 1185 3584 Quem
1219 3529 1323 3566 non
1353 3507 1522 3562 multo
1551 3511 1675 3573 post
1710 3516 1801 3555 oc—

219 3637 713 3692 ciditornnemque
759 3615 964 3671 Italiam
1007 3626 1036 3663 a
1064 3599 1437 3662 dominatione
1479 3593 1802 3650 Hernlorum

218 3723 444 3794 eripuit.
477 3715 586 3770 Sed
620 3707 893 3776 hunccjus
916 3711 1231 3772 prosperum
1271 3701 1588 3746 successum
1623 3681 1804 3736 invida

940 3792 947 3794 ’
1085 3788 1107 3794 ⁸
1180 3786 1190 3794 ⁵
1337 3783 1350 3794 ¹
1393 3788 1405 3794 Α
1464 3785 1495 3794 ν·
1524 3772 1674 3794 ΙμΑυῘ,
1702 3770 1782 3794 ..εκ

221 3770 420 3794 -..,,-_--
805 3770 821 3776 _
920 3770 929 3772 ν

221 3811 468 3871 mutavit
495 3807 732 3858 fortuna.
755 3795 889 3850 Nam
909 3792 1048 3845 sicut
1080 3786 1192 3840 fieri
1211 3783 1408 3836 assolet
1444 3785 1501 3829 ut
1523 3772 1678 3829 bouis
1702 3770 1805 3822 vir-

223 3906 355 3962 tutis
378 3902 736 3968 augmentum
781 3885 919 3956 apud
945 3878 1217 3950 improbos
1247 3871 1464 3927 invidia:
1491 3868 1579 3920 det
1609 3864 1808 3926 locum,

224 3996 458 4067 quidam
485 3989 553 4040 de
577 3979 921 4037 senatoribus
941 3971 1080 4041 apud
1111 3966 1300 4022 urbem
1331 3961 1536 4030 regiam
1571 3968 1810 4009 comma-

971 4064 980 4067 λ
1055 4063 1065 4067 ⁸
1111 4061 1120 4067 “
1205 4058 1215 4067 ·
1300 4056 1309 4066 ·
1339 4056 1346 4067 -
1389 4053 1399 4067 ι
1474 4058 1512 4067 κ-
1583 4044 1788 4067 --.ξιηη

228 4096 424 4141 nentes
495 4073 749 4133 secundis
800 4061 1124 4122 Theudorici
1205 4053 1518 4110 invidebant
1581 4044 1812 4100 actibus.

229 4177 588 4243 Quapropter
617 4164 870 4228 derogare
893 4151 1032 4224 apud
1059 4151 1436 4218 imperatorem
1472 4138 1631 4193 rebus
1660 4133 1727 4187 ab
1754 4147 1818 4186 eo

234 4222 404 4243 H""l"
463 4222 480 4237 I
749 4222 773 4228 -.
931 4222 942 4224 ἡ

228 4267 441 4335 optime
475 4255 649 4330 gestis
681 4248 857 4306 conati
886 4252 1042 4305 sunt;
1070 4240 1437 4302 adeuntesque
1461 4229 1694 4283 Leonem
1722 4222 1817 4274 im~

1042 4332 1049 4335 “
1314 4325 1325 4335 ’
1557 4333 1582 4335 --
1615 4330 1671 4335 Α--
1694 4331 1703 4335 -
1746 4311 1791 4335 In

231 4311 436 4335 "l’"""
476 4311 508 4330 υ

230 4366 563 4431 peratorem
587 4347 700 4414 ejus
725 4332 1204 4396 clementissimum
1238 4325 1481 4380 animum
1521 4333 1585 4370 ex
1611 4330 1708 4368 sua
1746 4311 1820 4362 le-

809 4429 818 4431 _
1161 4418 1172 4431 ⁸
1258 4430 1269 4431 ί
1319 4425 1433 4431 ---Α
1495 4398 1818 4431 ΤΙ-ΑηιΙΛ--ἶιπῖ

233 4398 412 4502 :itate
475 4438 616 4492 alios
663 4429 1062 4486 existimantem
1125 4418 1193 4471 ab
1251 4425 1437 4467 amore
1495 4398 1819 4461 Theudorici

236 4547 501 4594 avertere
551 4522 874 4598 gestiebant,
923 4511 1290 4579 contingentes
1334 4500 1467 4554 velle
1525 4489 1823 4550 Theodori-

239 4650 365 4689 cum
416 4619 700 4691 Hesperia:
721 4613 959 4681 arripere
991 4617 1237 4670 regnum.
1264 4595 1670 4659 llisimperator

242 4724 408 4779 dolus
443 4712 628 4768 verbis
669 4720 793 4761 eum
825 4702 892 4755 ab
929 4697 1079 4753 Italia
1111 4684 1421 4747 accersivit.
1449 4678 1616 4747 Cujus
1647 4673 1825 4727 Theo-

243 4819 476 4874 doricus
505 4820 701 4879 parens
729 4795 1012 4870 praaceptis
1044 4803 1166 4844 cum
1217 4779 1491 4838 nobilibus
1529 4771 1828 4829 Gothorum

246 4914 296 4968 ei
330 4893 868 4964 ConstantinOpolim
901 4881 1158 4941 occurrit.
1191 4874 1504 4930 Delatorutn
1535 4879 1664 4918 vero
1709 4873 1833 4912 ver-

247 5003 396 5060 sutia
425 4996 682 5066 princeps
712 4988 965 5049 deceptus
991 4979 1335 5044 segregatum
1383 4979 1412 5016 a
1447 4959 1561 5015 suis
1590 4950 1835 5009 Theodo-

253 5098 437 5151 rieum
466 5083 774 5142 iuterticere
794 5072 1081 5144 cogitabat.
1115 5061 1222 5118 Sed
1239 5041 1835 5123 hujusmachinationis

256 5131 437 5151 IILIIII-
470 5131 705 5142 ...ν-νη--
757 5131 766 5132 κ
864 5131 890 5144 υ

255 5181 484 5243 technis
532 5169 770 5230 obviavit
802 5161 1142 5219 Ptolomaeus,
1176 5149 1262 5202 vir
1300 5139 1556 5199 senatorii
1604 5131 1836 5196 ordinis,

1425 5234 1434 5243 '
1662 5222 1807 5243 "‘1.--

465 5283 528 5322 us
561 5259 819 5319 consiliis.
852 5253 950 5320 Qui
1007 5243 1305 5304 ﬁdissimus
1333 5234 1630 5286 amicorum
1662 5222 1838 5275 Theo-

1703 4596 1825 4638 CI‘CO

256 5273 456 5350 provid

1197 294 1513 356 HISTORIA
1550 278 1995 347 FRANCORUM.
2041 305 2104 320 —
2141 273 2269 330 LIB.
2304 269 2347 326 1.

1781 401 1825 458 Α
1855 390 2106 462 quamvis
2136 389 2206 442 sit
2226 383 2492 441 bellorum
2523 374 2814 432 sublimata
2835 366 3145 438 triumphis,
3186 363 3306 436 plus
3340 375 3418 419 ta-

3317 251 3422 307 6.56

1856 495 1978 535 men
2010 478 2221 533 decoris
2246 471 2478 528 emeruit
2537 463 2836 534 insignibus
2868 460 3092 528 integra:
3142 455 3264 509 fidei
3304 471 3417 507 ma-

1851 571 2169 642 gnificaeque
2211 564 2450 636 pietatis.
2477 556 2712 625 Majorcs
2741 553 2939 623 quippe
2978 547 3154 602 nostri
3195 545 3316 615 plus
3359 559 3418 596 se

1855 663 2177 716 alterutrum
2216 657 2410 726 pietate
2447 665 2610 720 quam
2650 650 2831 703 hostes
2865 642 3149 698 certabant
3203 638 3427 692 vincere

1857 752 2052 806 bellico
2076 748 2216 816 jure.
2250 741 2760 800 Pra'stantissimum
2819 733 3035 804 quidem
3069 729 3213 799 quod
3255 727 3426 781 fertur

1859 842 2040 911 Scipio
2069 841 2134 894 de
2165 835 2494 903 Carthagine
2526 829 2914 898 triumphasse;
2945 820 3306 892 przestabilius
3331 834 3425 870 ve-

1861 950 1920 988 ro
1945 932 2086 1003 quod
2117 928 2313 982 dicitur
2342 921 2675 977 infestissimi
2721 918 2890 972 hostis
2915 912 3187 980 exsequiis
3214 927 3316 963 nun
3345 924 3435 961 so-

1861 1025 1969 1077 bna
2025 1019 2357 1078 interfuisse,
2401 1027 2586 1066 verum
2622 1021 2676 1063 ct
2723 1009 2882 1061 finus
2946 1004 3120 1072 ipsum
3169 997 3428 1068 subjectis

1863 1112 2076 1166 vexisse
2106 1106 2367 1162 humeris.
2401 1097 2697 1156 Landabile
2725 1108 2937 1165 quoque
2984 1091 3299 1160 Pompeium
3334 1085 3432 1138 Mi-

1866 1205 2078 1258 tridatis
2121 1200 2324 1253 delesse
2368 1195 2554 1262 cupias
2598 1192 2880 1259 ipsumque
2934 1185 3000 1238 ad
3055 1190 3283 1237 mortem
3339 1194 3437 1232 co-

1866 1296 2073 1365 egisse;
2105 1287 2422 1344 laudabilius
2443 1284 2603 1339 etiam
2653 1280 2938 1348 Tigranem
2981 1289 3098 1330 sese
3125 1272 3435 1334 dedentem,

1874 1395 2155 1452 terr-teque
2183 1389 2308 1434 ante
2353 1375 2517 1446 pedes
2542 1379 2873 1443 prostratum
2913 1383 2974 1420 ac
2998 1363 3246 1418 diadema
3277 1375 3439 1415 suum

1870 1491 2031 1544 super
2053 1486 2222 1542 genua
2252 1467 2367 1535 ejus
2383 1470 2669 1535 ponentem
2712 1474 2817 1513 non
2847 1455 3020 1512 solum
3058 1451 3313 1510 elevasse,
3350 1463 3440 1501 ve-

1873 1585 1990 1622 rmn
2014 1566 2174 1620 etiam
2218 1573 2474 1614 coronam
2503 1555 2620 1625 ejus
2653 1550 2815 1619 capiti
2849 1544 3196 1615 imposuisse,
3228 1541 3440 1608 sibique

1874 1657 2170 1713 consedere
2207 1651 2423 1706 fecisse.
2453 1645 2593 1712 Quid
2649 1638 2951 1696 mirabilem
2979 1633 3168 1705 Reguli
3209 1629 3448 1686 consulis

1439 1767 1452 1821 i
1482 1764 1772 1829 multisque
1803 1753 1846 1812 Β
1877 1747 2104 1803 referam
2139 1743 2318 1804 fidem,
2348 1739 2437 1807 qui
2473 1734 2661 1790 maluit
2709 1734 2850 1786 inter
2879 1728 3222 1782 inimicorum
3256 1735 3450 1776 manus

1879 1837 2134 1895 inauditis
2162 1833 2340 1904 perire
2373 1826 2652 1898 suppliciis
2692 1837 2854 1892 quam
2896 1813 3252 1890 jurisjttrandi
3293 1811 3449 1866 frma

1881 1948 1912 2002 g
1935 1933 2056 1984 ndo
2077 1920 2247 1981 Itidem
2274 1925 2457 1978 Rutilo:
2491 1917 2896 1972 amantissimus
2931 1913 3116 1965 vivere
3139 1905 3307 1962 civis?
3337 1904 3453 1957 Non

1879 2036 2010 2090 ergo
2067 2015 2351 2086 suscipias,
2409 2006 2835 2066 clementissime
2891 2003 3208 2070 imperator,
3265 2010 3454 2050 eorum

1881 2087 2041 2166 verba
2075 2108 2163 2178 qui
2197 2108 2364 2161 decus
2421 2101 2628 2172 imperii
2665 2099 2736 2152 tui
2767 2095 3005 2167 perfidia:
3039 2091 3227 2145 volunt
3277 2087 3458 2157 inqui.

1886 2217 2017 2256 nare
2041 2196 2270 2253 tuacula.
2297 2193 2432 2262 Quid
2457 2192 2730 2246 enimtoto
2751 2183 3034 2240 diceturin
3061 2183 3214 2244 orbe,
3243 2179 3285 2232 si
3314 2193 3454 2247 pra:-

1883 2290 2278 2345 stautissimum
2310 2286 2501 2339 ducem
2556 2290 2664 2333 tam
2728 2274 3104 2330 infaudiss:ma
3159 2267 3459 2340 peremcris

1886 2383 2094 2439 morte?
2126 2380 2232 2435 Sed
2270 2376 2480 2447 placeat
2534 2371 2630 2427 tibi
2661 2368 2948 2424 Consilium
2992 2376 3194 2425 meum,
3225 2369 3299 2423 et,
3332 2360 3462 2412 dum

1887 2475 2148 2545 palatium
2203 2465 2488 2523 intraverit
2514 2461 2911 2519 Theodericus,
2940 2454 3198 2512 custodire
3251 2450 3427 2505 manci
3455 2482 3463 2491 ο

1887 2575 2045 2638 petor
2072 2563 2303 2617 vinctus.
2359 2560 2490 2614 Post
2535 2557 2651 2611 lucc
2681 2552 2968 2606 mittantur
2995 2562 3058 2601 ex
3119 2542 3463 2599 senatoribus

1891 2656 2077 2727 aliqui,
2097 2655 2187 2724 qui
2219 2655 2319 2708 hoc
2346 2667 2376 2705 a
2410 2664 2496 2704 tua
2529 2648 2731 2718 pietate
2755 2655 3074 2711 responsum
3099 2635 3339 2690 referant
3360 2633 3467 2686 Coo

1895 2753 2034 2808 this:
2061 2769 2077 2800 ι
2104 2747 2241 2811 Non,
2265 2728 3254 2814 inquiant,dimitteturTheodoricus,
3280 2725 3381 2779 nisi
3408 2737 3467 2778 se

1895 2843 2207 2916 purgaverit
2243 2836 2472 2908 objectis
2503 2829 2844 2887 criminibus.
2875 2843 2893 2877 ι

1968 2907 2177 2990 Piacuit
2217 2907 2396 2985 sermo
2426 2921 2652 2995 principi
2689 2926 2995 2985 euuctoque
3044 2911 3274 2967 senatui.
3305 2907 3473 2962 Mittis

1897 3036 1983 3081 tur
2020 3025 2342 3080 Ptolomteus
2393 3033 2517 3073 ettm
2548 3014 2668 3066 aliis
2701 3010 2912 3080 legatis,
2965 3008 3076 3060 haec
3122 3002 3472 3057 nuntiaturus

1818 3102 1863 3165 (ἶ
1898 3118 2106 3173 Gothis.
2136 3109 2620 3166 Prtetniseratsane
2645 3117 2867 3170 puerum
2901 3101 3000 3152 hoc
3045 3096 3150 3150 illis
3187 3093 3473 3147 intimatu-

1902 3225 2040 3269 rum,
2067 3214 2122 3258 ut
2147 3219 2270 3268 eum
2300 3217 2422 3254 cum
2449 3195 2660 3252 caneris
2691 3190 2992 3245 venientem
3015 3192 3273 3254 caperent
3294 3182 3480 3236 ethtec

1903 3293 2214 3366 imperatori
2245 3289 2592 3346 mandarent:
2616 3303 2632 3334 t
2657 3283 2769 3335 Non
2804 3280 3148 3334 remittentur
3175 3281 3477 3331 senatores,

1905 3387 2009 3441 nisi
2036 3384 2314 3438 dominum
2346 3394 2503 3432 sutnn
2547 3370 2853 3441 receperint
2878 3367 3176 3422 Gothorum
3205 3360 3431 3416 nobiles.
3455 3378 3473 3409 ι

1904 3477 1980 3531 Illi
2010 3475 2228 3529 monitis
2260 3470 2360 3524 sibi
2384 3465 2688 3520 utilissimis
2715 3456 3108 3516 obsecundant,
3141 3452 3485 3506 circumven-

1910 3579 1994 3624 tos
2021 3575 2305 3622 senatores
2333 3564 2386 3614 in
2410 3556 2620 3612 vincula
2656 3551 2975 3620 conjiciunt.
3004 3547 3118 3612 Qua
3149 3559 3206 3596 re
3234 3555 3486 3608 comper-

1911 3676 1984 3728 ta,
2021 3663 2200 3717 Cazsnr
2236 3657 2503 3712 feritatem
2552 3648 2730 3718 gentis
2765 3644 2994 3704 veritus,
3030 3655 3096 3692 nc
3119 3635 3246 3705 quid
3277 3635 3328 3687 iu
3357 3646 3486 3686 suos

1913 3753 2133 3810 crudele
2167 3756 2384 3818 agerent
2411 3741 2657 3797 consulto
2693 3732 2974 3806 pra-cavit,
2997 3738 3052 3782 et
3089 3723 3488 3780 Theodericum

1915 3845 2120 3900 salvum
2154 3837 2346 3894 Gothis
2398 3830 2651 3887 reddidit.
2680 3829 2755 3880 lta
2790 3821 3015 3894 provido
3071 3816 3232 3871 amici
3265 3811 3492 3868 consilio

1917 3939 1982 3990 ad
2015 3946 2254 4004 praesens
2283 3927 2347 3980 de
2394 3921 2584 3976 mortis
2611 3919 2874 3971 liberatus
2924 3920 3005 3965 est
3041 3903 3298 3977 periculo.
3352 3903 3491 3954 Dum

1917 4041 2048 4084 vero
2085 4023 2312 4076 Romam
2351 4028 2602 4070 reversus
2650 4016 2817 4070 esset,
2869 4003 3048 4057 varios
3099 4013 3223 4053 eum
3269 3993 3496 4060 contigit

1920 4121 2181 4176 bellorum
2229 4112 2433 4166 habere
2483 4114 2787 4158 successus.
2819 4094 2953 4150 Nam
3009 4100 3066 4146 et.
3107 4090 3312 4142 Avares
3353 4097 3498 4150 smpe

1921 4212 2062 4268 bello
2088 4205 2310 4266 devicit,
2345 4202 2625 4266 victusque
2661 4194 2728 4248 ab
2765 4190 2846 4246 eis
2888 4195 2994 4242 est.
3020 4181 3263 4250 Quodam
3317 4184 3501 4230 autem

1924 4305 2032 4365 die,
2059 4294 2398 4368 supradictos
2431 4291 2615 4343 hostes
2655 4281 2842 4353 prtelio
2880 4282 3166 4344 superatos
3208 4267 3505 4338 fugientes-I

1927 4411 2030 4464 que
2057 4391 2182 4446 totis
2198 4386 2408 4442 credens
2435 4381 2560 4444 viis,
2586 4376 2726 4432 haud
2757 4368 2947 4442 procul
2967 4367 3034 4421 ab
3091 4377 3267 4424 amne,
3299 4357 3386 4414 cui
3412 4358 3502 4410 lli-

1927 4499 2034 4542 stcr
2057 4494 2249 4537 nomen
2269 4484 2374 4540 est,
2388 4483 2570 4528 castra
2591 4463 2898 4524 constituit;
2922 4468 2974 4516 et
2989 4454 3174 4528 paucis
3190 4463 3409 4504 suorum
3424 4463 3507 4500 asc

1929 4577 2177 4647 sumptis,
2201 4569 2531 4642 speculatum
2554 4564 2736 4616 hostes
2754 4553 3036 4626 processit,
3062 4561 3183 4602 cum
3201 4585 3216 4609 ,
3239 4557 3365 4596 ecce
3388 4538 3509 4608 quia

1932 4672 2053 4724 dam
2075 4667 2237 4726 Avar,
2288 4658 2498 4714 Xerxes
2520 4651 2754 4707 nomine.
2781 4646 2964 4700 itidem
2995 4637 3226 4694 tentoria
3260 4630 3511 4685 Theodoo

1935 4760 2032 4814 rici
2064 4754 2446 4824 exploraturus
2475 4739 2770 4812 singularis
2807 4729 3149 4788 adveniebat.
3174 4725 3342 4789 Quem
3366 4719 3509 4772 The.-

1937 4848 2158 4904 doricus
2185 4840 2356 4897 Solum
2379 4839 2675 4892 adventare
2705 4825 3075 4894 conspicatus,
3108 4825 3218 4867 tres
3248 4825 3278 4863 e
3302 4809 3418 4862 suis
3443 4807 3519 4860 di-

1941 4940 2067 5010 rigit
2089 4935 2178 5005 qui
2207 4946 2328 4988 eum
2359 4937 2577 4998 captum
2602 4923 2756 4981 ocius
2787 4916 2890 4969 sibi
2929 4908 3342 4983 prarseutarent.
3374 4900 3522 4963 Quos

1943 4986 2066 5010 "D"
2094 4986 2144 5005 ἰ’
2170 4986 2177 4988 ‘
2219 4986 2229 4988 ‘
2429 4986 2444 4998 ι

1942 5032 2086 5084 Avar
2120 5025 2356 5083 Xerxes,
2388 5021 2565 5090 fugam
2597 5015 2824 5080 lingcus,
2866 4996 3174 5073 singulatim
3225 4986 3527 5042 interemit.

1941 5123 2088 5176 Alios
2105 5127 2317 5186 quoque
2343 5076 2577 5179 [τρςῖκηὶ
2597 5103 2754 5157 modo
2779 5096 2902 5149 neci
2921 5085 3160 5148 tradidit.
3183 5078 3338 5129 Tunc
3355 5076 3535 5130 Τὶιθοι

1946 5167 2192 5186 ’“”“’”Ἰ⁷“⁷
2232 5167 2246 5183 1
2465 5167 2476 5179 ι

1946 5213 2186 5271 doricus,
2238 5204 2404 5257 sociis
2447 5185 2961 5254 reformidautibus,
3000 5188 3123 5232 eum
3187 5167 3534 5234 aggreditur;

1949 5317 2071 5356 cum
2097 5314 2203 5367 quo
2229 5295 2320 5346 diu
2367 5291 2703 5352 multumque
2730 5279 3042 5330 decertans,
3079 5257 3296 5314 tandem
3330 5255 3544 5310 Xerxes

2115 5351 2129 5367 _
2618 5351 2630 5352 γ

2085 5395 2093 5398 -
2124 5393 2132 5398 .
2293 5389 2304 5398 .
2454 5395 2461 5397 .
2594 5394 2610 5398 -
2642 5366 2996 5398 memorum“.
3023 5354 3256 5398 ρςιιιίιιιν-
3291 5361 3462 5398 atoue
3494 5351 3547 5398 iu
