4044 5428
560 325 664 384 6ιῖ

1604 323 1863 380 ΑΙΜΟΙΝΙ
1902 324 2208 381 MONACHI
2245 321 2744 381 FLORIACENSIS

3708 326 3816 383 ωε

558 440 668 497 Sed
705 439 833 494 dum
881 451 1008 493 eum
1037 450 1137 492 nec
1163 445 1370 491 terrore
1420 437 1657 501 concuti,
1701 452 1801 491 nec
1851 437 2137 508 promissis
2167 456 2209 513 Α
2240 434 2421 490 dolum
2451 437 2849 505 perscntiscens
2890 435 3122 506 fortique
3159 436 3442 493 conamine
3470 444 3640 506 caput
3659 451 3813 490 excu-

558 533 698 589 ﬂecti
728 547 884 604 posse
904 529 1297 601 conspexisset,
1327 527 1510 583 multis
1533 527 1785 584 affectum
1828 527 2040 598 injuriis
2068 530 2136 583 ad

558 625 790 696 patriam
824 623 1002 678 redire
1044 621 1289 692 permisit
1345 621 1568 676 invitus.
1617 620 1710 674 llle
1766 636 1914 686 vero,
1948 629 2136 675 natatu

560 719 758 773 flumen
787 716 1029 770 Histrum
1061 715 1356 784 ingressus,
1375 723 1520 769 retro
1549 716 1845 785 respiciens
1866 717 1932 771 ad
1957 716 2137 771 Theo-

558 811 803 864 dericum
830 808 1012 861 taliter
1036 806 1154 860 infit
1183 825 1196 860 :
1229 824 1247 857 ‹
1279 807 1413 870 Tua,
1447 807 1640 876 inquit,
1668 817 1864 862 exutus
1895 808 2137 862 domina-

563 903 710 956 tione
750 915 991 970 meaeque
1050 900 1291 954 redditus
1353 900 1610 964 libertati,
1637 901 1702 954 ad
1740 911 1788 955 te
1842 916 1985 956 nunc
2021 900 2135 968 jam

559 1011 738 1052 meum
769 1005 1020 1051 revertar
1063 997 1360 1058 dominum,
1395 996 1657 1066 pollicens
1695 1013 1778 1052 me
1807 997 1901 1051 tibi
1928 997 2136 1052 fidelem

563 1086 679 1142 fore
707 1085 991 1140 famulum.
1023 1104 1040 1137 ι
1082 1085 1175 1140 llis
1213 1085 1395 1149 dictis,
1431 1087 1603 1155 ripam
1650 1100 1810 1156 quam
1842 1086 2136 1156 reliquerat

560 1176 780 1247 repetiit
805 1185 858 1230 et
887 1175 1077 1230 ditioni
1103 1191 1160 1230 se
1191 1175 1516 1230 Theoderici
1536 1177 1829 1232 commisit.

632 1268 726 1322 llis
756 1269 1030 1336 prosperis
1053 1267 1400 1322 successibus
1425 1269 1551 1322 dum
1591 1268 1640 1321 in
1675 1268 1825 1321 Italia
1849 1267 2136 1337 saepefatus

558 1358 783 1430 polleret
815 1358 1095 1427 patricius,
1150 1358 1616 1427 Constantinopoli
1651 1358 1790 1428 apud
1847 1359 2138 1430 imperato-

563 1465 677 1504 rem
704 1447 898 1502 invidis
929 1449 1328 1504 detrahentium
1377 1447 1719 1503 lacerabatur
1764 1449 2137 1505 relationibus.

559 1539 933 1610 lmproborum
978 1539 1176 1594 etenim
1208 1549 1416 1594 mentes
1461 1539 1760 1605 hominum,
1794 1541 2025 1595 aliorum
2058 1541 2140 1596 in-

562 1632 862 1686 commodis
898 1646 991 1685 sua
1043 1630 1290 1686 volentes
1329 1642 1678 1704 augmentare
1703 1634 2006 1699 commoda,
2038 1634 2136 1690 bo-

563 1736 760 1776 norum
825 1720 1106 1777 benefacta
1155 1723 1397 1777 virorum
1465 1726 1792 1780 contrariam
1845 1727 2140 1780 moliuntur

2240 528 2400 592 tiens,
2421 529 2635 582 amissis
2661 529 2916 583 cornibus
2956 530 3145 583 silvam
3172 530 3328 598 petiit
3363 529 3653 600 profugus.
3678 529 3817 582 Indi-

2238 627 2433 689 gnatus
2468 619 2760 688 imperator
2785 629 3149 690 contemptum
3174 620 3279 684 sui,
3302 629 3357 674 et
3381 619 3675 688 impatiens
3698 619 3813 682 irae,

2240 709 2406 764 multa
2433 711 2750 766 furibundus
2768 726 2934 766 cervo
2959 712 3360 766 intermittatur.
3395 710 3816 780 Conqueramur

2241 799 2382 855 inter
2422 816 2481 855 se
2507 800 2634 855 fera:
2662 816 2760 870 pro
2791 803 3050 872 principis
3086 801 3300 870 injuria,
3332 816 3432 856 nec
3458 810 3643 854 tamen
3667 799 3818 852 invc~

2241 893 2388 947 nitur
2430 893 2538 948 ulla
2580 909 2701 963 quae
2748 909 2968 950 cervum
3004 895 3252 965 persequi
3286 894 3486 947 audeat
3514 892 3662 947 hanc
3689 906 3819 946 con-

2244 983 2520 1037 tumeliam
2547 982 2903 1039 vindicatura.
2936 985 3038 1052 Qui
3076 986 3178 1040 etsi
3225 986 3500 1040 videretur
3527 997 3651 1038 esse
3676 983 3820 1036 iners

2241 1072 2364 1137 mis,
2411 1073 2616 1142 pernici
2679 1082 2858 1128 tamen
2902 1089 3064 1128 cursu
3127 1074 3438 1128 transiliens
3486 1071 3648 1126 ardui
3687 1069 3820 1140 juga

2243 1162 2463 1226 montis,
2487 1163 2742 1218 evaderet
2765 1163 2880 1218 sine
2902 1164 3162 1218 beneﬁcio
3185 1163 3376 1217 noctis.
3403 1161 3534 1215 Erat
3561 1161 3706 1214 inter
3725 1175 3822 1213 eas

2239 1251 2446 1321 vulpes,
2471 1252 2676 1306 artibus
2706 1251 2906 1306 callens
2943 1252 3254 1323 ingeniosis.
3297 1251 3444 1305 Hattc
3477 1251 3725 1310 mittunt,
3759 1258 3821 1301 ut

2241 1339 2458 1395 cervum
2487 1342 2677 1397 callide
2701 1343 2984 1398 conveniat
3009 1353 3064 1398 et
3088 1346 3153 1396 ad
3178 1343 3386 1397 leonem
3419 1343 3598 1396 redire
3629 1339 3816 1393 faciat.

2241 1431 2589 1502 Obtemperat
2621 1432 2713 1488 illa
2737 1433 2924 1502 jussis,
2956 1448 3176 1488 cervum
3204 1433 3318 1487 adit
3351 1431 3597 1499 dicitque
3621 1444 3683 1484 se
3702 1428 3820 1497 ejus

2240 1523 2410 1578 dolori
2439 1525 2700 1594 compati;
2737 1533 2812 1590 ct,
2840 1525 2982 1594 quod
3003 1525 3121 1580 sine
3149 1539 3310 1579 causa
3343 1522 3468 1576 talia
3494 1535 3690 1592 passus
3721 1519 3818 1582 sit,

2242 1612 2342 1667 sibi
2372 1613 2627 1683 injustum
2660 1615 2852 1670 videri.
2881 1615 2974 1669 Ille
3012 1625 3238 1670 econtra
3288 1613 3458 1668 multa
3497 1613 3552 1666 in
3603 1611 3820 1666 leonem

2242 1717 2540 1774 congerens
2592 1705 2898 1772 maledicta,
2965 1721 3047 1770 se,
3103 1706 3230 1759 dum
3276 1701 3620 1772 obsequitur,
3677 1697 3824 1752 male

559 1824 775 1868 vertere
813 1815 866 1869 in
911 1823 1144 1884 partem.
1197 1814 1437 1885 Denique
1483 1816 1801 1886 imperator,
1838 1817 2137 1872 delatorum

2245 1798 2529 1852 multatum
2559 1799 2931 1868 conqueritur.
2962 1797 3062 1852 Cui
3103 1797 3289 1866 vulpes
3317 1809 3334 1849 :
3367 1793 3698 1886 Videndum,
3742 1785 3825 1885 in:

558 1905 794 1960 versutis
843 1905 896 1959 in
947 1920 1189 1961 errorem
1221 1907 1476 1962 inductus
1505 1907 2020 1973 insimulationibus,
2061 1908 2144 1962 fu-

559 2011 794 2066 rensque
823 1997 1004 2052 animo
1049 1997 1193 2067 quod
1241 1997 1613 2053 Theodericus
1662 1999 1954 2054 insidiator
1991 1999 2143 2071 regni

559 2104 678 2143 esse
701 2087 997 2152 ferebatur,
1023 2102 1146 2142 eum
1171 2089 1366 2143 iterum
1395 2090 1461 2144 ad
1487 2106 1546 2144 se
1569 2090 1756 2144 venire
1783 2091 2023 2153 mandat,
2049 2089 2145 2143 ha-

560 2177 784 2248 bitoque
809 2193 928 2233 cum
961 2178 1308 2233 senatoribus
1334 2179 1524 2234 mortis
1551 2179 1667 2250 ejus
1693 2187 1952 2246 tractatu,
1976 2178 2143 2250 juris-

551 2268 772 2338 jnrandi
803 2269 905 2324 fide
927 2284 1020 2324 eos
1048 2270 1255 2340 obligat
1289 2286 1356 2326 ne
1393 2273 1515 2342 quis
1543 2272 1728 2326 arcani
1776 2272 1858 2326 sui
1900 2273 2146 2343 proditor

559 2363 784 2417 existat.
810 2363 1182 2417 Theodericus
1221 2373 1423 2429 autem,
1456 2364 1723 2433 legatione
1757 2365 2020 2435 principis
2054 2381 2146 2420 ac-

561 2463 738 2524 cepta,
769 2470 799 2509 e
828 2455 1056 2524 vestigio
1085 2455 1150 2507 ad
1183 2453 1532 2507 Ptolomaeum
1558 2454 1735 2523 (cujus
1765 2471 1926 2525 supra
1963 2456 2145 2510 memi-

562 2546 762 2616 nimus)
798 2546 964 2599 mittit
1015 2560 1266 2614 puerum,
1305 2555 1362 2597 ut
1395 2545 1493 2600 sibi
1542 2547 1820 2602 remandet
1850 2556 2027 2601 utrum
2056 2563 2143 2602 ex-

561 2637 742 2706 pediat
789 2635 1137 2706 imperatoris
1197 2636 1386 2689 audire
1440 2646 1789 2705 praeceptum.
1858 2637 1971 2702 Ille,
2017 2637 2142 2691 dum

567 2727 790 2783 simulat
819 2743 877 2783 se
908 2727 1043 2781 velle
1086 2741 1400 2796 responsum
1442 2742 1546 2779 non
1585 2728 1829 2790 reddere,
1873 2728 2023 2797 pueri
2053 2729 2143 2797 qui

564 2819 763 2873 missus
794 2818 966 2872 fuerat
992 2818 1248 2871 instantia
1278 2817 1584 2888 veterisque
1609 2819 1706 2872 viri
1737 2819 1980 2872 devictus
2002 2819 2141 2872 ami-

561 2910 710 2974 citia,
743 2909 960 2963 tandem
989 2908 1307 2963 Theoderici
1339 2909 1514 2977 legato
1557 2910 1678 2963 talia
1706 2910 1796 2963 dat
1826 2919 2095 2979 priecepta
2126 2927 2138 2964 :

567 3021 586 3054 ι
622 3002 916 3062 Hodierna,
968 3001 1162 3070 inquit,
1219 3003 1305 3056 die
1336 3002 1582 3056 natalitio
1631 3004 1974 3072 imperatoris
2029 3004 2145 3058 exi-

563 3102 742 3148 stente
773 3093 1035 3164 nobisque
1063 3095 1404 3148 senatoribus
1432 3111 1553 3148 cum
1579 3110 1642 3148 ee
1673 3095 1876 3163 pariter
1907 3095 2142 3149 discum-

2243 1886 2377 1956 quit,
2399 1895 2484 1940 est
2512 1900 2582 1940 ne
2609 1886 2752 1955 quod
2777 1894 2833 1938 tu
2877 1883 3088 1953 injuriae
3109 1883 3355 1951 deputas,
3379 1879 3467 1935 ille
3491 1878 3703 1932 amoris
3743 1874 3823 1928 tui

2242 1991 2402 2031 causa
2425 1976 2618 2032 fecisse
2642 1976 3041 2046 comprobetur.
3070 1973 3204 2028 Nam
3233 1973 3362 2028 dum
3399 1981 3474 2037 te,
3503 1980 3563 2023 ut
3581 1968 3824 2030 :rstiaio,

2243 2066 2347 2124 sibi
2369 2068 2666 2138 supplicem
2715 2068 2782 2122 ad
2829 2081 2985 2121 suum
3037 2064 3251 2120 elevare
3285 2062 3399 2118 vult
3438 2058 3711 2124 osculum,
3745 2067 3823 2123 tu,

2242 2158 2382 2213 torte
2414 2166 2610 2227 putans
2650 2172 2912 2222 morsum,
2961 2156 3080 2226 ejus
3125 2152 3402 2210 declinasti
3437 2159 3823 2220 conspectum.

2241 2250 2312 2304 At
2337 2250 2449 2318 ipse
2478 2264 2620 2304 nunc
2652 2258 2702 2304 te
2730 2249 3010 2304 absentem
3035 2262 3157 2304 esse
3191 2247 3360 2310 dolet,
3405 2246 3476 2300 de
3507 2253 3562 2300 te
3593 2244 3826 2300 absente

2243 2355 2546 2395 sermonem
2583 2341 2768 2410 agitat,
2817 2341 2869 2392 in
2897 2347 2950 2393 te
2974 2338 3089 2393 solo
3134 2335 3248 2406 ejus
3279 2335 3507 2390 intentio
3549 2343 3821 2414 moratur.

2243 2434 2380 2500 Quid
2413 2433 2599 2503 plura?
2621 2434 2812 2488 suadet
2839 2446 3000 2486 cervo
3032 2438 3089 2484 ut
3108 2429 3316 2484 leonem
3341 2428 3504 2482 adeat
3527 2441 3595 2480 ac
3623 2425 3745 2495 ejus
3767 2438 3826 2478 se

2244 2531 2436 2587 ditioni
2463 2530 2785 2584 committat.
2823 2526 2924 2592 Qui
2956 2525 3103 2585 dum,
3135 2530 3196 2577 ut
3237 2530 3381 2586 ante,
3432 2517 3699 2572 inclinato
3729 2531 3825 2570 ea-

2244 2625 2354 2693 pite
2386 2637 2566 2693 regem
2589 2621 2911 2676 adoraturus
2948 2617 3177 2682 veniret,
3210 2613 3422 2670 cervice
3449 2621 3608 2666 tenus
3633 2608 3828 2678 ungui.

2245 2717 2344 2769 bus
2375 2712 2558 2767 infixis
2605 2727 2634 2765 a
2681 2710 2836 2764 leone
2865 2708 3124 2777 arripitur
3164 2715 3218 2760 et
3262 2721 3294 2758 a
3331 2701 3829 2758 circumstantith

2245 2804 2375 2859 feris
2402 2804 2518 2857 sine
2547 2816 2697 2857 mora
2727 2799 3073 2869 discerpitur.
3107 2796 3306 2866 Vulpes
3331 2807 3497 2863 prope
3531 2800 3688 2846 stans
3711 2789 3826 2843 furc-

2249 2897 2342 2950 tim
2369 2911 2462 2950 cor
2480 2893 2595 2962 ejus
2623 2892 2798 2946 aufert
2823 2899 2877 2944 et
2905 2890 3147 2944 devorat.
3185 2886 3290 2942 Cor
3321 2884 3467 2940 cervi
3494 2897 3750 2952 qumrens
3774 2887 3829 2934 et

2245 3001 2354 3040 non
2402 2984 2684 3038 inveniens
2718 2982 2801 3036 leo
2836 2972 3020 3034 fremit
3063 2991 3247 3048 grave.
3278 2973 3644 3029 Tretnefacta‘.
3698 2971 3827 3024 lene

2248 3081 2526 3150 inquirunt
2591 3077 2821 3132 sollicite
2869 3089 2990 3144 quae
3042 3085 3229 3125 earum
3281 3069 3408 3124 huic
3464 3068 3537 3121 sit
3579 3063 3824 3120 obnoxia

562 3183 838 3250 bentibns,
906 3192 958 3236 tu
1009 3184 1126 3237 vice
1171 3184 1520 3252 obsequentis
1575 3183 1757 3237 famuli
1798 3200 1934 3253 pone
1991 3193 2141 3239 stans

2245 3172 2432 3240 culpae.
2486 3169 2730 3238 Suspicio
2761 3174 2878 3221 erat
2899 3163 3109 3234 vulpem
3151 3159 3310 3230 hujus
3329 3173 3451 3214 esse
3488 3156 3620 3211 furti
3650 3169 3826 3217 ream,

565 3288 687 3328 meo
716 3274 1016 3327 adhaerebis
1047 3274 1224 3340 lateri,
1256 3285 1331 3339 et,
1356 3275 1496 3329 inter
1528 3275 1920 3329 convivandum
1954 3276 2018 3330 de
2037 3291 2138 3344 qua

565 3378 624 3418 re
653 3365 784 3417 mihi
819 3364 908 3417 lict
933 3380 1112 3418 sermo
1157 3367 1222 3420 ad
1253 3375 1530 3420 senatores
1579 3367 1662 3420 vel
1704 3368 2030 3438 principem,
2061 3368 2143 3422 in-

567 3465 710 3509 tenta
734 3457 950 3510 curabis
979 3472 1114 3511 aure
1141 3457 1421 3528 percipere
1448 3459 1604 3529 eique
1639 3475 1666 3512 a
1691 3475 1796 3528 quo
1821 3460 2058 3514 directus
2084 3475 2142 3513 es

565 3546 840 3601 nuntiare.
873 3565 890 3596 ›
941 3549 1097 3602 l’aret
1123 3549 1209 3603 ille
1240 3552 1494 3603 mandato
1517 3567 1579 3603 ac
1609 3550 1828 3604 sedulus
1862 3550 2141 3605 Ptolomaai

567 3637 784 3690 auditor
809 3637 867 3691 fit
899 3639 950 3692 in
990 3640 1255 3694 convivio.
1287 3639 1440 3694 Tunc
1471 3641 1609 3696 inter
1636 3641 1820 3710 epul.:s
1848 3649 1900 3695 et
1927 3641 2140 3710 pocula,

565 3741 690 3780 cum
722 3742 1006 3797 procerum
1032 3745 1180 3783 mero
1206 3729 1556 3784 incaluissent
1581 3734 1761 3793 corda,
1788 3731 1877 3785 tali
1909 3747 2000 3786 eos
2024 3732 2144 3786 Ple-

565 3818 786 3873 lomteus
814 3829 899 3874 est
926 3820 1172 3875 hortatus
1197 3821 1448 3876 affamine
1476 3841 1487 3876 :
1518 3842 1536 3873 ε
1560 3821 1678 3886 llic,
1711 3822 1978 3891 inquiens,
2005 3823 2140 3886 dies,

565 3921 687 3960 cum
730 3908 800 3962 sit
841 3910 1140 3979 magnificis
1189 3911 1340 3965 hctus
1389 3913 1582 3982 epulis,
1615 3913 1885 3980 jucundus
1933 3919 2144 3981 oportet

565 3997 660 4053 flat
683 3998 1094 4054 delectabilibus
1133 4001 1349 4054 fabulis.
1377 4000 1616 4055 Satisfiat
1647 4017 1776 4070 ergo
1824 4016 2012 4055 eorum
2045 4015 2140 4055 vo-

563 4091 756 4147 luntati
785 4094 874 4163 qni
923 4094 1006 4148 his
1044 4093 1381 4148 delectantur
1432 4095 1659 4165 perfrui,
1705 4094 2140 4165 quandoquidem

563 4185 716 4236 auxit
745 4184 928 4237 talimn
960 4185 1271 4238 aviditatem
1299 4185 1605 4238 exuberans
1636 4184 1910 4252 opulentia
1950 4184 2081 4239 vini.
2118 4203 2136 4235 ι

563 4275 824 4330 Omnibus
851 4290 981 4345 ergo
1029 4277 1130 4331 hoc
1166 4291 1418 4331 sermone
1449 4278 1746 4346 suspensis,
1800 4277 1913 4332 haec
1943 4277 2033 4332 ille
2060 4278 2142 4331 di-

563 4382 688 4422 cere
716 4378 801 4422 est
823 4384 981 4422 orsus
1013 4387 1026 4422 :

641 4474 658 4506 ι
693 4457 793 4521 Eo,
823 4458 1015 4529 inquit,
1056 4459 1107 4513 in
1139 4469 1400 4530 tempore,
1431 4477 1537 4532 quo
1575 4463 1820 4517 humanae
1852 4464 2007 4533 copia
2031 4464 2143 4518 elo-

564 4551 805 4617 quentiae
857 4553 1066 4607 cunctis
1110 4555 1285 4610 inerat
1331 4557 1694 4611 animantibus
1736 4568 1910 4623 terrm,
1962 4559 2145 4614 bestia:

565 4639 738 4694 saltus
783 4641 835 4694 in
871 4659 1035 4696 unmn
1083 4645 1262 4699 coiere
1301 4661 1624 4700 consensum
1658 4657 1714 4700 ut
1743 4647 1842 4700 sibi
1885 4647 2145 4717 eligerent

567 4747 770 4803 regem,
799 4743 873 4798 et,
899 4751 1018 4804 qua:
1041 4737 1319 4791 hominum
1349 4739 1693 4795 fastidiebam
1713 4741 2030 4806 dominium,
2049 4743 2146 4796 ha-

566 4821 761 4877 berent
789 4823 869 4877 sui
903 4825 1117 4892 generis
1156 4826 1540 4896 imperatorem
1588 4829 1840 4884 electum.
1890 4829 1984 4884 llis
2027 4843 2145 4886 sese

563 4923 750 4969 mutuo
801 4916 1145 4973 cohortantes
1180 4919 1380 4984 verbis,
1424 4919 1746 4975 adoriuntur
1802 4920 2008 4974 leonem
2058 4936 2144 4975 ro-

563 5015 797 5077 gantque
829 5016 888 5062 ut
926 5025 1114 5064 earum
1151 5026 1256 5065 non
1299 5012 1502 5068 abnuat
1549 5012 1906 5067 voluntatem.
1949 5011 2141 5066 Dicunt

564 5110 622 5142 se.
646 5098 784 5142 νιεΙΙρ
811 5115 934 5142 mum
982 5100 1182 5142 Imhnrn
1224 5102 1522 5142 nrinninnm
1592 5118 1752 5142 mmm
1795 5097 1993 5142 cbirnnl
2025 5115 2143 5142 ρεςρ

2246 3263 2389 3330 quod
2422 3261 2682 3315 vidissent
2715 3272 2835 3312 eam
2881 3270 3042 3311 cervo
3076 3251 3376 3323 proximius
3427 3249 3826 3303 adhmrcntem.

2247 3353 2504 3423 loquisita
2528 3351 2714 3419 vulpes
2749 3355 2906 3417 negat
2934 3360 2992 3401 se
3037 3343 3312 3400 consciam
3353 3339 3514 3408 hujus
3557 3338 3826 3394 criminis.

2247 3447 2375 3510 Sed,
2422 3443 2550 3498 dum
2583 3443 2633 3498 ei
2680 3457 2784 3495 non
2821 3440 3080 3503 creditur,
3132 3435 3464 3492 cruciatibus
3511 3431 3730 3486 addicta
3771 3430 3828 3485 in

2247 3540 2358 3593 haec
2388 3538 2635 3607 prorupit
2659 3535 2818 3588 verba
2855 3550 2867 3585 :
2898 3531 3011 3594 Vae,
3045 3530 3239 3598 inquit,
3266 3526 3395 3582 mihi
3427 3526 3668 3590 miserm,
3705 3539 3828 3593 qua:

2249 3639 2422 3683 tantas
2470 3642 2659 3699 pmnas
2687 3627 2863 3697 patior
2906 3623 3150 3693 indigne!
3203 3621 3268 3676 Ut
3313 3621 3444 3690 quid
3471 3620 3621 3672 enim
3672 3633 3702 3670 a
3739 3633 3828 3671 me

2245 3724 2567 3792 exquiritur,
2596 3721 2739 3790 quod
2763 3734 2886 3774 cum
2915 3718 3135 3771 minime
3161 3712 3416 3768 habuisse
3438 3717 3591 3764 certa
3613 3709 3827 3762 ratioae

2245 3814 2625 3887 cognoscitur?
2661 3811 2871 3865 Etenim
2901 3811 2945 3864 si
2983 3823 3078 3863 cor
3108 3806 3404 3869 habuisset,
3434 3801 3687 3873 profecto
3718 3802 3826 3855 huc

2246 3926 2351 3964 non
2380 3908 2628 3964 redisset.
2663 3904 2868 3968 Primo,
2897 3901 3152 3955 cornibus
3182 3897 3386 3953 avulsis
3415 3896 3644 3950 inermis
3671 3893 3828 3949 aufu-

2246 4005 2354 4074 git;
2395 4001 2648 4063 secundo,
2693 4014 2798 4053 non
2826 3995 3094 4051 dubitavit
3119 3993 3300 4049 subire
3338 3989 3645 4060 periculum
3676 4003 3825 4042 mora

2248 4096 2334 4150 tis.
2385 4092 2699 4146 Nullatenus
2750 4103 2878 4158 ergo
2906 4101 3002 4142 cor
3033 4084 3221 4140 habuit
3255 4083 3348 4153 qui
3388 4080 3490 4136 sibi
3538 4077 3827 4134 consulere

2247 4185 2496 4240 nescivit.
2535 4183 2660 4237 llaec
2690 4181 2997 4235 Ptelomeus
3032 4178 3243 4233 locutus
3285 4174 3570 4230 conticuit.
3607 4192 3628 4226 ι
3660 4173 3824 4235 Puer,

2246 4272 2564 4329 Theoderici
2593 4272 2706 4325 tunc
2756 4271 2961 4324 intente
2989 4266 3300 4322 auscultans
3343 4272 3398 4320 et
3423 4264 3607 4332 sagaci
3643 4263 3826 4317 animo

2247 4369 2387 4422 dicta
2421 4365 2742 4434 intelligens,
2769 4361 2834 4416 ad
2860 4362 3136 4416 dominu’m
3165 4372 3598 4425 suum._reversus
3627 4367 3825 4412 cuncta

2249 4472 2345 4526 per
2381 4456 2623 4509 ordinem
2649 4453 2838 4521 pandit
2863 4460 2917 4506 et
2951 4449 3244 4506 cautiorem
3273 4448 3534 4502 adversus
3563 4447 3718 4501 dolos
3741 4447 3828 4500 in-

2176 4515 2222 4573 D
2250 4515 2562 4598 sidiantium
2587 4557 2707 4597 esse
2737 4538 3461 4612 praemonuit.'l‘heodericus
3490 4537 3700 4607 itaque,
3721 4538 3826 4590 im-

2247 4636 2510 4706 peratoris
2530 4633 2863 4711 jnssionibus
2887 4633 3105 4703 spretis,
3139 4632 3334 4702 quibus
3370 4630 3827 4698 Constantinopoo

2247 4731 2338 4784 lim
2369 4730 2520 4782 adire
2533 4728 2846 4796 jubebatur,
2876 4727 2928 4781 in
2967 4727 3118 4781 ltalia
3159 4725 3376 4781 resedit.
3410 4725 3656 4795 Denique
3681 4735 3826 4794 post-

2247 4826 2462 4878 modum
2512 4823 2833 4886 Gothorum,
2863 4822 2954 4890 qui
2992 4821 3193 4874 Italiam
3236 4821 3570 4883 invaserant,
3619 4833 3717 4873 rex
3742 4826 3825 4872 est

2247 4913 2470 4968 effectus
2497 4923 2552 4967 et
2592 4914 2866 4967 Dominus.
2909 4911 3126 4982 Imperii
3155 4925 3280 4965 vero
3320 4910 3566 4980 partibus
3597 4918 3824 4979 quotan-

2246 5005 2329 5058 nis
2357 5004 2593 5057 modium
2633 5011 2788 5056 terra:
2834 5003 3188 5072 dependebat.
3220 5001 3375 5057 Unde
3421 5001 3498 5055 rei
3538 4999 3820 5055 veritatem

2249 5093 2640 5142 ignorantibus.
2669 5093 2795 5142 dum
2829 5094 3066 5142 modium
3099 5109 3192 5142 rex
3217 5093 3595 5142 Theodericus
3615 5092 3824 5142 aerariis
