  <div class='ocr_page' id='page_1' title='image "/cluster/home/n/w/nwhite01/storage/ocr_20150623/139/hvd.32044015471782/330.png"; bbox 0 0 4044 5428; ppageno 0'>
   <div class='ocr_carea' id='block_1_1' title="bbox 228 190 328 247">
    <p class='ocr_par' dir='ltr' id='par_1_1' title="bbox 228 190 328 247">
     <span class='ocr_line' id='line_1_1' title="bbox 228 190 328 247; baseline 0.01 -2"><span class='ocrx_word' id='word_1_1' title='bbox 228 190 328 247; x_wconf 56' lang='grc'>649</span> 
     </span>
    </p>
   </div>
   <div class='ocr_carea' id='block_1_2' title="bbox 1248 180 2389 244">
    <p class='ocr_par' dir='ltr' id='par_1_2' title="bbox 1248 180 2389 244">
     <span class='ocr_line' id='line_1_2' title="bbox 1248 180 2389 244; baseline -0.009 -1"><span class='ocrx_word' id='word_1_2' title='bbox 1248 185 1564 244; x_wconf 71' lang='lat' dir='ltr'><strong>HlSTORlA</strong></span> <span class='ocrx_word' id='word_1_3' title='bbox 1607 181 2039 240; x_wconf 66' lang='lat' dir='ltr'><strong>FliANCOllUM</strong></span> <span class='ocrx_word' id='word_1_4' title='bbox 2087 214 2136 220; x_wconf 89' lang='lat'><strong><em>—</em></strong></span> <span class='ocrx_word' id='word_1_5' title='bbox 2185 180 2308 236; x_wconf 77' lang='lat' dir='ltr'><strong>UB.</strong></span> <span class='ocrx_word' id='word_1_6' title='bbox 2351 180 2389 234; x_wconf 91' lang='grc'><strong>1.</strong></span> 
     </span>
    </p>
   </div>
   <div class='ocr_carea' id='block_1_3' title="bbox 3383 181 3487 235">
    <p class='ocr_par' dir='ltr' id='par_1_3' title="bbox 3383 181 3487 235">
     <span class='ocr_line' id='line_1_3' title="bbox 3383 181 3487 235; baseline -0.048 -7"><span class='ocrx_word' id='word_1_7' title='bbox 3383 181 3487 235; x_wconf 64' lang='grc' dir='ltr'>σείιι</span> 
     </span>
    </p>
   </div>
   <div class='ocr_carea' id='block_1_4' title="bbox 225 294 3486 372">
    <p class='ocr_par' dir='ltr' id='par_1_4' title="bbox 225 294 3486 372">
     <span class='ocr_line' id='line_1_4' title="bbox 225 294 3486 372; baseline -0.002 -10"><span class='ocrx_word' id='word_1_8' title='bbox 225 312 340 362; x_wconf 88' lang='lat' dir='ltr'><strong>erat</strong></span> <span class='ocrx_word' id='word_1_9' title='bbox 388 303 676 359; x_wconf 82' lang='lat' dir='ltr'><strong>dissensio.</strong></span> <span class='ocrx_word' id='word_1_10' title='bbox 727 302 982 371; x_wconf 70' lang='lat' dir='ltr'><strong>Quaedam</strong></span> <span class='ocrx_word' id='word_1_11' title='bbox 1027 310 1228 358; x_wconf 89' lang='lat' dir='ltr'><strong>etennn</strong></span> <span class='ocrx_word' id='word_1_12' title='bbox 1255 317 1384 372; x_wconf 88' lang='lat' dir='ltr'><strong>pars</strong></span> <span class='ocrx_word' id='word_1_13' title='bbox 1420 302 1472 355; x_wconf 94' lang='lat' dir='ltr'><strong>in</strong></span> <span class='ocrx_word' id='word_1_14' title='bbox 1515 315 1808 370; x_wconf 83' lang='lat' dir='ltr'><strong>personam</strong></span> <span class='ocrx_word' id='word_1_15' title='bbox 1842 301 1889 360; x_wconf 77' lang='grc' dir='ltr'><strong>Α</strong></span> <span class='ocrx_word' id='word_1_16' title='bbox 1919 296 2092 350; x_wconf 86' lang='lat' dir='ltr'><strong>deerit</strong></span> <span class='ocrx_word' id='word_1_17' title='bbox 2143 294 2196 350; x_wconf 92' lang='lat' dir='ltr'><strong>in</strong></span> <span class='ocrx_word' id='word_1_18' title='bbox 2246 295 2502 351; x_wconf 71' lang='lat' dir='ltr'><strong>szeculum</strong></span> <span class='ocrx_word' id='word_1_19' title='bbox 2542 295 2744 351; x_wconf 74' lang='lat' dir='ltr'><strong>saeculi.</strong></span> <span class='ocrx_word' id='word_1_20' title='bbox 2788 295 2982 351; x_wconf 84' lang='lat' dir='ltr'><strong>Fidelis</strong></span> <span class='ocrx_word' id='word_1_21' title='bbox 3029 297 3215 367; x_wconf 82' lang='lat' dir='ltr'><strong>utique</strong></span> <span class='ocrx_word' id='word_1_22' title='bbox 3249 297 3388 353; x_wconf 84' lang='lat' dir='ltr'><strong>Deus</strong></span> <span class='ocrx_word' id='word_1_23' title='bbox 3431 301 3486 355; x_wconf 87' lang='lat' dir='ltr'><strong>in</strong></span> 
     </span>
    </p>
   </div>
   <div class='ocr_carea' id='block_1_5' title="bbox 223 389 1814 464">
    <p class='ocr_par' dir='ltr' id='par_1_5' title="bbox 223 389 1814 464">
     <span class='ocr_line' id='line_1_5' title="bbox 223 389 1814 464; baseline -0.004 -14"><span class='ocrx_word' id='word_1_24' title='bbox 223 395 504 464; x_wconf 81' lang='lat' dir='ltr'><strong>cajusdam</strong></span> <span class='ocrx_word' id='word_1_25' title='bbox 560 394 841 449; x_wconf 70' lang='lat' dir='ltr'><strong>Laurentii</strong></span> <span class='ocrx_word' id='word_1_26' title='bbox 903 408 1225 449; x_wconf 94' lang='lat' dir='ltr'><strong>consensum</strong></span> <span class='ocrx_word' id='word_1_27' title='bbox 1283 393 1582 462; x_wconf 74' lang='lat' dir='ltr'><strong>przebcbat;</strong></span> <span class='ocrx_word' id='word_1_28' title='bbox 1636 389 1814 460; x_wconf 82' lang='lat' dir='ltr'><strong>major</strong></span> 
     </span>
    </p>
   </div>
   <div class='ocr_carea' id='block_1_6' title="bbox 225 483 1811 555">
    <p class='ocr_par' dir='ltr' id='par_1_6' title="bbox 225 483 1811 555">
     <span class='ocr_line' id='line_1_6' title="bbox 225 483 1811 555; baseline -0.004 -16"><span class='ocrx_word' id='word_1_29' title='bbox 225 501 368 547; x_wconf 80' lang='lat' dir='ltr'><strong>vero,</strong></span> <span class='ocrx_word' id='word_1_30' title='bbox 403 495 454 538; x_wconf 81' lang='lat' dir='ltr'><strong>et</strong></span> <span class='ocrx_word' id='word_1_31' title='bbox 484 486 563 555; x_wconf 86' lang='grc' dir='ltr'>(ιιι</span> <span class='ocrx_word' id='word_1_32' title='bbox 592 497 715 554; x_wconf 93' lang='lat' dir='ltr'><strong>post</strong></span> <span class='ocrx_word' id='word_1_33' title='bbox 743 484 936 555; x_wconf 81' lang='lat' dir='ltr'><strong>patuit)</strong></span> <span class='ocrx_word' id='word_1_34' title='bbox 986 484 1186 538; x_wconf 90' lang='lat' dir='ltr'><strong>saniori</strong></span> <span class='ocrx_word' id='word_1_35' title='bbox 1221 497 1376 538; x_wconf 88' lang='lat' dir='ltr'><strong>utens</strong></span> <span class='ocrx_word' id='word_1_36' title='bbox 1406 483 1652 548; x_wconf 90' lang='lat' dir='ltr'><strong>consilio,</strong></span> <span class='ocrx_word' id='word_1_37' title='bbox 1687 497 1811 535; x_wconf 85' lang='lat' dir='ltr'><strong>san-</strong></span> 
     </span>
    </p>
   </div>
   <div class='ocr_carea' id='block_1_7' title="bbox 225 572 1814 647">
    <p class='ocr_par' dir='ltr' id='par_1_7' title="bbox 225 572 1814 647">
     <span class='ocr_line' id='line_1_7' title="bbox 225 572 1814 647; baseline -0.004 -16"><span class='ocrx_word' id='word_1_38' title='bbox 225 577 528 632; x_wconf 85' lang='lat' dir='ltr'><strong>ctissimum</strong></span> <span class='ocrx_word' id='word_1_39' title='bbox 573 577 676 630; x_wconf 83' lang='lat' dir='ltr'><strong>sibi</strong></span> <span class='ocrx_word' id='word_1_40' title='bbox 732 576 970 647; x_wconf 87' lang='lat' dir='ltr'><strong>elegerat</strong></span> <span class='ocrx_word' id='word_1_41' title='bbox 1027 574 1433 645; x_wconf 82' lang='lat' dir='ltr'><strong>Symmachum.</strong></span> <span class='ocrx_word' id='word_1_42' title='bbox 1479 572 1814 629; x_wconf 87' lang='lat' dir='ltr'><strong>Ordinantur</strong></span> 
     </span>
    </p>
   </div>
   <div class='ocr_carea' id='block_1_8' title="bbox 228 645 1814 742">
    <p class='ocr_par' dir='ltr' id='par_1_8' title="bbox 228 645 1814 742">
     <span class='ocr_line' id='line_1_8' title="bbox 228 645 1814 742; baseline -0.006 -15"><span class='ocrx_word' id='word_1_43' title='bbox 228 645 356 742; x_wconf 76' lang='lat' dir='ltr'><strong>ergo</strong></span> <span class='ocrx_word' id='word_1_44' title='bbox 381 689 487 726; x_wconf 88' lang='lat' dir='ltr'><strong>una</strong></span> <span class='ocrx_word' id='word_1_45' title='bbox 513 672 601 725; x_wconf 89' lang='lat' dir='ltr'><strong>die</strong></span> <span class='ocrx_word' id='word_1_46' title='bbox 634 673 830 736; x_wconf 86' lang='lat' dir='ltr'><strong>ambo;</strong></span> <span class='ocrx_word' id='word_1_47' title='bbox 863 682 912 726; x_wconf 90' lang='lat' dir='ltr'><strong>et</strong></span> <span class='ocrx_word' id='word_1_48' title='bbox 947 669 1306 742; x_wconf 78' lang='lat' dir='ltr'><strong>Symmachus</strong></span> <span class='ocrx_word' id='word_1_49' title='bbox 1332 665 1546 737; x_wconf 77' lang='lat' dir='ltr'><strong>quidem</strong></span> <span class='ocrx_word' id='word_1_50' title='bbox 1583 665 1635 718; x_wconf 91' lang='lat' dir='ltr'><strong>in</strong></span> <span class='ocrx_word' id='word_1_51' title='bbox 1672 663 1814 717; x_wconf 84' lang='lat' dir='ltr'><strong>basi—</strong></span> 
     </span>
    </p>
   </div>
   <div class='ocr_carea' id='block_1_9' title="bbox 225 754 1814 826">
    <p class='ocr_par' dir='ltr' id='par_1_9' title="bbox 225 754 1814 826">
     <span class='ocr_line' id='line_1_9' title="bbox 225 754 1814 826; baseline -0.005 -10"><span class='ocrx_word' id='word_1_52' title='bbox 225 762 324 826; x_wconf 70' lang='lat' dir='ltr'><strong>lica</strong></span> <span class='ocrx_word' id='word_1_53' title='bbox 381 763 858 822; x_wconf 76' lang='lat' dir='ltr'><strong>Constantiniana,</strong></span> <span class='ocrx_word' id='word_1_54' title='bbox 913 761 1238 816; x_wconf 88' lang='lat' dir='ltr'><strong>Laurentius</strong></span> <span class='ocrx_word' id='word_1_55' title='bbox 1286 774 1416 812; x_wconf 85' lang='lat' dir='ltr'><strong>vero</strong></span> <span class='ocrx_word' id='word_1_56' title='bbox 1476 757 1531 811; x_wconf 91' lang='lat' dir='ltr'><strong>in</strong></span> <span class='ocrx_word' id='word_1_57' title='bbox 1584 754 1814 810; x_wconf 79' lang='lat' dir='ltr'><strong>ecclesia</strong></span> 
     </span>
    </p>
   </div>
   <div class='ocr_carea' id='block_1_10' title="bbox 223 849 1812 922">
    <p class='ocr_par' dir='ltr' id='par_1_10' title="bbox 223 849 1812 922">
     <span class='ocr_line' id='line_1_10' title="bbox 223 849 1812 922; baseline -0.007 -12"><span class='ocrx_word' id='word_1_58' title='bbox 223 869 423 910; x_wconf 68' lang='lat' dir='ltr'><strong>sancue</strong></span> <span class='ocrx_word' id='word_1_59' title='bbox 453 856 660 911; x_wconf 68' lang='lat' dir='ltr'><strong>Mariae.</strong></span> <span class='ocrx_word' id='word_1_60' title='bbox 717 856 822 910; x_wconf 87' lang='lat' dir='ltr'><strong>Sed</strong></span> <span class='ocrx_word' id='word_1_61' title='bbox 849 871 967 908; x_wconf 91' lang='lat' dir='ltr'><strong>cum</strong></span> <span class='ocrx_word' id='word_1_62' title='bbox 1000 863 1187 907; x_wconf 89' lang='lat' dir='ltr'><strong>neutra</strong></span> <span class='ocrx_word' id='word_1_63' title='bbox 1220 867 1344 922; x_wconf 87' lang='lat' dir='ltr'><strong>pars</strong></span> <span class='ocrx_word' id='word_1_64' title='bbox 1384 849 1539 904; x_wconf 86' lang='lat' dir='ltr'><strong>alteri</strong></span> <span class='ocrx_word' id='word_1_65' title='bbox 1574 849 1812 911; x_wconf 86' lang='lat' dir='ltr'><strong>cederet,</strong></span> 
     </span>
    </p>
   </div>
   <div class='ocr_carea' id='block_1_11' title="bbox 221 939 1811 1016">
    <p class='ocr_par' dir='ltr' id='par_1_11' title="bbox 221 939 1811 1016">
     <span class='ocr_line' id='line_1_11' title="bbox 221 939 1811 1016; baseline -0.006 -15"><span class='ocrx_word' id='word_1_66' title='bbox 221 949 621 1002; x_wconf 84' lang='lat' dir='ltr'><strong>constituerunt</strong></span> <span class='ocrx_word' id='word_1_67' title='bbox 671 958 729 1002; x_wconf 90' lang='lat' dir='ltr'><strong>ut</strong></span> <span class='ocrx_word' id='word_1_68' title='bbox 766 949 832 1002; x_wconf 91' lang='lat' dir='ltr'><strong>lis</strong></span> <span class='ocrx_word' id='word_1_69' title='bbox 860 958 1034 1016; x_wconf 64' lang='lat' dir='ltr'><strong>cmpta</strong></span> <span class='ocrx_word' id='word_1_70' title='bbox 1069 945 1272 1013; x_wconf 81' lang='lat' dir='ltr'><strong>judicio</strong></span> <span class='ocrx_word' id='word_1_71' title='bbox 1313 959 1474 1013; x_wconf 90' lang='lat' dir='ltr'><strong>supra</strong></span> <span class='ocrx_word' id='word_1_72' title='bbox 1525 939 1811 994; x_wconf 79' lang='lat' dir='ltr'><strong>memorati</strong></span> 
     </span>
    </p>
   </div>
   <div class='ocr_carea' id='block_1_12' title="bbox 223 1019 1811 1106">
    <p class='ocr_par' dir='ltr' id='par_1_12' title="bbox 223 1019 1811 1106">
     <span class='ocr_line' id='line_1_12' title="bbox 223 1019 1811 1106; baseline -0.002 -17"><span class='ocrx_word' id='word_1_73' title='bbox 223 1019 366 1106; x_wconf 78' lang='lat' dir='ltr'><strong>regis</strong></span> <span class='ocrx_word' id='word_1_74' title='bbox 421 1037 749 1094; x_wconf 77' lang='lat' dir='ltr'><strong>Theolorici</strong></span> <span class='ocrx_word' id='word_1_75' title='bbox 798 1039 1062 1092; x_wconf 81' lang='lat' dir='ltr'><strong>ﬁniretur.</strong></span> <span class='ocrx_word' id='word_1_76' title='bbox 1106 1038 1204 1103; x_wconf 80' lang='lat' dir='ltr'><strong>Qui</strong></span> <span class='ocrx_word' id='word_1_77' title='bbox 1253 1036 1522 1089; x_wconf 64' lang='lat' dir='ltr'><strong>Ravennae</strong></span> <span class='ocrx_word' id='word_1_78' title='bbox 1582 1034 1811 1103; x_wconf 90' lang='lat' dir='ltr'><strong>positus,</strong></span> 
     </span>
    </p>
   </div>
   <div class='ocr_carea' id='block_1_13' title="bbox 220 1125 1810 1202">
    <p class='ocr_par' dir='ltr' id='par_1_13' title="bbox 220 1125 1810 1202">
     <span class='ocr_line' id='line_1_13' title="bbox 220 1125 1810 1202; baseline -0.002 -22"><span class='ocrx_word' id='word_1_79' title='bbox 220 1127 343 1181; x_wconf 89' lang='lat' dir='ltr'><strong>dum</strong></span> <span class='ocrx_word' id='word_1_80' title='bbox 399 1129 634 1200; x_wconf 78' lang='lat' dir='ltr'><strong>Legatos</strong></span> <span class='ocrx_word' id='word_1_81' title='bbox 679 1132 961 1202; x_wconf 89' lang='lat' dir='ltr'><strong>utriusque</strong></span> <span class='ocrx_word' id='word_1_82' title='bbox 1010 1131 1180 1200; x_wconf 85' lang='lat' dir='ltr'><strong>partis</strong></span> <span class='ocrx_word' id='word_1_83' title='bbox 1229 1130 1488 1192; x_wconf 88' lang='lat' dir='ltr'><strong>audisset,</strong></span> <span class='ocrx_word' id='word_1_84' title='bbox 1527 1125 1810 1180; x_wconf 75' lang='lat' dir='ltr'><strong>decrevit:</strong></span> 
     </span>
    </p>
   </div>
   <div class='ocr_carea' id='block_1_14' title="bbox 225 1217 1816 1292">
    <p class='ocr_par' dir='ltr' id='par_1_14' title="bbox 225 1217 1816 1292">
     <span class='ocr_line' id='line_1_14' title="bbox 225 1217 1816 1292; baseline 0 -20"><span class='ocrx_word' id='word_1_85' title='bbox 225 1233 243 1268; x_wconf 81' lang='grc' dir='ltr'><strong>ι</strong></span> <span class='ocrx_word' id='word_1_86' title='bbox 289 1217 356 1272; x_wconf 97' lang='lat' dir='ltr'><strong>Ut</strong></span> <span class='ocrx_word' id='word_1_87' title='bbox 384 1221 475 1290; x_wconf 88' lang='lat' dir='ltr'><strong>qui</strong></span> <span class='ocrx_word' id='word_1_88' title='bbox 510 1223 662 1291; x_wconf 85' lang='lat' dir='ltr'><strong>prior</strong></span> <span class='ocrx_word' id='word_1_89' title='bbox 683 1223 965 1277; x_wconf 91' lang='lat' dir='ltr'><strong>ordinatus</strong></span> <span class='ocrx_word' id='word_1_90' title='bbox 988 1233 1154 1288; x_wconf 82' lang='lat' dir='ltr'><strong>esset,</strong></span> <span class='ocrx_word' id='word_1_91' title='bbox 1183 1231 1275 1275; x_wconf 91' lang='lat' dir='ltr'><strong>aut</strong></span> <span class='ocrx_word' id='word_1_92' title='bbox 1303 1236 1462 1292; x_wconf 84' lang='lat' dir='ltr'><strong>quem</strong></span> <span class='ocrx_word' id='word_1_93' title='bbox 1493 1219 1668 1288; x_wconf 89' lang='lat' dir='ltr'><strong>major</strong></span> <span class='ocrx_word' id='word_1_94' title='bbox 1688 1232 1816 1287; x_wconf 90' lang='lat' dir='ltr'><strong>pars</strong></span> 
     </span>
    </p>
   </div>
   <div class='ocr_carea' id='block_1_15' title="bbox 224 1309 1814 1391">
    <p class='ocr_par' dir='ltr' id='par_1_15' title="bbox 224 1309 1814 1391">
     <span class='ocr_line' id='line_1_15' title="bbox 224 1309 1814 1391; baseline -0.001 -29"><span class='ocrx_word' id='word_1_95' title='bbox 224 1309 347 1363; x_wconf 90' lang='lat' dir='ltr'><strong>cleri</strong></span> <span class='ocrx_word' id='word_1_96' title='bbox 395 1312 556 1366; x_wconf 87' lang='lat' dir='ltr'><strong>simul</strong></span> <span class='ocrx_word' id='word_1_97' title='bbox 605 1330 670 1368; x_wconf 89' lang='lat' dir='ltr'><strong>ac</strong></span> <span class='ocrx_word' id='word_1_98' title='bbox 719 1315 902 1384; x_wconf 85' lang='lat' dir='ltr'><strong>populi</strong></span> <span class='ocrx_word' id='word_1_99' title='bbox 948 1314 1216 1385; x_wconf 88' lang='lat' dir='ltr'><strong>elegisset,</strong></span> <span class='ocrx_word' id='word_1_100' title='bbox 1264 1313 1320 1391; x_wconf 84' lang='lat' dir='ltr'><strong>in</strong></span> <span class='ocrx_word' id='word_1_101' title='bbox 1365 1313 1489 1366; x_wconf 86' lang='lat' dir='ltr'><strong>sede</strong></span> <span class='ocrx_word' id='word_1_102' title='bbox 1519 1310 1814 1380; x_wconf 79' lang='lat' dir='ltr'><strong>apostolica</strong></span> 
     </span>
    </p>
   </div>
   <div class='ocr_carea' id='block_1_16' title="bbox 220 1399 1812 1475">
    <p class='ocr_par' dir='ltr' id='par_1_16' title="bbox 220 1399 1812 1475">
     <span class='ocr_line' id='line_1_16' title="bbox 220 1399 1812 1475; baseline -0.002 -21"><span class='ocrx_word' id='word_1_103' title='bbox 220 1401 505 1457; x_wconf 65' lang='lat' dir='ltr'><strong>resideret.</strong></span> <span class='ocrx_word' id='word_1_104' title='bbox 539 1423 558 1456; x_wconf 80' lang='grc' dir='ltr'><strong>ι</strong></span> <span class='ocrx_word' id='word_1_105' title='bbox 600 1403 756 1459; x_wconf 70' lang='lat' dir='ltr'><strong>Unde</strong></span> <span class='ocrx_word' id='word_1_106' title='bbox 799 1405 1157 1475; x_wconf 79' lang='lat' dir='ltr'><strong>Symmachus</strong></span> <span class='ocrx_word' id='word_1_107' title='bbox 1191 1401 1430 1474; x_wconf 79' lang='lat' dir='ltr'><strong>pontifex</strong></span> <span class='ocrx_word' id='word_1_108' title='bbox 1473 1399 1651 1454; x_wconf 88' lang='lat' dir='ltr'><strong>factus</strong></span> <span class='ocrx_word' id='word_1_109' title='bbox 1681 1414 1812 1452; x_wconf 92' lang='lat' dir='ltr'><strong>con-</strong></span> 
     </span>
    </p>
   </div>
   <div class='ocr_carea' id='block_1_17' title="bbox 221 1491 1812 1562">
    <p class='ocr_par' dir='ltr' id='par_1_17' title="bbox 221 1491 1812 1562">
     <span class='ocr_line' id='line_1_17' title="bbox 221 1491 1812 1562; baseline 0 -16"><span class='ocrx_word' id='word_1_110' title='bbox 221 1494 391 1548; x_wconf 90' lang='lat' dir='ltr'><strong>stituit</strong></span> <span class='ocrx_word' id='word_1_111' title='bbox 432 1491 792 1552; x_wconf 81' lang='lat' dir='ltr'><strong>Laurentium</strong></span> <span class='ocrx_word' id='word_1_112' title='bbox 845 1498 898 1551; x_wconf 92' lang='lat' dir='ltr'><strong>in</strong></span> <span class='ocrx_word' id='word_1_113' title='bbox 941 1497 1206 1551; x_wconf 75' lang='lat' dir='ltr'><strong>Nucerina</strong></span> <span class='ocrx_word' id='word_1_114' title='bbox 1253 1496 1470 1550; x_wconf 81' lang='lat' dir='ltr'><strong>civitate</strong></span> <span class='ocrx_word' id='word_1_115' title='bbox 1499 1494 1812 1562; x_wconf 85' lang='lat' dir='ltr'><strong>episcopum</strong></span> 
     </span>
    </p>
   </div>
   <div class='ocr_carea' id='block_1_18' title="bbox 231 1584 1814 1657">
    <p class='ocr_par' dir='ltr' id='par_1_18' title="bbox 231 1584 1814 1657">
     <span class='ocr_line' id='line_1_18' title="bbox 231 1584 1814 1657; baseline 0 -20"><span class='ocrx_word' id='word_1_116' title='bbox 231 1585 424 1640; x_wconf 83' lang='lat' dir='ltr'><strong>intuitu</strong></span> <span class='ocrx_word' id='word_1_117' title='bbox 471 1590 883 1643; x_wconf 66' lang='lat' dir='ltr'><strong>ll&#39;tiSCl‘iCOl‘ditB.</strong></span> <span class='ocrx_word' id='word_1_118' title='bbox 928 1588 1053 1643; x_wconf 66' lang='lat' dir='ltr'><strong>lla‘c</strong></span> <span class='ocrx_word' id='word_1_119' title='bbox 1080 1600 1258 1642; x_wconf 88' lang='lat' dir='ltr'><strong>autem</strong></span> <span class='ocrx_word' id='word_1_120' title='bbox 1306 1587 1517 1657; x_wconf 88' lang='lat' dir='ltr'><strong>plenius</strong></span> <span class='ocrx_word' id='word_1_121' title='bbox 1554 1587 1608 1639; x_wconf 92' lang='lat' dir='ltr'><strong>in</strong></span> <span class='ocrx_word' id='word_1_122' title='bbox 1635 1584 1814 1640; x_wconf 87' lang='lat' dir='ltr'><strong>Gestis</strong></span> 
     </span>
    </p>
   </div>
   <div class='ocr_carea' id='block_1_19' title="bbox 1915 385 3484 460">
    <p class='ocr_par' dir='ltr' id='par_1_19' title="bbox 1915 385 3484 460">
     <span class='ocr_line' id='line_1_19' title="bbox 1915 385 3484 460; baseline 0.001 -20"><span class='ocrx_word' id='word_1_123' title='bbox 1915 387 2097 440; x_wconf 80' lang='lat' dir='ltr'><strong>verbis</strong></span> <span class='ocrx_word' id='word_1_124' title='bbox 2124 387 2251 444; x_wconf 89' lang='lat' dir='ltr'><strong>suis.</strong></span> <span class='ocrx_word' id='word_1_125' title='bbox 2271 395 2323 440; x_wconf 93' lang='lat' dir='ltr'><strong>et</strong></span> <span class='ocrx_word' id='word_1_126' title='bbox 2339 396 2554 440; x_wconf 85' lang='lat' dir='ltr'><strong>sanctus</strong></span> <span class='ocrx_word' id='word_1_127' title='bbox 2574 386 2624 440; x_wconf 95' lang='lat' dir='ltr'><strong>in</strong></span> <span class='ocrx_word' id='word_1_128' title='bbox 2643 386 2892 440; x_wconf 89' lang='lat' dir='ltr'><strong>omnibus</strong></span> <span class='ocrx_word' id='word_1_129' title='bbox 2907 387 3157 456; x_wconf 89' lang='lat' dir='ltr'><strong>operibus</strong></span> <span class='ocrx_word' id='word_1_130' title='bbox 3180 389 3292 442; x_wconf 86' lang='lat' dir='ltr'><strong>suis</strong></span> <span class='ocrx_word' id='word_1_131' title='bbox 3315 385 3484 460; x_wconf 76' lang='lat' dir='ltr'><strong>(Psaf.</strong></span> 
     </span>
    </p>
   </div>
   <div class='ocr_carea' id='block_1_20' title="bbox 1913 475 3486 546">
    <p class='ocr_par' dir='ltr' id='par_1_20' title="bbox 1913 475 3486 546">
     <span class='ocr_line' id='line_1_20' title="bbox 1913 475 3486 546; baseline 0.002 -15"><span class='ocrx_word' id='word_1_132' title='bbox 1913 492 2091 540; x_wconf 78' lang='lat' dir='ltr'><strong>cxttv,</strong></span> <span class='ocrx_word' id='word_1_133' title='bbox 2121 476 2197 546; x_wconf 88' lang='lat'><strong>9),</strong></span> <span class='ocrx_word' id='word_1_134' title='bbox 2234 476 2440 530; x_wconf 81' lang='lat' dir='ltr'><strong>ﬁdelem</strong></span> <span class='ocrx_word' id='word_1_135' title='bbox 2484 476 2740 530; x_wconf 89' lang='lat' dir='ltr'><strong>famulum</strong></span> <span class='ocrx_word' id='word_1_136' title='bbox 2769 477 2832 530; x_wconf 90' lang='lat' dir='ltr'><strong>de</strong></span> <span class='ocrx_word' id='word_1_137' title='bbox 2856 477 3076 546; x_wconf 70' lang='lat' dir='ltr'><strong>prmmio</strong></span> <span class='ocrx_word' id='word_1_138' title='bbox 3113 475 3242 544; x_wconf 88' lang='lat' dir='ltr'><strong>justi</strong></span> <span class='ocrx_word' id='word_1_139' title='bbox 3287 477 3486 534; x_wconf 78' lang='lat' dir='ltr'><strong>laboris</strong></span> 
     </span>
    </p>
   </div>
   <div class='ocr_carea' id='block_1_21' title="bbox 1916 567 3485 634">
    <p class='ocr_par' dir='ltr' id='par_1_21' title="bbox 1916 567 3485 634">
     <span class='ocr_line' id='line_1_21' title="bbox 1916 567 3485 634; baseline 0.003 -13"><span class='ocrx_word' id='word_1_140' title='bbox 1916 567 2082 622; x_wconf 89' lang='lat' dir='ltr'><strong>voluit</strong></span> <span class='ocrx_word' id='word_1_141' title='bbox 2104 583 2222 622; x_wconf 87' lang='lat' dir='ltr'><strong>esse</strong></span> <span class='ocrx_word' id='word_1_142' title='bbox 2253 583 2524 622; x_wconf 91' lang='lat' dir='ltr'><strong>securum.</strong></span> <span class='ocrx_word' id='word_1_143' title='bbox 2566 586 2584 619; x_wconf 71' lang='grc' dir='ltr'><strong>ι</strong></span> <span class='ocrx_word' id='word_1_144' title='bbox 2613 567 2818 621; x_wconf 91' lang='lat' dir='ltr'><strong>Interea</strong></span> <span class='ocrx_word' id='word_1_145' title='bbox 2848 583 2940 622; x_wconf 86' lang='lat' dir='ltr'><strong>rex</strong></span> <span class='ocrx_word' id='word_1_146' title='bbox 2971 567 3326 634; x_wconf 84' lang='lat' dir='ltr'><strong>Childericus,</strong></span> <span class='ocrx_word' id='word_1_147' title='bbox 3359 571 3485 625; x_wconf 89' lang='lat' dir='ltr'><strong>dum</strong></span> 
     </span>
    </p>
   </div>
   <div class='ocr_carea' id='block_1_22' title="bbox 1888 659 3485 734">
    <p class='ocr_par' dir='ltr' id='par_1_22' title="bbox 1888 659 3485 734">
     <span class='ocr_line' id='line_1_22' title="bbox 1888 659 3485 734; baseline 0.002 -21"><span class='ocrx_word' id='word_1_148' title='bbox 1888 675 2012 730; x_wconf 89' lang='lat' dir='ltr'><strong>-per</strong></span> <span class='ocrx_word' id='word_1_149' title='bbox 2037 659 2106 713; x_wconf 74' lang='lat' dir='ltr'><strong>ill</strong></span> <span class='ocrx_word' id='word_1_150' title='bbox 2148 675 2413 713; x_wconf 87' lang='lat' dir='ltr'><strong>annorqu</strong></span> <span class='ocrx_word' id='word_1_151' title='bbox 2441 659 2710 714; x_wconf 81' lang='lat' dir='ltr'><strong>curricula</strong></span> <span class='ocrx_word' id='word_1_152' title='bbox 2745 659 3076 716; x_wconf 79' lang='lat' dir='ltr'><strong>Francorum</strong></span> <span class='ocrx_word' id='word_1_153' title='bbox 3129 671 3347 716; x_wconf 81' lang='lat' dir='ltr'><strong>strenue</strong></span> <span class='ocrx_word' id='word_1_154' title='bbox 3387 679 3485 734; x_wconf 83' lang='lat' dir='ltr'><strong>gu-</strong></span> 
     </span>
    </p>
   </div>
   <div class='ocr_carea' id='block_1_23' title="bbox 1916 751 3488 822">
    <p class='ocr_par' dir='ltr' id='par_1_23' title="bbox 1916 751 3488 822">
     <span class='ocr_line' id='line_1_23' title="bbox 1916 751 3488 822; baseline 0.003 -16"><span class='ocrx_word' id='word_1_155' title='bbox 1916 751 2196 806; x_wconf 80' lang='lat' dir='ltr'><strong>bernasset</strong></span> <span class='ocrx_word' id='word_1_156' title='bbox 2226 766 2474 822; x_wconf 89' lang='lat' dir='ltr'><strong>regnum.</strong></span> <span class='ocrx_word' id='word_1_157' title='bbox 2498 764 2561 805; x_wconf 81' lang='lat' dir='ltr'><strong>ev</strong></span> <span class='ocrx_word' id='word_1_158' title='bbox 2601 751 2701 805; x_wconf 90' lang='lat' dir='ltr'><strong>hac</strong></span> <span class='ocrx_word' id='word_1_159' title='bbox 2734 751 2840 804; x_wconf 90' lang='lat' dir='ltr'><strong>vita</strong></span> <span class='ocrx_word' id='word_1_160' title='bbox 2873 753 3122 807; x_wconf 88' lang='lat' dir='ltr'><strong>decessit.</strong></span> <span class='ocrx_word' id='word_1_161' title='bbox 3151 752 3284 808; x_wconf 89' lang='lat' dir='ltr'><strong>lluic</strong></span> <span class='ocrx_word' id='word_1_162' title='bbox 3314 755 3488 810; x_wconf 64' lang='lat' dir='ltr'><strong>haere-</strong></span> 
     </span>
    </p>
   </div>
   <div class='ocr_carea' id='block_1_24' title="bbox 1917 842 3489 912">
    <p class='ocr_par' dir='ltr' id='par_1_24' title="bbox 1917 842 3489 912">
     <span class='ocr_line' id='line_1_24' title="bbox 1917 842 3489 912; baseline 0.004 -16"><span class='ocrx_word' id='word_1_163' title='bbox 1917 843 2114 896; x_wconf 81' lang='lat' dir='ltr'><strong>ditario</strong></span> <span class='ocrx_word' id='word_1_164' title='bbox 2136 842 2257 912; x_wconf 85' lang='lat' dir='ltr'><strong>jure</strong></span> <span class='ocrx_word' id='word_1_165' title='bbox 2288 842 2554 896; x_wconf 74' lang='lat' dir='ltr'><strong>successit</strong></span> <span class='ocrx_word' id='word_1_166' title='bbox 2595 843 2937 912; x_wconf 84' lang='lat' dir='ltr'><strong>supradictus</strong></span> <span class='ocrx_word' id='word_1_167' title='bbox 2961 842 3279 911; x_wconf 89' lang='lat' dir='ltr'><strong>Clodoveus,</strong></span> <span class='ocrx_word' id='word_1_168' title='bbox 3312 848 3394 901; x_wconf 86' lang='lat' dir='ltr'><strong>vir</strong></span> <span class='ocrx_word' id='word_1_169' title='bbox 3435 849 3489 902; x_wconf 86' lang='lat' dir='ltr'><strong>in</strong></span> 
     </span>
    </p>
   </div>
   <div class='ocr_carea' id='block_1_25' title="bbox 1914 936 3486 1011">
    <p class='ocr_par' dir='ltr' id='par_1_25' title="bbox 1914 936 3486 1011">
     <span class='ocr_line' id='line_1_25' title="bbox 1914 936 3486 1011; baseline 0.006 -23"><span class='ocrx_word' id='word_1_170' title='bbox 1914 936 2078 989; x_wconf 80' lang='lat' dir='ltr'><strong>rebus</strong></span> <span class='ocrx_word' id='word_1_171' title='bbox 2109 936 2316 993; x_wconf 81' lang='lat' dir='ltr'><strong>bellicis</strong></span> <span class='ocrx_word' id='word_1_172' title='bbox 2344 947 2598 992; x_wconf 87' lang='lat' dir='ltr'><strong>strenuus</strong></span> <span class='ocrx_word' id='word_1_173' title='bbox 2633 939 2870 1008; x_wconf 86' lang='lat' dir='ltr'><strong>nullique</strong></span> <span class='ocrx_word' id='word_1_174' title='bbox 2900 940 3138 1011; x_wconf 88' lang='lat' dir='ltr'><strong>priorum</strong></span> <span class='ocrx_word' id='word_1_175' title='bbox 3170 943 3366 996; x_wconf 87' lang='lat' dir='ltr'><strong>virtute</strong></span> <span class='ocrx_word' id='word_1_176' title='bbox 3401 960 3486 997; x_wconf 85' lang='lat' dir='ltr'><strong>se-</strong></span> 
     </span>
    </p>
   </div>
   <div class='ocr_carea' id='block_1_26' title="bbox 1914 1028 3488 1107">
    <p class='ocr_par' dir='ltr' id='par_1_26' title="bbox 1914 1028 3488 1107">
     <span class='ocr_line' id='line_1_26' title="bbox 1914 1028 3488 1107; baseline 0.006 -25"><span class='ocrx_word' id='word_1_177' title='bbox 1914 1028 2142 1083; x_wconf 78' lang='lat' dir='ltr'><strong>Cundus.</strong></span> <span class='ocrx_word' id='word_1_178' title='bbox 2176 1028 2273 1082; x_wconf 82' lang='lat' dir='ltr'><strong>llic</strong></span> <span class='ocrx_word' id='word_1_179' title='bbox 2295 1029 2560 1100; x_wconf 80' lang='lat' dir='ltr'><strong>Siagrium</strong></span> <span class='ocrx_word' id='word_1_180' title='bbox 2586 1029 2947 1086; x_wconf 76' lang='lat' dir='ltr'><strong>Romanorum</strong></span> <span class='ocrx_word' id='word_1_181' title='bbox 2981 1033 3287 1101; x_wconf 86' lang='lat' dir='ltr'><strong>patricium,</strong></span> <span class='ocrx_word' id='word_1_182' title='bbox 3315 1034 3408 1107; x_wconf 80' lang='lat' dir='ltr'><strong>Egi</strong></span> <span class='ocrx_word' id='word_1_183' title='bbox 3435 1038 3488 1091; x_wconf 65' lang='lat' dir='ltr'><strong>iii</strong></span> 
     </span>
    </p>
   </div>
   <div class='ocr_carea' id='block_1_27' title="bbox 1917 1119 3488 1198">
    <p class='ocr_par' dir='ltr' id='par_1_27' title="bbox 1917 1119 3488 1198">
     <span class='ocr_line' id='line_1_27' title="bbox 1917 1119 3488 1198; baseline 0.007 -24"><span class='ocrx_word' id='word_1_184' title='bbox 1917 1119 2114 1184; x_wconf 80' lang='lat' dir='ltr'><strong>ﬁlium,</strong></span> <span class='ocrx_word' id='word_1_185' title='bbox 2149 1137 2177 1175; x_wconf 90' lang='lat' dir='ltr'><strong>a</strong></span> <span class='ocrx_word' id='word_1_186' title='bbox 2218 1121 2526 1179; x_wconf 81' lang='lat' dir='ltr'><strong>Suessionis</strong></span> <span class='ocrx_word' id='word_1_187' title='bbox 2571 1125 2792 1180; x_wconf 64' lang='lat' dir='ltr'><strong>civ-itte</strong></span> <span class='ocrx_word' id='word_1_188' title='bbox 2835 1125 3060 1195; x_wconf 86' lang='lat' dir='ltr'><strong>expulit,</strong></span> <span class='ocrx_word' id='word_1_189' title='bbox 3101 1143 3330 1198; x_wconf 87' lang='lat' dir='ltr'><strong>eamque</strong></span> <span class='ocrx_word' id='word_1_190' title='bbox 3376 1146 3488 1186; x_wconf 72' lang='lat' dir='ltr'><strong>sua:</strong></span> 
     </span>
    </p>
   </div>
   <div class='ocr_carea' id='block_1_28' title="bbox 1917 1211 3489 1278">
    <p class='ocr_par' dir='ltr' id='par_1_28' title="bbox 1917 1211 3489 1278">
     <span class='ocr_line' id='line_1_28' title="bbox 1917 1211 3489 1278; baseline 0.009 -14"><span class='ocrx_word' id='word_1_191' title='bbox 1917 1211 2103 1265; x_wconf 69' lang='lat' dir='ltr'><strong>dit&#39;oni</strong></span> <span class='ocrx_word' id='word_1_192' title='bbox 2135 1214 2390 1268; x_wconf 78' lang='lat' dir='ltr'><strong>subdidit.</strong></span> <span class='ocrx_word' id='word_1_193' title='bbox 2439 1216 2723 1272; x_wconf 75' lang='lat' dir='ltr'><strong>Exercitus</strong></span> <span class='ocrx_word' id='word_1_194' title='bbox 2754 1233 2885 1272; x_wconf 85' lang='lat' dir='ltr'><strong>sane</strong></span> <span class='ocrx_word' id='word_1_195' title='bbox 2933 1217 3264 1275; x_wconf 85' lang='lat' dir='ltr'><strong>Francorum</strong></span> <span class='ocrx_word' id='word_1_196' title='bbox 3297 1222 3489 1278; x_wconf 87' lang='lat' dir='ltr'><strong>multas</strong></span> 
     </span>
    </p>
   </div>
   <div class='ocr_carea' id='block_1_29' title="bbox 1915 1298 3492 1373">
    <p class='ocr_par' dir='ltr' id='par_1_29' title="bbox 1915 1298 3492 1373">
     <span class='ocr_line' id='line_1_29' title="bbox 1915 1298 3492 1373; baseline 0.008 -18"><span class='ocrx_word' id='word_1_197' title='bbox 1915 1298 2212 1355; x_wconf 75' lang='lat' dir='ltr'><strong>Galliarum</strong></span> <span class='ocrx_word' id='word_1_198' title='bbox 2243 1304 2502 1359; x_wconf 87' lang='lat' dir='ltr'><strong>ecclesias</strong></span> <span class='ocrx_word' id='word_1_199' title='bbox 2529 1306 2807 1373; x_wconf 86' lang='lat' dir='ltr'><strong>invadens,</strong></span> <span class='ocrx_word' id='word_1_200' title='bbox 2844 1309 3127 1365; x_wconf 81' lang='lat' dir='ltr'><strong>thesauros</strong></span> <span class='ocrx_word' id='word_1_201' title='bbox 3149 1328 3331 1366; x_wconf 91' lang='lat' dir='ltr'><strong>earum</strong></span> <span class='ocrx_word' id='word_1_202' title='bbox 3362 1313 3492 1368; x_wconf 88' lang='lat' dir='ltr'><strong>diri-</strong></span> 
     </span>
    </p>
   </div>
   <div class='ocr_carea' id='block_1_30' title="bbox 1917 1392 3490 1468">
    <p class='ocr_par' dir='ltr' id='par_1_30' title="bbox 1917 1392 3490 1468">
     <span class='ocr_line' id='line_1_30' title="bbox 1917 1392 3490 1468; baseline 0.011 -25"><span class='ocrx_word' id='word_1_203' title='bbox 1917 1392 2050 1461; x_wconf 86' lang='lat' dir='ltr'><strong>puit.</strong></span> <span class='ocrx_word' id='word_1_204' title='bbox 2088 1392 2239 1448; x_wconf 85' lang='lat' dir='ltr'><strong>Unde</strong></span> <span class='ocrx_word' id='word_1_205' title='bbox 2273 1395 2414 1450; x_wconf 92' lang='lat' dir='ltr'><strong>inter</strong></span> <span class='ocrx_word' id='word_1_206' title='bbox 2435 1407 2633 1452; x_wconf 67' lang='lat' dir='ltr'><strong>uetera</strong></span> <span class='ocrx_word' id='word_1_207' title='bbox 2681 1399 2850 1468; x_wconf 65' lang='lat' dir='ltr'><strong>spolia</strong></span> <span class='ocrx_word' id='word_1_208' title='bbox 2893 1402 2958 1456; x_wconf 81' lang='lat' dir='ltr'><strong>de</strong></span> <span class='ocrx_word' id='word_1_209' title='bbox 2987 1403 3212 1457; x_wconf 86' lang='lat' dir='ltr'><strong>ecclesia</strong></span> <span class='ocrx_word' id='word_1_210' title='bbox 3238 1402 3490 1462; x_wconf 80' lang='lat' dir='ltr'><strong>Remensi</strong></span> 
     </span>
    </p>
   </div>
   <div class='ocr_carea' id='block_1_31' title="bbox 1916 1487 3495 1568">
    <p class='ocr_par' dir='ltr' id='par_1_31' title="bbox 1916 1487 3495 1568">
     <span class='ocr_line' id='line_1_31' title="bbox 1916 1487 3495 1568; baseline 0.011 -30"><span class='ocrx_word' id='word_1_211' title='bbox 1916 1500 2137 1540; x_wconf 89' lang='lat' dir='ltr'><strong>urceum</strong></span> <span class='ocrx_word' id='word_1_212' title='bbox 2188 1487 2309 1542; x_wconf 89' lang='lat' dir='ltr'><strong>miri</strong></span> <span class='ocrx_word' id='word_1_213' title='bbox 2340 1490 2597 1559; x_wconf 87' lang='lat' dir='ltr'><strong>ponderis</strong></span> <span class='ocrx_word' id='word_1_214' title='bbox 2644 1491 2806 1546; x_wconf 87' lang='lat' dir='ltr'><strong>simul</strong></span> <span class='ocrx_word' id='word_1_215' title='bbox 2841 1502 2894 1548; x_wconf 92' lang='lat' dir='ltr'><strong>et</strong></span> <span class='ocrx_word' id='word_1_216' title='bbox 2928 1494 3140 1551; x_wconf 88' lang='lat' dir='ltr'><strong>decoris</strong></span> <span class='ocrx_word' id='word_1_217' title='bbox 3184 1509 3495 1568; x_wconf 87' lang='lat' dir='ltr'><strong>asportave-</strong></span> 
     </span>
    </p>
   </div>
   <div class='ocr_carea' id='block_1_32' title="bbox 1917 1579 3493 1660">
    <p class='ocr_par' dir='ltr' id='par_1_32' title="bbox 1917 1579 3493 1660">
     <span class='ocr_line' id='line_1_32' title="bbox 1917 1579 3493 1660; baseline 0.011 -30"><span class='ocrx_word' id='word_1_218' title='bbox 1917 1587 2065 1633; x_wconf 90' lang='lat' dir='ltr'><strong>runt.</strong></span> <span class='ocrx_word' id='word_1_219' title='bbox 2098 1579 2200 1635; x_wconf 82' lang='lat' dir='ltr'><strong>Pro</strong></span> <span class='ocrx_word' id='word_1_220' title='bbox 2247 1597 2355 1652; x_wconf 76' lang='lat' dir='ltr'><strong>quo</strong></span> <span class='ocrx_word' id='word_1_221' title='bbox 2387 1583 2572 1638; x_wconf 88' lang='lat' dir='ltr'><strong>beatus</strong></span> <span class='ocrx_word' id='word_1_222' title='bbox 2603 1583 2900 1656; x_wconf 77' lang='lat' dir='ltr'><strong>Remigius,</strong></span> <span class='ocrx_word' id='word_1_223' title='bbox 2935 1587 3107 1658; x_wconf 87' lang='lat' dir='ltr'><strong>ipsius</strong></span> <span class='ocrx_word' id='word_1_224' title='bbox 3139 1591 3286 1645; x_wconf 90' lang='lat' dir='ltr'><strong>urbis</strong></span> <span class='ocrx_word' id='word_1_225' title='bbox 3319 1595 3493 1660; x_wconf 78' lang='lat' dir='ltr'><strong>ponti-</strong></span> 
     </span>
    </p>
   </div>
   <div class='ocr_carea' id='block_1_33' title="bbox 222 1661 3495 1752">
    <p class='ocr_par' dir='ltr' id='par_1_33' title="bbox 222 1661 3495 1752">
     <span class='ocr_line' id='line_1_33' title="bbox 222 1661 3495 1752; baseline 0.008 -40"><span class='ocrx_word' id='word_1_226' title='bbox 222 1673 654 1750; x_wconf 59' lang='lat' dir='ltr'><strong>pomiﬁcaubus,</strong></span> <span class='ocrx_word' id='word_1_227' title='bbox 689 1683 782 1752; x_wconf 68' lang='lat' dir='ltr'><strong>qui</strong></span> <span class='ocrx_word' id='word_1_228' title='bbox 822 1684 960 1736; x_wconf 59' lang='lat' dir='ltr'><strong>scire</strong></span> <span class='ocrx_word' id='word_1_229' title='bbox 1009 1681 1258 1744; x_wconf 56' lang='lat' dir='ltr'><strong>mium-ii,</strong></span> <span class='ocrx_word' id='word_1_230' title='bbox 1300 1678 1558 1734; x_wconf 69' lang='grc' dir='ltr'><strong>ίηγριιίρι,</strong></span> <span class='ocrx_word' id='word_1_231' title='bbox 1605 1676 1660 1730; x_wconf 82' lang='grc' dir='ltr'><strong>ιιι</strong></span> <span class='ocrx_word' id='word_1_232' title='bbox 1709 1677 1810 1730; x_wconf 72' lang='lat' dir='ltr'><strong>hac</strong></span> <span class='ocrx_word' id='word_1_233' title='bbox 1841 1661 1884 1720; x_wconf 80' lang='grc' dir='ltr'><strong><em>Β</em></strong></span> <span class='ocrx_word' id='word_1_234' title='bbox 1914 1669 2024 1736; x_wconf 92' lang='lat' dir='ltr'><strong>fex,</strong></span> <span class='ocrx_word' id='word_1_235' title='bbox 2058 1671 2288 1741; x_wconf 86' lang='lat' dir='ltr'><strong>legatum</strong></span> <span class='ocrx_word' id='word_1_236' title='bbox 2316 1675 2380 1728; x_wconf 91' lang='lat' dir='ltr'><strong>ad</strong></span> <span class='ocrx_word' id='word_1_237' title='bbox 2405 1675 2734 1730; x_wconf 87' lang='lat' dir='ltr'><strong>Clodoveum</strong></span> <span class='ocrx_word' id='word_1_238' title='bbox 2766 1677 2986 1744; x_wconf 81' lang='lat' dir='ltr'><strong>direxit,</strong></span> <span class='ocrx_word' id='word_1_239' title='bbox 3011 1680 3175 1735; x_wconf 90' lang='lat' dir='ltr'><strong>multa</strong></span> <span class='ocrx_word' id='word_1_240' title='bbox 3207 1697 3368 1752; x_wconf 89' lang='lat' dir='ltr'><strong>prece</strong></span> <span class='ocrx_word' id='word_1_241' title='bbox 3403 1685 3495 1738; x_wconf 83' lang='lat' dir='ltr'><strong>de-</strong></span> 
     </span>
    </p>
   </div>
   <div class='ocr_carea' id='block_1_34' title="bbox 219 1768 1805 1844">
    <p class='ocr_par' dir='ltr' id='par_1_34' title="bbox 219 1768 1805 1844">
     <span class='ocr_line' id='line_1_34' title="bbox 219 1768 1805 1844; baseline -0.002 -19"><span class='ocrx_word' id='word_1_242' title='bbox 219 1786 347 1828; x_wconf 86' lang='lat' dir='ltr'><strong>vero</strong></span> <span class='ocrx_word' id='word_1_243' title='bbox 381 1777 730 1832; x_wconf 85' lang='lat' dir='ltr'><strong>dissensione</strong></span> <span class='ocrx_word' id='word_1_244' title='bbox 782 1783 864 1844; x_wconf 92' lang='lat' dir='ltr'><strong>(ut</strong></span> <span class='ocrx_word' id='word_1_245' title='bbox 893 1777 1082 1830; x_wconf 77' lang='lat' dir='ltr'><strong>beatus</strong></span> <span class='ocrx_word' id='word_1_246' title='bbox 1110 1773 1300 1829; x_wconf 88' lang='lat' dir='ltr'><strong>scribit</strong></span> <span class='ocrx_word' id='word_1_247' title='bbox 1330 1789 1463 1842; x_wconf 88' lang='lat' dir='ltr'><strong>papa</strong></span> <span class='ocrx_word' id='word_1_248' title='bbox 1493 1768 1805 1841; x_wconf 81' lang='lat' dir='ltr'><strong>Gregorius)</strong></span> 
     </span>
    </p>
   </div>
   <div class='ocr_carea' id='block_1_35' title="bbox 223 1864 1808 1932">
    <p class='ocr_par' dir='ltr' id='par_1_35' title="bbox 223 1864 1808 1932">
     <span class='ocr_line' id='line_1_35' title="bbox 223 1864 1808 1932; baseline -0.003 -10"><span class='ocrx_word' id='word_1_249' title='bbox 223 1869 602 1923; x_wconf 76' lang='lat' dir='ltr'><strong>snnctissimus</strong></span> <span class='ocrx_word' id='word_1_250' title='bbox 654 1868 1005 1932; x_wconf 84' lang='lat' dir='ltr'><strong>Paschasius,</strong></span> <span class='ocrx_word' id='word_1_251' title='bbox 1042 1868 1297 1923; x_wconf 72' lang='lat' dir='ltr'><strong>Ecclesia:</strong></span> <span class='ocrx_word' id='word_1_252' title='bbox 1341 1867 1597 1921; x_wconf 76' lang='lat' dir='ltr'><strong>Romana:</strong></span> <span class='ocrx_word' id='word_1_253' title='bbox 1627 1864 1808 1918; x_wconf 85' lang='lat' dir='ltr'><strong>diaco-</strong></span> 
     </span>
    </p>
   </div>
   <div class='ocr_carea' id='block_1_36' title="bbox 221 1959 1810 2028">
    <p class='ocr_par' dir='ltr' id='par_1_36' title="bbox 221 1959 1810 2028">
     <span class='ocr_line' id='line_1_36' title="bbox 221 1959 1810 2028; baseline -0.003 -16"><span class='ocrx_word' id='word_1_254' title='bbox 221 1975 338 2023; x_wconf 89' lang='lat' dir='ltr'><strong>nus,</strong></span> <span class='ocrx_word' id='word_1_255' title='bbox 381 1960 634 2028; x_wconf 91' lang='lat' dir='ltr'><strong>partibus</strong></span> <span class='ocrx_word' id='word_1_256' title='bbox 678 1959 812 2014; x_wconf 87' lang='lat' dir='ltr'><strong>favit</strong></span> <span class='ocrx_word' id='word_1_257' title='bbox 848 1960 1140 2014; x_wconf 89' lang='lat' dir='ltr'><strong>Laurentii.</strong></span> <span class='ocrx_word' id='word_1_258' title='bbox 1174 1959 1273 2026; x_wconf 85' lang='lat' dir='ltr'><strong>Qui</strong></span> <span class='ocrx_word' id='word_1_259' title='bbox 1313 1959 1437 2012; x_wconf 92' lang='lat' dir='ltr'><strong>dum</strong></span> <span class='ocrx_word' id='word_1_260' title='bbox 1471 1963 1810 2024; x_wconf 88' lang='lat' dir='ltr'><strong>contemptor</strong></span> 
     </span>
    </p>
   </div>
   <div class='ocr_carea' id='block_1_37' title="bbox 219 2047 1808 2122">
    <p class='ocr_par' dir='ltr' id='par_1_37' title="bbox 219 2047 1808 2122">
     <span class='ocr_line' id='line_1_37' title="bbox 219 2047 1808 2122; baseline -0.003 -19"><span class='ocrx_word' id='word_1_261' title='bbox 219 2051 296 2103; x_wconf 89' lang='lat' dir='ltr'><strong>sui</strong></span> <span class='ocrx_word' id='word_1_262' title='bbox 326 2063 494 2121; x_wconf 85' lang='lat' dir='ltr'><strong>atque</strong></span> <span class='ocrx_word' id='word_1_263' title='bbox 524 2062 742 2106; x_wconf 85' lang='lat' dir='ltr'><strong>amator</strong></span> <span class='ocrx_word' id='word_1_264' title='bbox 769 2061 914 2106; x_wconf 88' lang='lat' dir='ltr'><strong>esset</strong></span> <span class='ocrx_word' id='word_1_265' title='bbox 940 2066 1234 2122; x_wconf 90' lang='lat' dir='ltr'><strong>pauperum</strong></span> <span class='ocrx_word' id='word_1_266' title='bbox 1265 2047 1488 2114; x_wconf 84' lang='lat' dir='ltr'><strong>Christi,</strong></span> <span class='ocrx_word' id='word_1_267' title='bbox 1513 2048 1808 2117; x_wconf 85' lang='lat' dir='ltr'><strong>eleemosy-</strong></span> 
     </span>
    </p>
   </div>
   <div class='ocr_carea' id='block_1_38' title="bbox 220 2145 1804 2215">
    <p class='ocr_par' dir='ltr' id='par_1_38' title="bbox 220 2145 1804 2215">
     <span class='ocr_line' id='line_1_38' title="bbox 220 2145 1804 2215; baseline 0 -21"><span class='ocrx_word' id='word_1_268' title='bbox 220 2158 524 2212; x_wconf 81' lang='lat' dir='ltr'><strong>uarumque</strong></span> <span class='ocrx_word' id='word_1_269' title='bbox 596 2145 819 2200; x_wconf 88' lang='lat' dir='ltr'><strong>sedulus</strong></span> <span class='ocrx_word' id='word_1_270' title='bbox 878 2145 1238 2215; x_wconf 77' lang='lat' dir='ltr'><strong>dispenSator,</strong></span> <span class='ocrx_word' id='word_1_271' title='bbox 1295 2159 1568 2212; x_wconf 88' lang='lat' dir='ltr'><strong>nunquam</strong></span> <span class='ocrx_word' id='word_1_272' title='bbox 1624 2151 1804 2196; x_wconf 87' lang='lat' dir='ltr'><strong>tamen</strong></span> 
     </span>
    </p>
   </div>
   <div class='ocr_carea' id='block_1_39' title="bbox 219 2231 1808 2307">
    <p class='ocr_par' dir='ltr' id='par_1_39' title="bbox 219 2231 1808 2307">
     <span class='ocr_line' id='line_1_39' title="bbox 219 2231 1808 2307; baseline 0.001 -22"><span class='ocrx_word' id='word_1_273' title='bbox 219 2231 355 2288; x_wconf 82' lang='lat' dir='ltr'><strong>ﬂecti</strong></span> <span class='ocrx_word' id='word_1_274' title='bbox 388 2236 568 2304; x_wconf 88' lang='lat' dir='ltr'><strong>potuit</strong></span> <span class='ocrx_word' id='word_1_275' title='bbox 599 2246 659 2290; x_wconf 91' lang='lat' dir='ltr'><strong>ut</strong></span> <span class='ocrx_word' id='word_1_276' title='bbox 691 2237 1018 2307; x_wconf 87' lang='lat' dir='ltr'><strong>Symmacho</strong></span> <span class='ocrx_word' id='word_1_277' title='bbox 1067 2236 1513 2295; x_wconf 83' lang='lat' dir='ltr'><strong>communicaret.</strong></span> <span class='ocrx_word' id='word_1_278' title='bbox 1551 2233 1699 2288; x_wconf 92' lang='lat' dir='ltr'><strong>illum</strong></span> <span class='ocrx_word' id='word_1_279' title='bbox 1727 2231 1808 2286; x_wconf 86' lang='lat' dir='ltr'><strong>di-</strong></span> 
     </span>
    </p>
   </div>
   <div class='ocr_carea' id='block_1_40' title="bbox 217 2322 1807 2398">
    <p class='ocr_par' dir='ltr' id='par_1_40' title="bbox 217 2322 1807 2398">
     <span class='ocr_line' id='line_1_40' title="bbox 217 2322 1807 2398; baseline 0.002 -21"><span class='ocrx_word' id='word_1_280' title='bbox 217 2322 410 2394; x_wconf 83' lang='lat' dir='ltr'><strong>ligens,</strong></span> <span class='ocrx_word' id='word_1_281' title='bbox 444 2327 599 2381; x_wconf 77' lang='lat' dir='ltr'><strong>illiilli</strong></span> <span class='ocrx_word' id='word_1_282' title='bbox 630 2344 843 2397; x_wconf 85' lang='lat' dir='ltr'><strong>semper</strong></span> <span class='ocrx_word' id='word_1_283' title='bbox 871 2328 1186 2398; x_wconf 65' lang='lat' dir='ltr'><strong>praeferens,</strong></span> <span class='ocrx_word' id='word_1_284' title='bbox 1209 2343 1368 2398; x_wconf 86' lang='lat' dir='ltr'><strong>quem</strong></span> <span class='ocrx_word' id='word_1_285' title='bbox 1399 2326 1807 2396; x_wconf 85' lang='lat' dir='ltr'><strong>Ecclesiajusto</strong></span> 
     </span>
    </p>
   </div>
   <div class='ocr_carea' id='block_1_41' title="bbox 221 2417 1808 2488">
    <p class='ocr_par' dir='ltr' id='par_1_41' title="bbox 221 2417 1808 2488">
     <span class='ocr_line' id='line_1_41' title="bbox 221 2417 1808 2488; baseline 0.003 -20"><span class='ocrx_word' id='word_1_286' title='bbox 221 2418 607 2488; x_wconf 81' lang='lat' dir='ltr'><strong>episcoporum</strong></span> <span class='ocrx_word' id='word_1_287' title='bbox 648 2418 852 2487; x_wconf 88' lang='lat' dir='ltr'><strong>judicio</strong></span> <span class='ocrx_word' id='word_1_288' title='bbox 894 2419 994 2474; x_wconf 87' lang='lat' dir='ltr'><strong>sibi</strong></span> <span class='ocrx_word' id='word_1_289' title='bbox 1025 2435 1258 2488; x_wconf 68' lang='lat' dir='ltr'><strong>praeesse</strong></span> <span class='ocrx_word' id='word_1_290' title='bbox 1285 2419 1680 2488; x_wconf 86' lang='lat' dir='ltr'><strong>repudiaverat.</strong></span> <span class='ocrx_word' id='word_1_291' title='bbox 1711 2417 1808 2472; x_wconf 88' lang='lat' dir='ltr'><strong>llic</strong></span> 
     </span>
    </p>
   </div>
   <div class='ocr_carea' id='block_1_42' title="bbox 219 2507 1808 2579">
    <p class='ocr_par' dir='ltr' id='par_1_42' title="bbox 219 2507 1808 2579">
     <span class='ocr_line' id='line_1_42' title="bbox 219 2507 1808 2579; baseline 0.003 -22"><span class='ocrx_word' id='word_1_292' title='bbox 219 2521 344 2576; x_wconf 84' lang='lat' dir='ltr'><strong>ergo</strong></span> <span class='ocrx_word' id='word_1_293' title='bbox 375 2507 735 2574; x_wconf 83' lang='lat' dir='ltr'><strong>Paschasius,</strong></span> <span class='ocrx_word' id='word_1_294' title='bbox 767 2510 890 2564; x_wconf 88' lang='lat' dir='ltr'><strong>dum</strong></span> <span class='ocrx_word' id='word_1_295' title='bbox 932 2520 1172 2579; x_wconf 89' lang='lat' dir='ltr'><strong>tempore</strong></span> <span class='ocrx_word' id='word_1_296' title='bbox 1197 2508 1504 2579; x_wconf 78' lang='lat' dir='ltr'><strong>Symmachi</strong></span> <span class='ocrx_word' id='word_1_297' title='bbox 1537 2508 1808 2578; x_wconf 76' lang='lat' dir='ltr'><strong>pontificis</strong></span> 
     </span>
    </p>
   </div>
   <div class='ocr_carea' id='block_1_43' title="bbox 221 2601 1806 2668">
    <p class='ocr_par' dir='ltr' id='par_1_43' title="bbox 221 2601 1806 2668">
     <span class='ocr_line' id='line_1_43' title="bbox 221 2601 1806 2668; baseline 0 -16"><span class='ocrx_word' id='word_1_298' title='bbox 221 2601 512 2654; x_wconf 83' lang='lat' dir='ltr'><strong>terminum</strong></span> <span class='ocrx_word' id='word_1_299' title='bbox 566 2601 727 2668; x_wconf 90' lang='lat' dir='ltr'><strong>hujus</strong></span> <span class='ocrx_word' id='word_1_300' title='bbox 779 2612 917 2655; x_wconf 86' lang='lat' dir='ltr'><strong>esset</strong></span> <span class='ocrx_word' id='word_1_301' title='bbox 947 2603 1169 2656; x_wconf 82' lang='lat' dir='ltr'><strong>sortitus</strong></span> <span class='ocrx_word' id='word_1_302' title='bbox 1207 2604 1350 2666; x_wconf 65' lang='lat' dir='ltr'><strong>vitm,</strong></span> <span class='ocrx_word' id='word_1_303' title='bbox 1402 2603 1468 2654; x_wconf 87' lang='lat' dir='ltr'><strong>ad</strong></span> <span class='ocrx_word' id='word_1_304' title='bbox 1522 2601 1806 2654; x_wconf 87' lang='lat' dir='ltr'><strong>ecclesiam</strong></span> 
     </span>
    </p>
   </div>
   <div class='ocr_carea' id='block_1_44' title="bbox 215 2693 1805 2765">
    <p class='ocr_par' dir='ltr' id='par_1_44' title="bbox 215 2693 1805 2765">
     <span class='ocr_line' id='line_1_44' title="bbox 215 2693 1805 2765; baseline 0.001 -20"><span class='ocrx_word' id='word_1_305' title='bbox 215 2702 298 2745; x_wconf 82' lang='lat' dir='ltr'><strong>est</strong></span> <span class='ocrx_word' id='word_1_306' title='bbox 324 2693 907 2750; x_wconf 75' lang='lat' dir='ltr'><strong>delatus-mandandus</strong></span> <span class='ocrx_word' id='word_1_307' title='bbox 927 2696 1228 2761; x_wconf 70' lang='lat' dir='ltr'><strong>sepulturae.</strong></span> <span class='ocrx_word' id='word_1_308' title='bbox 1248 2697 1413 2765; x_wconf 80' lang='lat' dir='ltr'><strong>Cujus</strong></span> <span class='ocrx_word' id='word_1_309' title='bbox 1441 2694 1805 2759; x_wconf 81' lang='lat' dir='ltr'><strong>dabnaticam,</strong></span> 
     </span>
    </p>
   </div>
   <div class='ocr_carea' id='block_1_45' title="bbox 215 2776 1808 2858">
    <p class='ocr_par' dir='ltr' id='par_1_45' title="bbox 215 2776 1808 2858">
     <span class='ocr_line' id='line_1_45' title="bbox 215 2776 1808 2858; baseline 0.001 -20"><span class='ocrx_word' id='word_1_310' title='bbox 215 2799 335 2852; x_wconf 78' lang='lat' dir='ltr'><strong>qua:</strong></span> <span class='ocrx_word' id='word_1_311' title='bbox 361 2800 532 2854; x_wconf 88' lang='lat' dir='ltr'><strong>super</strong></span> <span class='ocrx_word' id='word_1_312' title='bbox 563 2776 817 2841; x_wconf 74' lang='lat' dir='ltr'><strong>feretrani</strong></span> <span class='ocrx_word' id='word_1_313' title='bbox 865 2788 978 2858; x_wconf 86' lang='lat' dir='ltr'><strong>ejus</strong></span> <span class='ocrx_word' id='word_1_314' title='bbox 1017 2789 1190 2858; x_wconf 90' lang='lat' dir='ltr'><strong>posita</strong></span> <span class='ocrx_word' id='word_1_315' title='bbox 1240 2797 1379 2851; x_wconf 91' lang='lat' dir='ltr'><strong>erat,</strong></span> <span class='ocrx_word' id='word_1_316' title='bbox 1429 2803 1549 2842; x_wconf 91' lang='lat' dir='ltr'><strong>cum</strong></span> <span class='ocrx_word' id='word_1_317' title='bbox 1590 2787 1808 2857; x_wconf 77' lang='lat' dir='ltr'><strong>quidam</strong></span> 
     </span>
    </p>
   </div>
   <div class='ocr_carea' id='block_1_46' title="bbox 215 2878 1810 2948">
    <p class='ocr_par' dir='ltr' id='par_1_46' title="bbox 215 2878 1810 2948">
     <span class='ocr_line' id='line_1_46' title="bbox 215 2878 1810 2948; baseline 0.001 -16"><span class='ocrx_word' id='word_1_318' title='bbox 215 2878 592 2936; x_wconf 67' lang='lat' dir='ltr'><strong>dzemoniacus</strong></span> <span class='ocrx_word' id='word_1_319' title='bbox 647 2882 930 2948; x_wconf 81' lang='lat' dir='ltr'><strong>tetigisset,</strong></span> <span class='ocrx_word' id='word_1_320' title='bbox 993 2883 1176 2937; x_wconf 89' lang='lat' dir='ltr'><strong>statim</strong></span> <span class='ocrx_word' id='word_1_321' title='bbox 1245 2882 1505 2938; x_wconf 84' lang='lat' dir='ltr'><strong>liberatus</strong></span> <span class='ocrx_word' id='word_1_322' title='bbox 1529 2890 1629 2936; x_wconf 90' lang='lat' dir='ltr'><strong>est.</strong></span> <span class='ocrx_word' id='word_1_323' title='bbox 1678 2881 1810 2935; x_wconf 79' lang='lat' dir='ltr'><strong>Ger-</strong></span> 
     </span>
    </p>
   </div>
   <div class='ocr_carea' id='block_1_47' title="bbox 215 2973 1809 3046">
    <p class='ocr_par' dir='ltr' id='par_1_47' title="bbox 215 2973 1809 3046">
     <span class='ocr_line' id='line_1_47' title="bbox 215 2973 1809 3046; baseline 0.003 -23"><span class='ocrx_word' id='word_1_324' title='bbox 215 2985 382 3025; x_wconf 88' lang='lat' dir='ltr'><strong>mano</strong></span> <span class='ocrx_word' id='word_1_325' title='bbox 425 2982 608 3027; x_wconf 88' lang='lat' dir='ltr'><strong>autem</strong></span> <span class='ocrx_word' id='word_1_326' title='bbox 651 2973 902 3044; x_wconf 87' lang='lat' dir='ltr'><strong>Capuauo</strong></span> <span class='ocrx_word' id='word_1_327' title='bbox 934 2976 1188 3046; x_wconf 88' lang='lat' dir='ltr'><strong>episcopo</strong></span> <span class='ocrx_word' id='word_1_328' title='bbox 1227 2975 1422 3030; x_wconf 88' lang='lat' dir='ltr'><strong>medici</strong></span> <span class='ocrx_word' id='word_1_329' title='bbox 1468 2975 1809 3030; x_wconf 79' lang='lat' dir='ltr'><strong>dictaverunt</strong></span> 
     </span>
    </p>
   </div>
   <div class='ocr_carea' id='block_1_48' title="bbox 216 3066 1809 3138">
    <p class='ocr_par' dir='ltr' id='par_1_48' title="bbox 216 3066 1809 3138">
     <span class='ocr_line' id='line_1_48' title="bbox 216 3066 1809 3138; baseline 0.004 -23"><span class='ocrx_word' id='word_1_330' title='bbox 216 3073 277 3117; x_wconf 92' lang='lat' dir='ltr'><strong>ut</strong></span> <span class='ocrx_word' id='word_1_331' title='bbox 329 3080 440 3132; x_wconf 88' lang='lat' dir='ltr'><strong>pro</strong></span> <span class='ocrx_word' id='word_1_332' title='bbox 482 3067 845 3134; x_wconf 84' lang='lat' dir='ltr'><strong>recuperanda</strong></span> <span class='ocrx_word' id='word_1_333' title='bbox 891 3068 1062 3122; x_wconf 85' lang='lat' dir='ltr'><strong>salute</strong></span> <span class='ocrx_word' id='word_1_334' title='bbox 1117 3069 1361 3132; x_wconf 87' lang='lat' dir='ltr'><strong>corporis</strong></span> <span class='ocrx_word' id='word_1_335' title='bbox 1407 3069 1459 3122; x_wconf 91' lang='lat' dir='ltr'><strong>in</strong></span> <span class='ocrx_word' id='word_1_336' title='bbox 1512 3066 1809 3138; x_wconf 77' lang='lat' dir='ltr'><strong>Angnlanis</strong></span> 
     </span>
    </p>
   </div>
   <div class='ocr_carea' id='block_1_49' title="bbox 219 3152 1814 3227">
    <p class='ocr_par' dir='ltr' id='par_1_49' title="bbox 219 3152 1814 3227">
     <span class='ocr_line' id='line_1_49' title="bbox 219 3152 1814 3227; baseline 0.005 -23"><span class='ocrx_word' id='word_1_337' title='bbox 219 3152 456 3209; x_wconf 82' lang='lat' dir='ltr'><strong>thermis</strong></span> <span class='ocrx_word' id='word_1_338' title='bbox 490 3154 659 3210; x_wconf 84' lang='lat' dir='ltr'><strong>lavari</strong></span> <span class='ocrx_word' id='word_1_339' title='bbox 712 3155 1000 3211; x_wconf 87' lang='lat' dir='ltr'><strong>debuisset.</strong></span> <span class='ocrx_word' id='word_1_340' title='bbox 1036 3158 1138 3212; x_wconf 81' lang='lat' dir='ltr'><strong>llic</strong></span> <span class='ocrx_word' id='word_1_341' title='bbox 1189 3158 1369 3227; x_wconf 88' lang='lat' dir='ltr'><strong>itaque</strong></span> <span class='ocrx_word' id='word_1_342' title='bbox 1418 3160 1633 3212; x_wconf 88' lang='lat' dir='ltr'><strong>easdem</strong></span> <span class='ocrx_word' id='word_1_343' title='bbox 1667 3159 1814 3212; x_wconf 87' lang='lat' dir='ltr'><strong>ther-</strong></span> 
     </span>
    </p>
   </div>
   <div class='ocr_carea' id='block_1_50' title="bbox 217 3243 1807 3314">
    <p class='ocr_par' dir='ltr' id='par_1_50' title="bbox 217 3243 1807 3314">
     <span class='ocr_line' id='line_1_50' title="bbox 217 3243 1807 3314; baseline 0.006 -20"><span class='ocrx_word' id='word_1_344' title='bbox 217 3256 340 3298; x_wconf 84' lang='lat' dir='ltr'><strong>mas</strong></span> <span class='ocrx_word' id='word_1_345' title='bbox 365 3243 646 3314; x_wconf 87' lang='lat' dir='ltr'><strong>ingressus</strong></span> <span class='ocrx_word' id='word_1_346' title='bbox 677 3248 925 3301; x_wconf 87' lang='lat' dir='ltr'><strong>eumdem</strong></span> <span class='ocrx_word' id='word_1_347' title='bbox 956 3247 1308 3302; x_wconf 86' lang='lat' dir='ltr'><strong>Paschasium</strong></span> <span class='ocrx_word' id='word_1_348' title='bbox 1349 3250 1400 3302; x_wconf 89' lang='lat' dir='ltr'><strong>in</strong></span> <span class='ocrx_word' id='word_1_349' title='bbox 1428 3249 1629 3304; x_wconf 89' lang='lat' dir='ltr'><strong>eisdem</strong></span> <span class='ocrx_word' id='word_1_350' title='bbox 1657 3250 1807 3304; x_wconf 90' lang='lat' dir='ltr'><strong>calo-</strong></span> 
     </span>
    </p>
   </div>
   <div class='ocr_carea' id='block_1_51' title="bbox 219 3331 1809 3406">
    <p class='ocr_par' dir='ltr' id='par_1_51' title="bbox 219 3331 1809 3406">
     <span class='ocr_line' id='line_1_51' title="bbox 219 3331 1809 3406; baseline 0.006 -24"><span class='ocrx_word' id='word_1_351' title='bbox 219 3331 376 3386; x_wconf 88' lang='lat' dir='ltr'><strong>ribus</strong></span> <span class='ocrx_word' id='word_1_352' title='bbox 408 3342 648 3388; x_wconf 83' lang='lat' dir='ltr'><strong>stantem</strong></span> <span class='ocrx_word' id='word_1_353' title='bbox 669 3347 724 3388; x_wconf 85' lang='lat' dir='ltr'><strong>et</strong></span> <span class='ocrx_word' id='word_1_354' title='bbox 748 3335 850 3389; x_wconf 89' lang='lat' dir='ltr'><strong>sibi</strong></span> <span class='ocrx_word' id='word_1_355' title='bbox 874 3336 1093 3406; x_wconf 83' lang='lat' dir='ltr'><strong>obsequi</strong></span> <span class='ocrx_word' id='word_1_356' title='bbox 1120 3347 1364 3405; x_wconf 88' lang='lat' dir='ltr'><strong>paratum</strong></span> <span class='ocrx_word' id='word_1_357' title='bbox 1390 3338 1612 3392; x_wconf 83' lang='lat' dir='ltr'><strong>invenit.</strong></span> <span class='ocrx_word' id='word_1_358' title='bbox 1641 3338 1809 3404; x_wconf 88' lang='lat' dir='ltr'><strong>Quem</strong></span> 
     </span>
    </p>
   </div>
   <div class='ocr_carea' id='block_1_52' title="bbox 228 3423 1814 3496">
    <p class='ocr_par' dir='ltr' id='par_1_52' title="bbox 228 3423 1814 3496">
     <span class='ocr_line' id='line_1_52' title="bbox 228 3423 1814 3496; baseline 0.006 -23"><span class='ocrx_word' id='word_1_359' title='bbox 228 3436 355 3475; x_wconf 83' lang='lat' dir='ltr'><strong>eum</strong></span> <span class='ocrx_word' id='word_1_360' title='bbox 425 3423 780 3480; x_wconf 87' lang='lat' dir='ltr'><strong>tremefactus</strong></span> <span class='ocrx_word' id='word_1_361' title='bbox 829 3427 1125 3495; x_wconf 68' lang='lat' dir='ltr'><strong>inquireret</strong></span> <span class='ocrx_word' id='word_1_362' title='bbox 1156 3446 1172 3478; x_wconf 77' lang='grc' dir='ltr'><strong>ι</strong></span> <span class='ocrx_word' id='word_1_363' title='bbox 1209 3427 1336 3496; x_wconf 90' lang='lat' dir='ltr'><strong>quid</strong></span> <span class='ocrx_word' id='word_1_364' title='bbox 1387 3427 1456 3481; x_wconf 86' lang='lat' dir='ltr'><strong>ibi</strong></span> <span class='ocrx_word' id='word_1_365' title='bbox 1500 3437 1679 3483; x_wconf 89' lang='lat' dir='ltr'><strong>tantus</strong></span> <span class='ocrx_word' id='word_1_366' title='bbox 1732 3429 1814 3482; x_wconf 87' lang='lat' dir='ltr'><strong>vir</strong></span> 
     </span>
    </p>
   </div>
   <div class='ocr_carea' id='block_1_53' title="bbox 217 3514 1808 3587">
    <p class='ocr_par' dir='ltr' id='par_1_53' title="bbox 217 3514 1808 3587">
     <span class='ocr_line' id='line_1_53' title="bbox 217 3514 1808 3587; baseline 0.006 -25"><span class='ocrx_word' id='word_1_367' title='bbox 217 3521 434 3579; x_wconf 84' lang='lat' dir='ltr'><strong>ageret,</strong></span> <span class='ocrx_word' id='word_1_368' title='bbox 468 3531 488 3564; x_wconf 77' lang='grc' dir='ltr'><strong>ι</strong></span> <span class='ocrx_word' id='word_1_369' title='bbox 536 3514 635 3568; x_wconf 93' lang='lat' dir='ltr'><strong>hoc</strong></span> <span class='ocrx_word' id='word_1_370' title='bbox 656 3516 724 3569; x_wconf 91' lang='lat' dir='ltr'><strong>ab</strong></span> <span class='ocrx_word' id='word_1_371' title='bbox 744 3531 809 3570; x_wconf 92' lang='lat' dir='ltr'><strong>eo</strong></span> <span class='ocrx_word' id='word_1_372' title='bbox 838 3533 1150 3586; x_wconf 89' lang='lat' dir='ltr'><strong>responsum</strong></span> <span class='ocrx_word' id='word_1_373' title='bbox 1179 3519 1386 3587; x_wconf 90' lang='lat' dir='ltr'><strong>accepit</strong></span> <span class='ocrx_word' id='word_1_374' title='bbox 1412 3533 1425 3571; x_wconf 92' lang='lat'><strong>:</strong></span> <span class='ocrx_word' id='word_1_375' title='bbox 1464 3537 1480 3570; x_wconf 80' lang='grc' dir='ltr'><strong>ι</strong></span> <span class='ocrx_word' id='word_1_376' title='bbox 1515 3519 1619 3574; x_wconf 89' lang='lat' dir='ltr'><strong>Pro</strong></span> <span class='ocrx_word' id='word_1_377' title='bbox 1643 3521 1808 3586; x_wconf 89' lang='lat' dir='ltr'><strong>nulla,</strong></span> 
     </span>
    </p>
   </div>
   <div class='ocr_carea' id='block_1_54' title="bbox 221 3600 1812 3679">
    <p class='ocr_par' dir='ltr' id='par_1_54' title="bbox 221 3600 1812 3679">
     <span class='ocr_line' id='line_1_54' title="bbox 221 3600 1812 3679; baseline 0.009 -27"><span class='ocrx_word' id='word_1_378' title='bbox 221 3600 430 3670; x_wconf 88' lang='lat' dir='ltr'><strong>inquit,</strong></span> <span class='ocrx_word' id='word_1_379' title='bbox 464 3603 569 3656; x_wconf 88' lang='lat' dir='ltr'><strong>alia</strong></span> <span class='ocrx_word' id='word_1_380' title='bbox 607 3606 747 3659; x_wconf 88' lang='lat' dir='ltr'><strong>rein</strong></span> <span class='ocrx_word' id='word_1_381' title='bbox 790 3606 878 3661; x_wconf 88' lang='lat' dir='ltr'><strong>his</strong></span> <span class='ocrx_word' id='word_1_382' title='bbox 921 3623 1038 3661; x_wconf 90' lang='lat' dir='ltr'><strong>sum</strong></span> <span class='ocrx_word' id='word_1_383' title='bbox 1082 3609 1370 3679; x_wconf 88' lang='lat' dir='ltr'><strong>deputatus</strong></span> <span class='ocrx_word' id='word_1_384' title='bbox 1393 3609 1664 3664; x_wconf 90' lang='lat' dir='ltr'><strong>caloribus</strong></span> <span class='ocrx_word' id='word_1_385' title='bbox 1706 3613 1812 3666; x_wconf 90' lang='lat' dir='ltr'><strong>nisi</strong></span> 
     </span>
    </p>
   </div>
   <div class='ocr_carea' id='block_1_55' title="bbox 216 3693 1814 3770">
    <p class='ocr_par' dir='ltr' id='par_1_55' title="bbox 216 3693 1814 3770">
     <span class='ocr_line' id='line_1_55' title="bbox 216 3693 1814 3770; baseline 0.007 -26"><span class='ocrx_word' id='word_1_386' title='bbox 216 3694 376 3761; x_wconf 88' lang='lat' dir='ltr'><strong>quia,</strong></span> <span class='ocrx_word' id='word_1_387' title='bbox 409 3693 704 3749; x_wconf 86' lang='lat' dir='ltr'><strong>Laurentio</strong></span> <span class='ocrx_word' id='word_1_388' title='bbox 736 3696 943 3762; x_wconf 87' lang='lat' dir='ltr'><strong>favens,</strong></span> <span class='ocrx_word' id='word_1_389' title='bbox 977 3699 1026 3752; x_wconf 88' lang='lat' dir='ltr'><strong>ei</strong></span> <span class='ocrx_word' id='word_1_390' title='bbox 1075 3709 1266 3753; x_wconf 90' lang='lat' dir='ltr'><strong>contra</strong></span> <span class='ocrx_word' id='word_1_391' title='bbox 1299 3699 1685 3770; x_wconf 84' lang='lat' dir='ltr'><strong>Symmachum</strong></span> <span class='ocrx_word' id='word_1_392' title='bbox 1722 3717 1814 3755; x_wconf 88' lang='lat' dir='ltr'><strong>ne-</strong></span> 
     </span>
    </p>
   </div>
   <div class='ocr_carea' id='block_1_56' title="bbox 222 3786 1814 3863">
    <p class='ocr_par' dir='ltr' id='par_1_56' title="bbox 222 3786 1814 3863">
     <span class='ocr_line' id='line_1_56' title="bbox 222 3786 1814 3863; baseline 0.008 -27"><span class='ocrx_word' id='word_1_393' title='bbox 222 3786 413 3856; x_wconf 79' lang='lat' dir='ltr'><strong>quiter</strong></span> <span class='ocrx_word' id='word_1_394' title='bbox 465 3788 647 3855; x_wconf 86' lang='lat' dir='ltr'><strong>agenti</strong></span> <span class='ocrx_word' id='word_1_395' title='bbox 686 3791 954 3844; x_wconf 89' lang='lat' dir='ltr'><strong>consensi.</strong></span> <span class='ocrx_word' id='word_1_396' title='bbox 1013 3790 1183 3846; x_wconf 88' lang='lat' dir='ltr'><strong>Porro</strong></span> <span class='ocrx_word' id='word_1_397' title='bbox 1227 3794 1270 3847; x_wconf 92' lang='lat' dir='ltr'><strong>si</strong></span> <span class='ocrx_word' id='word_1_398' title='bbox 1322 3807 1534 3863; x_wconf 89' lang='lat' dir='ltr'><strong>prome</strong></span> <span class='ocrx_word' id='word_1_399' title='bbox 1588 3794 1814 3848; x_wconf 85' lang='lat' dir='ltr'><strong>Domino</strong></span> 
     </span>
    </p>
   </div>
   <div class='ocr_carea' id='block_1_57' title="bbox 229 3876 1814 3952">
    <p class='ocr_par' dir='ltr' id='par_1_57' title="bbox 229 3876 1814 3952">
     <span class='ocr_line' id='line_1_57' title="bbox 229 3876 1814 3952; baseline 0.007 -24"><span class='ocrx_word' id='word_1_400' title='bbox 229 3889 431 3942; x_wconf 81' lang='lat' dir='ltr'><strong>preces</strong></span> <span class='ocrx_word' id='word_1_401' title='bbox 462 3876 699 3946; x_wconf 85' lang='lat' dir='ltr'><strong>dignaris</strong></span> <span class='ocrx_word' id='word_1_402' title='bbox 731 3877 975 3946; x_wconf 88' lang='lat' dir='ltr'><strong>fundere,</strong></span> <span class='ocrx_word' id='word_1_403' title='bbox 1009 3882 1062 3935; x_wconf 92' lang='lat' dir='ltr'><strong>in</strong></span> <span class='ocrx_word' id='word_1_404' title='bbox 1107 3883 1208 3952; x_wconf 88' lang='lat' dir='ltr'><strong>hoc</strong></span> <span class='ocrx_word' id='word_1_405' title='bbox 1235 3893 1286 3938; x_wconf 90' lang='lat' dir='ltr'><strong>te</strong></span> <span class='ocrx_word' id='word_1_406' title='bbox 1313 3883 1624 3938; x_wconf 87' lang='lat' dir='ltr'><strong>exauditum</strong></span> <span class='ocrx_word' id='word_1_407' title='bbox 1677 3887 1814 3939; x_wconf 87' lang='lat' dir='ltr'><strong>scito</strong></span> 
     </span>
    </p>
   </div>
   <div class='ocr_carea' id='block_1_58' title="bbox 225 3966 1818 4042">
    <p class='ocr_par' dir='ltr' id='par_1_58' title="bbox 225 3966 1818 4042">
     <span class='ocr_line' id='line_1_58' title="bbox 225 3966 1818 4042; baseline 0.006 -23"><span class='ocrx_word' id='word_1_408' title='bbox 225 3980 350 4020; x_wconf 87' lang='lat' dir='ltr'><strong>esse</strong></span> <span class='ocrx_word' id='word_1_409' title='bbox 377 3966 425 4020; x_wconf 87' lang='lat' dir='ltr'><strong>si</strong></span> <span class='ocrx_word' id='word_1_410' title='bbox 458 3967 561 4021; x_wconf 89' lang='lat' dir='ltr'><strong>huc</strong></span> <span class='ocrx_word' id='word_1_411' title='bbox 588 3970 800 4024; x_wconf 87' lang='lat' dir='ltr'><strong>rediens</strong></span> <span class='ocrx_word' id='word_1_412' title='bbox 830 3987 914 4024; x_wconf 89' lang='lat' dir='ltr'><strong>me</strong></span> <span class='ocrx_word' id='word_1_413' title='bbox 939 3988 1043 4027; x_wconf 91' lang='lat' dir='ltr'><strong>non</strong></span> <span class='ocrx_word' id='word_1_414' title='bbox 1077 3973 1316 4041; x_wconf 89' lang='lat' dir='ltr'><strong>quiveris</strong></span> <span class='ocrx_word' id='word_1_415' title='bbox 1341 3973 1603 4029; x_wconf 89' lang='lat' dir='ltr'><strong>invenire.</strong></span> <span class='ocrx_word' id='word_1_416' title='bbox 1637 3994 1655 4026; x_wconf 76' lang='grc' dir='ltr'><strong>ι</strong></span> <span class='ocrx_word' id='word_1_417' title='bbox 1693 3975 1818 4042; x_wconf 84' lang='lat' dir='ltr'><strong>Epi-</strong></span> 
     </span>
    </p>
   </div>
   <div class='ocr_carea' id='block_1_59' title="bbox 225 4059 1815 4135">
    <p class='ocr_par' dir='ltr' id='par_1_59' title="bbox 225 4059 1815 4135">
     <span class='ocr_line' id='line_1_59' title="bbox 225 4059 1815 4135; baseline 0.006 -25"><span class='ocrx_word' id='word_1_418' title='bbox 225 4073 431 4128; x_wconf 85' lang='lat' dir='ltr'><strong>scopus</strong></span> <span class='ocrx_word' id='word_1_419' title='bbox 461 4073 593 4113; x_wconf 88' lang='lat' dir='ltr'><strong>sane</strong></span> <span class='ocrx_word' id='word_1_420' title='bbox 624 4059 690 4112; x_wconf 88' lang='lat' dir='ltr'><strong>ad</strong></span> <span class='ocrx_word' id='word_1_421' title='bbox 721 4062 1001 4116; x_wconf 90' lang='lat' dir='ltr'><strong>ecclesiam</strong></span> <span class='ocrx_word' id='word_1_422' title='bbox 1037 4079 1314 4134; x_wconf 91' lang='lat' dir='ltr'><strong>regressus</strong></span> <span class='ocrx_word' id='word_1_423' title='bbox 1361 4065 1589 4118; x_wconf 85' lang='lat' dir='ltr'><strong>hostiam</strong></span> <span class='ocrx_word' id='word_1_424' title='bbox 1622 4081 1717 4135; x_wconf 88' lang='lat' dir='ltr'><strong>pro</strong></span> <span class='ocrx_word' id='word_1_425' title='bbox 1751 4080 1815 4119; x_wconf 91' lang='lat' dir='ltr'><strong>eo</strong></span> 
     </span>
    </p>
   </div>
   <div class='ocr_carea' id='block_1_60' title="bbox 218 4146 1816 4218">
    <p class='ocr_par' dir='ltr' id='par_1_60' title="bbox 218 4146 1816 4218">
     <span class='ocr_line' id='line_1_60' title="bbox 218 4146 1816 4218; baseline 0.005 -16"><span class='ocrx_word' id='word_1_426' title='bbox 218 4146 524 4202; x_wconf 84' lang='lat' dir='ltr'><strong>salutarem</strong></span> <span class='ocrx_word' id='word_1_427' title='bbox 554 4148 781 4204; x_wconf 89' lang='lat' dir='ltr'><strong>Domino</strong></span> <span class='ocrx_word' id='word_1_428' title='bbox 829 4151 1042 4218; x_wconf 90' lang='lat' dir='ltr'><strong>obtulit,</strong></span> <span class='ocrx_word' id='word_1_429' title='bbox 1079 4165 1134 4205; x_wconf 90' lang='lat' dir='ltr'><strong>et</strong></span> <span class='ocrx_word' id='word_1_430' title='bbox 1181 4153 1245 4206; x_wconf 90' lang='lat' dir='ltr'><strong>ad</strong></span> <span class='ocrx_word' id='word_1_431' title='bbox 1282 4155 1522 4209; x_wconf 87' lang='lat' dir='ltr'><strong>thermas</strong></span> <span class='ocrx_word' id='word_1_432' title='bbox 1567 4169 1816 4210; x_wconf 84' lang='lat' dir='ltr'><strong>reversus</strong></span> 
     </span>
    </p>
   </div>
   <div class='ocr_carea' id='block_1_61' title="bbox 216 4236 880 4293">
    <p class='ocr_par' dir='ltr' id='par_1_61' title="bbox 216 4236 880 4293">
     <span class='ocr_line' id='line_1_61' title="bbox 216 4236 880 4293; baseline 0.005 -4"><span class='ocrx_word' id='word_1_433' title='bbox 216 4250 344 4289; x_wconf 83' lang='lat' dir='ltr'><strong>eum</strong></span> <span class='ocrx_word' id='word_1_434' title='bbox 393 4236 620 4292; x_wconf 78' lang='lat' dir='ltr'><strong>minime</strong></span> <span class='ocrx_word' id='word_1_435' title='bbox 656 4239 880 4293; x_wconf 76' lang='lat' dir='ltr'><strong>invenit.</strong></span> 
     </span>
    </p>
   </div>
   <div class='ocr_carea' id='block_1_62' title="bbox 837 4329 1210 4386">
    <p class='ocr_par' dir='ltr' id='par_1_62' title="bbox 837 4329 1210 4386">
     <span class='ocr_line' id='line_1_62' title="bbox 837 4329 1210 4386; baseline 0.008 -2"><span class='ocrx_word' id='word_1_436' title='bbox 837 4329 1060 4386; x_wconf 76' lang='lat' dir='ltr'><strong>CAPUT</strong></span> <span class='ocrx_word' id='word_1_437' title='bbox 1098 4331 1210 4386; x_wconf 75' lang='lat' dir='ltr'><strong>Xll.</strong></span> 
     </span>
    </p>
   </div>
   <div class='ocr_carea' id='block_1_63' title="bbox 554 4417 1489 4496">
    <p class='ocr_par' dir='ltr' id='par_1_63' title="bbox 554 4417 1489 4496">
     <span class='ocr_line' id='line_1_63' title="bbox 554 4417 1489 4496; baseline 0.009 -25"><span class='ocrx_word' id='word_1_438' title='bbox 554 4417 633 4472; x_wconf 88' lang='lat' dir='ltr'><strong>De</strong></span> <span class='ocrx_word' id='word_1_439' title='bbox 660 4417 906 4474; x_wconf 80' lang='lat' dir='ltr'><strong>Cfodor-ei</strong></span> <span class='ocrx_word' id='word_1_440' title='bbox 932 4423 1060 4492; x_wconf 66' lang='lat' dir='ltr'><strong>regis</strong></span> <span class='ocrx_word' id='word_1_441' title='bbox 1091 4436 1204 4478; x_wconf 79' lang='lat' dir='ltr'><strong>ortu</strong></span> <span class='ocrx_word' id='word_1_442' title='bbox 1234 4435 1280 4478; x_wconf 78' lang='lat' dir='ltr'><strong>ct</strong></span> <span class='ocrx_word' id='word_1_443' title='bbox 1318 4443 1489 4496; x_wconf 79' lang='lat' dir='ltr'><strong>regno.</strong></span> 
     </span>
    </p>
   </div>
   <div class='ocr_carea' id='block_1_64' title="bbox 290 4503 1816 4589">
    <p class='ocr_par' dir='ltr' id='par_1_64' title="bbox 290 4503 1816 4589">
     <span class='ocr_line' id='line_1_64' title="bbox 290 4503 1816 4589; baseline 0.012 -32"><span class='ocrx_word' id='word_1_444' title='bbox 290 4503 478 4559; x_wconf 85' lang='lat' dir='ltr'><strong>Porro</strong></span> <span class='ocrx_word' id='word_1_445' title='bbox 508 4507 865 4576; x_wconf 86' lang='lat' dir='ltr'><strong>Childcricus,</strong></span> <span class='ocrx_word' id='word_1_446' title='bbox 898 4529 987 4566; x_wconf 77' lang='lat' dir='ltr'><strong>rex</strong></span> <span class='ocrx_word' id='word_1_447' title='bbox 1033 4514 1389 4578; x_wconf 88' lang='lat' dir='ltr'><strong>Francorum,</strong></span> <span class='ocrx_word' id='word_1_448' title='bbox 1420 4534 1484 4572; x_wconf 79' lang='lat' dir='ltr'><strong>ex</strong></span> <span class='ocrx_word' id='word_1_449' title='bbox 1515 4533 1674 4589; x_wconf 90' lang='lat' dir='ltr'><strong>supra</strong></span> <span class='ocrx_word' id='word_1_450' title='bbox 1707 4537 1816 4576; x_wconf 82' lang='lat' dir='ltr'><strong>mc-</strong></span> 
     </span>
    </p>
   </div>
   <div class='ocr_carea' id='block_1_65' title="bbox 219 4604 1812 4671">
    <p class='ocr_par' dir='ltr' id='par_1_65' title="bbox 219 4604 1812 4671">
     <span class='ocr_line' id='line_1_65' title="bbox 219 4604 1812 4671; baseline 0.01 -22"><span class='ocrx_word' id='word_1_451' title='bbox 219 4608 442 4651; x_wconf 86' lang='lat' dir='ltr'><strong>morata</strong></span> <span class='ocrx_word' id='word_1_452' title='bbox 477 4615 643 4656; x_wconf 84' lang='lat' dir='ltr'><strong>uxore</strong></span> <span class='ocrx_word' id='word_1_453' title='bbox 667 4618 762 4655; x_wconf 87' lang='lat' dir='ltr'><strong>sua</strong></span> <span class='ocrx_word' id='word_1_454' title='bbox 793 4604 978 4659; x_wconf 88' lang='lat' dir='ltr'><strong>habuit</strong></span> <span class='ocrx_word' id='word_1_455' title='bbox 1005 4606 1196 4671; x_wconf 91' lang='lat' dir='ltr'><strong>ﬁlium,</strong></span> <span class='ocrx_word' id='word_1_456' title='bbox 1227 4608 1443 4661; x_wconf 89' lang='lat' dir='ltr'><strong>nomine</strong></span> <span class='ocrx_word' id='word_1_457' title='bbox 1465 4608 1812 4666; x_wconf 78' lang='lat' dir='ltr'><strong>Clodoveum.</strong></span> 
     </span>
    </p>
   </div>
   <div class='ocr_carea' id='block_1_66' title="bbox 218 4684 1816 4769">
    <p class='ocr_par' dir='ltr' id='par_1_66' title="bbox 218 4684 1816 4769">
     <span class='ocr_line' id='line_1_66' title="bbox 218 4684 1816 4769; baseline 0.011 -32"><span class='ocrx_word' id='word_1_458' title='bbox 218 4684 343 4750; x_wconf 84' lang='lat' dir='ltr'><strong>Qui,</strong></span> <span class='ocrx_word' id='word_1_459' title='bbox 385 4696 448 4739; x_wconf 92' lang='lat' dir='ltr'><strong>ut</strong></span> <span class='ocrx_word' id='word_1_460' title='bbox 477 4696 636 4744; x_wconf 81' lang='lat' dir='ltr'><strong>:etate</strong></span> <span class='ocrx_word' id='word_1_461' title='bbox 683 4691 736 4744; x_wconf 91' lang='lat' dir='ltr'><strong>in</strong></span> <span class='ocrx_word' id='word_1_462' title='bbox 767 4693 900 4758; x_wconf 88' lang='lat' dir='ltr'><strong>dies,</strong></span> <span class='ocrx_word' id='word_1_463' title='bbox 935 4695 1009 4750; x_wconf 67' lang='lat' dir='ltr'><strong>tic</strong></span> <span class='ocrx_word' id='word_1_464' title='bbox 1054 4705 1104 4750; x_wconf 92' lang='lat' dir='ltr'><strong>et</strong></span> <span class='ocrx_word' id='word_1_465' title='bbox 1138 4693 1349 4749; x_wconf 86' lang='lat' dir='ltr'><strong>morum</strong></span> <span class='ocrx_word' id='word_1_466' title='bbox 1381 4699 1658 4753; x_wconf 89' lang='lat' dir='ltr'><strong>crescebat</strong></span> <span class='ocrx_word' id='word_1_467' title='bbox 1687 4716 1816 4769; x_wconf 90' lang='lat' dir='ltr'><strong>pro-</strong></span> 
     </span>
    </p>
   </div>
   <div class='ocr_carea' id='block_1_67' title="bbox 217 4774 1816 4859">
    <p class='ocr_par' dir='ltr' id='par_1_67' title="bbox 217 4774 1816 4859">
     <span class='ocr_line' id='line_1_67' title="bbox 217 4774 1816 4859; baseline 0.011 -30"><span class='ocrx_word' id='word_1_468' title='bbox 217 4776 419 4834; x_wconf 88' lang='lat' dir='ltr'><strong>bitate.</strong></span> <span class='ocrx_word' id='word_1_469' title='bbox 459 4779 574 4835; x_wconf 84' lang='lat' dir='ltr'><strong>Hoc</strong></span> <span class='ocrx_word' id='word_1_470' title='bbox 620 4792 884 4852; x_wconf 89' lang='lat' dir='ltr'><strong>tempore,</strong></span> <span class='ocrx_word' id='word_1_471' title='bbox 920 4785 1054 4841; x_wconf 90' lang='lat' dir='ltr'><strong>fame</strong></span> <span class='ocrx_word' id='word_1_472' title='bbox 1085 4787 1262 4841; x_wconf 88' lang='lat' dir='ltr'><strong>valida</strong></span> <span class='ocrx_word' id='word_1_473' title='bbox 1301 4797 1465 4842; x_wconf 86' lang='lat' dir='ltr'><strong>totam</strong></span> <span class='ocrx_word' id='word_1_474' title='bbox 1510 4807 1644 4859; x_wconf 88' lang='lat' dir='ltr'><strong>pene</strong></span> <span class='ocrx_word' id='word_1_475' title='bbox 1681 4774 1816 4844; x_wconf 45' lang='lat' dir='ltr'><strong>Buré</strong></span> 
     </span>
    </p>
   </div>
   <div class='ocr_carea' id='block_1_68' title="bbox 221 4877 1819 4946">
    <p class='ocr_par' dir='ltr' id='par_1_68' title="bbox 221 4877 1819 4946">
     <span class='ocr_line' id='line_1_68' title="bbox 221 4877 1819 4946; baseline 0.006 -18"><span class='ocrx_word' id='word_1_476' title='bbox 221 4879 486 4945; x_wconf 87' lang='lat' dir='ltr'><strong>gnndiam</strong></span> <span class='ocrx_word' id='word_1_477' title='bbox 533 4877 895 4946; x_wconf 88' lang='lat' dir='ltr'><strong>opprimente,</strong></span> <span class='ocrx_word' id='word_1_478' title='bbox 928 4879 1140 4946; x_wconf 90' lang='lat' dir='ltr'><strong>quidam</strong></span> <span class='ocrx_word' id='word_1_479' title='bbox 1170 4894 1237 4931; x_wconf 80' lang='lat' dir='ltr'><strong>ex</strong></span> <span class='ocrx_word' id='word_1_480' title='bbox 1273 4881 1642 4946; x_wconf 89' lang='lat' dir='ltr'><strong>senatoribus,</strong></span> <span class='ocrx_word' id='word_1_481' title='bbox 1693 4883 1819 4938; x_wconf 85' lang='lat' dir='ltr'><strong>Edi-</strong></span> 
     </span>
    </p>
   </div>
   <div class='ocr_carea' id='block_1_69' title="bbox 227 4967 1819 5041">
    <p class='ocr_par' dir='ltr' id='par_1_69' title="bbox 227 4967 1819 5041">
     <span class='ocr_line' id='line_1_69' title="bbox 227 4967 1819 5041; baseline 0.004 -19"><span class='ocrx_word' id='word_1_482' title='bbox 227 4971 346 5023; x_wconf 85' lang='lat' dir='ltr'><strong>cius</strong></span> <span class='ocrx_word' id='word_1_483' title='bbox 373 4967 746 5032; x_wconf 87' lang='lat' dir='ltr'><strong>nomine,Deo</strong></span> <span class='ocrx_word' id='word_1_484' title='bbox 769 4977 823 5022; x_wconf 89' lang='lat' dir='ltr'><strong>et</strong></span> <span class='ocrx_word' id='word_1_485' title='bbox 844 4968 1148 5026; x_wconf 86' lang='lat' dir='ltr'><strong>hominibus</strong></span> <span class='ocrx_word' id='word_1_486' title='bbox 1171 4969 1411 5038; x_wconf 79' lang='lat' dir='ltr'><strong>placens,</strong></span> <span class='ocrx_word' id='word_1_487' title='bbox 1439 4972 1819 5041; x_wconf 86' lang='lat' dir='ltr'><strong>studuitagere</strong></span> 
     </span>
    </p>
   </div>
   <div class='ocr_carea' id='block_1_70' title="bbox 221 5061 1819 5136">
    <p class='ocr_par' dir='ltr' id='par_1_70' title="bbox 221 5061 1819 5136">
     <span class='ocr_line' id='line_1_70' title="bbox 221 5061 1819 5136; baseline 0.003 -20"><span class='ocrx_word' id='word_1_488' title='bbox 221 5077 334 5116; x_wconf 87' lang='lat' dir='ltr'><strong>rem</strong></span> <span class='ocrx_word' id='word_1_489' title='bbox 359 5062 623 5132; x_wconf 90' lang='lat' dir='ltr'><strong>placitam</strong></span> <span class='ocrx_word' id='word_1_490' title='bbox 651 5077 665 5126; x_wconf 90' lang='lat'><strong>;</strong></span> <span class='ocrx_word' id='word_1_491' title='bbox 695 5061 872 5113; x_wconf 88' lang='lat' dir='ltr'><strong>missis</strong></span> <span class='ocrx_word' id='word_1_492' title='bbox 906 5075 1132 5134; x_wconf 85' lang='lat' dir='ltr'><strong>namque</strong></span> <span class='ocrx_word' id='word_1_493' title='bbox 1175 5061 1360 5129; x_wconf 88' lang='lat' dir='ltr'><strong>pueris</strong></span> <span class='ocrx_word' id='word_1_494' title='bbox 1383 5065 1728 5136; x_wconf 82' lang='lat' dir='ltr'><strong>congregavit</strong></span> <span class='ocrx_word' id='word_1_495' title='bbox 1751 5066 1819 5122; x_wconf 91' lang='lat' dir='ltr'><strong>ad</strong></span> 
     </span>
    </p>
   </div>
   <div class='ocr_carea' id='block_1_71' title="bbox 220 5152 1816 5226">
    <p class='ocr_par' dir='ltr' id='par_1_71' title="bbox 220 5152 1816 5226">
     <span class='ocr_line' id='line_1_71' title="bbox 220 5152 1816 5226; baseline 0.004 -22"><span class='ocrx_word' id='word_1_496' title='bbox 220 5164 457 5220; x_wconf 84' lang='lat' dir='ltr'><strong>quatuor</strong></span> <span class='ocrx_word' id='word_1_497' title='bbox 485 5153 658 5207; x_wconf 87' lang='lat' dir='ltr'><strong>millia</strong></span> <span class='ocrx_word' id='word_1_498' title='bbox 687 5167 876 5206; x_wconf 89' lang='lat' dir='ltr'><strong>eorum</strong></span> <span class='ocrx_word' id='word_1_499' title='bbox 922 5167 1050 5220; x_wconf 88' lang='lat' dir='ltr'><strong>qttos</strong></span> <span class='ocrx_word' id='word_1_500' title='bbox 1081 5153 1250 5209; x_wconf 90' lang='lat' dir='ltr'><strong>famis</strong></span> <span class='ocrx_word' id='word_1_501' title='bbox 1278 5152 1452 5222; x_wconf 83' lang='lat' dir='ltr'><strong>inopia</strong></span> <span class='ocrx_word' id='word_1_502' title='bbox 1487 5167 1816 5226; x_wconf 88' lang='lat' dir='ltr'><strong>coangusta-</strong></span> 
     </span>
    </p>
   </div>
   <div class='ocr_carea' id='block_1_72' title="bbox 217 5242 1818 5316">
    <p class='ocr_par' dir='ltr' id='par_1_72' title="bbox 217 5242 1818 5316">
     <span class='ocr_line' id='line_1_72' title="bbox 217 5242 1818 5316; baseline 0.004 -17"><span class='ocrx_word' id='word_1_503' title='bbox 217 5243 343 5309; x_wconf 82' lang='lat' dir='ltr'><strong>bat,</strong></span> <span class='ocrx_word' id='word_1_504' title='bbox 386 5246 492 5302; x_wconf 86' lang='lat' dir='ltr'><strong>hos</strong></span> <span class='ocrx_word' id='word_1_505' title='bbox 547 5254 663 5299; x_wconf 87' lang='lat' dir='ltr'><strong>toto</strong></span> <span class='ocrx_word' id='word_1_506' title='bbox 706 5242 962 5314; x_wconf 81' lang='lat' dir='ltr'><strong>egestatis</strong></span> <span class='ocrx_word' id='word_1_507' title='bbox 998 5246 1247 5316; x_wconf 86' lang='lat' dir='ltr'><strong>tempore</strong></span> <span class='ocrx_word' id='word_1_508' title='bbox 1293 5249 1524 5315; x_wconf 91' lang='lat' dir='ltr'><strong>propriis</strong></span> <span class='ocrx_word' id='word_1_509' title='bbox 1576 5249 1708 5303; x_wconf 90' lang='lat' dir='ltr'><strong>aluit</strong></span> <span class='ocrx_word' id='word_1_510' title='bbox 1753 5265 1818 5306; x_wconf 88' lang='lat' dir='ltr'><strong>ac</strong></span> 
     </span>
    </p>
   </div>
   <div class='ocr_carea' id='block_1_73' title="bbox 217 5335 1820 5409">
    <p class='ocr_par' dir='ltr' id='par_1_73' title="bbox 217 5335 1820 5409">
     <span class='ocr_line' id='line_1_73' title="bbox 217 5335 1820 5409; baseline 0.002 -19"><span class='ocrx_word' id='word_1_511' title='bbox 217 5335 352 5391; x_wconf 82' lang='lat' dir='ltr'><strong>fovit</strong></span> <span class='ocrx_word' id='word_1_512' title='bbox 401 5338 734 5408; x_wconf 87' lang='lat' dir='ltr'><strong>sumptibus.</strong></span> <span class='ocrx_word' id='word_1_513' title='bbox 783 5335 1021 5402; x_wconf 73' lang='lat' dir='ltr'><strong>Quadam</strong></span> <span class='ocrx_word' id='word_1_514' title='bbox 1075 5343 1269 5407; x_wconf 85' lang='lat' dir='ltr'><strong>itaque</strong></span> <span class='ocrx_word' id='word_1_515' title='bbox 1327 5339 1431 5404; x_wconf 88' lang='lat' dir='ltr'><strong>die,</strong></span> <span class='ocrx_word' id='word_1_516' title='bbox 1483 5341 1530 5395; x_wconf 89' lang='lat' dir='ltr'><strong>ei</strong></span> <span class='ocrx_word' id='word_1_517' title='bbox 1562 5349 1668 5396; x_wconf 87' lang='lat' dir='ltr'><strong>tam</strong></span> <span class='ocrx_word' id='word_1_518' title='bbox 1725 5341 1820 5409; x_wconf 86' lang='lat' dir='ltr'><strong>pio</strong></span> 
     </span>
    </p>
   </div>
   <div class='ocr_carea' id='block_1_74' title="bbox 1909 1764 3492 1839">
    <p class='ocr_par' dir='ltr' id='par_1_74' title="bbox 1909 1764 3492 1839">
     <span class='ocr_line' id='line_1_74' title="bbox 1909 1764 3492 1839; baseline 0.009 -24"><span class='ocrx_word' id='word_1_519' title='bbox 1909 1777 2140 1832; x_wconf 88' lang='lat' dir='ltr'><strong>poscens</strong></span> <span class='ocrx_word' id='word_1_520' title='bbox 2174 1773 2252 1830; x_wconf 89' lang='lat' dir='ltr'><strong>ut,</strong></span> <span class='ocrx_word' id='word_1_521' title='bbox 2285 1764 2328 1819; x_wconf 92' lang='lat' dir='ltr'><strong>si</strong></span> <span class='ocrx_word' id='word_1_522' title='bbox 2359 1781 2462 1819; x_wconf 91' lang='lat' dir='ltr'><strong>non</strong></span> <span class='ocrx_word' id='word_1_523' title='bbox 2492 1765 2637 1821; x_wconf 89' lang='lat' dir='ltr'><strong>aliud</strong></span> <span class='ocrx_word' id='word_1_524' title='bbox 2669 1767 2910 1838; x_wconf 85' lang='lat' dir='ltr'><strong>recipere</strong></span> <span class='ocrx_word' id='word_1_525' title='bbox 2950 1781 3270 1839; x_wconf 86' lang='lat' dir='ltr'><strong>mereretur,</strong></span> <span class='ocrx_word' id='word_1_526' title='bbox 3301 1773 3492 1830; x_wconf 86' lang='lat' dir='ltr'><strong>saltem</strong></span> 
     </span>
    </p>
   </div>
   <div class='ocr_carea' id='block_1_75' title="bbox 1909 1852 3492 1932">
    <p class='ocr_par' dir='ltr' id='par_1_75' title="bbox 1909 1852 3492 1932">
     <span class='ocr_line' id='line_1_75' title="bbox 1909 1852 3492 1932; baseline 0.01 -28"><span class='ocrx_word' id='word_1_527' title='bbox 1909 1867 2103 1906; x_wconf 87' lang='lat' dir='ltr'><strong>urceus</strong></span> <span class='ocrx_word' id='word_1_528' title='bbox 2134 1852 2219 1908; x_wconf 88' lang='lat' dir='ltr'><strong>ille</strong></span> <span class='ocrx_word' id='word_1_529' title='bbox 2271 1853 2370 1909; x_wconf 75' lang='lat' dir='ltr'><strong>sibi</strong></span> <span class='ocrx_word' id='word_1_530' title='bbox 2415 1855 2750 1910; x_wconf 86' lang='lat' dir='ltr'><strong>redderetur.</strong></span> <span class='ocrx_word' id='word_1_531' title='bbox 2780 1857 2929 1914; x_wconf 88' lang='lat' dir='ltr'><strong>Tunc</strong></span> <span class='ocrx_word' id='word_1_532' title='bbox 2958 1875 3051 1914; x_wconf 85' lang='lat' dir='ltr'><strong>rex</strong></span> <span class='ocrx_word' id='word_1_533' title='bbox 3083 1861 3259 1932; x_wconf 87' lang='lat' dir='ltr'><strong>legato</strong></span> <span class='ocrx_word' id='word_1_534' title='bbox 3289 1879 3492 1932; x_wconf 67' lang='lat' dir='ltr'><strong>praece-</strong></span> 
     </span>
    </p>
   </div>
   <div class='ocr_carea' id='block_1_76' title="bbox 1909 1937 3496 2025">
    <p class='ocr_par' dir='ltr' id='par_1_76' title="bbox 1909 1937 3496 2025">
     <span class='ocr_line' id='line_1_76' title="bbox 1909 1937 3496 2025; baseline 0.009 -29"><span class='ocrx_word' id='word_1_535' title='bbox 1909 1937 2006 2012; x_wconf 90' lang='lat' dir='ltr'><strong>pit,</strong></span> <span class='ocrx_word' id='word_1_536' title='bbox 2035 1945 2218 2000; x_wconf 90' lang='lat' dir='ltr'><strong>dicens</strong></span> <span class='ocrx_word' id='word_1_537' title='bbox 2253 1961 2267 2000; x_wconf 89' lang='lat'><strong>:</strong></span> <span class='ocrx_word' id='word_1_538' title='bbox 2311 1965 2328 1999; x_wconf 84' lang='grc'><strong>‹</strong></span> <span class='ocrx_word' id='word_1_539' title='bbox 2372 1946 2610 2017; x_wconf 88' lang='lat' dir='ltr'><strong>Sequere</strong></span> <span class='ocrx_word' id='word_1_540' title='bbox 2657 1949 2854 2019; x_wconf 88' lang='lat' dir='ltr'><strong>inquit,</strong></span> <span class='ocrx_word' id='word_1_541' title='bbox 2914 1967 2999 2006; x_wconf 89' lang='lat' dir='ltr'><strong>me</strong></span> <span class='ocrx_word' id='word_1_542' title='bbox 3037 1970 3211 2025; x_wconf 88' lang='lat' dir='ltr'><strong>usque</strong></span> <span class='ocrx_word' id='word_1_543' title='bbox 3247 1955 3496 2010; x_wconf 65' lang='lat' dir='ltr'><strong>Suessioo</strong></span> 
     </span>
    </p>
   </div>
   <div class='ocr_carea' id='block_1_77' title="bbox 1909 2035 3493 2110">
    <p class='ocr_par' dir='ltr' id='par_1_77' title="bbox 1909 2035 3493 2110">
     <span class='ocr_line' id='line_1_77' title="bbox 1909 2035 3493 2110; baseline 0.011 -22"><span class='ocrx_word' id='word_1_544' title='bbox 1909 2035 2015 2099; x_wconf 89' lang='lat' dir='ltr'><strong>nis,</strong></span> <span class='ocrx_word' id='word_1_545' title='bbox 2052 2035 2123 2091; x_wconf 90' lang='lat' dir='ltr'><strong>ibi</strong></span> <span class='ocrx_word' id='word_1_546' title='bbox 2157 2054 2276 2107; x_wconf 74' lang='lat' dir='ltr'><strong>qua:</strong></span> <span class='ocrx_word' id='word_1_547' title='bbox 2299 2048 2455 2110; x_wconf 86' lang='lat' dir='ltr'><strong>capta</strong></span> <span class='ocrx_word' id='word_1_548' title='bbox 2487 2049 2613 2095; x_wconf 88' lang='lat' dir='ltr'><strong>sunt</strong></span> <span class='ocrx_word' id='word_1_549' title='bbox 2637 2051 2781 2096; x_wconf 86' lang='lat' dir='ltr'><strong>sorte</strong></span> <span class='ocrx_word' id='word_1_550' title='bbox 2807 2041 2970 2098; x_wconf 87' lang='lat' dir='ltr'><strong>missa</strong></span> <span class='ocrx_word' id='word_1_551' title='bbox 2999 2045 3321 2102; x_wconf 80' lang='lat' dir='ltr'><strong>dividentur.</strong></span> <span class='ocrx_word' id='word_1_552' title='bbox 3355 2048 3413 2102; x_wconf 82' lang='lat' dir='ltr'><strong>Et</strong></span> <span class='ocrx_word' id='word_1_553' title='bbox 3444 2050 3493 2105; x_wconf 90' lang='lat' dir='ltr'><strong>si</strong></span> 
     </span>
    </p>
   </div>
   <div class='ocr_carea' id='block_1_78' title="bbox 1908 2125 3490 2202">
    <p class='ocr_par' dir='ltr' id='par_1_78' title="bbox 1908 2125 3490 2202">
     <span class='ocr_line' id='line_1_78' title="bbox 1908 2125 3490 2202; baseline 0.009 -25"><span class='ocrx_word' id='word_1_554' title='bbox 1908 2125 2039 2178; x_wconf 90' lang='lat' dir='ltr'><strong>mihi</strong></span> <span class='ocrx_word' id='word_1_555' title='bbox 2070 2128 2351 2197; x_wconf 90' lang='lat' dir='ltr'><strong>sorsjusta</strong></span> <span class='ocrx_word' id='word_1_556' title='bbox 2383 2146 2501 2197; x_wconf 79' lang='lat' dir='ltr'><strong>vas,</strong></span> <span class='ocrx_word' id='word_1_557' title='bbox 2544 2147 2646 2202; x_wconf 90' lang='lat' dir='ltr'><strong>pro</strong></span> <span class='ocrx_word' id='word_1_558' title='bbox 2685 2149 2791 2202; x_wconf 90' lang='lat' dir='ltr'><strong>quo</strong></span> <span class='ocrx_word' id='word_1_559' title='bbox 2817 2150 2964 2199; x_wconf 88' lang='lat' dir='ltr'><strong>oras,</strong></span> <span class='ocrx_word' id='word_1_560' title='bbox 3004 2136 3231 2202; x_wconf 68' lang='lat' dir='ltr'><strong>dederit,</strong></span> <span class='ocrx_word' id='word_1_561' title='bbox 3265 2137 3315 2192; x_wconf 91' lang='lat' dir='ltr'><strong>in</strong></span> <span class='ocrx_word' id='word_1_562' title='bbox 3348 2141 3490 2195; x_wconf 79' lang='lat' dir='ltr'><strong>rcci-</strong></span> 
     </span>
    </p>
   </div>
   <div class='ocr_carea' id='block_1_79' title="bbox 1909 2215 3486 2292">
    <p class='ocr_par' dir='ltr' id='par_1_79' title="bbox 1909 2215 3486 2292">
     <span class='ocr_line' id='line_1_79' title="bbox 1909 2215 3486 2292; baseline 0.013 -27"><span class='ocrx_word' id='word_1_563' title='bbox 1909 2215 2102 2284; x_wconf 90' lang='lat' dir='ltr'><strong>piendo</strong></span> <span class='ocrx_word' id='word_1_564' title='bbox 2125 2233 2189 2272; x_wconf 89' lang='lat' dir='ltr'><strong>eo</strong></span> <span class='ocrx_word' id='word_1_565' title='bbox 2219 2219 2362 2274; x_wconf 88' lang='lat' dir='ltr'><strong>nulla</strong></span> <span class='ocrx_word' id='word_1_566' title='bbox 2389 2222 2482 2274; x_wconf 90' lang='lat' dir='ltr'><strong>tibi</strong></span> <span class='ocrx_word' id='word_1_567' title='bbox 2514 2225 2864 2292; x_wconf 87' lang='lat' dir='ltr'><strong>generabitur</strong></span> <span class='ocrx_word' id='word_1_568' title='bbox 2892 2242 3063 2280; x_wconf 86' lang='lat' dir='ltr'><strong>mora.</strong></span> <span class='ocrx_word' id='word_1_569' title='bbox 3105 2247 3124 2281; x_wconf 86' lang='grc'><strong><em>›</em></strong></span> <span class='ocrx_word' id='word_1_570' title='bbox 3166 2227 3366 2283; x_wconf 80' lang='lat' dir='ltr'><strong>Parens</strong></span> <span class='ocrx_word' id='word_1_571' title='bbox 3398 2230 3486 2286; x_wconf 82' lang='lat' dir='ltr'><strong>ille</strong></span> 
     </span>
    </p>
   </div>
   <div class='ocr_carea' id='block_1_80' title="bbox 1907 2311 3487 2392">
    <p class='ocr_par' dir='ltr' id='par_1_80' title="bbox 1907 2311 3487 2392">
     <span class='ocr_line' id='line_1_80' title="bbox 1907 2311 3487 2392; baseline 0.011 -31"><span class='ocrx_word' id='word_1_572' title='bbox 1907 2321 2180 2380; x_wconf 73' lang='lat' dir='ltr'><strong>praecepto</strong></span> <span class='ocrx_word' id='word_1_573' title='bbox 2204 2311 2309 2367; x_wconf 90' lang='lat' dir='ltr'><strong>iter</strong></span> <span class='ocrx_word' id='word_1_574' title='bbox 2336 2315 2478 2384; x_wconf 84' lang='lat' dir='ltr'><strong>regis</strong></span> <span class='ocrx_word' id='word_1_575' title='bbox 2507 2330 2676 2384; x_wconf 87' lang='lat' dir='ltr'><strong>usque</strong></span> <span class='ocrx_word' id='word_1_576' title='bbox 2711 2317 2776 2370; x_wconf 89' lang='lat' dir='ltr'><strong>ad</strong></span> <span class='ocrx_word' id='word_1_577' title='bbox 2808 2318 3127 2373; x_wconf 88' lang='lat' dir='ltr'><strong>destinatum</strong></span> <span class='ocrx_word' id='word_1_578' title='bbox 3171 2332 3487 2392; x_wconf 84' lang='lat' dir='ltr'><strong>prosecutus</strong></span> 
     </span>
    </p>
   </div>
   <div class='ocr_carea' id='block_1_81' title="bbox 1908 2401 3492 2483">
    <p class='ocr_par' dir='ltr' id='par_1_81' title="bbox 1908 2401 3492 2483">
     <span class='ocr_line' id='line_1_81' title="bbox 1908 2401 3492 2483; baseline 0.008 -28"><span class='ocrx_word' id='word_1_579' title='bbox 1908 2409 1992 2455; x_wconf 87' lang='lat' dir='ltr'><strong>est</strong></span> <span class='ocrx_word' id='word_1_580' title='bbox 2014 2401 2216 2457; x_wconf 90' lang='lat' dir='ltr'><strong>locum.</strong></span> <span class='ocrx_word' id='word_1_581' title='bbox 2270 2404 2387 2472; x_wconf 90' lang='lat' dir='ltr'><strong>Quo</strong></span> <span class='ocrx_word' id='word_1_582' title='bbox 2417 2424 2537 2461; x_wconf 92' lang='lat' dir='ltr'><strong>cum</strong></span> <span class='ocrx_word' id='word_1_583' title='bbox 2582 2411 2976 2478; x_wconf 76' lang='lat' dir='ltr'><strong>pervenissent,</strong></span> <span class='ocrx_word' id='word_1_584' title='bbox 3027 2428 3091 2467; x_wconf 88' lang='lat' dir='ltr'><strong>ex</strong></span> <span class='ocrx_word' id='word_1_585' title='bbox 3129 2416 3269 2483; x_wconf 83' lang='lat' dir='ltr'><strong>regis</strong></span> <span class='ocrx_word' id='word_1_586' title='bbox 3314 2416 3492 2472; x_wconf 79' lang='lat' dir='ltr'><strong>edicto</strong></span> 
     </span>
    </p>
   </div>
   <div class='ocr_carea' id='block_1_82' title="bbox 1907 2493 3486 2562">
    <p class='ocr_par' dir='ltr' id='par_1_82' title="bbox 1907 2493 3486 2562">
     <span class='ocr_line' id='line_1_82' title="bbox 1907 2493 3486 2562; baseline 0.008 -15"><span class='ocrx_word' id='word_1_587' title='bbox 1907 2493 2146 2562; x_wconf 78' lang='lat' dir='ltr'><strong>supellex</strong></span> <span class='ocrx_word' id='word_1_588' title='bbox 2171 2508 2364 2550; x_wconf 90' lang='lat' dir='ltr'><strong>cuncta</strong></span> <span class='ocrx_word' id='word_1_589' title='bbox 2391 2498 2442 2551; x_wconf 83' lang='lat' dir='ltr'><strong>in</strong></span> <span class='ocrx_word' id='word_1_590' title='bbox 2472 2500 2706 2553; x_wconf 89' lang='lat' dir='ltr'><strong>medium</strong></span> <span class='ocrx_word' id='word_1_591' title='bbox 2731 2501 2974 2555; x_wconf 88' lang='lat' dir='ltr'><strong>defertur</strong></span> <span class='ocrx_word' id='word_1_592' title='bbox 3007 2512 3154 2558; x_wconf 84' lang='lat' dir='ltr'><strong>sorte</strong></span> <span class='ocrx_word' id='word_1_593' title='bbox 3181 2506 3486 2560; x_wconf 83' lang='lat' dir='ltr'><strong>dividenda.</strong></span> 
     </span>
    </p>
   </div>
   <div class='ocr_carea' id='block_1_83' title="bbox 1910 2583 3486 2660">
    <p class='ocr_par' dir='ltr' id='par_1_83' title="bbox 1910 2583 3486 2660">
     <span class='ocr_line' id='line_1_83' title="bbox 1910 2583 3486 2660; baseline 0.011 -24"><span class='ocrx_word' id='word_1_594' title='bbox 1910 2583 2080 2639; x_wconf 88' lang='lat' dir='ltr'><strong>I‘orro</strong></span> <span class='ocrx_word' id='word_1_595' title='bbox 2114 2584 2218 2640; x_wconf 73' lang='lat' dir='ltr'><strong>rex</strong></span> <span class='ocrx_word' id='word_1_596' title='bbox 2241 2589 2444 2643; x_wconf 87' lang='lat' dir='ltr'><strong>veritus</strong></span> <span class='ocrx_word' id='word_1_597' title='bbox 2487 2605 2551 2643; x_wconf 87' lang='lat' dir='ltr'><strong>ne</strong></span> <span class='ocrx_word' id='word_1_598' title='bbox 2584 2589 2743 2657; x_wconf 85' lang='lat' dir='ltr'><strong>forte,</strong></span> <span class='ocrx_word' id='word_1_599' title='bbox 2778 2603 2922 2647; x_wconf 85' lang='lat' dir='ltr'><strong>sorte</strong></span> <span class='ocrx_word' id='word_1_600' title='bbox 2967 2595 3151 2660; x_wconf 70' lang='lat' dir='ltr'><strong>missa,</strong></span> <span class='ocrx_word' id='word_1_601' title='bbox 3197 2613 3391 2652; x_wconf 88' lang='lat' dir='ltr'><strong>urceus</strong></span> <span class='ocrx_word' id='word_1_602' title='bbox 3419 2602 3486 2654; x_wconf 87' lang='lat' dir='ltr'><strong>ad</strong></span> 
     </span>
    </p>
   </div>
   <div class='ocr_carea' id='block_1_84' title="bbox 1913 2675 3487 2759">
    <p class='ocr_par' dir='ltr' id='par_1_84' title="bbox 1913 2675 3487 2759">
     <span class='ocr_line' id='line_1_84' title="bbox 1913 2675 3487 2759; baseline 0.011 -31"><span class='ocrx_word' id='word_1_603' title='bbox 1913 2675 2136 2731; x_wconf 85' lang='lat' dir='ltr'><strong>alterius</strong></span> <span class='ocrx_word' id='word_1_604' title='bbox 2166 2679 2442 2734; x_wconf 84' lang='lat' dir='ltr'><strong>dcvenirct</strong></span> <span class='ocrx_word' id='word_1_605' title='bbox 2467 2680 2784 2747; x_wconf 77' lang='lat' dir='ltr'><strong>dominium,</strong></span> <span class='ocrx_word' id='word_1_606' title='bbox 2815 2687 3125 2740; x_wconf 78' lang='lat' dir='ltr'><strong>convocatis</strong></span> <span class='ocrx_word' id='word_1_607' title='bbox 3154 2688 3487 2759; x_wconf 72' lang='lat' dir='ltr'><strong>principibus</strong></span> 
     </span>
    </p>
   </div>
   <div class='ocr_carea' id='block_1_85' title="bbox 1914 2771 3496 2844">
    <p class='ocr_par' dir='ltr' id='par_1_85' title="bbox 1914 2771 3496 2844">
     <span class='ocr_line' id='line_1_85' title="bbox 1914 2771 3496 2844; baseline 0.01 -20"><span class='ocrx_word' id='word_1_608' title='bbox 1914 2771 2014 2825; x_wconf 90' lang='lat' dir='ltr'><strong>hac</strong></span> <span class='ocrx_word' id='word_1_609' title='bbox 2044 2788 2136 2827; x_wconf 91' lang='lat' dir='ltr'><strong>eos</strong></span> <span class='ocrx_word' id='word_1_610' title='bbox 2168 2773 2461 2844; x_wconf 82' lang='lat' dir='ltr'><strong>alloquitur</strong></span> <span class='ocrx_word' id='word_1_611' title='bbox 2507 2778 2754 2834; x_wconf 86' lang='lat' dir='ltr'><strong>oratione</strong></span> <span class='ocrx_word' id='word_1_612' title='bbox 2805 2797 2818 2833; x_wconf 91' lang='lat'>:</span> <span class='ocrx_word' id='word_1_613' title='bbox 2863 2799 2880 2831; x_wconf 80' lang='grc' dir='ltr'><strong>ι</strong></span> <span class='ocrx_word' id='word_1_614' title='bbox 2930 2781 3062 2835; x_wconf 87' lang='lat' dir='ltr'><strong>Cum</strong></span> <span class='ocrx_word' id='word_1_615' title='bbox 3098 2784 3322 2839; x_wconf 86' lang='lat' dir='ltr'><strong>rationis</strong></span> <span class='ocrx_word' id='word_1_616' title='bbox 3362 2788 3496 2840; x_wconf 84' lang='lat' dir='ltr'><strong>ordo</strong></span> 
     </span>
    </p>
   </div>
   <div class='ocr_carea' id='block_1_86' title="bbox 1914 2869 3494 2947">
    <p class='ocr_par' dir='ltr' id='par_1_86' title="bbox 1914 2869 3494 2947">
     <span class='ocr_line' id='line_1_86' title="bbox 1914 2869 3494 2947; baseline 0.01 -30"><span class='ocrx_word' id='word_1_617' title='bbox 1914 2875 2172 2935; x_wconf 83' lang='lat' dir='ltr'><strong>exposcat</strong></span> <span class='ocrx_word' id='word_1_618' title='bbox 2216 2869 2514 2940; x_wconf 90' lang='lat' dir='ltr'><strong>principem</strong></span> <span class='ocrx_word' id='word_1_619' title='bbox 2567 2872 2832 2941; x_wconf 86' lang='lat' dir='ltr'><strong>imperare</strong></span> <span class='ocrx_word' id='word_1_620' title='bbox 2874 2875 3052 2944; x_wconf 90' lang='lat' dir='ltr'><strong>potius</strong></span> <span class='ocrx_word' id='word_1_621' title='bbox 3099 2877 3330 2932; x_wconf 72' lang='lat' dir='ltr'><strong>subditis</strong></span> <span class='ocrx_word' id='word_1_622' title='bbox 3365 2879 3494 2947; x_wconf 87' lang='lat' dir='ltr'><strong>quid</strong></span> 
     </span>
    </p>
   </div>
   <div class='ocr_carea' id='block_1_87' title="bbox 1918 2957 3494 3033">
    <p class='ocr_par' dir='ltr' id='par_1_87' title="bbox 1918 2957 3494 3033">
     <span class='ocr_line' id='line_1_87' title="bbox 1918 2957 3494 3033; baseline 0.01 -25"><span class='ocrx_word' id='word_1_623' title='bbox 1918 2957 2045 3011; x_wconf 84' lang='lat' dir='ltr'><strong>velit</strong></span> <span class='ocrx_word' id='word_1_624' title='bbox 2079 2974 2240 3027; x_wconf 89' lang='lat' dir='ltr'><strong>quam</strong></span> <span class='ocrx_word' id='word_1_625' title='bbox 2284 2975 2444 3030; x_wconf 88' lang='lat' dir='ltr'><strong>prece</strong></span> <span class='ocrx_word' id='word_1_626' title='bbox 2473 2963 2786 3031; x_wconf 87' lang='lat' dir='ltr'><strong>deposcere,</strong></span> <span class='ocrx_word' id='word_1_627' title='bbox 2829 2980 2930 3033; x_wconf 83' lang='lat' dir='ltr'><strong>ego</strong></span> <span class='ocrx_word' id='word_1_628' title='bbox 2961 2975 3160 3033; x_wconf 90' lang='lat' dir='ltr'><strong>tamen,</strong></span> <span class='ocrx_word' id='word_1_629' title='bbox 3215 2966 3494 3024; x_wconf 85' lang='lat' dir='ltr'><strong>fortissimi</strong></span> 
     </span>
    </p>
   </div>
   <div class='ocr_carea' id='block_1_88' title="bbox 1915 3049 3494 3125">
    <p class='ocr_par' dir='ltr' id='par_1_88' title="bbox 1915 3049 3494 3125">
     <span class='ocr_line' id='line_1_88' title="bbox 1915 3049 3494 3125; baseline 0.008 -23"><span class='ocrx_word' id='word_1_630' title='bbox 1915 3049 2332 3114; x_wconf 75' lang='lat' dir='ltr'><strong>commilitones,</strong></span> <span class='ocrx_word' id='word_1_631' title='bbox 2363 3051 2506 3105; x_wconf 89' lang='lat' dir='ltr'><strong>malo</strong></span> <span class='ocrx_word' id='word_1_632' title='bbox 2534 3067 2655 3106; x_wconf 92' lang='lat' dir='ltr'><strong>cum</strong></span> <span class='ocrx_word' id='word_1_633' title='bbox 2701 3054 2872 3124; x_wconf 88' lang='lat' dir='ltr'><strong>gratia</strong></span> <span class='ocrx_word' id='word_1_634' title='bbox 2910 3071 3071 3125; x_wconf 87' lang='lat' dir='ltr'><strong>quam</strong></span> <span class='ocrx_word' id='word_1_635' title='bbox 3106 3073 3227 3111; x_wconf 90' lang='lat' dir='ltr'><strong>cum</strong></span> <span class='ocrx_word' id='word_1_636' title='bbox 3263 3061 3494 3114; x_wconf 85' lang='lat' dir='ltr'><strong>austeri-</strong></span> 
     </span>
    </p>
   </div>
   <div class='ocr_carea' id='block_1_89' title="bbox 1918 3140 3494 3221">
    <p class='ocr_par' dir='ltr' id='par_1_89' title="bbox 1918 3140 3494 3221">
     <span class='ocr_line' id='line_1_89' title="bbox 1918 3140 3494 3221; baseline 0.009 -29"><span class='ocrx_word' id='word_1_637' title='bbox 1918 3149 2026 3194; x_wconf 87' lang='lat' dir='ltr'><strong>tate</strong></span> <span class='ocrx_word' id='word_1_638' title='bbox 2052 3140 2348 3214; x_wconf 87' lang='lat' dir='ltr'><strong>quidquam</strong></span> <span class='ocrx_word' id='word_1_639' title='bbox 2381 3157 2410 3197; x_wconf 84' lang='lat' dir='ltr'><strong>a</strong></span> <span class='ocrx_word' id='word_1_640' title='bbox 2439 3143 2594 3200; x_wconf 87' lang='lat' dir='ltr'><strong>vobis</strong></span> <span class='ocrx_word' id='word_1_641' title='bbox 2625 3145 2858 3213; x_wconf 75' lang='lat' dir='ltr'><strong>exigere.</strong></span> <span class='ocrx_word' id='word_1_642' title='bbox 2891 3147 3264 3219; x_wconf 77' lang='lat' dir='ltr'><strong>Tyraunorum</strong></span> <span class='ocrx_word' id='word_1_643' title='bbox 3295 3153 3494 3221; x_wconf 82' lang='lat' dir='ltr'><strong>quippe</strong></span> 
     </span>
    </p>
   </div>
   <div class='ocr_carea' id='block_1_90' title="bbox 1916 3235 3492 3314">
    <p class='ocr_par' dir='ltr' id='par_1_90' title="bbox 1916 3235 3492 3314">
     <span class='ocr_line' id='line_1_90' title="bbox 1916 3235 3492 3314; baseline 0.008 -25"><span class='ocrx_word' id='word_1_644' title='bbox 1916 3243 1997 3289; x_wconf 89' lang='lat' dir='ltr'><strong>est</strong></span> <span class='ocrx_word' id='word_1_645' title='bbox 2026 3235 2160 3290; x_wconf 86' lang='lat' dir='ltr'><strong>levia</strong></span> <span class='ocrx_word' id='word_1_646' title='bbox 2191 3253 2417 3308; x_wconf 64' lang='lat' dir='ltr'><strong>qumque</strong></span> <span class='ocrx_word' id='word_1_647' title='bbox 2442 3255 2564 3294; x_wconf 91' lang='lat' dir='ltr'><strong>cum</strong></span> <span class='ocrx_word' id='word_1_648' title='bbox 2588 3240 2638 3294; x_wconf 88' lang='lat' dir='ltr'><strong>vi</strong></span> <span class='ocrx_word' id='word_1_649' title='bbox 2680 3248 2735 3295; x_wconf 90' lang='lat' dir='ltr'><strong>et</strong></span> <span class='ocrx_word' id='word_1_650' title='bbox 2766 3239 2983 3296; x_wconf 79' lang='lat' dir='ltr'><strong>feritate</strong></span> <span class='ocrx_word' id='word_1_651' title='bbox 3015 3240 3273 3312; x_wconf 77' lang='lat' dir='ltr'><strong>subjectis</strong></span> <span class='ocrx_word' id='word_1_652' title='bbox 3303 3247 3492 3314; x_wconf 61' lang='lat' dir='ltr'><strong>prce-ci-</strong></span> 
     </span>
    </p>
   </div>
   <div class='ocr_carea' id='block_1_91' title="bbox 1912 3328 3494 3405">
    <p class='ocr_par' dir='ltr' id='par_1_91' title="bbox 1912 3328 3494 3405">
     <span class='ocr_line' id='line_1_91' title="bbox 1912 3328 3494 3405; baseline 0.009 -26"><span class='ocrx_word' id='word_1_653' title='bbox 1912 3341 2071 3396; x_wconf 88' lang='lat' dir='ltr'><strong>pere,</strong></span> <span class='ocrx_word' id='word_1_654' title='bbox 2108 3328 2371 3384; x_wconf 90' lang='lat' dir='ltr'><strong>bonorum</strong></span> <span class='ocrx_word' id='word_1_655' title='bbox 2404 3345 2530 3386; x_wconf 85' lang='lat' dir='ltr'><strong>vero</strong></span> <span class='ocrx_word' id='word_1_656' title='bbox 2557 3333 2859 3403; x_wconf 88' lang='lat' dir='ltr'><strong>principum</strong></span> <span class='ocrx_word' id='word_1_657' title='bbox 2893 3335 2958 3388; x_wconf 90' lang='lat' dir='ltr'><strong>ad</strong></span> <span class='ocrx_word' id='word_1_658' title='bbox 3005 3335 3190 3405; x_wconf 89' lang='lat' dir='ltr'><strong>gravia</strong></span> <span class='ocrx_word' id='word_1_659' title='bbox 3239 3339 3400 3392; x_wconf 87' lang='lat' dir='ltr'><strong>etiam</strong></span> <span class='ocrx_word' id='word_1_660' title='bbox 3431 3356 3494 3395; x_wconf 87' lang='lat' dir='ltr'><strong>ac</strong></span> 
     </span>
    </p>
   </div>
   <div class='ocr_carea' id='block_1_92' title="bbox 1914 3417 3491 3484">
    <p class='ocr_par' dir='ltr' id='par_1_92' title="bbox 1914 3417 3491 3484">
     <span class='ocr_line' id='line_1_92' title="bbox 1914 3417 3491 3484; baseline 0.008 -14"><span class='ocrx_word' id='word_1_661' title='bbox 1914 3417 2149 3472; x_wconf 79' lang='lat' dir='ltr'><strong>difﬁcilia</strong></span> <span class='ocrx_word' id='word_1_662' title='bbox 2180 3419 2456 3475; x_wconf 88' lang='lat' dir='ltr'><strong>toleranda</strong></span> <span class='ocrx_word' id='word_1_663' title='bbox 2489 3423 2604 3476; x_wconf 89' lang='lat' dir='ltr'><strong>sola</strong></span> <span class='ocrx_word' id='word_1_664' title='bbox 2642 3422 2866 3478; x_wconf 88' lang='lat' dir='ltr'><strong>lenitate</strong></span> <span class='ocrx_word' id='word_1_665' title='bbox 2913 3425 3144 3481; x_wconf 89' lang='lat' dir='ltr'><strong>invitare</strong></span> <span class='ocrx_word' id='word_1_666' title='bbox 3186 3429 3491 3484; x_wconf 87' lang='lat' dir='ltr'><strong>verborum.</strong></span> 
     </span>
    </p>
   </div>
   <div class='ocr_carea' id='block_1_93' title="bbox 1915 3507 3498 3584">
    <p class='ocr_par' dir='ltr' id='par_1_93' title="bbox 1915 3507 3498 3584">
     <span class='ocr_line' id='line_1_93' title="bbox 1915 3507 3498 3584; baseline 0.008 -24"><span class='ocrx_word' id='word_1_667' title='bbox 1915 3507 2072 3578; x_wconf 82' lang='lat' dir='ltr'><strong>Regii</strong></span> <span class='ocrx_word' id='word_1_668' title='bbox 2107 3511 2288 3580; x_wconf 90' lang='lat' dir='ltr'><strong>itaque</strong></span> <span class='ocrx_word' id='word_1_669' title='bbox 2314 3512 2546 3582; x_wconf 84' lang='lat' dir='ltr'><strong>dignitas</strong></span> <span class='ocrx_word' id='word_1_670' title='bbox 2573 3514 2808 3568; x_wconf 88' lang='lat' dir='ltr'><strong>nominis</strong></span> <span class='ocrx_word' id='word_1_671' title='bbox 2837 3515 2908 3584; x_wconf 90' lang='lat' dir='ltr'><strong>pii</strong></span> <span class='ocrx_word' id='word_1_672' title='bbox 2933 3518 3102 3582; x_wconf 88' lang='lat' dir='ltr'><strong>patris</strong></span> <span class='ocrx_word' id='word_1_673' title='bbox 3133 3518 3289 3572; x_wconf 89' lang='lat' dir='ltr'><strong>debet</strong></span> <span class='ocrx_word' id='word_1_674' title='bbox 3315 3535 3498 3575; x_wconf 79' lang='lat' dir='ltr'><strong>exem-</strong></span> 
     </span>
    </p>
   </div>
   <div class='ocr_carea' id='block_1_94' title="bbox 1915 3601 3497 3680">
    <p class='ocr_par' dir='ltr' id='par_1_94' title="bbox 1915 3601 3497 3680">
     <span class='ocr_line' id='line_1_94' title="bbox 1915 3601 3497 3680; baseline 0.008 -27"><span class='ocrx_word' id='word_1_675' title='bbox 1915 3601 2001 3669; x_wconf 87' lang='lat' dir='ltr'><strong>pla</strong></span> <span class='ocrx_word' id='word_1_676' title='bbox 2035 3604 2254 3668; x_wconf 88' lang='lat' dir='ltr'><strong>sectari,</strong></span> <span class='ocrx_word' id='word_1_677' title='bbox 2296 3615 2354 3657; x_wconf 92' lang='lat' dir='ltr'><strong>ut</strong></span> <span class='ocrx_word' id='word_1_678' title='bbox 2398 3604 2516 3673; x_wconf 89' lang='lat' dir='ltr'><strong>plus</strong></span> <span class='ocrx_word' id='word_1_679' title='bbox 2547 3607 2866 3660; x_wconf 71' lang='lat' dir='ltr'><strong>reverentia:</strong></span> <span class='ocrx_word' id='word_1_680' title='bbox 2912 3607 3013 3661; x_wconf 93' lang='lat' dir='ltr'><strong>sibi</strong></span> <span class='ocrx_word' id='word_1_681' title='bbox 3065 3625 3131 3661; x_wconf 89' lang='lat' dir='ltr'><strong>ex</strong></span> <span class='ocrx_word' id='word_1_682' title='bbox 3164 3609 3497 3680; x_wconf 83' lang='lat' dir='ltr'><strong>benignitate</strong></span> 
     </span>
    </p>
   </div>
   <div class='ocr_carea' id='block_1_95' title="bbox 1916 3695 3494 3773">
    <p class='ocr_par' dir='ltr' id='par_1_95' title="bbox 1916 3695 3494 3773">
     <span class='ocr_line' id='line_1_95' title="bbox 1916 3695 3494 3773; baseline 0.01 -31"><span class='ocrx_word' id='word_1_683' title='bbox 1916 3708 2074 3762; x_wconf 88' lang='lat' dir='ltr'><strong>quam</strong></span> <span class='ocrx_word' id='word_1_684' title='bbox 2113 3695 2326 3750; x_wconf 89' lang='lat' dir='ltr'><strong>timOris</strong></span> <span class='ocrx_word' id='word_1_685' title='bbox 2354 3698 2536 3766; x_wconf 83' lang='lat' dir='ltr'><strong>exigat</strong></span> <span class='ocrx_word' id='word_1_686' title='bbox 2564 3711 2630 3751; x_wconf 87' lang='lat' dir='ltr'><strong>ex</strong></span> <span class='ocrx_word' id='word_1_687' title='bbox 2681 3698 3019 3754; x_wconf 83' lang='lat' dir='ltr'><strong>crudelitate.</strong></span> <span class='ocrx_word' id='word_1_688' title='bbox 3063 3699 3284 3755; x_wconf 81' lang='lat' dir='ltr'><strong>Rectius</strong></span> <span class='ocrx_word' id='word_1_689' title='bbox 3331 3701 3494 3773; x_wconf 85' lang='lat' dir='ltr'><strong>igitur</strong></span> 
     </span>
    </p>
   </div>
   <div class='ocr_carea' id='block_1_96' title="bbox 1916 3782 3497 3862">
    <p class='ocr_par' dir='ltr' id='par_1_96' title="bbox 1916 3782 3497 3862">
     <span class='ocr_line' id='line_1_96' title="bbox 1916 3782 3497 3862; baseline 0.006 -26"><span class='ocrx_word' id='word_1_690' title='bbox 1916 3782 2044 3836; x_wconf 90' lang='lat' dir='ltr'><strong>duxi</strong></span> <span class='ocrx_word' id='word_1_691' title='bbox 2099 3786 2364 3839; x_wconf 88' lang='lat' dir='ltr'><strong>mansueti</strong></span> <span class='ocrx_word' id='word_1_692' title='bbox 2417 3787 2586 3841; x_wconf 91' lang='lat' dir='ltr'><strong>animi</strong></span> <span class='ocrx_word' id='word_1_693' title='bbox 2644 3788 3019 3843; x_wconf 82' lang='lat' dir='ltr'><strong>benevolentia</strong></span> <span class='ocrx_word' id='word_1_694' title='bbox 3068 3789 3120 3843; x_wconf 91' lang='lat' dir='ltr'><strong>id</strong></span> <span class='ocrx_word' id='word_1_695' title='bbox 3164 3805 3258 3844; x_wconf 90' lang='lat' dir='ltr'><strong>vos</strong></span> <span class='ocrx_word' id='word_1_696' title='bbox 3305 3806 3497 3862; x_wconf 84' lang='lat' dir='ltr'><strong>rogare</strong></span> 
     </span>
    </p>
   </div>
   <div class='ocr_carea' id='block_1_97' title="bbox 1915 3877 3518 3949">
    <p class='ocr_par' dir='ltr' id='par_1_97' title="bbox 1915 3877 3518 3949">
     <span class='ocr_line' id='line_1_97' title="bbox 1915 3877 3518 3949; baseline 0.007 -23"><span class='ocrx_word' id='word_1_697' title='bbox 1915 3877 2056 3944; x_wconf 84' lang='lat' dir='ltr'><strong>quod</strong></span> <span class='ocrx_word' id='word_1_698' title='bbox 2087 3891 2298 3945; x_wconf 89' lang='lat' dir='ltr'><strong>possem</strong></span> <span class='ocrx_word' id='word_1_699' title='bbox 2340 3879 2484 3949; x_wconf 80' lang='lat' dir='ltr'><strong>regia</strong></span> <span class='ocrx_word' id='word_1_700' title='bbox 2519 3894 2648 3934; x_wconf 92' lang='lat' dir='ltr'><strong>usus</strong></span> <span class='ocrx_word' id='word_1_701' title='bbox 2675 3881 3000 3934; x_wconf 88' lang='lat' dir='ltr'><strong>auctoritate</strong></span> <span class='ocrx_word' id='word_1_702' title='bbox 3046 3882 3367 3938; x_wconf 85' lang='lat' dir='ltr'><strong>inconsultis</strong></span> <span class='ocrx_word' id='word_1_703' title='bbox 3415 3901 3518 3938; x_wconf 70' lang='grc' dir='ltr'>νο·-</span> 
     </span>
    </p>
   </div>
   <div class='ocr_carea' id='block_1_98' title="bbox 1915 3968 3498 4038">
    <p class='ocr_par' dir='ltr' id='par_1_98' title="bbox 1915 3968 3498 4038">
     <span class='ocr_line' id='line_1_98' title="bbox 1915 3968 3498 4038; baseline 0.006 -17"><span class='ocrx_word' id='word_1_704' title='bbox 1915 3968 1998 4021; x_wconf 91' lang='lat' dir='ltr'><strong>bis</strong></span> <span class='ocrx_word' id='word_1_705' title='bbox 2027 3969 2336 4038; x_wconf 73' lang='lat' dir='ltr'><strong>prmripere.</strong></span> <span class='ocrx_word' id='word_1_706' title='bbox 2365 3970 2519 4026; x_wconf 87' lang='lat' dir='ltr'><strong>Unde</strong></span> <span class='ocrx_word' id='word_1_707' title='bbox 2559 3981 2742 4026; x_wconf 86' lang='lat' dir='ltr'><strong>oratos</strong></span> <span class='ocrx_word' id='word_1_708' title='bbox 2771 3989 2867 4028; x_wconf 91' lang='lat' dir='ltr'><strong>vos</strong></span> <span class='ocrx_word' id='word_1_709' title='bbox 2893 3988 3085 4029; x_wconf 89' lang='lat' dir='ltr'><strong>omnes</strong></span> <span class='ocrx_word' id='word_1_710' title='bbox 3114 3990 3232 4028; x_wconf 89' lang='lat' dir='ltr'><strong>esse</strong></span> <span class='ocrx_word' id='word_1_711' title='bbox 3264 3975 3383 4030; x_wconf 85' lang='lat' dir='ltr'><strong>volo</strong></span> <span class='ocrx_word' id='word_1_712' title='bbox 3439 3989 3498 4032; x_wconf 92' lang='lat' dir='ltr'><strong>ut</strong></span> 
     </span>
    </p>
   </div>
   <div class='ocr_carea' id='block_1_99' title="bbox 1916 4059 3499 4134">
    <p class='ocr_par' dir='ltr' id='par_1_99' title="bbox 1916 4059 3499 4134">
     <span class='ocr_line' id='line_1_99' title="bbox 1916 4059 3499 4134; baseline 0.006 -22"><span class='ocrx_word' id='word_1_713' title='bbox 1916 4075 2010 4113; x_wconf 88' lang='lat' dir='ltr'><strong>vas</strong></span> <span class='ocrx_word' id='word_1_714' title='bbox 2043 4059 2183 4114; x_wconf 88' lang='lat' dir='ltr'><strong>istud</strong></span> <span class='ocrx_word' id='word_1_715' title='bbox 2215 4061 2455 4131; x_wconf 90' lang='lat' dir='ltr'><strong>(urceum</strong></span> <span class='ocrx_word' id='word_1_716' title='bbox 2487 4063 2885 4134; x_wconf 81' lang='lat' dir='ltr'><strong>denwnStrans)</strong></span> <span class='ocrx_word' id='word_1_717' title='bbox 2918 4074 3093 4119; x_wconf 86' lang='lat' dir='ltr'><strong>vestra</strong></span> <span class='ocrx_word' id='word_1_718' title='bbox 3122 4067 3251 4120; x_wconf 91' lang='lat' dir='ltr'><strong>mihi</strong></span> <span class='ocrx_word' id='word_1_719' title='bbox 3281 4069 3499 4121; x_wconf 88' lang='lat' dir='ltr'><strong>muniﬁ-</strong></span> 
     </span>
    </p>
   </div>
   <div class='ocr_carea' id='block_1_100' title="bbox 1917 4153 3494 4229">
    <p class='ocr_par' dir='ltr' id='par_1_100' title="bbox 1917 4153 3494 4229">
     <span class='ocr_line' id='line_1_100' title="bbox 1917 4153 3494 4229; baseline 0.006 -23"><span class='ocrx_word' id='word_1_720' title='bbox 1917 4153 2094 4206; x_wconf 87' lang='lat' dir='ltr'><strong>centia</strong></span> <span class='ocrx_word' id='word_1_721' title='bbox 2131 4162 2284 4206; x_wconf 89' lang='lat' dir='ltr'><strong>extra</strong></span> <span class='ocrx_word' id='word_1_722' title='bbox 2336 4155 2498 4209; x_wconf 91' lang='lat' dir='ltr'><strong>sortis</strong></span> <span class='ocrx_word' id='word_1_723' title='bbox 2543 4169 2672 4209; x_wconf 71' lang='lat' dir='ltr'><strong>mere</strong></span> <span class='ocrx_word' id='word_1_724' title='bbox 2709 4159 3011 4226; x_wconf 88' lang='lat' dir='ltr'><strong>portionem</strong></span> <span class='ocrx_word' id='word_1_725' title='bbox 3065 4158 3288 4223; x_wconf 88' lang='lat' dir='ltr'><strong>tribuat,</strong></span> <span class='ocrx_word' id='word_1_726' title='bbox 3321 4159 3494 4229; x_wconf 78' lang='lat' dir='ltr'><strong>dcqtze</strong></span> 
     </span>
    </p>
   </div>
   <div class='ocr_carea' id='block_1_101' title="bbox 1918 4244 3499 4318">
    <p class='ocr_par' dir='ltr' id='par_1_101' title="bbox 1918 4244 3499 4318">
     <span class='ocr_line' id='line_1_101' title="bbox 1918 4244 3499 4318; baseline 0.006 -24"><span class='ocrx_word' id='word_1_727' title='bbox 1918 4244 2373 4298; x_wconf 81' lang='lat' dir='ltr'><strong>remunerationis</strong></span> <span class='ocrx_word' id='word_1_728' title='bbox 2400 4244 2622 4314; x_wconf 68' lang='lat' dir='ltr'><strong>prtemio</strong></span> <span class='ocrx_word' id='word_1_729' title='bbox 2643 4246 2820 4300; x_wconf 89' lang='lat' dir='ltr'><strong>nullus</strong></span> <span class='ocrx_word' id='word_1_730' title='bbox 2849 4256 3084 4300; x_wconf 87' lang='lat' dir='ltr'><strong>vestrum</strong></span> <span class='ocrx_word' id='word_1_731' title='bbox 3112 4248 3348 4318; x_wconf 81' lang='lat' dir='ltr'><strong>ambigat</strong></span> <span class='ocrx_word' id='word_1_732' title='bbox 3374 4265 3499 4304; x_wconf 91' lang='lat' dir='ltr'><strong>cum</strong></span> 
     </span>
    </p>
   </div>
   <div class='ocr_carea' id='block_1_102' title="bbox 1842 4325 3500 4425">
    <p class='ocr_par' dir='ltr' id='par_1_102' title="bbox 1842 4325 3500 4425">
     <span class='ocr_line' id='line_1_102' title="bbox 1842 4325 3500 4425; baseline 0.008 -42"><span class='ocrx_word' id='word_1_733' title='bbox 1842 4365 1894 4425; x_wconf 69' lang='grc' dir='ltr'>ι)</span> <span class='ocrx_word' id='word_1_734' title='bbox 1921 4347 2006 4385; x_wconf 88' lang='lat' dir='ltr'><strong>me</strong></span> <span class='ocrx_word' id='word_1_735' title='bbox 2033 4332 2410 4388; x_wconf 87' lang='lat' dir='ltr'><strong>retributorem</strong></span> <span class='ocrx_word' id='word_1_736' title='bbox 2443 4325 2720 4404; x_wconf 87' lang='lat' dir='ltr'><strong>profitear,</strong></span> <span class='ocrx_word' id='word_1_737' title='bbox 2749 4337 2793 4390; x_wconf 91' lang='lat' dir='ltr'><strong>si</strong></span> <span class='ocrx_word' id='word_1_738' title='bbox 2819 4337 2918 4392; x_wconf 92' lang='lat' dir='ltr'><strong>hoc</strong></span> <span class='ocrx_word' id='word_1_739' title='bbox 2946 4354 3067 4392; x_wconf 90' lang='lat' dir='ltr'><strong>cum</strong></span> <span class='ocrx_word' id='word_1_740' title='bbox 3106 4336 3243 4392; x_wconf 88' lang='lat' dir='ltr'><strong>bona</strong></span> <span class='ocrx_word' id='word_1_741' title='bbox 3273 4339 3500 4410; x_wconf 88' lang='lat' dir='ltr'><strong>quivero</strong></span> 
     </span>
    </p>
   </div>
   <div class='ocr_carea' id='block_1_103' title="bbox 1922 4424 2498 4495">
    <p class='ocr_par' dir='ltr' id='par_1_103' title="bbox 1922 4424 2498 4495">
     <span class='ocr_line' id='line_1_103' title="bbox 1922 4424 2498 4495; baseline 0.002 -18"><span class='ocrx_word' id='word_1_742' title='bbox 1922 4424 2212 4493; x_wconf 89' lang='lat' dir='ltr'><strong>impetrare</strong></span> <span class='ocrx_word' id='word_1_743' title='bbox 2242 4426 2436 4495; x_wconf 86' lang='lat' dir='ltr'><strong>gratia.</strong></span> <span class='ocrx_word' id='word_1_744' title='bbox 2480 4445 2498 4478; x_wconf 71' lang='grc' dir='ltr'><strong>ι</strong></span> 
     </span>
    </p>
   </div>
   <div class='ocr_carea' id='block_1_104' title="bbox 1990 4513 3502 4592">
    <p class='ocr_par' dir='ltr' id='par_1_104' title="bbox 1990 4513 3502 4592">
     <span class='ocr_line' id='line_1_104' title="bbox 1990 4513 3502 4592; baseline 0.007 -24"><span class='ocrx_word' id='word_1_745' title='bbox 1990 4513 2071 4569; x_wconf 83' lang='lat' dir='ltr'><strong>Ad</strong></span> <span class='ocrx_word' id='word_1_746' title='bbox 2094 4515 2207 4569; x_wconf 81' lang='lat' dir='ltr'><strong>bch</strong></span> <span class='ocrx_word' id='word_1_747' title='bbox 2228 4515 2423 4571; x_wconf 87' lang='lat' dir='ltr'><strong>Franci</strong></span> <span class='ocrx_word' id='word_1_748' title='bbox 2455 4519 2842 4586; x_wconf 86' lang='lat' dir='ltr'><strong>respondentes</strong></span> <span class='ocrx_word' id='word_1_749' title='bbox 2863 4521 2975 4592; x_wconf 87' lang='lat' dir='ltr'><strong>regi</strong></span> <span class='ocrx_word' id='word_1_750' title='bbox 3000 4521 3256 4576; x_wconf 82' lang='lat' dir='ltr'><strong>dixerunt</strong></span> <span class='ocrx_word' id='word_1_751' title='bbox 3281 4541 3292 4576; x_wconf 90' lang='lat'><strong>:</strong></span> <span class='ocrx_word' id='word_1_752' title='bbox 3324 4541 3340 4575; x_wconf 77' lang='grc' dir='ltr'><strong>ι</strong></span> <span class='ocrx_word' id='word_1_753' title='bbox 3370 4523 3502 4586; x_wconf 87' lang='lat' dir='ltr'><strong>Nos.</strong></span> 
     </span>
    </p>
   </div>
   <div class='ocr_carea' id='block_1_105' title="bbox 1921 4606 3508 4682">
    <p class='ocr_par' dir='ltr' id='par_1_105' title="bbox 1921 4606 3508 4682">
     <span class='ocr_line' id='line_1_105' title="bbox 1921 4606 3508 4682; baseline 0.004 -20"><span class='ocrx_word' id='word_1_754' title='bbox 1921 4622 1954 4662; x_wconf 92' lang='lat'><strong>0</strong></span> <span class='ocrx_word' id='word_1_755' title='bbox 1985 4606 2184 4678; x_wconf 80' lang='lat' dir='ltr'><strong>inclyte</strong></span> <span class='ocrx_word' id='word_1_756' title='bbox 2213 4624 2328 4673; x_wconf 81' lang='lat' dir='ltr'><strong>rex,</strong></span> <span class='ocrx_word' id='word_1_757' title='bbox 2363 4620 2703 4665; x_wconf 89' lang='lat' dir='ltr'><strong>sacramento</strong></span> <span class='ocrx_word' id='word_1_758' title='bbox 2725 4611 2851 4666; x_wconf 90' lang='lat' dir='ltr'><strong>olim</strong></span> <span class='ocrx_word' id='word_1_759' title='bbox 2877 4609 2972 4668; x_wconf 87' lang='lat' dir='ltr'><strong>tibi</strong></span> <span class='ocrx_word' id='word_1_760' title='bbox 3003 4613 3163 4666; x_wconf 90' lang='lat' dir='ltr'><strong>fidem</strong></span> <span class='ocrx_word' id='word_1_761' title='bbox 3195 4615 3508 4682; x_wconf 75' lang='lat' dir='ltr'><strong>promisisse</strong></span> 
     </span>
    </p>
   </div>
   <div class='ocr_carea' id='block_1_106' title="bbox 1919 4700 3507 4776">
    <p class='ocr_par' dir='ltr' id='par_1_106' title="bbox 1919 4700 3507 4776">
     <span class='ocr_line' id='line_1_106' title="bbox 1919 4700 3507 4776; baseline 0.004 -23"><span class='ocrx_word' id='word_1_762' title='bbox 1919 4700 2228 4768; x_wconf 75' lang='lat' dir='ltr'><strong>recolimu’s,</strong></span> <span class='ocrx_word' id='word_1_763' title='bbox 2254 4711 2417 4769; x_wconf 88' lang='lat' dir='ltr'><strong>utque</strong></span> <span class='ocrx_word' id='word_1_764' title='bbox 2440 4711 2668 4756; x_wconf 89' lang='lat' dir='ltr'><strong>mortem</strong></span> <span class='ocrx_word' id='word_1_765' title='bbox 2687 4719 2783 4772; x_wconf 87' lang='lat' dir='ltr'><strong>pro</strong></span> <span class='ocrx_word' id='word_1_766' title='bbox 2799 4706 3046 4776; x_wconf 85' lang='lat' dir='ltr'><strong>corporis</strong></span> <span class='ocrx_word' id='word_1_767' title='bbox 3074 4706 3148 4758; x_wconf 92' lang='lat' dir='ltr'><strong>tui</strong></span> <span class='ocrx_word' id='word_1_768' title='bbox 3181 4707 3356 4758; x_wconf 92' lang='lat' dir='ltr'><strong>salute</strong></span> <span class='ocrx_word' id='word_1_769' title='bbox 3383 4707 3507 4759; x_wconf 84' lang='lat' dir='ltr'><strong>sub-</strong></span> 
     </span>
    </p>
   </div>
   <div class='ocr_carea' id='block_1_107' title="bbox 1919 4788 3508 4863">
    <p class='ocr_par' dir='ltr' id='par_1_107' title="bbox 1919 4788 3508 4863">
     <span class='ocr_line' id='line_1_107' title="bbox 1919 4788 3508 4863; baseline 0.003 -20"><span class='ocrx_word' id='word_1_770' title='bbox 1919 4788 1998 4844; x_wconf 90' lang='lat' dir='ltr'><strong>ire</strong></span> <span class='ocrx_word' id='word_1_771' title='bbox 2050 4792 2225 4859; x_wconf 91' lang='lat' dir='ltr'><strong>parati</strong></span> <span class='ocrx_word' id='word_1_772' title='bbox 2258 4805 2499 4846; x_wconf 88' lang='lat' dir='ltr'><strong>essemus</strong></span> <span class='ocrx_word' id='word_1_773' title='bbox 2525 4792 2763 4859; x_wconf 87' lang='lat' dir='ltr'><strong>profiteri</strong></span> <span class='ocrx_word' id='word_1_774' title='bbox 2791 4788 2900 4847; x_wconf 85' lang='lat' dir='ltr'><strong>non</strong></span> <span class='ocrx_word' id='word_1_775' title='bbox 2929 4795 3266 4850; x_wconf 87' lang='lat' dir='ltr'><strong>erubuimus.</strong></span> <span class='ocrx_word' id='word_1_776' title='bbox 3294 4794 3352 4846; x_wconf 90' lang='lat' dir='ltr'><strong>Si</strong></span> <span class='ocrx_word' id='word_1_777' title='bbox 3383 4809 3508 4863; x_wconf 86' lang='lat' dir='ltr'><strong>ergo</strong></span> 
     </span>
    </p>
   </div>
   <div class='ocr_carea' id='block_1_108' title="bbox 1919 4880 3518 4952">
    <p class='ocr_par' dir='ltr' id='par_1_108' title="bbox 1919 4880 3518 4952">
     <span class='ocr_line' id='line_1_108' title="bbox 1919 4880 3518 4952; baseline 0.004 -18"><span class='ocrx_word' id='word_1_778' title='bbox 1919 4880 2088 4934; x_wconf 83' lang='lat' dir='ltr'><strong>vitam</strong></span> <span class='ocrx_word' id='word_1_779' title='bbox 2118 4883 2310 4950; x_wconf 87' lang='lat' dir='ltr'><strong>ipsam,</strong></span> <span class='ocrx_word' id='word_1_780' title='bbox 2340 4898 2458 4952; x_wconf 64' lang='lat' dir='ltr'><strong>quas</strong></span> <span class='ocrx_word' id='word_1_781' title='bbox 2490 4886 2699 4940; x_wconf 90' lang='lat' dir='ltr'><strong>cunctis</strong></span> <span class='ocrx_word' id='word_1_782' title='bbox 2751 4888 2977 4946; x_wconf 84' lang='lat' dir='ltr'><strong>cbarior</strong></span> <span class='ocrx_word' id='word_1_783' title='bbox 3023 4894 3108 4941; x_wconf 87' lang='lat' dir='ltr'><strong>est</strong></span> <span class='ocrx_word' id='word_1_784' title='bbox 3155 4886 3374 4952; x_wconf 77' lang='lat' dir='ltr'><strong>‘opibus,</strong></span> <span class='ocrx_word' id='word_1_785' title='bbox 3423 4887 3518 4940; x_wconf 88' lang='lat' dir='ltr'><strong>tibi</strong></span> 
     </span>
    </p>
   </div>
   <div class='ocr_carea' id='block_1_109' title="bbox 1921 4974 3524 5049">
    <p class='ocr_par' dir='ltr' id='par_1_109' title="bbox 1921 4974 3524 5049">
     <span class='ocr_line' id='line_1_109' title="bbox 1921 4974 3524 5049; baseline 0.005 -22"><span class='ocrx_word' id='word_1_786' title='bbox 1921 4975 2187 5038; x_wconf 83' lang='lat' dir='ltr'><strong>vovimus,</strong></span> <span class='ocrx_word' id='word_1_787' title='bbox 2217 4974 2346 5042; x_wconf 89' lang='lat' dir='ltr'><strong>quid</strong></span> <span class='ocrx_word' id='word_1_788' title='bbox 2381 4979 2550 5047; x_wconf 86' lang='lat' dir='ltr'><strong>majus</strong></span> <span class='ocrx_word' id='word_1_789' title='bbox 2572 4979 2677 5031; x_wconf 91' lang='lat' dir='ltr'><strong>erit</strong></span> <span class='ocrx_word' id='word_1_790' title='bbox 2703 4979 2844 5046; x_wconf 90' lang='lat' dir='ltr'><strong>quod</strong></span> <span class='ocrx_word' id='word_1_791' title='bbox 2868 4981 3030 5049; x_wconf 87' lang='lat' dir='ltr'><strong>juste</strong></span> <span class='ocrx_word' id='word_1_792' title='bbox 3059 4981 3360 5046; x_wconf 75' lang='lat' dir='ltr'><strong>negemus?</strong></span> <span class='ocrx_word' id='word_1_793' title='bbox 3385 4978 3524 5034; x_wconf 83' lang='lat' dir='ltr'><strong>Sane</strong></span> 
     </span>
    </p>
   </div>
   <div class='ocr_carea' id='block_1_110' title="bbox 1922 5063 3526 5135">
    <p class='ocr_par' dir='ltr' id='par_1_110' title="bbox 1922 5063 3526 5135">
     <span class='ocr_line' id='line_1_110' title="bbox 1922 5063 3526 5135; baseline 0.001 -18"><span class='ocrx_word' id='word_1_794' title='bbox 1922 5079 1987 5118; x_wconf 87' lang='lat' dir='ltr'><strong>ex</strong></span> <span class='ocrx_word' id='word_1_795' title='bbox 2019 5063 2102 5117; x_wconf 93' lang='lat' dir='ltr'><strong>his</strong></span> <span class='ocrx_word' id='word_1_796' title='bbox 2132 5063 2320 5132; x_wconf 87' lang='lat' dir='ltr'><strong>spoliis</strong></span> <span class='ocrx_word' id='word_1_797' title='bbox 2351 5080 2454 5118; x_wconf 86' lang='lat' dir='ltr'><strong>non</strong></span> <span class='ocrx_word' id='word_1_798' title='bbox 2489 5075 2719 5135; x_wconf 89' lang='lat' dir='ltr'><strong>partem,</strong></span> <span class='ocrx_word' id='word_1_799' title='bbox 2752 5065 2845 5121; x_wconf 85' lang='lat' dir='ltr'><strong>sed</strong></span> <span class='ocrx_word' id='word_1_800' title='bbox 2893 5077 3076 5126; x_wconf 87' lang='lat' dir='ltr'><strong>totum</strong></span> <span class='ocrx_word' id='word_1_801' title='bbox 3128 5076 3234 5118; x_wconf 70' lang='lat' dir='ltr'><strong>tua:</strong></span> <span class='ocrx_word' id='word_1_802' title='bbox 3279 5067 3526 5135; x_wconf 74' lang='lat' dir='ltr'><strong>potestati</strong></span> 
     </span>
    </p>
   </div>
   <div class='ocr_carea' id='block_1_111' title="bbox 1925 5155 3535 5230">
    <p class='ocr_par' dir='ltr' id='par_1_111' title="bbox 1925 5155 3535 5230">
     <span class='ocr_line' id='line_1_111' title="bbox 1925 5155 3535 5230; baseline 0.002 -22"><span class='ocrx_word' id='word_1_803' title='bbox 1925 5155 2199 5219; x_wconf 87' lang='lat' dir='ltr'><strong>cedimus;</strong></span> <span class='ocrx_word' id='word_1_804' title='bbox 2232 5165 2288 5207; x_wconf 91' lang='lat' dir='ltr'><strong>ut</strong></span> <span class='ocrx_word' id='word_1_805' title='bbox 2319 5155 2552 5211; x_wconf 89' lang='lat' dir='ltr'><strong>volueris</strong></span> <span class='ocrx_word' id='word_1_806' title='bbox 2584 5156 2688 5210; x_wconf 89' lang='lat' dir='ltr'><strong>fac.</strong></span> <span class='ocrx_word' id='word_1_807' title='bbox 2738 5155 2847 5209; x_wconf 82' lang='lat' dir='ltr'><strong>Aut</strong></span> <span class='ocrx_word' id='word_1_808' title='bbox 2876 5159 3066 5230; x_wconf 81' lang='lat' dir='ltr'><strong>mergi</strong></span> <span class='ocrx_word' id='word_1_809' title='bbox 3095 5155 3414 5214; x_wconf 88' lang='lat' dir='ltr'><strong>fluminibus</strong></span> <span class='ocrx_word' id='word_1_810' title='bbox 3443 5167 3535 5212; x_wconf 76' lang='lat' dir='ltr'><strong>aut</strong></span> 
     </span>
    </p>
   </div>
   <div class='ocr_carea' id='block_1_112' title="bbox 1921 5244 3532 5312">
    <p class='ocr_par' dir='ltr' id='par_1_112' title="bbox 1921 5244 3532 5312">
     <span class='ocr_line' id='line_1_112' title="bbox 1921 5244 3532 5312; baseline 0.002 -12"><span class='ocrx_word' id='word_1_811' title='bbox 1921 5244 2370 5312; x_wconf 84' lang='lat' dir='ltr'><strong>ﬂammisjubeas</strong></span> <span class='ocrx_word' id='word_1_812' title='bbox 2409 5247 2546 5300; x_wconf 90' lang='lat' dir='ltr'><strong>tradi</strong></span> <span class='ocrx_word' id='word_1_813' title='bbox 2581 5245 2897 5309; x_wconf 89' lang='lat' dir='ltr'><strong>voracibus,</strong></span> <span class='ocrx_word' id='word_1_814' title='bbox 2949 5249 3022 5305; x_wconf 77' lang='lat' dir='ltr'><strong>nil</strong></span> <span class='ocrx_word' id='word_1_815' title='bbox 3057 5245 3122 5299; x_wconf 90' lang='lat' dir='ltr'><strong>ad</strong></span> <span class='ocrx_word' id='word_1_816' title='bbox 3160 5260 3264 5299; x_wconf 89' lang='lat' dir='ltr'><strong>nos</strong></span> <span class='ocrx_word' id='word_1_817' title='bbox 3291 5250 3485 5302; x_wconf 84' lang='lat' dir='ltr'><strong>attinet</strong></span> <span class='ocrx_word' id='word_1_818' title='bbox 3517 5265 3532 5312; x_wconf 84' lang='lat'><strong>;</strong></span> 
     </span>
    </p>
   </div>
   <div class='ocr_carea' id='block_1_113' title="bbox 1925 5333 3537 5396">
    <p class='ocr_par' dir='ltr' id='par_1_113' title="bbox 1925 5333 3537 5396">
     <span class='ocr_line' id='line_1_113' title="bbox 1925 5333 3537 5396; baseline 0.001 -6"><span class='ocrx_word' id='word_1_819' title='bbox 1925 5346 2135 5392; x_wconf 85' lang='lat' dir='ltr'><strong>tantum</strong></span> <span class='ocrx_word' id='word_1_820' title='bbox 2187 5345 2244 5390; x_wconf 91' lang='lat' dir='ltr'><strong>ut</strong></span> <span class='ocrx_word' id='word_1_821' title='bbox 2294 5345 2386 5391; x_wconf 86' lang='lat' dir='ltr'><strong>tuo</strong></span> <span class='ocrx_word' id='word_1_822' title='bbox 2435 5337 2666 5392; x_wconf 85' lang='lat' dir='ltr'><strong>satisﬁat</strong></span> <span class='ocrx_word' id='word_1_823' title='bbox 2709 5335 3020 5396; x_wconf 81' lang='lat' dir='ltr'><strong>desiderio.</strong></span> <span class='ocrx_word' id='word_1_824' title='bbox 3063 5356 3079 5388; x_wconf 76' lang='grc' dir='ltr'><strong>ι</strong></span> <span class='ocrx_word' id='word_1_825' title='bbox 3117 5333 3253 5389; x_wconf 85' lang='lat' dir='ltr'><strong>Tam</strong></span> <span class='ocrx_word' id='word_1_826' title='bbox 3290 5339 3537 5395; x_wconf 88' lang='lat' dir='ltr'><strong>devotam</strong></span> 
     </span>
    </p>
   </div>
  </div>
