4044 5428
536 291 632 349 631

1603 297 1866 357 AIMOINI
1892 297 2202 359 .IIONACIII
2230 304 2727 367 FLORIACENSIS

3704 317 3814 374 65!.

532 408 669 463 dixit
703 424 720 462 :
762 425 782 461 ι
823 408 906 465 'I‘tt
927 452 941 477 ,
974 409 1254 481 inquiens,
1286 424 1401 479 rex,
1432 409 1562 467 hinc
1589 411 1723 467 nihil
1754 413 1989 484 accipies
2019 414 2121 471 nisi

2232 410 2588 467 processerat,
2619 397 2849 459 Domino
2881 415 2999 461 vota
3041 422 3262 463 suarum
3294 408 3532 466 solutura
3567 422 3805 482 precum-

532 499 678 572 quod
712 500 805 558 tibi
837 516 967 557 vera
996 518 1116 558 snrs
1153 500 1367 557 auferre
1394 502 1727 574 permiserit.
1752 523 1770 556 ι
1806 500 2126 560 Mirantibus

531 592 773 659 caeteris,
811 592 1080 663 simulque
1110 593 1391 649 audaciam
1444 593 1545 649 viri
1589 592 1986 660 incusantibus.
2029 605 2124 652 rex

533 683 763 739 moleste
795 683 846 738 td
874 699 935 739 se
966 682 1111 739 ferre
1136 683 1512 751 dissimulans,
1537 700 1631 740 vas
1656 702 1817 756 supra
1853 698 2125 744 memora-

530 781 645 828 tum
676 772 853 844 legato
879 772 1153 843 pontilicis
1182 774 1436 830 reddidit.
1472 774 1710 831 Emenso
1740 775 1972 833 labentis
1996 776 2125 834 anui

531 864 758 930 circulo,
793 865 937 921 idem
977 866 1231 937 princeps
1275 868 1576 923 exercitum
1612 868 1841 924 adunari
1871 872 2128 944 praecepit

529 956 585 1010 itt
633 970 826 1027 campo
872 957 965 1027 qui
1016 956 1244 1014 Martius
1302 959 1606 1027 dicebatur,
1642 962 1894 1033 generale
1924 978 2121 1035 propo-

526 1062 667 1105 nens
691 1048 928 1106 edictum
955 1058 1016 1105 ut
1043 1050 1121 1107 sic
1146 1052 1403 1108 adessent
1427 1054 1621 1109 armati
1645 1070 1709 1110 ac
1735 1055 1779 1112 si
1807 1065 1999 1113 contra
2028 1060 2126 1115 ho-

532 1149 650 1197 stes
690 1149 1001 1213 pugnaturt.
1041 1141 1291 1199 Procedit
1320 1159 1388 1200 eo
1417 1143 1536 1203 loco
1566 1162 1675 1218 quo
1699 1145 1912 1217 iussum
1949 1147 2129 1206 fuerat

527 1232 828 1309 exercitus,
880 1234 1048 1304 gestis
1085 1235 1292 1291 militiae
1325 1236 1506 1294 clarus
1532 1253 1594 1295 ac
1620 1254 1898 1296 armorum
1946 1240 2127 1297 nitore

526 1323 877 1396 conspicuus.
904 1324 1258 1397 Progreditur
1281 1339 1337 1383 et
1365 1328 1788 1388 rex’Clodoveus
1814 1331 2125 1388 ordinatam

528 1429 754 1471 suorum
799 1416 975 1472 aciem
1018 1417 1382 1489 inspecturus.
1422 1422 1758 1496 circuitoque
1798 1424 2014 1496 agmine
2036 1426 2128 1482 de-

529 1504 685 1560 venit
713 1505 779 1560 ad
809 1523 932 1562 eum
965 1508 1055 1578 qui
1085 1524 1307 1564 urceum
1342 1526 1441 1567 suo
1471 1524 1818 1584 percusserat
1843 1530 2123 1572 mucrone.

529 1596 705 1665 Quem
752 1598 982 1657 intuitus
1027 1602 1209 1659 taliter
1244 1604 1572 1677 alloquitur:
1610 1628 1629 1661 ‹
1668 1606 2014 1677 Universum,
2045 1610 2130 1667 in-

528 1689 666 1758 quit,
700 1689 1038 1760 perlustrans
1069 1694 1402 1763 exercitum,
1445 1706 1496 1752 te
1528 1697 1862 1769 ignaviorem
1900 1715 2006 1756 nou
2043 1715 2127 1757 re-

2231 488 2364 546 Erat
2394 492 2591 563 quippe
2621 496 2737 553 dies
2765 497 3065 556 Dotninica.
3095 492 3448 569 Aurelianus,
3483 505 3631 559 inter
3658 514 3813 560 crete-

2231 598 2320 639 ros
2345 596 2611 657 pauperes
2636 604 2746 660 pra:
2770 589 2975 648 foribus
3002 602 3176 661 stans,
3199 611 3476 667 egressum
3506 596 3629 667 ejus
3656 608 3815 667 oppe-

2229 674 2494 757 riebatur.
2546 679 2788 752 Expletis
2840 684 3125 741 missarum
3175 688 3483 753 solemniis,
3537 689 3815 760 egreditur

2229 768 2439 839 puella,
2472 773 2659 842 egenis
2686 774 2705 844 (
2723 783 2780 829 ut
2805 774 2856 830 ei
2888 792 3006 833 mos
3036 778 3189 850 erat)
3220 780 3621 852 eleemosynagn
3650 780 3814 851 largi-

2232 871 2373 918 tura.
2422 862 2646 919 Accedit
2685 865 3032 934 Aurelianus,
3074 877 3134 924 ut
3174 872 3454 927 mendicus
3487 871 3689 942 stipem
3716 887 3814 943 po“-

2228 953 2549 1011 stulaturns.
2586 955 2831 1027 Cumque
2852 957 2947 1013 illa
2977 970 3203 1016 aureum
3244 961 3293 1017 ei
3340 962 3671 1034 porrigeret.
3707 964 3817 1034 ipse

2228 1045 2625 1114 appreltensam
2665 1060 2884 1103 manum
2925 1050 3079 1120 ejus,
3128 1051 3291 1122 pallio
3332 1068 3501 1126 super
3527 1054 3814 1111 brachium

2228 1135 2473 1204 reducto,
2501 1139 2701 1195 nudam
2742 1139 2825 1195 ori
2871 1157 2971 1198 suo
3003 1143 3350 1201 osculaturus
3395 1145 3660 1201 admovit.
3704 1144 3817 1211 Illa,

2227 1229 2432 1299 pudore
2453 1230 2678 1301 puellari
2711 1234 2911 1291 rubore
2936 1235 3179 1306 perfusa,
3210 1237 3430 1293 domum
3454 1237 3674 1310 repetit.
3702 1237 3820 1293 Ilit-

2230 1320 2295 1376 tit
2346 1321 2605 1377 continuo
2656 1322 2933 1393 puellam,
2983 1340 3106 1395 quae
3158 1326 3437 1383 inventum
3484 1334 3549 1383 ut
3595 1327 3821 1398 putabat

2227 1412 2538 1468 mendicum
2585 1414 2651 1469 ad
2701 1429 2761 1470 se
2807 1415 3118 1472 deduceret.
3150 1416 3322 1486 Quem
3362 1428 3549 1474 coram
3586 1417 3820 1491 p‘ositttnt

2230 1501 2413 1560 taliter
2439 1502 2733 1573 alloquitur
2791 1520 2807 1559 :
2868 1523 2887 1557 ι
2922 1505 3060 1574 Quid
3091 1507 3221 1573 tibi,
3249 1524 3283 1564 ο
3307 1509 3490 1574 homo,
3523 1511 3738 1575 visum,
3768 1519 3823 1564 ut

2228 1594 2631 1670 eleemosynam
2663 1608 2986 1669 accepturus
3016 1616 3236 1656 manum
3266 1618 3441 1658 meam
3470 1612 3626 1659 veste
3653 1601 3826 1659 denu-

2229 1689 2366 1745 daus
2391 1690 2765 1747 osculareris?
2801 1711 2820 1743 ι
2854 1691 2952 1747 Cui
2982 1693 3102 1759 ille,
3152 1694 3481 1767 intermgata
3523 1696 3821 1758 omittens,

527 1780 672 1850 peri,
710 1796 809 1837 nec
845 1782 1120 1839 inutiliora
1152 1762 1429 1856 gerentem
1482 1762 1630 1843 arma
1678 1791 1958 1860 conspexi.
1987 1782 2124 1846 Nam
2148 1762 2198 1820 ,Β
2230 1780 2337 1836 We
2375 1781 2528 1837 dedit
2566 1798 2887 1853 responsum
2918 1802 2931 1838 ε
2968 1801 2986 1835 ι
3022 1784 3285 1841 Dominus
3313 1802 3483 1851 melis:
3519 1801 3617 1841 νει
3657 1786 3824 1841 εήιη·

527 1884 632 1927 nec
665 1872 821 1931 hasta
854 1883 949 1928 aut
974 1874 1196 1947 clypeus
1226 1892 1325 1933 nec
1350 1877 1502 1949 galea
1530 1890 1622 1933 aut
1651 1878 1861 1951 gladius
1895 1879 2125 1954 alicujus

527 1974 659 2020 sunt
699 1965 973 2022 utilitatis.
1013 1985 1032 2019 ι
1068 1967 1134 2023 Et
1161 1979 1390 2026 extensa
1433 1986 1595 2026 manu
1642 1971 1965 2029 franciscam
2008 1969 2127 2045 ejus

528 2064 693 2112 terra:
713 2056 1064 2129 dejecit,qua2
1090 2060 1280 2131 spatha
1310 2059 1526 2117 dicitur.
1559 2061 1641 2117 Ad
1669 2078 1830 2133 quam
1861 2065 2128 2136 recipien-

529 2149 655 2205 dam
682 2165 806 2207 cum
832 2166 891 2207 se
919 2153 1008 2208 ille
1038 2151 1373 2222 inclinasset,
1407 2171 1499 2211 rex
1525 2171 1680 2212 suam
1705 2157 1898 2228 vagina
1924 2160 2129 2216 exemit

527 2253 759 2312 ejusque
787 2243 986 2299 cervici
1013 2244 1192 2301 valido
1217 2247 1505 2303 conamine
1530 2248 1698 2313 illisit,
1722 2250 1907 2306 dicens
1935 2268 1952 2308 :
1981 2270 2001 2304 ι
2034 2252 2127 2309 Sic

532 2342 588 2390 tu
622 2333 932 2393 Suessionis
958 2337 1010 2393 in
1040 2354 1205 2395 urceo
1240 2338 1330 2395 illo
1366 2340 1498 2396 mihi
1543 2340 1741 2398 fecisti.
1778 2361 1798 2396 ι
1832 2343 1911 2400 Eo
1943 2343 2128 2417 itaque

530 2439 766 2494 mortuo,
799 2446 895 2486 rex
925 2448 1373 2506 unumquemque
1414 2436 1481 2490 ad
1529 2437 1747 2508 propria
1776 2438 1961 2495 redire
1989 2454 2128 2510 prm-

532 2524 698 2594 cepit.
728 2523 965 2580 Grandis
1012 2536 1235 2598 propter
1281 2527 1384 2584 hoc
1414 2526 1618 2587 factmn
1653 2528 1904 2586 Francos
1951 2539 2129 2588 terror

526 2613 753 2683 invasit,
778 2625 833 2670 et
877 2631 945 2672 ne
983 2619 1106 2689 quis
1138 2617 1255 2691 ejus
1292 2614 1556 2677 voluntati
1604 2621 1657 2677 in
1689 2631 1967 2693 posterum
1997 2616 2127 2680 con-

530 2708 724 2765 trairet
757 2710 1023 2766 coercuit.
1073 2711 1255 2768 lncrat
1299 2713 1468 2770 vultui
1518 2711 1635 2783 ejus
1679 2715 1919 2787 gravitas
1966 2715 2127 2772 mista

527 2802 819 2869 alacritati,
856 2812 914 2860 ut
944 2813 999 2861 et
1026 2803 1371 2875 jucunditate
1407 2817 1663 2878 aspectus
1698 2807 1963 2866 mulceret
1992 2824 2124 2880 pro-

525 2893 627 2950 bos
655 2903 708 2950 ct
735 2895 1026 2953 severitate
1057 2906 1287 2953 terreret
1315 2898 1612 2970 improbos.

1124 2988 1354 3047 CAPUT
1395 2990 1529 3048 XIII.

882 3078 963 3136 De
998 3080 1245 3137 Clodovei
1279 3083 1413 3153 regis
1438 3084 1763 3153 precariam.

2230 1888 2440 1939 corum,
2475 1876 2658 1931 audita
2690 1877 3073 1949 generositatis
3103 1888 3210 1935 tute
3238 1879 3582 1947 excellentia,
3613 1881 3826 1936 deside—

2230 1977 2316 2022 rat
2358 1978 2409 2022 te
2447 1967 2654 2024 habere
2688 1969 2993 2041 conjugem.
3023 1969 3164 2027 Ecce
3193 1971 3427 2027 annulus
3463 1973 3617 2043 ejus,
3644 1981 3702 2028 et
3727 1988 3828 2028 ca:-

2231 2064 2346 2112 tera
2391 2068 2715 2113 ornamenta
2764 2060 3060 2130 sponsalia.
3097 2079 3119 2114 ›
3149 2060 3459 2119 Conversus
3505 2073 3717 2130 autem,
3771 2072 3827 2117 ut

2230 2147 2509 2205 sacculum
2568 2163 2729 2220 quem
2786 2159 2908 2221 post
2946 2152 3153 2207 ostium
3189 2153 3516 2223 deposuerat
3557 2164 3826 2220 sumeret,

2229 2240 2510 2296 oblaturus
2539 2240 2589 2297 ei
2627 2256 2853 2297 munera
2879 2258 3000 2313 qua:
3027 2244 3317 2312 detulerat,
3355 2245 3543 2301 furtim
3581 2247 3826 2301 ablatum

2230 2344 2352 2387 esse
2382 2333 2674 2403 persensit.
2704 2332 3015 2400 Quaestione
3037 2334 3218 2392 habita
3251 2337 3525 2392 invenitur
3549 2337 3823 2401 sacculus.

2230 2422 2424 2491 recipit
2451 2437 2577 2477 eum
2600 2431 2660 2477 ut
2694 2425 3034 2496 peregrinus,
3078 2442 3302 2482 munera
3332 2428 3524 2499 puellae
3548 2428 3736 2495 offert,
3758 2430 3830 2485 de

2229 2513 2436 2585 nuptiis
2476 2512 2589 2585 jam
2628 2529 2879 2571 securus.
2914 2515 3050 2572 Nam
3082 2516 3192 2585 illa,
3227 2519 3316 2574 ubi
3363 2522 3430 2574 de
3473 2519 3580 2574 tori
3631 2522 3828 2591 copula

2231 2606 2473 2673 audivit,
2514 2605 2694 2677 legato
2723 2607 2777 2662 in
2808 2608 2924 2665 haec
2957 2611 3122 2665 verba
3159 2610 3436 2682 respondit
3463 2629 3478 2665 :
3517 2629 3538 2663 ι
3573 2610 3694 2667 Non
3722 2622 3826 2676 est,

2230 2700 2431 2771 inquit,
2462 2697 2547 2756 fas
2572 2699 2896 2757 Christianae
2923 2701 3134 2758 mulieri
3164 2716 3433 2774 paganum
3469 2702 3659 2758 sortiri
3707 2720 3827 2758 ma-

2230 2792 2416 2848 ritum.
2454 2790 2561 2848 Sed
2592 2792 2638 2848 si
2674 2793 2779 2850 hoc
2807 2802 3126 2849 cunctorum
3157 2780 3545 2865 praeordinavit
3576 2794 3830 2850 conditor

2230 2884 2373 2942 Dens
2391 2924 2406 2952 ,
2425 2893 2497 2941 ut
2530 2884 2618 2942 ille
2643 2901 2743 2957 per
2768 2902 2856 2943 me
2881 2885 3202 2943 Creatorem
3228 2897 3485 2958 agnoscat
3514 2903 3699 2953 suum,
3730 2903 3827 2959 ρει

2230 2975 2326 3031 lita
2375 2990 2482 3032 non
2534 2976 2735 3043 abnuo,
2763 2977 3008 3048 quiuimo
3043 2978 3431 3049 omnipotentis
3475 2977 3573 3034 ﬁat
3612 2979 3828 3034 Domini

2221 3064 2419 3138 jussio.
2452 3083 2475 3119 ι
2505 3066 2604 3122 lllo
2630 3067 2844 3124 dicente
2870 3081 3057 3138 regem
3099 3068 3217 3139 ejus
3256 3066 3533 3124 desiden'o
3569 3083 3674 3139 per
3705 3084 3825 3123 our-

570 3170 575 3177 '
608 3168 728 3237 Quo
756 3184 885 3242 ergo
909 3172 1101 3227 ordine
1132 3172 1198 3227 ad
1228 3175 1419 3230 matris
1450 3174 1704 3233 Ecclesia:
1733 3176 1912 3232 sinum
1944 3190 2014 3234 ac
2038 3193 2127 3235 ca-

2232 3161 2320 3216 uia
2352 3177 2633 3219 assensum
2683 3163 3059 3235 prmbiturum,
3106 3172 3264 3234 rogat
3310 3163 3400 3219 illa
3448 3173 3509 3219 ut
3550 3175 3826 3220 secretum

529 3262 746 3318 tholica:
810 3266 1122 3336 pervenerit
1165 3268 1289 3324 fidei
1340 3269 1607 3326 unitatem
1661 3272 1850 3343 paucis
1888 3273 2122 3330 edicam.

530 3353 698 3408 Duxit
730 3369 955 3411 uxorem
990 3372 1058 3413 ex
1089 3372 1291 3430 genere
1332 3360 1779 3433 Burgundionum
1800 3406 1815 3432 ,
1842 3363 2127 3422 Clotildem

531 3444 772 3510 nomine,
818 3446 1187 3504 Christianam
1235 3450 1305 3507 ab
1359 3450 1490 3523 ipsis
1535 3454 1816 3511 cunabulis
1860 3456 2124 3514 infantiae.

531 3535 658 3592 ιιωο
696 3537 787 3593 tali
823 3539 1059 3610 quadam
1097 3556 1162 3597 ex
1205 3557 1369 3599 causa
1407 3545 1476 3600 ad
1506 3545 1753 3601 notitiam
1787 3546 1955 3620 ipsius
1984 3548 2129 3621 regis

530 3630 803 3700 pervenit.
834 3629 1058 3687 Miserat
1087 3630 1229 3688 idem
1259 3633 1516 3707 princeps
1558 3635 1769 3708 legatos
1809 3639 1877 3695 ad
1908 3639 2127 3698 Gunde-

530 3718 754 3776 baldum
784 3735 965 3794 regem
990 3722 1455 3795 Burgundionum,
1491 3726 1728 3785 ferenda:
1752 3729 1904 3800 pacis
1929 3712 2133 3801 gratia.

533 3811 637 3882 Qui
687 3814 816 3870 dum
866 3815 1067 3888 palatio
1130 3809 1521 3887 immorantur,
1560 3820 1847 3879 Clotildem
1893 3824 2128 3897 puellam

533 3905 891 3979 contemplati
925 3908 1210 3979 inquirunt
1249 3925 1370 3981 qua:
1405 3911 1497 3967 sit.
1541 3911 1751 3969 Dictum
1789 3914 1871 3971 eis
1908 3924 1986 3971 est
2027 3930 2128 3971 ne—

532 4006 679 4067 ptem
712 3998 855 4069 regis
898 4013 1054 4065 esse,
1090 4015 1155 4055 ex
1208 3998 1380 4055 fratre
1417 4002 1781 4074 progenitam.
1830 4004 1988 4073 Quae,
2041 4004 2128 4060 itt-

533 4088 749 4159 qnittnt,
765 4088 1082 4159 parentibus
1094 4090 1283 4146 orbata
1299 4091 1438 4163 stipe
1454 4108 1599 4149 nunc
1627 4093 1792 4150 alitur
1814 4095 1981 4167 regia.
2017 4093 2127 4150 Re-

534 4181 711 4251 gressi
746 4181 930 4254 itaque
972 4182 1134 4252 legati
1174 4184 1429 4240 nuntiant
1471 4185 1711 4256 perfecta
1738 4202 1860 4243 esse
1887 4202 1984 4258 pro
2010 4186 2130 4257 qui-

538 4275 643 4330 bus
675 4274 871 4330 ierant.
908 4292 927 4327 t
962 4274 1110 4331 Inter
1137 4286 1338 4333 ca'tera
1369 4277 1556 4333 dicunt
1582 4292 1641 4334 se
1669 4279 1871 4335 vidisse
1895 4279 2127 4350 puellam

537 4366 675 4422 adeo
713 4365 888 4421 forma
920 4354 1207 4422 venustam
1254 4378 1314 4423 ut
1354 4368 1576 4425 cuilibet
1604 4370 1982 4440 potentissimo
2015 4370 2129 4442 regi

537 4457 729 4528 nuptui
765 4459 902 4514 tradi
943 4468 1146 4529 posset.
1177 4459 1374 4527 Quam,
1426 4461 1694 4531 inquiunt,
1730 4463 1874 4534 regia
1906 4479 2131 4518 manan-

539 4555 645 4604 tem
681 4563 712 4604 a
739 4549 909 4621 stirpe
932 4590 946 4615 ,
988 4560 1144 4621 patre
1173 4549 1290 4620 ejus
1323 4552 1424 4607 hac
1457 4552 1567 4607 vita
1612 4566 1852 4620 carente,
1901 4567 2129 4626 patruus

538 4637 608 4693 ah
636 4636 859 4695 ineunte
887 4640 1059 4696 ntttrit
1101 4650 1283 4697 (etate.
1318 4660 1338 4694 ι
1371 4640 1485 4697 Hoc
1521 4644 1726 4710 audito,
1781 4660 1875 4700 rex
1927 4632 2127 4703 Clodo¥

539 4744 669 4786 veus
699 4745 890 4786 amore
918 4732 1132 4804 capitur
1160 4724 1371 4804 puellae,
1399 4749 1626 4807 sperans
1656 4751 1714 4792 se
1742 4751 1806 4791 cx
1836 4738 1937 4793 hac
1963 4752 2127 4793 occa-

537 4822 693 4879 sione
739 4814 965 4896 regnum
1015 4823 1340 4898 Ilurgundize
1397 4828 1641 4897 arripere
1701 4843 1879 4900 posse.
1933 4828 2129 4902 Dirigit

539 4927 570 4969 e
595 4914 826 4986 vestigio
872 4902 1161 4986 quemdam
1210 4917 1311 4973 sibi
1343 4916 1821 4974 familiarissimum
1849 4960 1863 4988 ,
1912 4922 2130 4979 nomine

538 5006 914 5075 Aurelianum,
940 5009 1031 5079 qui
1059 5024 1280 5065 munera
1303 5010 1493 5081 puellae
1519 5026 1548 5066 a
1577 5027 1635 5068 se
1660 5014 1825 5070 missa
1851 5015 2130 5085 perferens

539 5098 777 5170 speciem
810 5097 929 5169 ejus
955 5100 1274 5173 diligentius
1316 5104 1796 5174 contemplaretur.
1846 5105 1983 5163 lluic
2024 5107 2130 5163 int-

539 5199 697 5260 perat
726 5200 785 5245 ut
813 5191 1046 5262 puellam
1077 5194 1259 5260 adeat,
1291 5192 1358 5249 de
1388 5193 1591 5267 nuptiis
1619 5195 1953 5252 voluntatem
1988 5198 2132 5269 regis

544 5279 772 5347 ediscat,
807 5291 865 5337 ct
919 5284 1050 5354 quid
1096 5283 1267 5339 animi
1331 5283 1418 5339 illa
1466 5300 1631 5357 super
1672 5286 1776 5341 hac
1819 5303 1877 5342 re
1934 5288 2132 5342 habeat

904 5374 948 5398 Ἀ
1002 5385 1270 5398 κ-..--..ι-
1314 5390 1510 5398 _.....-..-
1586 5376 1717 5396 Ιὶνν-
1788 5394 1791 5395 ν
1827 5378 1858 5396 1⁸

542 5382 795 5398 σικηΑΑΑ-ιι
861 5373 948 5398 ΙΙΙΑ
1002 5385 1270 5398 κ-μ-λ..ι-
1314 5390 1377 5398 _..

1788 5394 1791 5395 '
1827 5378 1858 5396 ¹’
1876 5393 1909 5414 ιτ
1947 5388 2126 5414 nni-lac

2158 4474 2209 4582 ὑ

2229 3251 2371 3322 apud
2401 3266 2461 3308 se
2499 3252 2604 3308 hoc
2630 3253 2854 3309 verbum
2890 3263 3089 3323 teneat,
3118 3270 3186 3310 ne
3214 3264 3443 3325 patruus
3477 3254 3664 3325 aliquo
3696 3255 3829 3312 illud

2226 3351 2390 3415 pacto
2432 3346 2816 3414 persentiscat.
2858 3346 2959 3415 Qui
2991 3348 3149 3403 iidem
3185 3347 3320 3402 dans
3353 3362 3412 3403 se
3440 3347 3492 3401 id
3521 3347 3671 3402 nulla
3700 3363 3827 3419 pro-

2229 3434 2375 3493 ferre
2421 3437 2634 3493 ratione
2671 3440 2980 3510 regreditur
3012 3439 3324 3510 ad'regem,
3358 3455 3521 3509 quem
3561 3454 3826 3511 prospero

2228 3530 2423 3586 nuntio
2466 3531 2700 3587 reddidit
2742 3532 3001 3588 alacrem.
3054 3531 3238 3587 Puella
3286 3548 3418 3589 sane
3462 3547 3612 3595 eum,
3662 3546 3826 3603 quem

2228 3620 2801 3691 Clodoveus‘nti.-erat,
2835 3624 3092 3680 annulum
3132 3626 3189 3681 in
3222 3624 3493 3682 thesauris
3516 3628 3703 3698 patrui
3735 3638 3820 3681 re-

2228 3715 2410 3786 posuit
2440 3715 2875 3772 custodiendum.

2824 3806 3052 3865 CAPET
3088 3807 3227 3864 XIV.

2620 3903 2699 3959 De
2723 3902 2964 3959 Clotildis
3002 3904 3427 3975 desponsatione.

2301 3995 2505 4053 lterato
2529 3995 2832 4054 Clodoveus
2853 3997 3105 4053 eumdem
3136 3996 3489 4053 Aurelianum
3528 3998 3598 4053 ad
3640 4009 3823 4067 regem

2230 4087 2420 4160 dirigit
2460 4090 2896 4157 Gundebaldntn,
2950 4100 3010 4146 ut
3056 4107 3308 4163 sponsam
3360 4090 3609 4161 requirat
3643 4104 3823 4154 suam,

2232 4181 2457 4252 nuptiali
2485 4181 2691 4238 {cedere
2717 4181 2820 4238 sibi
2850 4182 3232 4253 copulandam.
3262 4182 3389 4251 Qui,
3420 4176 3603 4253 regem
3635 4183 3827 4237 adiens

2232 4271 2706 4345 Burgundionum,
2741 4268 2994 4329 mandata
3026 4275 3076 4330 ei
3107 4274 3377 4345 depromit
3408 4275 3552 4346 regis
3580 4269 3826 4329 Ρηιηωι

2233 4381 2375 4420 rum.
2408 4356 2499 4420 Ille
2525 4380 2585 4421 se
2613 4366 2826 4422 nescire
2854 4360 3058 4422 fatetur
3086 4382 3207 4437 qua:
3229 4367 3346 4438 ejus
3372 4368 3444 4423 sit
3469 4381 3688 4438 sponsa,
3724 4379 3826 4419 nec

2234 4470 2294 4510 se
2323 4453 2428 4508 ulla
2443 4469 2600 4524 posse
2626 4455 2760 4520 dare
2791 4470 3068 4527 responsa.
3095 4475 3115 4509 ι
3138 4456 3243 4512 Sed
3270 4456 3390 4521 tibi,
3415 4456 3826 4526 inquit,caveu-

2235 4545 2363 4600 dum
2396 4559 2465 4599 ne
2507 4545 2722 4615 publica
2753 4546 2979 4601 allectus
3010 4547 3341 4611 contumelia
3368 4562 3435 4603 ex
3469 4548 3574 4603 hac
3608 4545 3827 4618 pellaris

2237 4638 2383 4707 aula,
2415 4638 2504 4709 qui
2538 4647 2722 4693 nostra
2761 4638 3029 4695 advenisti
3058 4639 3400 4710 exploratum
3443 4653 3639 4710 regna.
3676 4658 3696 4692 ι
3726 4637 3823 4695 Cui

2237 4730 2448 4803 legatus
2475 4748 2488 4785 :
2519 4750 2537 4783 ι
2566 4729 2711 4797 lianc,
2746 4730 2989 4803 inquam,
3019 4731 3244 4786 mandat
3266 4731 3520 4787 dominus
3555 4740 3701 4795 tuus,
3730 4744 3823 4785 rex

2236 4820 2424 4879 noster
2469 4820 2773 4877 Clodoveus
2815 4839 2830 4876 :
2874 4840 2893 4872 ι
2949 4820 3007 4876 Si
3049 4820 3133 4877 vis
3164 4821 3297 4877 mibi
3329 4820 3618 4876 Clotildem
3649 4835 3824 4876 meam

2239 4900 2466 4971 reddere
2491 4930 2767 4986 sponsam,
2800 4913 2978 4971 locum
3031 4914 3253 4983 designa
3283 4931 3393 4985 quo
3421 4931 3545 4970 eam
3579 4924 3824 4986 receptu-

2238 4990 2332 5066 rus
2364 5009 2669 5065 adveniam.
2708 5027 2726 5062 ι
2762 5008 2831 5063 At
2862 5008 2979 5080 ipse
3009 5008 3235 5063 miratus
3262 5008 3407 5077 quod
3430 5020 3653 5079 neptem
3674 5021 3822 5064 suam

2237 5111 2448 5174 peteret
2501 5101 2838 5168 Clodoveus,
2886 5100 3199 5157 convocatis
3242 5102 3398 5171 regni
3450 5102 3822 5171 primoribus.

2238 5192 2526 5249 consilium
2567 5207 2690 5247 cum
2717 5192 2797 5247 eis
2845 5190 3037 5247 habuit
3065 5190 3196 5260 quid
3232 5200 3379 5246 esset
3416 5188 3689 5248 facturus.
3725 5188 3824 5259 Qui

2238 5285 2572 5340 Francorum
2604 5284 2761 5338 veriti
2788 5283 3218 5347 animositatem,
3262 5296 3332 5338 ne
3364 5282 3420 5338 in
3454 5283 3824 5356 Burgundiam

2240 5392 2447 5412 n,__.,,,-,
2480 5385 2491 5396 ι
