4044 5428
263 234 367 292 653

1285 220 1601 280 HISTORIA
1631 214 2081 275 FRANCORUM.
2111 248 2178 258 —
2212 217 2336 273 LIB.
2368 217 2405 280 1.

3419 223 3525 280 δδι

261 349 377 402 ι,ωο
409 344 496 399 ma
526 335 675 407 γειίι,
706 350 760 399 ει
788 338 929 397 forte
951 340 1061 411 jam
1096 338 1366 410 sponsalia
1406 353 1627 392 munera
1659 349 1843 391 susce-
1877 316 1917 374 Α
1949 341 2225 387 vertentes
2254 329 2832 397 victoriam‘Clodoveo
2858 332 3189 405 relinquunt,
3216 349 3281 393 ac
3306 338 3524 395 demum

260 438 361 509 pit,
392 437 549 491 reniti
584 450 690 490 non
722 434 955 505 poteris;
990 432 1117 502 quin
1150 431 1329 501 potius
1368 428 1556 498 legalis
1584 442 1702 481 eam
1734 434 1840 478 tra~

262 528 389 585 dere
432 526 755 581 maturabis.
804 524 1210 596 Burgundiones
1251 534 1482 590 namque
1509 533 1698 572 omnes
1725 517 1843 586 plus

261 618 503 674 consiliis
534 633 695 687 quam
728 616 894 671 armis
922 630 1070 670 suam
1105 622 1349 668 tutantur
1382 609 1784 679 rempublicam.
1815 622 1830 657 ι

259 710 520 780 Inquisita
562 710 739 779 puella
789 708 987 762 fatetur
1022 722 1184 775 supra
1231 713 1523 758 memorata
1560 716 1617 754 se
1661 714 1843 753 susce-

258 804 402 872 pisse
433 804 600 866 dona,
630 801 879 871 regisque
925 798 1170 869 copulam
1219 804 1399 850 mente
1450 794 1585 848 velle
1626 791 1839 862 cupida.

256 894 669 956 Gundebaldus,
712 893 837 946 licet
883 890 1096 949 invitus.
1146 887 1398 943 Clodovei
1449 902 1567 939 eam
1625 883 1847 938 tradidit

256 987 480 1058 legatis,
512 987 647 1041 nihil
677 985 725 1039 ei
764 985 831 1039 de
868 984 980 1038 suis
1013 983 1253 1036 tribuens
1281 979 1566 1035 thesauris.
1602 976 1845 1031 Postmo-

255 1079 380 1133 dum
443 1088 655 1145 tamen,
693 1093 858 1147 opere
912 1087 965 1131 et
1016 1075 1281 1129 industria
1346 1070 1667 1134 Aureliani,
1722 1082 1847 1139 pars

253 1173 494 1225 maxima
525 1188 592 1226 ex
621 1171 754 1242 ipsis
779 1169 939 1225 cessit
973 1168 1211 1224 dominio
1240 1165 1511 1221 Clodovei.
1544 1162 1697 1218 Unde
1720 1175 1843 1215 cum

250 1262 559 1318 Clodoveus
603 1276 828 1332 regnum
879 1272 1033 1315 suum
1084 1274 1256 1327 usque
1301 1255 1627 1324 Sequanam,
1683 1262 1847 1322 atque

251 1354 606 1424 postmodum
634 1367 806 1422 usque
838 1350 1070 1420 Ligerim
1102 1348 1293 1403 fluvios
1348 1346 1680 1416 ampliasset,
1709 1345 1845 1399 Mili-

252 1449 459 1500 dunum
493 1454 735 1499 castrum
761 1444 934 1497 eidem
963 1441 1276 1504 Aureliano,
1304 1455 1426 1493 cum
1459 1440 1619 1491 totius
1647 1437 1844 1490 ducatu

251 1538 515 1607 regionis,
566 1536 689 1606 jure
728 1534 975 1590 beneﬁcii
1023 1533 1312 1587 concessit.
1353 1532 1670 1601 Susceptam
1717 1543 1845 1600 ergo

253 1629 581 1699 smpedictus
606 1628 927 1681 Aurelianus
954 1626 1234 1681 Clotildem
1261 1624 1525 1679 deducere
1556 1622 1845 1677 fe$tinabat

1947 438 2126 493 regem
2157 441 2311 479 suum
2336 425 2513 495 gladio
2544 441 2742 479 caesum
2770 428 3199 497 conscipicentes
3212 428 3335 498 jure
3354 430 3537 487 tribu-7

1948 515 2085 571 tario
2101 515 2327 571 Francis
2340 533 2397 572 se
2414 516 2528 572 fore
2552 518 2850 575 servituros
2867 519 3220 578 libentissime
3236 524 3523 593 spondent.

2528 630 2757 687 CAPUT
2802 632 2938 687 XVI.

1946 718 2192 775 Clodovei
2245 724 2476 776 conversi
2528 725 2596 777 ad
2652 726 3031 807 suoaconcio.
3087 736 3135 781 et
3158 728 3389 789 eiusdem
3429 732 3527 785 ba~

2616 807 2853 864 ptizatto.

2021 880 2207 935 Victor
2221 880 2522 937 Clodoveus
2544 885 2741 940 exinde
2758 885 3071 956 regrediens
3088 888 3242 944 Tullo
3252 889 3527 948 civitatem

1949 965 2586 1044 devenit,repertumque
2614 976 2742 1030 inibi
2776 977 2995 1032 beatum
3010 977 3323 1045 Vedastum,
3341 992 3527 1051 postea

1946 1064 2329 1120 Adartensiuut
2351 1066 2809 1141 [Atrebatensem]
2826 1072 3139 1141 episcopum
3159 1075 3413 1130 comitem
3443 1077 3527 1131 sui

1944 1157 2139 1212 ascivnt
2160 1158 2627 1215 itineris.Ventum
2641 1161 2763 1215 dum
2789 1163 3389 1229 essetRemis,cunetos
3403 1183 3531 1222 suos

1947 1266 2283 1322 suorumque
2313 1267 2473 1307 casus
2499 1252 2711 1325 conjugi
2750 1269 2843 1309 rex
2867 1254 3052 1310 refert.
3087 1256 3291 1313 Gratia:
3320 1259 3431 1314 Deo
3468 1260 3525 1314 in

1947 1357 2237 1398 commune
2269 1343 2606 1407 referuntur;
2652 1362 2749 1401 rex
2778 1347 3153 1403 credulitatem
3184 1366 3335 1404 suam
3366 1352 3533 1421 proﬁ-

1948 1442 2115 1487 tetur.
2147 1432 2558 1488 Gratulabunda
2590 1436 2786 1506 conqu
2812 1437 2879 1491 ad
2914 1447 3164 1492 sanctum
3199 1439 3525 1511 Remigium,

1947 1526 2233 1580 Remensis
2262 1527 2413 1580 urbis
2462 1526 2796 1597 episcopum,
2852 1539 3129 1598 properat,
3165 1530 3324 1584 ﬁdem
3386 1533 3532 1602 regis

1948 1616 2132 1681 edicit,
2161 1617 2288 1685 quid
2322 1614 2463 1672 facto
2494 1632 2629 1687 opus
2674 1617 2748 1672 sit
2785 1618 2995 1672 edocet.
3034 1619 3291 1673 llortatur
3316 1621 3541 1675 antisti-

253 1686 564 1790 adlregem.
596 1718 728 1786 Quae
756 1717 951 1773 ﬁnibus
1004 1718 1328 1787 appr0pians
1355 1716 1503 1786 regni
1538 1715 1619 1769 sui
1644 1714 1843 1784 patrui,
1880 1686 1921 1745 Β
1952 1720 2061 1762 tem
2094 1708 2158 1762 ad
2199 1709 2379 1763 aulam
2421 1686 2746 1779 quantocius
2787 1711 2929 1781 regis
2964 1722 3237 1782 properet,
3293 1714 3533 1784 dumque

254 1811 489 1881 imperat
538 1809 767 1864 Francis
808 1809 899 1879 qui
940 1824 1124 1864 secum
1166 1817 1325 1862 erant
1364 1815 1422 1861 ut
1466 1806 1704 1876 praedam
1754 1820 1846 1859 ca-

254 1904 429 1973 piant,
496 1902 861 1972 incendiaque
896 1901 1143 1955 villarum
1198 1900 1250 1954 in
1304 1914 1469 1969 regno
1519 1897 1846 1968 Burgundize

252 1994 481 2050 faciant.
547 1994 658 2049 Nec
715 1992 987 2047 ntorazilli
1037 1991 1177 2045 baud
1237 2006 1397 2045 secus
1440 2006 1504 2045 ac
1543 1988 1678 2057 jussi
1729 1990 1845 2043 fue-

255 2096 385 2141 rant
441 2086 757 2157 perﬁciunt,
798 2086 1103 2156 injectoque
1155 2081 1666 2151 cireumjacentibus
1705 2079 1845 2135 villis

252 2178 508 2232 incendio
566 2190 867 2246 aversaque
924 2175 1136 2245 praada,
1187 2172 1497 2241 Burgun.:ia
1558 2170 1844 2241 egrediun-

253 2278 342 2322 tur
390 2268 731 2322 Francorum
790 2273 1094 2335 repetentes
1157 2262 1349 2317 solum.
1413 2261 1524 2316 lloe
1581 2260 1669 2314 illa
1720 2274 1843 2315 cer-

251 2376 389 2415 nens
445 2360 651 2415 dixisse
702 2359 914 2413 fertur:
949 2375 969 2408 (
1016 2356 1232 2409 Gratias
1285 2354 1411 2417 tibi,
1460 2352 1657 2421 inquit,
1687 2366 1839 2406 sum-

254 2469 341 2508 nte
366 2454 534 2519 Deus,
559 2452 760 2515 refero,
790 2450 930 2521 quod
960 2450 1172 2503 initium
1206 2447 1455 2502 vindicta:
1483 2454 1720 2516 paterna:
1746 2458 1841 2498 ne-

255 2546 333 2600 cis
375 2546 680 2614 conspicio.
715 2563 733 2595 t
766 2543 896 2597 Nam
923 2540 1309 2597 Gundebaidus
1344 2554 1435 2593 rex
1480 2546 1692 2608 patrem
1728 2534 1844 2603 ejus

254 2635 638 2691 infandissima
669 2644 972 2705 peremerat
1000 2642 1194 2694 morte,
1232 2642 1291 2685 ut
1332 2640 1453 2701 post
1490 2631 1541 2684 in
1576 2628 1846 2699 sequenti-

253 2728 351 2783 bus
379 2727 872 2782 demonstrabitur.
902 2725 1071 2781 Porro
1112 2740 1204 2780 rex
1243 2724 1563 2789 Clodoveus,
1598 2722 1651 2775 in
1682 2720 1847 2775 Sues-

250 2820 423 2874 sionis
454 2820 683 2873 civitate
722 2818 934 2887 nuptias
964 2834 1084 2872 cum
1115 2833 1306 2887 magna
1335 2815 1616 2870 celebrans
1651 2813 1843 2884 gloria,

249 2914 604 2983 smpedictam
633 2913 915 2969 Clotildem
948 2912 1101 2966 duxit
1128 2926 1372 2965 uxorem.
1405 2909 1529 2962 llrec
1565 2904 1737 2963 ﬁdelis
1768 2908 1847 2962 in-

249 3006 396 3060 fideli
442 3006 738 3075 conjuncta
770 3006 884 3058 viro
913 3020 1036 3058 eum
1064 3005 1129 3057 ad
1162 3001 1321 3056 ﬁdem
1353 3000 1647 3072 perducere
1678 3014 1846 3055 conao

250 3096 433 3151 batur.
460 3096 532 3149 At
577 3097 691 3166 ipse
737 3096 789 3149 id
819 3111 976 3165 agere
1005 3110 1165 3165 posse
1192 3094 1441 3163 negabat,
1476 3092 1746 3159 ritumque
1791 3099 1844 3145 et

251 3202 464 3243 morem
484 3187 717 3241 Francis
732 3194 1001 3241 assuetum
1022 3200 1077 3240 se
1096 3184 1235 3239 nolle
1257 3184 1506 3238 deserere
1523 3182 1838 3236 testabatur.

878 3296 1105 3353 CAPUT
1146 3293 1261 3349 XV.

336 3373 416 3425 De
450 3368 699 3423 Clodorei
729 3369 859 3437 regis
887 3371 953 3422 ad
983 3368 1177 3421 Christi
1200 3367 1355 3435 [idem
1388 3367 1743 3420 conversione.

322 3459 583 3529 Concipit
637 3457 839 3511 interea
896 3457 1082 3527 regina
1128 3470 1355 3526 puerum
1389 3465 1685 3525 natumque
1718 3471 1843 3525 per-

254 3554 405 3607 ducit
438 3553 508 3604 ad
541 3550 889 3617 baptismum,
920 3564 1079 3618 quem
1114 3548 1326 3602 vocavit
1363 3546 1711 3617 lugomirum.
1744 3546 1843 3613 Qui

253 3643 308 3696 in
348 3642 491 3696 albis
524 3639 739 3709 positus
765 3639 1011 3709 spiritum
1043 3632 1315 3693 exhalans
1334 3638 1455 3691 vita:
1495 3638 1847 3692 transmissus

254 3743 341 3786 est
389 3741 688 3803 perpetuas.
720 3729 823 3783 Pro
850 3746 952 3799 qua
981 3746 1038 3785 re
1065 3746 1183 3795 rex,
1214 3730 1383 3784 nimia
1427 3730 1661 3799 repletus
1710 3729 1847 3783 indi-

256 3826 540 3895 gnatione,
602 3825 740 3877 dixit
787 3822 983 3893 regina:
1034 3840 1048 3876 :
1111 3841 1127 3875 ι
1177 3822 1335 3889 Quia,
1371 3823 1563 3892 inquit,
1610 3838 1743 3891 puer
1794 3822 1844 3875 in

259 3919 350 3973 Dei
396 3918 572 3972 vestri
612 3917 912 3985 baptizatus
944 3925 1027 3970 est
1053 3916 1304 3981 nomine,
1355 3916 1429 3969 dii
1475 3914 1644 3969 nostri
1700 3913 1846 3966 illum

256 4012 514 4082 prmsenti
545 4010 663 4064 luce
696 4008 1103 4064 fraudaverunt.
1138 4028 1159 4060 ι
1186 4007 1285 4063 Cui
1318 4008 1499 4077 regina
1535 4023 1547 4060 :
1588 4025 1605 4056 ι
1635 4005 1849 4061 Gratias

257 4121 379 4175 ago,
421 4104 523 4169 ait,
555 4102 909 4172 omnipotenti
936 4104 1066 4166 Deo,
1099 4103 1189 4172 qui
1227 4102 1480 4172 dignatus
1504 4109 1587 4154 est
1633 4115 1697 4155 ex
1731 4115 1850 4154 meo

256 4208 420 4251 utero
464 4194 887 4264 primogenitum
922 4195 976 4247 in
1024 4209 1183 4248 suum
1241 4193 1518 4261 suscipere
1542 4207 1785 4261 regnum.
1827 4211 1846 4243 ι

254 4286 463 4343 Gennit
501 4295 561 4339 et
604 4284 767 4339 alium
807 4284 996 4349 ﬁlium,
1054 4300 1214 4352 quem
1262 4284 1591 4353 baptizatum
1641 4285 1851 4338 vocavit

1949 1801 2164 1855 animus
2185 1802 2360 1857 adhuc
2391 1802 2548 1856 dubia
2580 1804 2777 1871 pendet
2805 1804 2904 1857 sub
2928 1814 3094 1868 sorte,
3125 1804 3273 1858 viam
3304 1805 3355 1860 ei
3387 1806 3533 1860 veri-

1951 1892 2076 1945 tatis
2106 1906 2212 1961 qua
2232 1891 2301 1945 ad
2332 1893 2498 1947 Deum
2523 1892 2629 1947 itur
2650 1892 2878 1962 pandat;
2912 1912 2930 1945 ‹
2974 1896 3149 1949 vereri
3174 1910 3253 1960 se,
3284 1895 3433 1958 dicit,
3462 1911 3532 1951 ne

1949 1999 2105 2039 mens
2125 1986 2399 2054 prosperis
2426 1985 2567 2038 elata
2596 1986 2954 2054 successibus,
2979 1986 3313 2058 Largitorem
3338 1988 3531 2043 horum

1946 2076 2074 2131 dum
2107 2078 2320 2149 ignorat
2350 2074 2678 2134 contemnat.
2716 2079 2952 2135 Facilius
3009 2082 3153 2136 enim
3194 2080 3317 2151 pro
3374 2082 3530 2136 libitu

1947 2170 2102 2224 nobis
2128 2170 2390 2225 attributa
2428 2181 2613 2227 nostro
2647 2172 2907 2242 temporis
2939 2172 3233 2228 interstitio
3254 2174 3531 2229 memoria:

1946 2262 2282 2329 eximuntur,
2309 2278 2471 2332 quam
2521 2264 2565 2318 si
2594 2279 2699 2333 qua
2738 2264 2994 2319 aliorsum
3039 2280 3103 2320 ac
3130 2264 3377 2321 volumus
3406 2281 3531 2320 eve-

1947 2355 2145 2409 nerint.
2184 2374 2201 2407 »
2247 2354 2529 2411 Accelerat
2554 2355 2796 2426 pontifex
2829 2357 3048 2412 monitis
3074 2354 3339 2428 religiosa:
3365 2372 3530 2426 pare-

1948 2463 2007 2503 re
2035 2447 2299 2514 mulieris,
2323 2449 2703 2517 conspectibus
2732 2464 2852 2504 sese
2876 2448 3036 2504 oﬁ‘ert
3056 2450 3200 2519 regis
3216 2448 3530 2518 jamdudum

1948 2542 2296 2609 prmsentiam
2321 2538 2438 2607 ejus
2485 2540 2838 2609 opperientis.
2870 2540 3031 2594 Fides
3055 2539 3121 2593 ab
3144 2539 3387 2594 antistite
3414 2554 3532 2609 [που

1948 2628 2141 2695 fertur,
2175 2630 2366 2684 modus
2396 2630 2648 2685 credendi
2676 2631 2951 2685 edocetur.
2986 2631 3099 2685 Rex
3123 2646 3357 2701 quoque,
3390 2632 3533 2685 veri-

1950 2728 2061 2775 tate
2092 2721 2293 2791 aguita,
2323 2720 2414 2775 uni
2442 2735 2502 2776 se
2530 2721 2640 2777 Deo
2687 2720 3073 2776 famulaturum
3106 2724 3331 2779 devotus
3361 2737 3529 2793 spon--

1951 2813 2062 2876 det,
2100 2828 2387 2883 procerum
2428 2828 2561 2868 sane
2600 2814 2751 2885 regni
2780 2824 2943 2883 atque
2969 2816 3242 2871 exercitus
3271 2831 3329 2871 se
3359 2826 3534 2872 tenta-

1952 2913 2133 2961 turum
2184 2908 2533 2961 sententiam.
2561 2907 2641 2961 Ex
2668 2908 2769 2962 hac
2797 2922 2855 2963 re
2900 2924 3018 2979 quin
3046 2909 3119 2963 sit
3165 2909 3385 2975 fatetur,
3423 2925 3532 2979 quo

1956 3010 2106 3056 tanto
2138 3001 2308 3070 magis
2334 3001 2582 3057 devotius
2615 3002 2832 3056 Christo
2868 3001 3111 3057 cervices
3143 3002 3378 3057 subdant
3401 3017 3531 3057 suas

1949 3104 2152 3165 quanto
2231 3094 2351 3163 plus
2396 3093 2676 3149 blanditiis
2718 3110 2884 3163 quam
2945 3092 3246 3149 terroribus
3289 3094 3431 3148 allici
3475 3109 3537 3149 se

1945 3189 2352 3257 conspexerint.
2384 3187 2570 3242 Placet
2599 3188 2863 3252 conditio,
2896 3197 2951 3243 et
2971 3203 3035 3242 ex
3071 3187 3215 3258 regis
3243 3188 3424 3243 edicto
3478 3189 3539 3243 ﬁt

1944 3279 2159 3348 publica
2182 3277 2364 3349 populi
2387 3279 2653 3333 evocatio.
2681 3278 3023 3334 Conveniunt
3050 3278 3204 3350 regni
3247 3279 3532 3350 primates,

1947 3387 2045 3427 nec
2076 3366 2320 3426 niilitatis
2348 3387 2566 3441 quoque
2596 3388 2787 3426 manus
2813 3372 3002 3427 defuit.

2018 3464 2228 3531 Quibus
2260 3480 2443 3519 coram
2475 3465 2666 3533 positis
2712 3480 2807 3520 rex
2851 3465 3037 3520 taliter
3068 3465 3224 3521 inﬁt:
3257 3485 3275 3519 ι
3317 3467 3537 3532 Franci,

1950 3554 2150 3622 inquit,
2195 3553 2515 3625 Trojugenae
2555 3556 2893 3625 (meminisse
2945 3557 3145 3612 etenim
3186 3572 3280 3611 vos
3305 3559 3541 3613 nominis

1954 3646 2275 3715 generisque
2304 3647 2472 3700 vestri
2502 3646 2700 3719 decet),
2728 3648 2925 3717 quibus
2958 3665 3100 3704 nunc
3135 3664 3307 3718 usque
3336 3653 3539 3707 servie-

1949 3741 2120 3793 rimus
2168 3739 2274 3793 diis
2319 3741 2385 3794 ad
2427 3741 2743 3793 memoriam
2786 3741 3046 3796 reducere
3086 3742 3294 3797 animos
3322 3754 3534 3798 vestros

1950 3831 2318 3900 virtutemque
2361 3831 2617 3899 deposco.
2657 3830 2982 3901 Competens
3022 3846 3258 3901 namque
3290 3848 3353 3887 ac
3386 3834 3536 3888 utilis

1951 3924 2065 3977 visa
2118 3934 2201 3978 est
2248 3925 2389 3978 ratio
2448 3923 2768 3977 ostendendi
2824 3924 3058 3993 primum
3104 3939 3336 3992 quorum
3383 3929 3533 3980 cultu

1952 4014 2247 4084 mancipati
2272 4030 2480 4080 sumus,
2505 4023 2587 4079 ttt,
2611 4014 2739 4068 dum
2766 4015 2985 4069 inutiles
3012 4030 3106 4070 eos
3133 4015 3248 4071 fore
3275 4019 3537 4072 constite-

1953 4105 2045 4169 rit,
2098 4105 2257 4159 unius
2304 4106 2530 4174 verique
2569 4106 2772 4174 agnitio
2800 4106 2892 4161 Dei
2928 4106 3185 4161 libentius
3215 4108 3531 4178 accipiatur.

1955 4194 2108 4261 Quod
2142 4205 2271 4249 tunc
2327 4195 2632 4250 rectissime
2674 4196 2785 4261 ﬁet,
2825 4195 2869 4249 si
2918 4196 3183 4266 majorum
3233 4212 3324 4252 res
3373 4207 3537 4269 gesta:

1956 4296 2364 4342 recenseantur.
2432 4290 2511 4341 Ac
2558 4288 2792 4359 primum
2845 4290 3033 4343 urbem
3088 4288 3234 4342 illam
3288 4289 3537 4359 Trojanze

255 4376 657 4432 Clodomirum.
700 4374 815 4437 Quo
847 4385 1175 4445 azgrotante,
1220 4391 1309 4429 rex
1359 4376 1640 4446 conjugem
1683 4376 1850 4446 coepit
1878 4402 1927 4462 Ι)
1955 4380 2224 4450 quondam
2269 4379 2496 4450 gloriam
2549 4381 2728 4451 gentis
2776 4382 3103 4447 intueamur,
3152 4397 3313 4450 quam
3350 4392 3429 4437 tot
3460 4384 3540 4454 (ut

256 4471 575 4541 increpare,
622 4470 808 4523 dicens
844 4486 855 4521 :
892 4487 910 4520 ι
944 4466 1005 4522 Ει
1039 4469 1125 4523 hic
1160 4478 1378 4538 propter
1408 4470 1847 4539 superstitionem

254 4576 503 4622 vestram
571 4564 795 4618 deorum
828 4562 1067 4615 incurret
1103 4559 1384 4615 olfet'tsam.
1428 4581 1446 4613 ι
1489 4560 1616 4629 Sed,
1661 4570 1852 4616 orante

256 4660 476 4725 regina.
508 4672 678 4728 puero
702 4654 847 4710 salus
872 4664 953 4710 est
978 4655 1253 4709 restituta.
1285 4654 1486 4708 Verum
1516 4670 1640 4725 rege
1669 4655 1720 4707 in
1765 4654 1849 4708 iu-

254 4750 527 4805 ﬁdelilate
578 4755 953 4817 permanente,
985 4746 1200 4799 tandem
1230 4744 1309 4815 (ut
1331 4762 1492 4815 supra
1520 4748 1722 4825 dictum
1748 4746 1849 4816 est)

256 4852 645 4901 commovetur
674 4840 968 4906 exercitus,
1009 4839 1320 4908 bellumque
1342 4855 1370 4892 a
1395 4839 1621 4895 Francis
1648 4851 1703 4895 et
1727 4840 1853 4895 Ala-

255 4937 481 4991 mannis
528 4933 657 4988 totis
702 4946 987 5000 regnorum
1019 4933 1226 4986 viribus
1262 4933 1493 4987 excitur.
1543 4933 1694 4987 Tunc
1756 4950 1853 4989 rex

259 5029 595 5091 Clodoveus,
617 5026 777 5095 signo
810 5025 920 5079 suis
941 5027 1087 5089 dato,
1123 5024 1320 5079 bellum
1346 5029 1564 5098 aggredi
1599 5029 1850 5097 imperat.

261 5120 369 5177 Sed
423 5120 567 5174 inter
616 5114 969 5187 pneliandum
1010 5132 1141 5173 suos
1184 5119 1422 5185 graviter
1465 5121 1701 5175 hostium
1732 5138 1851 5175 mu-

262 5227 428 5270 crone
478 5209 651 5265 sterni
694 5208 1031 5275 conSpieieas
1076 5210 1129 5263 in
1157 5209 1295 5261 hanc
1339 5224 1525 5265 vocem
1557 5213 1849 5281 prorupit:

267 5321 287 5355 ι
317 5303 555 5364 Christe,
586 5299 791 5369 inquit,
830 5301 1204 5368 potentissime
1230 5299 1389 5365 Deus,
1426 5318 1582 5371 quem
1609 5305 1853 5361 Clotildis

265 5398 460 5428 Ληιιῖην
509 5410 627 5428 mna
670 5391 797 5428 nnlil
831 5406 957 5428 nlll‘n
1000 5403 1186 5428 mnnIn
1246 5398 1541 5428 Inani-shuts...“
1597 5413 1725 5428 ..ιΑρ’-ι
1756 5399 1851 5428 εἶιιῖ

1954 4473 2364 4545 autumabatur)
2416 4475 2702 4530 numinum
2752 4476 3005 4547 praesidio
3043 4477 3276 4531 cinctam
3307 4479 3539 4534 imbellis

1954 4567 2267 4624 Grazcorum
2318 4566 2533 4634 levitas,
2582 4568 2690 4624 illis
2735 4570 2809 4623 nil
2832 4570 2949 4638 opis
2977 4567 3299 4633 ferentibus,
3350 4569 3541 4626 fraude

1953 4662 2125 4732 magis
2148 4675 2308 4730 quam
2334 4662 2534 4716 virtute
2555 4662 2842 4731 oppressit.
2860 4662 2925 4716 Et
2941 4671 3088 4717 certe
3110 4664 3371 4717 moenium
3398 4665 3543 4718 illius

1954 4751 2352 4823 propugnacula
2374 4751 2598 4808 deorum
2622 4768 2741 4808 esse
2759 4762 2967 4808 structa
2988 4768 3147 4807 manu
3173 4753 3538 4809 audieramus.

1954 4841 2080 4895 Arci
2113 4855 2328 4909 quoque
2382 4841 2795 4896 simulacrorum
2840 4840 3040 4912 efﬁgies
3087 4840 3217 4908 ipsis
3244 4854 3541 4897 consecra-

1956 4942 2045 4998 ιω,
2079 4942 2137 4986 ut
2166 4933 2605 5003 inexpugnabilis
2646 4940 2831 4987 contra
2861 4929 3261 4986 adversantium
3301 4944 3550 4989 maneret

1957 5025 2226 5090 incursus,
2275 5023 2544 5093 impositae
2585 5024 2850 5079 feruntur.
2898 5022 3047 5088 Quod
3086 5032 3216 5070 vero
3260 5020 3556 5088 adjumea-

1958 5125 2103 5180 tum,
2152 5132 2258 5169 non
2299 5115 2480 5171 dicam
2512 5115 2837 5178 hominibus,
2887 5125 3072 5166 verum
3102 5108 3234 5175 ips-is
3273 5117 3571 5170 maceria-

1958 5225 2077 5263 rum
2103 5208 2415 5278 praeberent
2449 5206 2756 5267 structuris,
2790 5203 2879 5273 qui
2918 5216 3015 5255 nec
3051 5198 3390 5265 imaginibus
3434 5209 3553 5275 opi.

1960 5300 2113 5355 tulati
2164 5305 2295 5354 sunt
2330 5300 2485 5354 suis?
2518 5295 2847 5362 Abjiciamus
2883 5307 3012 5361 ergo
3040 5303 3133 5343 eos
3163 5302 3302 5355 quos
3328 5291 3556 5353 inutiles

1958 5405 2077 5428 occa
2101 5386 2454 5428 nrnhnvimnc
2491 5387 2799 5428 malltlmnllt‘.
2825 5381 3138 5428 deseramus
3169 5376 3393 5428 inmmm
3445 5387 3555 5428 ini
