4044 5428
496 345 607 405 655

1576 317 2182 393 MMOINI;MO‘NACH1
2218 312 2727 374 FLORIACENSIS'

3657 304 3753 360 σεε

502 465 848 520 venerantes.
874 449 1194 525 Huiusmodi
1235 441 1510 516 religionis
1530 439 1617 496 vel
1642 437 1942 508 disciplinae
1977 449 2074 506 pa-
2104 442 2151 499 Α
2182 433 2381 488 luimus
2421 429 2661 485 historiis
2686 440 2851 499 quam
2896 425 3038 496 quod
3068 423 3122 478 in
3165 422 3291 477 Vita
3334 419 3510 477 sancti
3567 418 3756 476 Fursei

503 568 720 614 troitum
741 558 985 607 nostrum
1013 546 1266 601 domnum
1290 536 1592 607 Remigium
1616 531 1775 588 nobis
1799 536 2076 585 auctorem

502 661 629 703 esse
651 651 862 700 certum
887 636 1161 693 habetote.
1184 630 1292 687 Sed
1318 637 1374 684 et
1414 626 1774 682 collateranea
1811 634 1929 675 mea
1951 618 2076 674 Clo-

504 736 653 793 tildis
682 731 839 800 hujus
871 744 928 785 se
960 741 1081 783 esse
1120 721 1405 795 proﬁtetur
1435 716 1581 782 ﬁdei,
1612 728 1805 783 meque
1828 710 1985 779 hujus
2010 708 2078 763 ab

500 825 892 900 ornnipotentia
944 818 1270 887 divinitatis,
1322 812 1465 885 quod
1498 819 1643 866 esset
1699 805 2077 870 infortunium,

504 899 765 976 auxilium
799 927 1019 986 sperare
1044 910 1236 966 suasit.
1257 906 1353 963 llic
1385 906 1545 977 plane
1572 901 1822 957 Christus
1844 899 2007 963 Deus,
2028 899 2080 952 in

501 1011 855 1072 Alamannica
885 1006 1029 1078 quod
1073 1002 1385 1073 nuperrime
1409 993 1743 1053 confecimus
1771 990 1933 1056 bello,
1961 988 2083 1045 Ala-

502 1120 825 1163 mannorum
858 1109 1166 1172 protervam
1191 1093 1387 1150 stravit
1413 1087 1836 1150 contumaciam,
1869 1092 2080 1138 vestro—

506 1212 738 1267 rumque
757 1193 1006 1250 cordium
1024 1187 1299 1244 incentivo
1322 1190 1462 1239 nota:
1483 1178 1699 1234 virtutis
1712 1175 1973 1232 excitavit
1992 1189 2085 1228 au-

500 1266 739 1344 daciam.
771 1282 854 1341 Ad
900 1289 1077 1336 rectas
1112 1289 1243 1347 ergo
1297 1287 1423 1343 spes
1454 1270 1673 1325 animos
1715 1266 2082 1330 sublevemus,

504 1378 745 1439 humiles
773 1388 965 1448 preces
1002 1373 1058 1428 in
1104 1367 1320 1425 excelsa
1350 1364 1715 1435 porrigamus,
1766 1374 1890 1413 eum
1930 1357 2086 1411 nobis

499 1479 868 1543 protectorem
890 1476 1199 1536 quaeramus
1227 1458 1320 1529 qui
1350 1457 1404 1512 in
1438 1470 1498 1512 se
1535 1451 1880 1525 sperantibus
1904 1448 2085 1505 omnia

502 1570 856 1708 Ρῖἒέιᾷίω
887 1609 983 1701 rex
1011 1643 1115 1699 ﬁde
1140 1642 1331 1713 plenus
1354 1642 1683 1709 perorasset,
1703 1632 1993 1704 plerosque
2021 1630 2088 1687 de

504 1742 702 1817 populo
730 1738 881 1796 ﬁexit
912 1744 973 1792 ut
1005 1735 1224 1792 Christo
1248 1730 1402 1786 mitia
1431 1728 1724 1784 subderent
1754 1723 1913 1780 colla.
1943 1720 2088 1776 Gau-

504 1798 602 1892 det
634 1830 891 1889 sacerdos
919 1842 1097 1898 regem
1129 1822 1365 1880 nondum
1389 1818 1660 1875 initiatum
1682 1812 1793 1884 jam
1818 1828 1929 1869 suae
1951 1827 2085 1883 gen.
2119 1798 2161 1859 Β

507 1927 581 1983 tis
611 1939 730 1980 esse
754 1920 1057 1993 apostolum
1087 1916 1309 1972 factum.
1340 1912 1647 1968 Exornatnr
1675 1905 2085 1978 baptisterium;

504 2017 792 2075 descendit
819 2029 936 2078 rex,
969 2010 1136 2066 veluti
1168 2008 1305 2063 alter
1327 2002 1737 2066 Constantinus,
1768 2000 1819 2055 in
1846 1995 2087 2055 sanctiﬁ-

508 2119 692 2169 catum
715 2107 880 2164 fontis
909 2105 1143 2160 alveum.
1168 2100 1267 2157 Cui
1294 2113 1418 2154 cum
1452 2103 1673 2151 sanctus
1695 2090 1943 2164 pontifex
1976 2102 2093 2144 mo-

512 2203 643 2260 dum
695 2197 989 2256 Dominicte
1033 2191 1307 2265 passionis
1350 2189 1665 2250 recitasset,
1721 2199 1815 2239 rex
1860 2182 1937 2237 ait
1966 2180 2087 2235 illi:

511 2315 537 2349 ς
582 2293 639 2349 Si
670 2308 771 2363 ego
805 2305 930 2346 cum
959 2287 1188 2343 Francis
1220 2283 1356 2339 meis
1383 2281 1517 2336 inibi
1545 2277 1837 2343 aﬁ‘uissem,
1865 2273 1982 2343 ejus
2006 2275 2089 2328 in-

510 2384 683 2456 iurias
704 2380 1087 2437 vindicassem.
1131 2393 1150 2429 ι
1184 2372 1337 2441 Quod
1370 2385 1500 2426 vero
1525 2377 1681 2441 grata
1722 2363 2096 2436 acceptabilis-

512 2493 621 2553 que
641 2479 749 2533 Deo
768 2473 1014 2548 praedicti
1037 2470 1178 2541 regis
1210 2468 1342 2522 ﬁdes
1362 2464 1489 2530 fuit,
1505 2474 1783 2519 ostensum
1805 2457 2093 2514 declaravit

512 2549 858 2630 miraculum.
888 2567 1020 2624 Nam
1044 2579 1167 2621 cum
1200 2561 1339 2617 forte
1365 2558 1455 2629 qui
1479 2556 1715 2613 chrisma
1738 2552 1983 2624 gerebat,
2014 2549 2095 2603 in-

514 2664 786 2721 terclusus
836 2676 867 2716 a
906 2655 1125 2731 populo,
1153 2655 1387 2717 deesset,
1439 2663 1566 2705 ecce
1611 2646 1790 2702 subito
1818 2660 1924 2699 non
1962 2641 2097 2696 alius

514 2754 633 2810 sine
667 2751 829 2808 dubio
879 2764 1044 2821 quant
1070 2755 1290 2802 sanctus
1337 2740 1589 2813 apparuit
1622 2736 1880 2809 Spiritus,
1911 2733 1965 2789 in
2006 2747 2098 2788 eo-

514 2846 713 2904 lumbze
731 2844 929 2901 visibili
959 2843 1221 2914 ﬁguratus
1254 2837 1467 2909 specie;
1495 2832 1612 2904 qui,
1643 2828 1887 2886 rutilanti
1918 2836 2098 2882 rostro

514 2949 761 2998 sanctum
790 2935 1039 2993 deferens
1061 2931 1326 2992 chrisma,
1346 2928 1488 2983 inter
1509 2938 1702 2980 manus
1734 2919 1984 2992 deposuit
2005 2933 2096 2972 sa-

516 3032 778 3097 cerdotis,
799 3028 973 3084 undas
1009 3025 1174 3081 fontis
1202 3018 1613 3078 sanctiﬁcantis.
1655 3014 1743 3070 Fit
1765 3012 2019 3084 gaudium
2043 3015 2099 3064 et

515 3123 826 3187 exsultatio,
858 3119 1200 3189 baptizantur
1230 3112 1383 3168 multi
1409 3111 1477 3165 de
1503 3107 1724 3180 populo,
1752 3105 1863 3160 Deo
1886 3102 2093 3204 laudes,
2125 3150 2169 3212 Ο

518 3215 633 3271 Deo
659 3214 848 3285 gratiae
875 3209 1266 3273 acclamantur,
1297 3214 1353 3259 ct
1388 3202 1627 3272 gaudens
1657 3215 1747 3254 rex
1781 3197 1848 3252 ab
1868 3192 2097 3250 ecclesia

519 3304 589 3360 ad
618 3301 836 3373 propria
860 3298 1179 3371 regreditur.
1203 3296 1289 3360 Et,
1317 3304 1375 3348 ut
1397 3292 1607 3361 plenius
1626 3287 1964 3344 devotionem
1992 3296 2104 3338 suae

518 3392 829 3467 propalaret
854 3390 1000 3451 ﬁdei,
1036 3385 1318 3442 basilicam
1346 3383 1458 3438 Deo
1482 3397 1546 3436 ac
1574 3377 1805 3450 principi
1832 3373 2101 3446 apostolo-

520 3502 641 3544 rum
665 3486 718 3540 in
740 3484 960 3541 civitate
990 3478 1289 3542 Parisiaca,
1331 3474 1384 3529 in
1427 3488 1535 3544 qua
1580 3471 1750 3543 ipsius
1775 3469 1932 3524 sedes
1960 3471 2102 3532 erat,

522 3575 763 3641 construi
790 3572 940 3629 fecit.
976 3567 1389 3636 Permansitque
1412 3564 1465 3618 in
1503 3577 1592 3627 eo,
1619 3573 1787 3630 usque
1822 3558 1888 3611 ad
1922 3553 2105 3610 termi-

522 3683 655 3727 num
682 3667 828 3734 vitae,
862 3661 1108 3720 custodia
1141 3658 1422 3728 religionis
1452 3663 1507 3710 et
1542 3652 1770 3722 iustitia:
1799 3648 1969 3719 vigor.

1100 3748 1327 3805 CAPUT
1368 3744 1526 3800 XVII.

592 3853 675 3911 De
713 3847 959 3906 Clodoeei
993 3840 1408 3915 expeditionibus
1446 3845 1493 3891 et
1524 3833 1756 3891 uictoriis
1795 3828 2030 3901 reliquis.

595 3943 798 4000 Contra
850 3940 997 3996 hunc
1027 3946 1210 4005 regtm
1236 3929 1388 3986 cives
1420 3922 1798 3983 Viridunensis
1840 3920 1990 3976 urbis
2021 3933 2108 3974 re—

526 4034 886 4091 bellaverunt.
925 4027 1030 4083 Sed
1062 4028 1188 4080 dum
1219 4036 1317 4077 rex
1348 4017 1538 4075 urbem
1577 4015 1859 4071 obsidione
1912 4010 2112 4068 vallas-

527 4133 612 4181 set
637 4132 692 4180 et
722 4122 835 4191 jam
868 4116 1069 4175 admoti
1107 4115 1306 4169 arietes
1341 4112 1451 4165 alta
1503 4122 1779 4164 murorum
1809 4104 2106 4175 pulsarent,

527 4215 863 4289 supplicante
886 4217 1074 4267 sancto
1090 4206 1206 4260 viro
1229 4202 1502 4272 Euspicio,
1520 4199 1760 4268 ejusdem
1802 4207 1931 4250 tunc
1959 4194 2110 4248 urbis

533 4287 1029 4379 archipresbytero,
1047 4299 1272 4354 verbum
1299 4293 1636 4366 impunitatis
1656 4305 1687 4344 a
1720 4287 1963 4359 principe
1988 4299 2107 4355 pro.

526 4405 864 4460 meruerunt,
901 4400 958 4448 et
1001 4406 1093 4446 rex
1147 4388 1423 4443 civitatem
1476 4382 1700 4451 recepit.
1745 4380 1937 4435 Postea
1985 4393 2108 4432 cum

2178 522 2377 596 legitur
2408 521 2693 592 excepisse
2723 518 2957 588 hospitio
3015 513 3265 571 eumdem
3298 514 3473 566 virum
3515 510 3633 565 Dei.
3658 511 3757 566 Ve-

2182 630 2301 670 rum
2335 614 2388 667 in
2432 612 2699 669 Chronica
2754 624 2877 679 quae
2908 607 3109 662 dicitur
3145 603 3412 674 Gregorii,
3450 612 3508 656 et
3536 609 3759 671 putatur

2180 720 2301 760 esse
2330 703 2662 758 Turonensis
2683 701 2942 772 episcOpi,
2969 696 3203 752 refertur
3247 694 3389 763 quod
3415 694 3641 762 quidam
3670 708 3760 748 rex

2182 794 2515 866 Sigisbertus
2549 792 2717 847 ﬁlium
2749 806 2902 846 suum
2939 788 3283 844 Clodericum
3314 785 3381 839 ad
3429 784 3764 839 Clodoveum

2183 884 2482 954 principem
2534 882 2816 945 direxerit,
2871 880 3204 936 Francorum
3261 875 3525 930 auxilium
3574 884 3765 929 contra

2181 973 2387 1030 Gothos
2439 974 2698 1028 laturum.
2742 971 3004 1026 Meruerat
3046 970 3213 1023 etiam
3270 968 3438 1022 isdem
3475 967 3767 1023 chronica!

2182 1067 2425 1131 eosdem,
2457 1075 2667 1134 patrem
2701 1062 2955 1120 videlicet
2981 1077 3104 1115 cum
3136 1058 3268 1126 tilio,
3304 1057 3495 1113 fraude
3524 1057 3767 1112 Franco-

2184 1174 2302 1214 rum
2329 1171 2452 1212 esse
2482 1157 2860 1225 interemptos,
2881 1168 3216 1225 regnumque
3240 1166 3428 1206 eorum
3453 1167 3520 1205 ac
3549 1151 3769 1204 thesau.

2184 1267 2330 1308 rosa
2380 1250 2607 1307 Francis
2653 1257 2966 1319 occupatos.
3015 1246 3122 1301 Sed
3168 1244 3295 1315 quia
3344 1245 3512 1299 codex
3553 1242 3609 1297 in
3664 1256 3772 1312 quo

2185 1342 2301 1398 haec
2329 1342 2537 1412 digesta
2568 1341 2898 1405 invenimus,
2928 1339 3061 1394 vitio
3078 1338 3403 1406 scriptorum
3430 1346 3552 1391 erat
3578 1337 3772 1405 depra-

2185 1446 2364 1500 vatus,
2424 1434 2492 1488 ad
2539 1434 2801 1503 liquidum
2854 1432 3181 1501 investigare
3229 1429 3578 1497 nequivimus
3620 1424 3775 1492 cujus

2186 1526 2365 1599 gentis
2404 1540 2499 1580 rex
2550 1524 2734 1589 fuerit,
2774 1523 2859 1578 vel
2899 1538 3019 1594 qum
3041 1520 3191 1591 justa
3233 1535 3386 1575 necs
3412 1518 3575 1591 hujus
3610 1532 3774 1571 causa

2187 1617 2483 1676 exstiterit.
2503 1616 2902 1672 Tantummodo
2934 1622 3119 1668 narrat
3142 1627 3364 1684 regnum
3392 1611 3511 1682 ejus
3533 1623 3777 1680 opesque

2192 1731 2223 1772 a
2261 1702 2536 1772 Clodoveo
2563 1726 2841 1783 pcrvasas.

2768 1817 2996 1875 CAPUT
3032 1817 3177 1875 XIX.

2520 1913 2598 1969 De
2639 1912 2770 1967 bello
2801 1923 2985 1967 contra
3010 1908 3436 1965 Cundebahlum.

2262 2007 2445 2065 Gessit
2473 2021 2602 2062 vero
2641 2004 2840 2060 bellum
2879 2002 3181 2059 Clodoveus
3226 2011 3412 2056 contra
3457 1995 3780 2055 Gundebal-

2190 2099 2317 2156 dum
2366 2112 2547 2169 regem
2587 2093 3052 2165 Burgundionum,
3081 2091 3493 2159 exercitumque
3540 2086 3664 2154 ejus
3713 2085 3784 2140 ad

2193 2192 2616 2249 internecionem
2660 2186 2878 2244 delevit.
2929 2184 3103 2241 Causa
3148 2193 3327 2238 autem
3373 2180 3535 2251 hujus
3586 2191 3787 2250 pugna

2193 2287 2293 2343 fuit
2331 2287 2457 2357 quia
2519 2282 2904 2340 Gundebaldus
2935 2280 3159 2335 fratrem
3191 2294 3350 2334 suum
3382 2275 3788 2346 Chilpericutu,

2192 2390 2403 2453 patrem
2434 2376 2691 2448 videlicet
2722 2371 2970 2429 Clotildis
2999 2373 3226 2442 regium,
3273 2370 3453 2439 gladio
3483 2369 3788 2422 intercute.

2196 2481 2654 2537 rat,uxoremque
2680 2463 2817 2535 ejus,
2863 2471 3093 2518 matrem
3131 2475 3296 2531 supra
3340 2459 3502 2513 dicta:
3550 2458 3781 2528 reginae.

2195 2560 2370 2631 lapide
2404 2562 2470 2613 ad
2511 2558 2708 2614 collum
2742 2557 2908 2627 ligato
2941 2552 3106 2608 ﬁuvio
3145 2552 3390 2622 immergi
3436 2549 3670 2604 fecerat.
3706 2545 3791 2602 Ob

2197 2652 2249 2708 id
2287 2660 2509 2720 rogatus
2548 2665 2577 2703 a
2627 2646 2854 2717 conjuge
2900 2660 2996 2701 rex
3043 2644 3345 2700 Clodoveus
3408 2639 3789 2710 Bargundiam

2196 2761 2319 2803 cum
2351 2744 2594 2799 exercitu
2629 2741 2965 2797 Francorum
3011 2739 3289 2809 ingressus
3330 2734 3668 2797 devastavil,
3702 2746 3792 2785 reo

2197 2850 2425 2909 gemque
2454 2834 2629 2904 ipsum
2657 2828 3097 2892 Gundebaldum,
3137 2826 3295 2897 longa
3342 2824 3634 2879 obsidione
3667 2822 3792 2877 fati.

2198 2938 2402 3000 gatum,
2428 2926 2627 2980 tributa
2654 2922 2786 2977 dare
2813 2920 3011 2989 coegit.
3036 2917 3379 2987 Godegisilus
3401 2927 3586 2969 autem
3618 2913 3792 2971 frater

2197 3011 2479 3074 Gundébal
2502 3016 2535 3071 ii
2564 3015 2629 3069 ad
2658 3013 2899 3068 Francos
2921 3009 3213 3069 defecerat,
3229 3020 3282 3063 et
3318 3008 3638 3077 cuujunctis
3665 3022 3792 3061 cunt

2199 3110 2469 3165 Clodoveo
2498 3105 2703 3161 viribus
2723 3102 2947 3158 fratrem
2980 3101 3346 3171 expugnabat.
3383 3097 3492 3153 Sed
3527 3110 3700 3166 opere
3738 3102 3796 3150 et

2203 3197 2470 3256 industria
2514 3195 2700 3251 Aredii
2746 3195 2847 3247 viri
2889 3191 3186 3262 sapientis,
3222 3191 3314 3259 qui
3356 3188 3424 3242 ab
3471 3185 3793 3241 Arelatensi

2204 3290 2338 3346 urbe
2362 3286 2625 3342 auxilium
2667 3281 3022 3339 Gundebaldo
3054 3280 3263 3333 laturus
3290 3277 3613 3337 advenerat,
3649 3276 3795 3332 idem

2207 3395 2302 3435 rex
2351 3392 2484 3432 auro
2534 3376 2744 3429 hostem
2797 3372 3019 3443 repulit,
3063 3385 3221 3439 quem
3268 3367 3412 3424 ferro
3446 3368 3776 3438 nequiverat

2204 3468 2341 3525 Nam
2386 3466 2690 3523 Clodoveus
2738 3464 2978 3533 acceptis
3021 3460 3336 3515 muneribus
3386 3460 3680 3527 repedavit
3724 3456 3796 3512 ad

2204 3563 2444 3636 propria,
2481 3562 2792 3629 relinquens
2819 3558 3131 3629 Godcgisilo
3169 3558 3225 3611 in
3251 3555 3517 3610 auxilium
3546 3555 3793 3625 quinque

2206 3654 2378 3710 millia
2404 3652 2763 3706 Francorum.
2797 3647 2966 3704 Porro
2991 3648 3408 3712 Gundebaldus,
3441 3646 3526 3700 sui
3552 3646 3671 3716 jam
3702 3658 3795 3699 se-

2206 3758 2390 3808 curus,
2440 3742 2663 3796 fratrem
2710 3732 2928 3796 Viennze
2957 3738 3241 3794 obsidione
3270 3737 3602 3799 circumdat,
3632 3745 3800 3805 atque

2206 3847 2306 3903 per
2350 3835 2729 3903 aquaeductum
2760 3829 2948 3885 urbem
2988 3830 3263 3900 ingressus
3290 3827 3590 3882 multorum
3648 3826 3800 3880 caede

2207 3933 2419 3994 patrata
2452 3922 2676 3976 fratrem
2719 3935 2827 3974 una
2862 3920 3161 3974 interemit.
3206 3917 3448 3973 Francos
3490 3931 3715 3987 quoque
3742 3916 3799 3971 in

2208 4018 2438 4088 quadam
2472 4015 2607 4071 turri
2637 4022 2997 4085 congregatos
3027 4010 3172 4066 ferro
3201 4010 3513 4066 trucidavit.

2808 4102 3038 4160 CAPUT
3092 4102 3210 4157 XX.

2345 4197 2422 4254 De
2453 4196 2585 4253 bello
2617 4207 2796 4251 contra
2827 4194 3102 4248 Alaricum
3139 4190 3429 4247 Galliarum
3464 4207 3663 4263 regem.

2281 4293 2482 4350 Contra
2508 4291 2780 4345 Alaricum
2810 4289 2977 4344 etiam
3006 4304 3183 4358 regem
3211 4287 3516 4343 Gothorum
3543 4300 3801 4358 pugnans

2210 4385 2514 4441 Clodoveus
2545 4383 2720 4437 victor
2739 4380 2968 4435 exstitit.
3008 4378 3181 4446 Quam
3213 4394 3442 4449 pugnam
3478 4380 3602 4433 idco
3632 4393 3799 4448 quam

530 4486 976 4547 Aurelianensem
1023 4481 1215 4535 urbem
1257 4475 1560 4532 CIOdOVCHS
1597 4487 1693 4527 rex
1730 4470 1881 4524 adire
1922 4469 2105 4537 όίδρο-
2137 4492 2184 4552 D
2212 4475 2450 4528 maxime
2525 4474 2770 4525 noscitur
2821 4470 3110 4523 inchoasse
3189 4469 3316 4537 quia
3366 4464 3528 4521 Gothi
3579 4467 3799 4521 Arianz

533 4581 754 4645 suisset,
776 4583 1023 4633 sanctum
1046 4568 1359 4640 Euspicium
1381 4582 1445 4620 ac
1474 4566 1591 4635 ejus
1613 4570 1861 4633 nepotem
1891 4562 2107 4615 beatum

537 4672 810 4741 advocatis
830 4664 1200 4727 Maximinum,
1220 4659 1383 4732 jussit
1403 4664 1460 4711 ut
1483 4671 1637 4710 suum
1658 4661 2115 4724 prosequerentur

534 4766 660 4823 iter.
684 4761 891 4831 Quibus
917 4769 972 4814 et
991 4754 1315 4810 Miciacense
1351 4747 1577 4805 contulit
1607 4745 1867 4817 praedium
1892 4762 1907 4810 ;
1952 4753 2026 4806 et,
2057 4751 2115 4797 ut

535 4856 641 4929 ipsi
672 4869 736 4912 ac
763 4848 966 4925 posteri
1001 4844 1189 4904 eorum
1235 4843 1386 4899 illum
1416 4839 1755 4912 possiderent
1786 4836 1988 4903 locum,
2020 4850 2117 4908 per

536 4963 696 5009 suum
731 4942 967 5004 ﬁrmavit
989 4937 1412 5007 Pragmaticum.

1104 5022 1550 5093 carurxvm.

1029 5120 1109 5176 De
1155 5117 1351 5175 Sancto
1399 5113 1626 5170 Furseo.

612 5221 781 5284 Cuius
817 5219 1010 5276 diebus
1056 5220 1277 5271 sanctus
1306 5221 1519 5280 quoque
1545 5204 1785 5261 Furseus
1820 5203 1873 5259 in
1918 5201 2120 5260 Gallias

2218 4569 2507 4631 haereseos,
2551 4563 2713 4619 sicuti
2759 4563 3187 4632 Burgundiones,
3219 4569 3399 4624 erant,
3427 4561 3802 4630 optimumque

2215 4660 2513 4716 Galliarum
2543 4666 2754 4726 partem
2783 4672 2811 4708 a
2843 4652 3007 4707 ﬂuvio
3034 4653 3240 4707 scilicet
3283 4650 3495 4720 Ligeris
3534 4667 3709 4719 usque
3732 4650 3799 4704 ad

2218 4751 2600 4822 Pyrenmoruni
2627 4748 2757 4817 jnga
2795 4745 3061 4800 montium
3108 4743 3445 4798 obtinebant.
3477 4742 3707 4795 Exsitit
3746 4749 3803 4794 et

2216 4844 2320 4899 alia
2356 4844 2503 4914 justa
2542 4838 2701 4909 hujus
2739 4854 2931 4910 pugnae
2957 4838 3196 4894 occasio.
3233 4835 3454 4891 Miserat
3494 4835 3639 4889 idem
3675 4833 3802 4889 Clo—

2219 4935 2423 4991 doveus
2454 4933 2688 4999 legatum
2727 4946 2913 4995 suum,
2958 4930 3173 4986 nomine
3212 4926 3535 4993 Paternum,
3571 4928 3641 4983 ad
3679 4924 3801 4981 Ala-

2220 5025 2393 5080 ricum
2419 5036 2598 5092 regem
2637 5019 2961 5086 Gothorum,
3007 5028 3067 5074 ut
3112 5034 3231 5088 qua:
3259 5017 3410 5087 pacis
3447 5027 3640 5070 essent
3680 5030 3799 5070 cum

2219 5129 2284 5169 eo
2313 5120 2598 5176 tractaret,
2634 5109 2796 5165 simul
2823 5112 2987 5166 etiarn
3019 5118 3077 5163 ut
3117 5107 3455 5162 voluntatem
3486 5106 3609 5175 ejus
3640 5120 3804 5173 agno-

2220 5213 2418 5271 sceret,
2445 5204 2632 5274 quoin
2679 5203 2797 5257 loco
2831 5201 3020 5257 ambos
3064 5215 3215 5272 reges
3254 5200 3359 5255 sibi
3385 5216 3483 5270 pro
3520 5202 3803 5270 utriusque
