4044 5428
291 357 392 415 657

1317 359 1635 417 HISTORIA
1659 355 2106 413 FRANCORUM.
2145 387 2214 398 --
2242 355 2369 412 LIB.
2393 355 2434 411 1.

3441 358 3547 418 658

291 485 357 524 an
394 483 520 522 cum
557 469 904 526 multitudine
932 472 1212 527 adveniret
1249 471 1544 525 exercitus.
1576 469 1668 525 Ille
1696 485 1754 525 se
1785 468 1866 522 fa-
1894 487 1943 546 Α
1972 468 2238 540 legatione
2252 467 2511 538 fungitur.
2531 467 2873 525 Festinemus
2900 469 3065 541 igitur
3093 470 3160 528 ad
3190 470 3455 542 pralium,
3488 485 3548 530 et

289 570 448 624 tetur,
481 562 669 631 paucis
700 565 1016 632 assumptis,
1061 578 1246 616 eorum
1291 562 1656 637 expetiturum
1698 559 1864 615 collo-

285 652 491 722 quium.
543 653 752 708 Rursus
791 656 1087 723 interrogat
1132 653 1395 708 Paternus
1443 661 1621 706 utrum
1665 651 1860 705 armati

284 756 468 800 essent
507 762 574 799 an
626 746 880 800 inermes.
924 746 1054 798 Dicit
1099 746 1184 799 illa
1220 763 1232 797 :
1284 744 1422 797 Suos
1479 758 1670 797 omnes
1715 743 1863 796 iner-

286 851 398 891 mes
431 847 713 896 venturos,
749 847 801 890 et
830 846 886 890 ιιι
919 837 1099 889 itidem
1146 835 1340 888 Franci
1381 834 1582 887 faciant
1626 833 1864 903 postula-

285 938 456 981 tums.
494 927 588 981 llis
618 929 872 981 oumihus
899 926 1244 982 consentiens
1272 926 1558 987 Paternus,
1590 925 1654 977 ad
1685 924 1861 978 domi-

284 1035 408 1072 num
454 1035 614 1071 suum
666 1033 969 1086 regressus,
1007 1021 1221 1071 nuntiat
1268 1016 1315 1070 ei
1366 1031 1486 1084 quae
1533 1021 1864 1085 cognoverat

280 1109 678 1178 CnllthaculSse
721 1108 933 1164 Gothis.
974 1109 1300 1176 Progressus
1339 1108 1518 1174 itaque
1559 1105 1862 1160 Clodoveus

278 1217 308 1256 e
333 1201 564 1255 Francia
597 1203 742 1254 venit
767 1203 817 1253 iu
863 1199 1236 1270 Aquitaniam,
1264 1207 1318 1251 et
1352 1207 1643 1266 antequam
1677 1208 1862 1265 perve-

281 1293 421 1346 ttiret
454 1295 521 1345 ad
561 1294 732 1346 locum
766 1291 965 1361 placito
998 1290 1363 1352 destinatum,
1401 1302 1562 1356 supra
1597 1300 1863 1340 memora-

275 1391 392 1437 tum
447 1385 628 1452 dirigit
689 1383 944 1454 legatum,
983 1396 1109 1453 quo
1158 1379 1345 1435 habitu
1393 1376 1554 1434 Gothi
1583 1384 1864 1432 uterentur

277 1473 711 1542 exploraturum.

346 1564 486 1631 Qui,
540 1567 666 1619 dum
717 1565 933 1619 Alarico
982 1565 1094 1636 regi
1145 1565 1571 1635 colloqueretur,
1622 1560 1858 1616 ferreum

276 1637 397 1707 ostii
426 1655 638 1708 ohicem
665 1671 789 1709 eum
825 1671 920 1724 pro
943 1655 1130 1710 baculo
1165 1671 1321 1709 manu
1348 1669 1536 1726 gerere
1567 1650 1857 1724 persensit,

277 1754 328 1798 et
360 1745 504 1813 quod
550 1744 739 1814 reliqui
772 1747 910 1800 idem
941 1745 1181 1801 facerent
1209 1746 1446 1814 agnovit.
1479 1744 1856 1814 Apprehensa-

1975 561 2040 615 de
2069 561 2248 614 divina
2280 561 2616 630 protectioue
2647 563 2834 618 conﬁsi
2877 563 3104 620 hostiles
3129 564 3423 636 phalanges
3452 579 3550 634 ag-

1969 651 2280 721 grediamur
2325 652 2592 722 intrepidi.
2626 671 2645 706 ι
2694 652 2806 708 Hac
2854 653 3177 719 allocutione
3225 657 3378 712 ducis
3424 658 3546 711 ani-

1968 745 2100 799 mati
2128 746 2226 798 viri
2259 746 2476 800 virtutis
2503 755 2695 801 contra
2724 747 2908 802 hostes
2934 749 3355 817 proﬁciscuntur
3380 749 3545 807 corde

1967 839 2259 906 constanti,
2287 849 2386 895 aut
2407 841 2622 895 vincere
2649 851 2740 894 aut
2767 843 2900 895 mori
2920 842 3116 910 parati.

2154 976 2160 983 .
2552 932 2778 988 CAPUT
2819 932 2958 988 XXI.

2129 1020 2206 1075 De
2255 1023 2426 1076 omine
2467 1024 2694 1078 victoria?
2732 1033 2779 1077 et
2821 1041 2985 1080 cerva:
3019 1027 3368 1096 apparitione.

2036 1108 2094 1164 In
2120 1111 2221 1165 hoc
2251 1112 2391 1167 bello
2415 1113 2655 1167 divinum
2683 1113 2756 1168 illi
2782 1113 3020 1171 adfuisse
3042 1117 3299 1172 auxilium
3327 1119 3480 1188 signa
3510 1132 3542 1173 ι

1969 1197 2079 1252 Deo
2106 1210 2323 1255 ostensa
2356 1204 2674 1258 docuerunt.
2712 1202 2868 1270 Nam,
2896 1206 3024 1260 dum
3071 1207 3276 1278 legatos
3315 1223 3541 1264 munera

1967 1288 2208 1344 ferentes
2261 1293 2329 1346 ad
2395 1293 2702 1363 sepulcrum
2761 1295 2939 1351 sancti
2999 1297 3236 1353 mitteret
3297 1297 3541 1360 Martini,

1964 1379 2102 1434 dixit
2147 1380 2268 1435 eis:
2319 1399 2340 1433 ι
2371 1383 2446 1436 lte
2489 1392 2545 1438 et
2583 1399 2612 1437 a
2645 1383 2867 1439 basilica
2917 1386 3093 1440 sancti
3144 1386 3359 1443 Martini
3408 1387 3544 1442 mihi

1965 1470 2178 1541 signum
2213 1471 2454 1528 victoria:
2487 1472 2705 1530 referte.
2739 1493 2758 1528 ι
2789 1475 3068 1531 Abeuntes
3097 1475 3172 1530 illi
3211 1477 3338 1532 dum
3367 1477 3542 1533 eccle-

1963 1563 2102 1617 siam
2141 1563 2345 1618 oraturi
2386 1564 2614 1629 intrant,
2649 1581 2753 1620 vox
2793 1566 3038 1622 cantoris
3073 1581 3262 1620 eorum
3301 1567 3544 1624 insonuit

1963 1653 2206 1721 auribus,
2238 1656 2424 1710 dicens
2448 1673 2461 1709 :
2495 1653 2830 1712 Prwriuxisti
2855 1675 2954 1723 me,
2982 1658 3227 1725 Domine,
3249 1659 3438 1713 virtute
3465 1659 3534 1712 ad

1964 1747 2179 1812 bellum,
2232 1758 2280 1801 et
2319 1748 2652 1802 inimicorum
2699 1765 2934 1804 meorum
2968 1749 3160 1804 dedisti
3207 1750 3334 1805 mihi
3381 1752 3543 1806 dorsa

275 1851 379 1905 que
408 1839 550 1904 regis
579 1839 794 1902 dextra,
831 1839 964 1891 dixit
991 1840 1074 1892 ei:
1120 1857 1138 1889 ι
1168 1839 1328 1906 Quid,
1359 1839 1550 1907 inquit,
1584 1852 1617 1891 0
1646 1853 1762 1903 rex,
1801 1844 1854 1890 te
1887 1840 1933 1900 Β
1967 1839 2140 1910 (Psal.
2176 1855 2308 1904 xvu,
2341 1839 2430 1902 40,
2479 1838 2594 1911 41).
2640 1839 2908 1896 Lmtantes
2951 1840 3050 1906 illi,
3089 1841 3340 1897 oratione
3387 1856 3543 1896 com-

277 1927 414 1982 lar-sit
456 1929 710 1983 dominus
760 1946 909 1984 meus
942 1930 1240 1986 Clodoveus
1283 1940 1336 1986 et
1383 1931 1601 1993 Franci,
1653 1937 1712 1984 ut
1759 1944 1859 1984 nos

290 2018 478 2073 fraude
524 2022 921 2076 machinareris
970 2023 1251 2093 decipere?
1289 2043 1306 2075 ι
1359 2022 1477 2089 Quo
1525 2030 1776 2092 negante,
1804 2029 1861 2076 et

274 2125 437 2165 causa
473 2113 540 2166 ad
566 2112 808 2182 jurgium
842 2131 1010 2185 usque
1055 2118 1406 2186 procedente,
1447 2114 1734 2168 deﬁnitum
1777 2121 1861 2167 cst

273 2214 329 2255 ut
349 2204 557 2271 judicio
588 2203 932 2271 Theudorici,
962 2206 1260 2261 Gothorum
1292 2207 1465 2278 regis,
1497 2207 1652 2275 cujus
1687 2220 1850 2276 Supra

272 2297 648 2360 meminimus,
683 2298 797 2352 haec
835 2314 920 2353 res
951 2299 1358 2353 terminaretur.
1395 2298 1545 2354 Unde
1571 2297 1733 2352 ambo
1773 2311 1858 2350 re-

269 2403 362 2458 ges
391 2388 599 2458 legatos
642 2392 709 2444 ad
751 2406 873 2444 eum
911 2393 960 2446 iu
991 2393 1217 2457 Italiam,
1256 2392 1343 2446 ubi
1379 2402 1434 2446 et
1463 2392 1743 2463 regnabat,
1773 2389 1854 2444 di-

267 2481 470 2548 rigunt.
499 2482 628 2548 Qui,
657 2486 936 2553 utriusque
964 2486 1136 2555 partis
1157 2485 1341 2556 agnita
1365 2500 1550 2547 causa,
1577 2483 1767 2538 statuit
1794 2489 1854 2535 ut

268 2569 481 2642 legatus
512 2573 878 2640 Francorum,
909 2591 1137 2631 ascenso
1163 2591 1303 2646 equo
1334 2587 1460 2629 ante
1493 2577 1636 2629 fores
1663 2571 1854 2644 palatii

270 2664 413 2734 regis
437 2665 647 2720 Alariei
677 2677 849 2731 stans,
879 2668 1145 2720 elevatam
1192 2677 1399 2721 teneret
1428 2668 1637 2720 hastam
1667 2680 1852 2732 tuauu,

268 2769 431 2821 Super
469 2771 638 2825 quam
678 2758 926 2812 Alaricus
951 2767 1004 2810 et
1047 2757 1209 2814 Gothi
1237 2773 1302 2812 eo
1341 2772 1510 2827 usque
1535 2757 1747 2826 copiam
1773 2757 1856 2827 ja-

264 2863 326 2903 ce
359 2863 452 2902 ent
486 2865 834 2903 nummorum
861 2851 1068 2920 argenti
1101 2867 1275 2920 quous
1295 2865 1381 2918 ,ue
1410 2850 1696 2904 summitas
1725 2862 1856 2917 ope-

262 2943 470 2995 riretur
520 2943 706 3008 conti;
743 2960 974 3013 quorum
1031 2960 1241 2998 summa
1299 2944 1593 2999 solidorum
1642 2944 1707 2997 ad
1761 2942 1856 2997 do-

262 3034 502 3100 minium
546 3035 830 3100 deveniret
887 3035 1028 3106 regis
1078 3034 1437 3090 Francorum.
1483 3034 1710 3089 Reversi
1760 3034 1852 3103 qui

260 3121 488 3176 fuerant
535 3124 682 3177 missi
730 3125 989 3189 judicium
1043 3125 1283 3180 referunt
1323 3127 1464 3195 regis
1501 3125 1849 3190 Thcodorici,

259 3213 403 3280 quod
453 3213 644 3267 cuncti
694 3213 1048 3268 laudaverunt
1091 3214 1312 3268 Franci.
1361 3214 1468 3268 Sed
1499 3216 1661 3271 Gothi
1707 3215 1758 3268 id
1794 3230 1852 3270 se

259 3318 367 3355 non
420 3318 588 3372 posse
635 3303 857 3373 implere
914 3305 1194 3370 dixerunt;
1249 3306 1468 3374 insuper
1519 3315 1575 3360 et
1619 3304 1853 3375 legatum

258 3393 526 3448 Clodovei
551 3396 898 3449 cautumeliis
919 3395 1234 3452 affecerant.
1256 3394 1387 3449 Nam
1414 3397 1645 3466 quadam
1671 3404 1852 3462 nocte,

260 3485 393 3538 dum
429 3485 526 3539 ille
554 3487 604 3538 in
632 3487 832 3540 salario
857 3487 1136 3556 cujusdam
1167 3487 1358 3542 domus
1380 3487 1671 3541 dormitum
1697 3485 1852 3552 isset,

259 3576 429 3632 Gothi
485 3577 782 3631 tabulatum
829 3579 971 3648 quod
1013 3589 1141 3632 ante
1184 3578 1383 3632 lectum
1433 3577 1550 3647 ejus
1597 3585 1714 3630 erat
1760 3577 1854 3631 de-

263 3682 624 3736 Struxerunt,
657 3671 774 3740 qui,
807 3671 870 3724 ad
905 3672 1168 3742 requisita
1197 3671 1323 3725 dum
1349 3677 1594 3740 surgeret
1621 3679 1850 3734 naturae,

262 3765 402 3834 pede
454 3764 610 3832 lapso
655 3766 880 3829 corruit,
941 3764 1270 3834 brachioque
1299 3765 1535 3819 contrito
1583 3763 1670 3817 vix
1698 3762 1854 3816 vivus

260 3855 462 3910 evasit.
523 3853 778 3908 Festinus
820 3855 999 3926 itaque
1041 3856 1222 3910 natale
1267 3855 1442 3910 solum
1496 3853 1721 3923 repetit,
1775 3851 1852 3907 rei

263 3957 434 4018 gestas
466 3948 716 4002 ordinem
744 3949 794 4003 ei
818 3965 849 4002 a
878 3966 985 4019 quo
1017 3950 1215 4005 missus
1257 3949 1434 4004 fuerat
1463 3950 1670 4018 pandit,
1700 3947 1852 4002 ﬂebi-

263 4040 490 4108 lcmque
539 4052 653 4091 suae
698 4040 972 4107 querelam
1024 4056 1280 4095 mrttmnte
1331 4039 1716 4095 miserabiliter
1761 4039 1856 4094 de-

263 4131 499 4200 promit.
548 4127 668 4182 Rex
707 4145 835 4198 ergo
881 4130 1203 4196 Clodoveus,
1249 4133 1302 4185 in
1347 4133 1544 4187 talibus
1587 4147 1691 4186 non
1731 4146 1853 4186 esse

262 4220 786 4289 procrastinandum
820 4232 990 4286 ratus,
1019 4223 1180 4277 simul
1211 4239 1308 4292 pro
1337 4223 1532 4293 injuria
1563 4223 1725 4292 legati
1757 4222 1853 4278 ira

263 4313 588 4381 impatiens,
621 4327 913 4384 congregat
936 4317 1262 4379 exercitum,
1292 4332 1451 4386 quem
1485 4317 1574 4370 tali
1604 4317 1854 4370 hortatur

259 4401 524 4454 Oratione
563 4403 632 4455 ad
669 4417 937 4471 pugnam:
977 4422 995 4456 t
1027 4405 1278 4468 Virtutis,
1325 4406 1531 4474 inquit,
1569 4414 1783 4469 vestrm,
1818 4419 1852 4461 ο

260 4493 556 4548 fortissimi
590 4496 1006 4562 conuuilitones,
1039 4513 1288 4559 securus,
1329 4499 1726 4553 animositatem
1755 4513 1850 4553 ve-

259 4595 435 4639 stram
477 4585 680 4640 nullius
718 4588 1111 4645 exhortationis
1154 4590 1389 4660 indigam
1432 4590 1636 4658 judico.
1678 4591 1850 4657 Quam

259 4679 398 4732 adeo
447 4679 638 4731 hosws
685 4680 1155 4735 extimueruutut
1204 4680 1439 4749 legatum
1491 4691 1732 4735 nostrum
1767 4681 1852 4734 iu-

259 4766 423 4820 famla
461 4768 611 4821 caede
645 4769 915 4838 perimere
941 4772 1161 4827 vellent.
1198 4769 1498 4826 Ostendunt
1523 4772 1765 4842 profecto
1785 4789 1851 4830 se

259 4862 430 4914 tatius
465 4860 607 4912 iram
649 4860 829 4928 gentis
867 4877 966 4914 nou
996 4879 1158 4932 posse
1188 4865 1416 4932 perpeti,
1451 4865 1543 4933 qui
1575 4865 1732 4918 unius
1759 4881 1854 4919 ex-

257 4960 538 5018 paveruut
571 4951 931 5003 constantiam
963 4953 1140 5025 legati.
1180 4953 1292 5008 I-loc
1335 4954 1507 5009 solum
1555 4971 1651 5011 vos
1691 4969 1854 5011 nosse

258 5043 441 5110 cupio,
493 5041 653 5093 vobis
701 5040 980 5096 adversum
1015 5044 1442 5099 humanissimos
1489 5049 1695 5111 hostes,
1744 5062 1851 5103 no:

259 5147 355 5162 ηνιι
389 5132 723 5162 ηηοεῖιιηῖιιιιο
753 5141 838 5162 nul
871 5131 1042 5162 Iil.....:-
1095 5150 1207 5162 “1‘”
1238 5134 1396 5162 ιιοῖιιηι
1433 5152 1526 5162 ιιι-ιι
1561 5136 1820 5162 ..ι-..ι-ἶκα..

1962 1929 2104 2001 pleta
2138 1929 2560 2000 muneribusque
2604 1930 2823 1996 oblatis,
2853 1931 2963 2000 regi
2991 1932 3205 2000 signum
3238 1931 3479 1986 victoria:
3503 1947 3536 1986 a

1961 2020 2071 2076 Deo
2100 2021 2198 2076 sibi
2229 2035 2547 2076 concessum
2573 2021 2918 2093 depromunt,
2939 2031 2995 2078 et
3023 2023 3257 2078 alacrem
3281 2021 3538 2078 clliciunt.

1962 2112 2095 2168 Cum
2121 2121 2300 2167 autem
2330 2112 2552 2181 flumen,
2573 2114 2660 2168 cui
2684 2112 2926 2186 Vigenna
2948 2129 3142 2169 nomen
3168 2124 3272 2180 est,
3307 2114 3542 2169 transire

1961 2203 2448 2266 deliberaret,dum
2481 2205 2674 2258 vadum
2703 2219 2809 2259 nou
2843 2205 3133 2269 inveniret,
3170 2219 3236 2259 eo
3265 2205 3410 2275 quod
3440 2202 3540 2259 Ilu-

1959 2296 2080 2350 vius
2112 2295 2306 2366 pluviis
2330 2306 2521 2352 auctus
2548 2297 2954 2364 exundavisset,
2982 2295 3075 2352 his
3097 2297 3389 2352 Dominum
3417 2311 3540 2352 vero

1959 2391 2044 2447 bis
2073 2405 2302 2446 exorare
2349 2393 2554 2461 ccepit:
2601 2410 2619 2443 ι
2650 2391 2914 2457 Trinitas,
2963 2391 3161 2461 inquit,
3193 2391 3246 2446 in
3287 2389 3538 2461 personis

1959 2480 2121 2545 Deus,
2154 2491 2208 2536 ct
2238 2483 2290 2536 in
2323 2483 2606 2553 majestate
2637 2482 2946 2548 unus,mihi
2977 2493 3166 2537 contra
3193 2481 3538 2538 adversarios

1958 2568 2082 2625 ﬁdei
2136 2569 2416 2626 catholica:
2470 2571 2755 2627 victoriam
2817 2572 3079 2639 tribuens,
3111 2570 3326 2626 facilem
3377 2567 3537 2638 hujus

1957 2662 2094 2718 alvei
2124 2665 2358 2717 concede
2391 2665 2700 2718 transitum.
2722 2682 2743 2716 ι
2785 2663 2990 2718 Annuit
3030 2663 3115 2718 his
3145 2663 3400 2732 precibus
3426 2660 3536 2718 cle-

1957 2768 2112 2809 mens
2137 2754 2285 2807 auris
2314 2752 2736 2823 On'tnipoteutis.
2780 2753 3026 2822 Cumque
3069 2753 3414 2808 illucescente
3448 2751 3537 2807 die

1956 2853 2135 2900 castra
2181 2845 2518 2909 movissent,
2575 2859 2702 2900 ecce
2747 2858 2909 2899 cerva
2962 2843 3208 2913 quaedam
3252 2859 3311 2900 se
3356 2843 3538 2899 subito

1955 2937 2334 3006 conspectibus
2357 2951 2546 2991 eorum
2571 2936 2815 3008 ingessit.
2838 2936 2918 2991 Illi
2959 2938 3041 3007 (ut
3063 2937 3232 2992 moris
3257 2945 3340 2992 est
3366 2936 3537 2993 Fran-

1955 3039 2168 3090 corum,
2197 3025 2416 3081 venatui
2450 3026 2660 3080 scilicet
2686 3025 2960 3100 insistere)
2990 3027 3228 3098 prtedam
3257 3035 3536 3098 putantes,

1955 3131 2076 3170 eam
2106 3117 2261 3172 avide
2289 3117 2669 3190 insequuntur.
2700 3118 2771 3174 At
2792 3119 2906 3190 ipsa
2939 3120 3170 3176 transito
3198 3118 3418 3176 flumine
3443 3137 3538 3178 va-

1879 3187 1924 3248 C
1957 3208 2082 3264 dum
2109 3211 2368 3277 ostendit,
2409 3187 2474 3268 ac
2502 3212 2759 3283 deinceps
2781 3187 2912 3268 nulli
2959 3217 3286 3285 comparuit.
3322 3215 3400 3271 Ita
3439 3230 3538 3273 rex

1956 3316 2078 3356 cum
2123 3303 2268 3358 omni
2311 3305 2552 3360 exercitu
2596 3315 2937 3362 transmeans
2978 3307 3216 3363 Pictavis
3255 3309 3534 3378 pervenit,

1955 3398 2012 3445 et
2053 3392 2194 3446 haud
2243 3394 2430 3463 procul
2481 3409 2512 3448 a
2560 3393 2789 3451 Basilica
2835 3397 3009 3452 sancti
3063 3395 3254 3452 l-lilarii
3303 3398 3537 3454 tentoria

1956 3481 2100 3548 ﬁxit,
2131 3483 2422 3554 edictoque
2447 3487 2782 3556 compescuit
2807 3488 3064 3559 pepulum
3095 3488 3187 3558 qui
3218 3501 3404 3544 secum
3437 3488 3537 3544 τιό-ο

1956 3581 2106 3638 erat,
2156 3589 2224 3628 ne
2264 3575 2392 3643 quid
2428 3575 2484 3630 in
2529 3591 2595 3631 ea
2636 3577 2914 3646 provincia
2960 3565 3241 3647 raperent,
3283 3591 3386 3633 nec
3429 3577 3538 3634 cibi

1955 3663 2171 3732 quidem
2205 3666 2542 3731 necessaria;
2572 3681 2693 3721 cum
2737 3682 2866 3722 ecce
2895 3668 3073 3722 medio
3110 3668 3286 3723 noctis
3317 3666 3538 3727 silentio

1955 3753 2160 3823 pharus
2185 3753 2340 3824 ignea
2372 3755 2489 3808 visa
2522 3766 2607 3810 est
2640 3757 2823 3825 egredi
2851 3758 2919 3812 ab
2945 3757 3190 3813 Ecclesia
3235 3759 3413 3815 sancti
3442 3757 3536 3816 lli-

1955 3842 2098 3909 larii,
2136 3860 2201 3898 ac
2237 3860 2400 3916 super
2429 3845 2836 3902 tabernaculum
2868 3847 3050 3916 inquo
3077 3862 3172 3904 rex
3196 3849 3538 3917 quiescebat,

1954 3918 2250 4006 protendit.
2295 3935 2565 3991 Conserto
2607 3953 2737 4008 ergo
2779 3939 2963 4008 prazlio
2999 3927 3146 3993 victi
3171 3938 3335 3994 Gothi
3383 3948 3535 4008 terga

1955 4038 2252 4084 verterunt.
2285 4029 2431 4084 Inter
2463 4031 2607 4100 ipsas
2633 4046 2761 4086 vero
2785 4031 3216 4087 coul'ertissimas
3241 4032 3386 4087 acies
3410 4031 3536 4087 Cloo

1954 4119 2158 4175 doveus
2204 4136 2326 4175 cum
2368 4120 2585 4176 Alarico
2615 4131 2892 4178 certamen
2945 4125 3087 4181 iniit.
3125 4124 3368 4194 Cumque
3409 4139 3535 4180 eum

1956 4221 2116 4267 terra:
2147 4213 2550 4282 prostravisset,
2574 4221 2629 4269 et
2671 4229 2778 4279 qua
2809 4215 3008 4270 lethale
3035 4215 3231 4271 vulnus
3265 4213 3535 4285 iuﬁigeret

1955 4305 2270 4370 rimaretur,
2300 4305 2404 4359 duo
2446 4303 2610 4359 Gothi
2639 4320 2763 4360 eum
2794 4323 2824 4360 a
2853 4306 3025 4362 latere
3069 4307 3248 4362 contis
3292 4305 3543 4374 feriunt;

1952 4399 2049 4454 sed
2074 4407 2296 4470 propter
2325 4397 2552 4453 loricam
2578 4415 2699 4454 eum
2728 4400 3025 4456 vulnerare
3046 4400 3430 4473 nequiverunt.

2533 4498 2762 4555 CAPUT
2803 4498 2965 4554 XXII.
3057 4533 3072 4543 -

2297 4590 2374 4646 De
2405 4589 2714 4645 Theoderici
2738 4591 3184 4661 expeditionibus.

2024 4680 2172 4752 Rege
2207 4681 2390 4751 itaque
2435 4682 2676 4747 Alarico,
2720 4683 2812 4752 qui
2859 4681 3067 4740 Gothos
3111 4698 3210 4753 per
3258 4681 3327 4738 19.
3364 4698 3536 4740 annos

1955 4782 2194 4839 rexerat,
2221 4775 2325 4828 hoc
2347 4775 2506 4830 modo
2527 4774 2837 4840 interfecto,
2862 4774 3166 4832 Clodoveus
3186 4775 3355 4830 ﬁlium
3377 4790 3536 4830 suum

1955 4865 2352 4920 Theodericum
2379 4881 2503 4921 cum
2537 4865 2717 4922 valido
2747 4870 3030 4923 exercitus
3057 4865 3437 4934 supplemento
3469 4869 3536 4920 ad

1955 4956 2266 5026 superiores
2295 4955 2412 5024 ejus
2438 4957 2807 5029 dirigitregui
2843 4970 3056 5027 partes.
3079 4957 3211 5024 Qui,
3244 4966 3537 5025 pervagata

1955 5046 2104 5100 omni
2139 5045 2438 5112 provincia,
2487 5047 2794 5111 Rutbenos,
2837 5045 3229 5111 Cadurcosque
3252 5052 3418 5112 atque
3442 5046 3542 5099 Ar-

2513 5136 2811 5162 .ι-Ι.-ιιι.-Α-“
2846 5136 3031 5162 νεα..--
3056 5131 3209 5162 ..ΑιΙῖἷΙ
3279 5133 3370 5162 IIII:
3417 5143 3543 5162 Cn.--

1975 5151 2120 5162 cas-qna
2150 5136 2357 5162 nn-|\A~:O
2417 5146 2464 5162 nl
