4044 5428
545 393 651 472 ese

1584 406 1840 466 AIMOINI
1878 405 2182 465 MONACIII
2227 405 2720 471 FLORIACENSIS

3664 397 3765 455 660

541 548 640 603 per
668 529 873 585 vicinas
909 524 1068 582 urbes
1114 522 1450 580 adversarios
1493 521 1822 579 interﬁciens
1867 536 2106 592 suosque
2128 527 2176 585 Α
2205 521 2490 575 deauratas
2533 535 2656 574 cum
2700 516 2894 590 gladiis
2931 516 3090 574 simili
3136 515 3294 573 modo
3335 511 3612 570 deauratis
3655 510 3768 568 loco

542 624 897 688 constituens,
926 636 1016 675 cas
1065 620 1166 675 sibi
1214 633 1406 689 parcre
1455 617 1732 688 compulit.
1773 615 1955 670 Rebus
1978 629 2105 684 ergo

498 724 500 726 '
542 714 752 769 cunctis
779 729 843 768 ex
873 711 1136 766 sententia
1167 709 1500 780 compositis,
1549 707 1779 763 Turonis
1829 708 1932 763 iter
1969 707 2104 762 diri-

499 825 504 829 Α
541 808 640 878 git.
672 805 772 862 Ubi
799 806 921 858 dum
957 803 1274 858 stativarum
1306 802 1479 872 gratia
1513 800 1899 870 aliquantisper
1930 813 2107 854 mora-

545 911 650 966 tur,
692 898 1013 970 legationcm
1056 896 1296 965 suscepit
1337 895 1606 949 Anastasii
1655 893 2106 960 Constantinopo-

541 989 694 1042 litani
726 987 989 1058 principis
1019 1001 1240 1039 munera
1273 975 1710 1054 epistolasque'ei
1737 982 2019 1036 mittentis.
2047 981 2104 1035 In

2207 612 2465 668 muneris.
2490 610 2716 667 Ventum
2755 612 2935 681 itaque
2977 619 3062 666 est
3105 608 3172 664 ad
3213 608 3386 662 locum
3431 601 3766 671 certaminis,

2205 713 2257 757 et
2284 702 2483 758 conscii
2531 701 2854 772 proditionis
2895 701 3018 772 fuga
3047 715 3105 756 se
3132 701 3607 771 iiuguntquaarere
3648 695 3770 750 sub-

2206 794 2400 849 sidium
2438 793 2647 848 salutis.
2693 793 3098 865 Ragnecharius
3127 807 3256 847 vero
3278 831 3292 856 ,
3322 790 3446 844 dum
3473 787 3665 858 fugere
3692 784 3771 840 ni-

2209 886 2360 951 titur,
2399 899 2427 938 a
2457 886 2569 940 suis
2609 894 2799 955 captus
2839 884 3106 939 Clodoveo
3140 890 3498 952 praesentatur
3535 878 3768 932 vinctus.

2205 976 2372 1044 Quem
2410 976 2519 1042 ille,
2561 985 2622 1030 ut
2662 975 2940 1046 degeneris
2961 974 3125 1028 animi
3155 973 3350 1037 virum,
3393 969 3571 1041 gladio
3594 965 3770 1038 puniri

542 1077 738 1146 quibus
792 1075 1043 1130 videlicet
1094 1074 1288 1128 litteris
1337 1073 1439 1128 hoc
1486 1072 1864 1128 continebatur
1917 1090 1934 1122 ι
1963 1071 2104 1142 quod
2199 1067 2380 1137 jussit.
2413 1067 2661 1121 Fratrem
2692 1080 2906 1135 quoque
2944 1065 3061 1134 ejus
3100 1062 3347 1117 similiter
3380 1058 3641 1130 praecepit
3684 1071 3774 1112 oc-
3867 1123 3869 1126 q

542 1167 927 1237 complacuerit
956 1165 1056 1221 sibi
1085 1173 1139 1220 et
1183 1165 1520 1220 senatoribus
1558 1180 1680 1219 eum
1723 1179 1843 1218 esse
1873 1164 2103 1218 amicum

542 1255 926 1324 imperatorum
958 1253 1352 1325 patriciumque
1380 1253 1789 1320 tRomanorum.
1824 1271 1842 1305 ι
1890 1252 1985 1306 llis
2018 1250 2108 1305 ille

542 1347 812 1418 perlectis,
842 1346 1113 1402 consulari
1149 1348 1330 1401 trabea
1371 1345 1682 1416 insignitus,
1707 1359 1933 1414 ascenso
1967 1357 2104 1413 equo

547 1457 600 1493 Ill
638 1440 776 1494 atrio
805 1439 944 1509 quod
995 1438 1139 1492 inter
1165 1436 1450 1492 basilicam
1481 1436 1654 1491 sancti
1690 1434 1906 1490 Martini
1943 1443 1995 1489 et
2029 1434 2106 1488 ci-

546 1533 767 1587 vitatem
807 1525 1134 1594 situmcrat,
1166 1527 1466 1600 largissima
1509 1528 1706 1599 populo
1734 1526 1960 1582 contulit
1990 1542 2106 1580 mu-

545 1635 697 1675 nera.
727 1620 808 1674 Ab
844 1619 931 1674 illa
965 1619 1050 1674 die
1091 1618 1289 1675 Consul
1325 1618 1484 1673 simul
1522 1626 1576 1673 et
1605 1618 1877 1689 Augustus
1907 1617 2106 1672 meruit

543 1716 863 1785 nuncupari.
894 1715 1028 1772 Cum
1071 1727 1251 1772 autem
1294 1734 1512 1788 equum,
1544 1733 1712 1787 quem,
1739 1718 1879 1771 inter
1908 1724 2102 1784 caetera

542 1804 762 1859 donaria
793 1815 979 1862 sancto
1029 1808 1250 1863 miserat
1292 1809 1542 1874 Martino,
1577 1808 1844 1863 redimere
1886 1815 2100 1861 centum

540 1895 680 1950 datis
709 1897 892 1953 solidis
930 1899 1278 1963 decrevisset,
1313 1915 1411 1953 nec
1435 1900 1520 1953 ille
1553 1899 1664 1952 ullo
1700 1901 1859 1953 modo
1889 1914 2009 1953 eum
2040 1898 2106 1953 de

539 1986 658 2042 Ioco
701 2002 916 2044 movere
958 1997 1169 2059 posset;
1208 1989 1342 2044 alios
1381 1999 1597 2044 centum
1643 1990 1756 2043 dari
1791 1990 2106 2060 praecipiens

541 2075 719 2130 taliter
751 2075 906 2130 inﬁt:
945 2095 964 2128 ‹
994 2077 1223 2134 Sanctus
1254 2077 1517 2132 Martinus
1557 2078 1730 2132 bonus
1779 2078 1832 2132 in
1880 2077 2102 2144 auxilio,

540 2166 634 2220 sed
681 2181 841 2223 carus
892 2169 1133 2224 noscitur
1175 2168 1292 2224 fore
1350 2170 1403 2224 in
1463 2169 1656 2240 pretio.
1687 2187 1704 2220 ι
1757 2168 1872 2223 Rex
1923 2170 2106 2239 itaque

541 2268 764 2329 recepto
795 2275 932 2329 equo
963 2276 1201 2332 paceque
1232 2277 1328 2338 per
1367 2260 1653 2316 circuitum
1687 2258 1828 2314 facta
1861 2258 2104 2316 Parisius

540 2349 748 2418 regredi
761 2358 863 2404 tur.
1251 2344 1254 2347 ’

1097 2466 1321 2523 CAPUT
1369 2466 1556 2523 XXIII.

573 2551 651 2608 De
673 2551 944 2609 Chararici
981 2557 1301 2628 regis_morte
1333 2570 1378 2612 et
1413 2575 1587 2628 pugna
1618 2556 1859 2612 Clodovei
1889 2565 2069 2614 contra

515 2641 518 2643 λ
1099 2625 1537 2697 ΒαῃηεεΙιανὶωἱι.

608 2716 960 2774 Chararicum
1003 2732 1139 2775 vero
1172 2734 1375 2792 regem,
1409 2718 1580 2790 (μή-εἱ
1606 2718 1874 2790 quondam
1916 2722 2106 2772 contra

541 2812 811 2884 Siagrium
851 2821 1153 2882 pugnaturo
1196 2813 1397 2867 auxilio
1433 2829 1552 2868 esse
1600 2814 1876 2876 debuerat,
1903 2818 1976 2876 et,
2003 2807 2107 2865 ﬁde

538 2904 708 2959 fracta
721 2919 779 2959 se
802 2904 1156 2975 subtrahens,
1172 2913 1445 2973 spectator
1460 2904 1771 2960 certaminis
1795 2903 1964 2975 magis
1988 2917 2108 2958 esse

539 2995 785 3050 voluerat
833 3009 992 3064 quam
1041 3005 1348 3066 pugnator,
1403 3004 1462 3050 ut
1509 2995 1716 3050 scilicet
1766 2996 2106 3065 postmodum

538 3085 762 3139 victoris
783 3092 1100 3155 sequeretur
1129 3095 1330 3154 partes,
1357 3085 1659 3141 Clodoveus
1690 3101 1810 3153 cum
1846 3085 1954 3140 lilio
1985 3085 2108 3140 dolo

2206 1157 2348 1221 cidi,
2396 1156 2768 1225 improperans
2815 1153 2863 1208 ei
2903 1153 3044 1222 quod
3093 1168 3197 1205 non
3242 1149 3464 1210 ferendo
3510 1146 3771 1201 auxilium

2206 1246 2364 1300 fratri
2408 1246 2747 1316 permisisset
2790 1259 2848 1298 se
2879 1252 2933 1298 et
2975 1243 3122 1314 illum
3162 1243 3390 1312 turpiter
3421 1238 3618 1293 teneri.
3651 1235 3773 1290 Pari

2205 1339 2366 1392 etiam
2405 1338 2565 1392 modo
2597 1337 2792 1391 multos
2820 1344 3102 1406 parentum
3130 1325 3349 1392 suorum
3381 1332 3498 1389 neci
3525 1330 3774 1396 tradidit,

2207 1431 2599 1498 thesaurosque
2628 1443 2814 1482 eorum
2841 1426 3080 1491 abstulit,
3107 1441 3174 1481 ne
3200 1426 3320 1496 quis
3343 1433 3660 1478 remaneret
3685 1423 3776 1491 qui

2206 1518 2449 1572 insidiari
2492 1533 2660 1586 regno
2703 1517 2820 1586 ejus
2855 1516 2936 1571 vel
2971 1517 3092 1571 vita:
3127 1522 3326 1586 posset.
3370 1513 3504 1568 Nam
3547 1508 3775 1566 fratrem

2205 1608 2586 1680 Ragnetharii,
2615 1607 2979 1678 Rignemirum
3009 1605 3130 1680 [al.,
3164 1601 3506 1676 Ricimirum]
3533 1602 3775 1668 nomine,

2205 1717 2365 1772 quem
2394 1703 2699 1755 adverterat
2739 1699 2889 1770 regni
2921 1699 3256 1770 cupidiorem
3279 1738 3293 1763 ,
3337 1697 3522 1752 missis
3570 1694 3778 1751 satelli-

2208 1792 2348 1846 tibus
2377 1792 2515 1861 apud
2548 1789 2978 1845 Cenomanorum
3015 1790 3203 1844 urbem
3245 1789 3357 1842 vita
3385 1786 3591 1858 privari
3627 1785 3773 1840 fecit.

2139 1861 2365 1937 BUnde
2413 1897 2520 1936 una
2587 1880 2798 1937 dierum
2859 1881 3162 1935 astantibus
3232 1878 3383 1949 regni
3444 1877 3779 1948 primoribus

2207 1976 2409 2031 dixisse
2437 1976 2640 2029 fertur:
2672 1993 2688 2026 ι
2722 1973 3062 2039 Parentibus,
3088 1973 3524 2042 inquit,orbatus
3540 1971 3774 2038 cunctis,

2206 2067 2502 2137 periculum
2544 2067 2650 2122 mei
2695 2066 3022 2137 pertimesco
3063 2065 3286 2134 capitis,
3327 2064 3454 2118 dum
3497 2063 3776 2116 neminem

2205 2159 2433 2214 habeam
2466 2158 2822 2228 propinquum
2863 2171 2998 2210 meae
3025 2154 3301 2210 custodem
3325 2152 3535 2206 salutis.
3569 2169 3589 2202 ι
3625 2150 3778 2220 Quod

2205 2249 2425 2319 quidam
2457 2247 2744 2302 calumniae
2784 2260 2946 2301 causa
2986 2245 3191 2300 dictum
3237 2242 3687 2305 aestimaverunt,
3731 2239 3779 2293 si

2203 2342 2346 2416 forte
2375 2342 2659 2413 quisquam
2683 2339 2925 2410 prodiret
2953 2339 3043 2408 qui
3074 2352 3132 2393 se
3161 2336 3274 2407 regi
3303 2335 3567 2403 sanguine
3596 2332 3782 2403 proxi-

2205 2449 2351 2490 unum
2376 2441 2661 2488 assereret.
2680 2430 2988 2486 Proditores
3002 2443 3129 2484 vero
3151 2426 3541 2496 Ragnecharii,
3559 2424 3780 2496 cognito

2207 2527 2495 2596 depravata
2548 2523 2715 2578 fuisse
2754 2523 2892 2577 dona
2930 2535 3050 2591 qua:
3082 2527 3402 2588 acceperant
3455 2515 3783 2586 proditionis

2208 2616 2401 2686 gratia,
2427 2614 2696 2670 Clodoveo
2715 2611 2987 2682 querelam
3020 2609 3344 2665 detulerunt.
3375 2605 3584 2673 Quibus
3607 2604 3782 2673 inquit

2142 2711 2144 2713 ’
2206 2709 2547 2764 Clodoveus:
2588 2705 2828 2776 «Ingrati
2863 2703 2995 2759 estis
3039 2701 3317 2758 beneﬁciis
3354 2700 3509 2755 vobis
3542 2697 3781 2762 collatis.

2207 2798 2343 2857 Nam
2373 2800 2592 2871 quantis
2631 2797 2835 2867 putatis
2870 2796 3067 2852 debere
3110 2794 3331 2849 interire
3367 2791 3653 2862 suppliciis
3689 2791 3782 2860 qui

2211 2893 2429 2947 domino
2457 2907 2555 2946 suo
2595 2898 2846 2944 auctores
2876 2894 3001 2942 sunt
3032 2884 3256 2941 mortis?
3292 2882 3450 2938 Abite
3485 2883 3672 2952 potius
3715 2879 3783 2936 ad

2208 2983 2445 3053 propria,
2470 2981 2806 3049 suiIiciatque
2832 2979 2981 3033 vobis
3003 2977 3114 3048 ipsa
3141 2977 3357 3046 indigna
3383 2990 3487 3044 qua
3519 2973 3766 3028 fruimini

2213 3076 2339 3128 vita.
2374 3072 2486 3126 »11ιὶ
2518 3071 2940 3142 indignationem
2959 3067 3216 3140 principis
3244 3066 3404 3122 veriti
3432 3067 3500 3121 ad
3525 3080 3626 3122 sua
3654 3072 3781 3120 sunt

539 3174 704 3244 cepit,
736 3182 811 3239 et,
831 3172 1145 3243 tonderif'eos
1170 3174 1396 3240 faciens,
1412 3183 1621 3250 patrem
1650 3177 1864 3247 quidem
1889 3175 2108 3246 presby-

2216 3163 2519 3220 habitacula
2549 3163 2774 3220 reversi.

542 3274 742 3329 terum,
768 3263 935 3318 tilium
972 3274 1149 3321 autem
1173 3267 1456 3321 diaconum
1483 3268 1719 3322 ordinari
1740 3267 1925 3336 jussit.
1948 3263 2109 3323 Cum-

543 3369 648 3422 que
680 3353 1002 3409 Cliararicus
1032 3364 1348 3411 causaretur
1381 3372 1480 3425 pro
1509 3358 1590 3412 sui
1616 3357 2014 3422 humiliatione,
2047 3359 2109 3413 ﬂ-

541 3447 647 3502 iius
682 3446 750 3500 ad
790 3461 955 3500 eum:
999 3464 1018 3499 ι
1058 3446 1172 3512 Hae,
1203 3448 1412 3516 inquit,
1459 3447 1678 3503 frondes
1720 3449 1964 3519 (barbam
2011 3453 2110 3504 de-

541 3538 874 3610 monstrans)
910 3555 939 3594 a
970 3555 1180 3595 summo
1221 3541 1427 3595 vertice
1472 3540 1523 3594 in
1554 3541 1708 3595 viridi
1740 3541 1882 3610 ligno
1919 3541 2111 3594 decisae

541 3635 654 3689 cito
697 3641 1066 3692 evanescent.
1095 3630 1633 3711 Utinamet'auctor-
1659 3632 1815 3702 hujus
1847 3632 1979 3694 facti
2003 3641 2108 3687 tam

540 3725 802 3782 velociter
820 3728 1036 3797 pereat!
1072 3747 1091 3780 ι
1127 3727 1281 3805 Quod
1308 3729 1529 3782 verbum
1560 3728 1648 3782 ubi
1695 3726 1997 3782 nuntiatum
2031 3734 2112 3779 est

542 3816 828 3881 Clodoveo,
847 3818 1029 3873 statim
1057 3832 1149 3872 eos
1172 3817 1350 3888 gladio
1372 3818 1548 3886 puniri
1572 3818 1842 3888 praecepit,
1864 3828 2112 3887 regnum-

542 3922 647 3976 que
672 3922 1008 3977 eorumcum
1033 3908 1302 3964 thesauris
1325 3907 1583 3978 pervasit.
1613 3907 1739 3962 Post
1766 3908 1879 3962 lucc
1900 3907 2113 3978 paravit

543 4000 938 4070 expeditionem
972 4009 1155 4056 contra
1181 4001 1468 4070 quemdam
1509 4001 1721 4065 ducem,
1754 3999 1972 4062 nomine
2011 3997 2113 4050 Ra-

542 4090 894 4161 gnccharium
919 4131 933 4156 ,
966 4090 1106 4164 apud
1133 4089 1487 4146 Camaracum
1531 4091 1717 4144 urbem
1769 4101 2112 4144 commoran-

542 4195 674 4240 tem.
707 4182 878 4250 Quem
905 4184 1122 4253 quidem
1162 4183 1210 4238 ei
1241 4183 1519 4252 sanguinis
1551 4181 1784 4236 aliinitas
1815 4180 2112 4248 conjunxe-

541 4283 650 4338 rat,
676 4275 769 4329 sed
801 4290 1010 4329 morum
1042 4274 1358 4344 improbitas
1381 4272 1633 4327 infestum
1672 4272 1950 4327 reddebat.
1977 4270 2109 4324 Nam

536 4365 866 4419 obscenitati
903 4373 957 4418 et
993 4353 1218 4418 luxuriae
1245 4363 1611 4430 deditus,suis
1653 4362 1818 4416 etiam
1862 4361 2113 4416 omnibus

543 4461 666 4508 erat
719 4453 957 4509 odiosus.
1012 4451 1332 4507 Adsciverat
1393 4466 1607 4522 quoque
1666 4452 1767 4506 sibi
1823 4450 2109 4519 quemdam

543 4551 802 4613 spectatae
830 4544 911 4613 (ut
938 4543 1182 4615 putabat)
1215 4543 1514 4612 prudentiae
1559 4541 1879 4595 familiarem
1899 4580 1915 4606 ,
1945 4555 2108 4605 voca-
2141 4572 2189 4630 Β

543 4633 675 4689 bulo
708 4632 996 4688 Faronem.
1030 4633 1153 4701 Qui,
1182 4633 1402 4688 fallendi
1443 4632 1663 4698 artifex,
1693 4631 1763 4686 ita
1787 4647 1909 4684 eum
1934 4638 2113 4685 mente

543 4725 968 4793 abalienaverat,
996 4735 1082 4792 ut,
1115 4727 1160 4781 si
1193 4727 1320 4796 quid
1353 4726 1594 4782 muneris
1637 4725 1862 4794 quilibet
1889 4724 1934 4778 ei
1958 4723 2115 4778 oﬂ'er-

540 4826 667 4884 ret,
716 4816 771 4872 in
823 4815 1084 4871 sumendo
1110 4808 1187 4871 eo
1233 4816 1405 4885 ipsum
1437 4814 1756 4900 participem
1788 4813 2109 4876 ascisceret,

547 4926 567 4957 ι
602 4907 729 4969 sint,
763 4906 971 4971 dicens,
997 4906 1099 4961 ista
1127 4905 1257 4960 mihi
1280 4914 1334 4960 et
1359 4898 1650 4959 c'onsiliaro
1683 4918 1802 4958 meo
1830 4901 2050 4957 Faroni.
2087 4918 2106 4953 ι

542 4994 658 5051 Hac
697 4996 849 5052 ducis
891 4995 1103 5067 ignavia
1143 4996 1371 5066 permoti
1415 4994 1507 5064 qui
1549 4995 1602 5048 in
1650 4994 1765 5062 ejus
1807 4993 2114 5048 militabant

543 5083 690 5150 aula,
724 5083 973 5141 conferre
1003 5100 1189 5140 secum
1231 5091 1516 5153 cmperunt
1538 5097 1641 5152 qua
1672 5083 1883 5137 ratione
1899 5083 2039 5136 hanc
2079 5093 2111 5133 a

544 5189 605 5206 an
635 5185 971 5206 nnmnununno
1021 5176 1272 5206 :n:nn:nm
1346 5173 1559 5206 Ποαῖιιῖῆ
1606 5173 1748 5206 Διιῖπῆ
1798 5170 2111 5206 ἓηιηιινηιηῖα

2769 3269 2996 3328 CAPUT
3024 3269 3215 3326 XXIV.

2578 3391 2658 3446 De
2684 3398 2862 3445 sancto
2899 3389 3143 3446 Seuerino
3177 3396 3227 3442 et
3260 3386 3399 3441 aliis.

2278 3506 2434 3562 Hunc
2463 3520 2642 3577 regem
2675 3505 2788 3560 fere
2821 3519 2920 3574 per
2957 3519 3154 3558 annum
3185 3502 3501 3557 continuum
3529 3495 3687 3555 febre
3709 3496 3784 3552 la-

2209 3598 2493 3652 borantem
2541 3596 2623 3650 vir
2670 3595 2882 3650 Domini
2933 3593 3223 3649 Severinus
3265 3592 3379 3663 (qui
3428 3592 3482 3645 in
3531 3591 3787 3646 emnobio

2208 3686 2605 3756 Agaunensium
2645 3695 2945 3757 martyrum
2982 3693 3110 3740 tunc
3149 3691 3264 3739 erat
3311 3683 3481 3748 abbas
3506 3679 3786 3753 egregius)

2210 3780 2367 3833 abeo
2413 3779 2712 3834 accersitus
2750 3778 2914 3832 saluti
2959 3777 3221 3842 restituit,
3249 3789 3312 3829 ac
3351 3774 3699 3843 postmodum
3730 3772 3783 3826 in

2212 3872 2352 3935 luco,
2379 3871 2473 3940 qui
2494 3870 2746 3926 Castrum
2778 3869 3037 3925 Lantonis
3060 3869 3275 3931 dicitur,
3305 3863 3632 3922 laudabilem
3662 3862 3785 3917 vita

2209 3980 2426 4024 cursum
2449 3963 2727 4035 complens
2750 3961 3002 4032 migravit
3033 3960 3099 4014 ad
3131 3959 3438 4013 Dominum.

2279 4058 2485 4130 Agebat
2505 4072 2570 4111 eo
2591 4055 2646 4110 in
2675 4061 2915 4122 tempore
2936 4066 3120 4107 curam
3144 4045 3437 4118 imperialis
3459 4041 3783 4116 majestatis.

2211 4151 2501 4208 Anastasio
2527 4150 2813 4210 defuncto,
2856 4142 3103 4201 Justinus
3129 4140 3340 4195 Senior.
3382 4137 3443 4197 In
3479 4135 3640 4205 cujus
3681 4135 3784 4189 im-

2211 4241 2353 4313 perii
2380 4239 2648 4310 partibus,
2680 4237 2734 4291 in
2766 4232 2960 4290 Nursia
2989 4230 3198 4286 scilicet
3219 4227 3496 4298 provincia
3519 4266 3536 4291 ,
3566 4232 3787 4279 exortus

2212 4342 2324 4388 toto
2363 4332 2495 4386 orbe
2538 4326 2890 4399 venerandus
2939 4325 3049 4379 vita
3094 4330 3149 4377 et
3194 4319 3413 4375 nomine
3453 4315 3785 4372 Benedictus

2207 4423 2320 4492 jam
2367 4431 2496 4475 tunc
2535 4417 2770 4490 pueriles
2819 4415 3091 4485 attingens
3133 4425 3303 4465 annos
3330 4448 3347 4475 ,
3396 4422 3429 4462 a
3472 4403 3787 4478 parentibus

2214 4513 2414 4569 scholis
2439 4511 2741 4566 liberalium
2766 4510 3054 4578 deputatur
3078 4504 3302 4559 artium.
3325 4500 3631 4556 Romanam
3657 4512 3788 4581 quo.

2217 4619 2324 4673 que
2352 4600 2648 4657 Ecclesiam
2680 4607 2802 4668 post
2829 4595 3212 4668 Symmachum
3233 4590 3526 4646 Hormisda
3553 4586 3787 4657 suscepit

2216 4695 2530 4765 regendam.
2567 4691 2733 4760 Cujus
2771 4688 3102 4758 temporibus
3135 4700 3276 4756 saepe
3311 4684 3489 4738 dictus
3512 4696 3641 4745 rex,
3676 4679 3786 4751 glo-

2214 4787 2393 4843 riosus
2417 4784 2735 4846 Clodoveus,
2769 4780 2967 4836 direxit
2993 4778 3061 4832 ad
3091 4777 3232 4833 beati
3255 4775 3404 4829 Petri
3427 4771 3645 4837 limina,
3667 4770 3785 4825 bor-

2217 4889 2330 4936 tatu
2346 4877 2538 4934 summi
2557 4874 2801 4946 praesulis
2813 4871 3064 4941 Remigii,
3090 4869 3247 4939 regiae
3265 4865 3548 4937 dignitatis
3569 4875 3785 4919 auream

2218 4985 2477 5026 coronam
2527 4967 2755 5038 gemmis
2812 4961 3223 5034 pretiosissimis
3289 4958 3632 5028 insignitam.
3675 4953 3786 5021 Quo

2216 5066 2363 5121 facto
2394 5070 2642 5132 patenter
2677 5058 2929 5115 ostendit.
2951 5071 3008 5111 se
3041 5055 3152 5109 Deo
3191 5067 3298 5109 non
3335 5051 3455 5104 fore
3489 5049 3784 5118 ingratum,

2215 5153 2450 5206 dumrad
2487 5155 2656 5206 iusius
2690 5147 2917 5206 apostoli
2953 5143 3260 5206 sepulcrum
3297 5139 3512 5206 insigne
3554 5137 3786 5191 mitteret
