4044 5428
276 312 370 369 661

1315 321 1631 379 HISTORIA
1672 325 2114 388 FBANCORUM.
2149 368 2217 377 ——
2258 337 2378 393 LIB.
2413 338 2476 394 Il.

3439 342 3546 398 662

276 430 571 524 ωυξθξειῐυβ
608 437 822 524 fma“)?
853 432 1076 498 domus.
1101 447 1201 489 nec
1236 433 1416 489 Ninus
1449 435 1686 497 basilice
1729 455 1856 510 ἱινο·
1889 449 1934 508 Α
1965 461 2190 515 poscere
2220 450 2554 522 suffragium.
2591 452 3070 524 Appropinquante
3105 462 3289 509 autem
3317 455 3404 510 die
3433 466 3546 512 sta-

277 522 395 578 steli
415 523 563 579 Petri
590 521 843 580 devotus.

849 618 1078 676 CAPUT
1127 621 1294 676 XXV.

557 709 638 764 De
665 720 967 765 termmotu
989 721 1035 765 et
1060 712 1302 767 Clodovci
1324 715 1573 770 transitu.

345 797 440 854 [Iis
483 801 650 856 etiam
696 802 890 855 diebus
933 802 1072 870 apud
1118 803 1381 858 Viennam
1425 804 1613 860 Galliae
1667 806 1859 860 urbem

273 891 570 946 multorum
603 893 797 946 domus
831 892 990 946 simul
1027 901 1082 946 et
1113 893 1354 948 ecclesia:
1379 903 1691 949 terraemotu
1726 911 1858 951 con-

273 996 442 1036 cussa:
465 981 806 1037 ceciderunt.
832 982 887 1036 ln
913 983 1152 1053 paschali
1179 999 1306 1039 vero
1331 984 1647 1051 festivitate,
1665 986 1864 1042 beatis-

272 1073 409 1128 simo
433 1073 698 1130 Mamerto
730 1073 970 1144 ejusdem
996 1077 1146 1130 urbis
1169 1077 1421 1147 episcopo
1451 1080 1746 1134 missarum
1775 1095 1862 1134 so-

273 1167 472 1222 lemnia
501 1169 836 1236 celebrante,
875 1172 1135 1241 palatium
1170 1173 1374 1244 regale,
1401 1175 1542 1243 quod
1589 1175 1641 1228 in
1671 1174 1860 1229 eadem

271 1271 389 1316 erat
424 1264 679 1327 civitate,
722 1264 932 1320 cmlesti
976 1276 1380 1321 concrematam
1410 1276 1494 1321 est
1539 1266 1680 1337 igne.
1724 1265 1860 1336 Lupi

272 1352 580 1422 quoquevel
605 1355 739 1418 ursi,
755 1355 905 1410 silvis
919 1355 1148 1428 profugi,
1163 1357 1337 1412 eidem
1357 1356 1562 1410 civitati
1580 1356 1850 1411 innumeri

271 1454 557 1514 coeperunt
587 1461 709 1501 esse
737 1446 938 1512 ittfesii,
964 1449 1098 1502 adeo
1131 1458 1206 1512 ut,
1235 1449 1525 1504 multorum
1551 1447 1854 1504 lacerantes

273 1549 532 1604 corpora,
573 1538 798 1607 propria
834 1553 928 1594 eos
969 1549 1223 1610 cogerent
1255 1540 1506 1596 deserere
1532 1540 1859 1595 habitacula.

275 1621 426 1678 Unde
473 1637 816 1681 memoratus
854 1629 1142 1694 sacerdos,
1197 1630 1518 1684 adveniente
1570 1631 1863 1686 Dominica:

270 1714 628 1774 Ascensionis
659 1717 748 1774 die
785 1718 923 1774 festo
943 1761 957 1786 ,
996 1730 1294 1777 convocato
1319 1723 1518 1792 populo
1542 1723 1866 1796 praemonuit

269 1821 427 1880 agere
462 1810 779 1876 triduanum
813 1812 1600 1894 jejunium,acomnipotentis
1635 1817 1730 1873 Dei
1767 1832 1862 1873 ex.
1894 1813 1938 1871 B

1967 547 2100 603 tuto,
2135 544 2390 598 convenit
2427 544 2846 614 omnispolmlus
2875 546 2938 600 ad
2957 546 3237 601 ecclesiam
3262 561 3383 600 cum
3418 562 3548 618 gau-

1965 633 2054 688 dio
2080 633 2298 689 litanias
2323 653 2606 707 peragens,
2643 656 2765 694 cum
2798 640 3051 694 triduano
3074 639 3303 708 jejunio.
3338 641 3550 696 Exinde

1965 722 2364 791 pulcherrimus
2428 727 2480 780 in
2532 738 2719 783 sancta
2775 729 3068 784 universali
3128 730 3369 785 Ecclesia
3427 746 3546 786 mos

1968 811 2211 878 inolevit,
2239 823 2318 879 ut,
2352 831 2568 886 quoque
2599 819 3083 874 terrarumChristi
3121 821 3252 875 ﬁdes
3297 819 3552 875 diffundi-

1967 912 2074 968 tur,
2101 921 2129 960 a
2160 908 2370 963 cunctis
2401 909 2644 965 fidelibus
2673 910 2754 965 har
2792 910 2993 966 litanize
3025 927 3147 967 cum
3183 911 3550 968 exsultatione

1963 1008 2314 1068 peraguntur.

2037 1087 2206 1144 Porro
2235 1090 2466 1161 inclytus
2488 1089 2817 1157 Clodovens,
2849 1109 2942 1149 rex
2971 1094 3339 1160 Francorum,
3373 1103 3552 1150 metas

1965 1180 2325 1237 sibiattrilmti
2341 1182 2613 1252 attingens
2635 1185 2758 1248 aevi,
2775 1184 3057 1239 defunctus
3078 1194 3177 1249 est,
3196 1200 3338 1238 anno
3361 1185 3552 1254 quinto

1965 1283 2250 1343 postquam
2289 1274 2565 1329 Alaricum
2611 1291 2788 1345 regem
2823 1275 3125 1331 Gothorum
3177 1274 3552 1341 interfecerat,

1965 1374 2019 1419 et
2059 1366 2110 1420 in
2153 1365 2374 1421 basilica
2404 1366 2577 1422 sancti
2620 1365 2802 1431 Petri,
2851 1382 3012 1436 quam
3055 1367 3170 1436 ipse
3207 1377 3396 1438 rogatu
3441 1383 3553 1423 sua:
3618 1395 3632 1404 ~

1966 1457 2211 1527 conjugis
2243 1457 2623 1524 fabricaverat,
2658 1457 2903 1528 sepultus
2931 1466 3034 1512 est.
3069 1456 3337 1529 Regnavit
3369 1467 3550 1512 autem

1965 1551 2124 1606 annis
2156 1565 2262 1604 xxx
2283 1589 2298 1616 ,
2330 1550 2642 1620 relinquens
2677 1559 2909 1620 quatuor
2932 1549 3070 1606 ﬁlios
3098 1550 3249 1618 regni
3286 1549 3552 1605 hteredes.

1967 1643 2010 1694 A
2048 1642 2278 1696 transitu
2304 1657 2433 1696 vero
2467 1642 2644 1697 sancti
2686 1641 2906 1696 Martini
2941 1656 3111 1712 usque
3141 1641 3210 1695 ad
3259 1641 3550 1696 transitum

1969 1733 2134 1804 ipsius
2162 1733 2411 1791 Clodovci
2439 1733 2581 1805 regis
2605 1742 2987 1805 computantur
3014 1733 3138 1788 anni
3164 1747 3294 1787 cxu.

1592 1928 1819 2000 Explicit
1859 1927 1989 1989 liber
2025 1928 2246 2000 primus.

1162 2127 1628 2220 INCIPIT
1702 2124 2064 2219 LIBER
2147 2121 2798 2214 SECUNDUS.

786 2361 1012 2418 CAPUT
1052 2361 1341 2418 PRIMUM.

270 2452 344 2507 De
371 2453 518 2524 regni
554 2449 888 2508 Francorum
928 2456 1063 2510 inter
1102 2456 1242 2526 ﬁlios
1275 2455 1522 2512 Clodovci
1557 2458 1857 2529 partitione.

340 2542 511 2610 Igitur
536 2553 776 2613 quatuor
799 2543 893 2598 lilii
923 2543 1174 2599 Clodovci
1193 2587 1208 2610 ,
1234 2545 1636 2614 Theodericus,
1669 2549 1863 2603 Clodo-

271 2633 467 2698 mirus,
498 2632 888 2691 Cbildebertus
923 2644 1087 2705 atque
1115 2636 1424 2704 Clotarius,
1463 2653 1691 2710 regnum
1720 2639 1864 2694 inter

273 2737 332 2776 se
360 2738 517 2792 azqua
553 2723 711 2778 lance
736 2725 1000 2781 dividunt.
1037 2727 1103 2782 Et
1136 2727 1507 2787 Theodericus
1535 2731 1750 2800 quidem
1779 2747 1857 2788 se-

275 2814 396 2867 dem
424 2816 580 2884 regni
608 2817 831 2871 sortitus
853 2829 935 2874 est
960 2818 1140 2884 Metis,
1162 2821 1504 2877 Clodumirus
1526 2823 1863 2887 Aurelianis.

276 2903 553 2963 Cletarius
593 2905 932 2976 Suessionis,
965 2911 1344 2970 Childebertus
1373 2913 1638 2983 Parisios,
1674 2931 1780 2985 quo
1809 2924 1864 2971 et

277 3008 431 3068 pater
455 3015 673 3055 eorum.
707 3001 822 3069 Quo
847 3011 1088 3074 tempore
1132 3007 1508 3062 sanctissimus
1533 3024 1670 3079 papa
1699 3007 1866 3063 Joan-

1965 2359 2172 2418 musica
2189 2358 2257 2416 ab
2279 2373 2345 2414 eo
2361 2357 2643 2425 translata,
2669 2365 2724 2414 et
2747 2355 3066 2414 Latinorum
3088 2355 3408 2428 jamdudum
3435 2372 3559 2415 eam

1967 2449 2391 2506 desiderantium
2435 2449 2656 2504 auribus
2693 2447 3089 2504 delectabiliter
3137 2447 3336 2502 infusa.
3383 2447 3554 2503 Porro

1966 2543 2210 2613 ejusdem
2232 2541 2300 2596 de
2323 2547 2523 2596 sanctae
2546 2538 2826 2594 Trinitatis
2849 2539 3561 2595 consubstantialitateliber

1967 2633 2170 2705 liquido
2196 2634 2431 2690 ostendit
2453 2649 2616 2704 quam
2638 2633 2872 2688 eximius
2901 2649 3021 2699 suo,
3055 2633 3100 2688 si
3133 2632 3391 2697 licuisset,
3419 2642 3553 2687 tem-

1972 2741 2104 2796 pore
2135 2734 2335 2780 sanctae
2385 2724 2631 2780 ecclesias
2681 2723 2905 2780 colonus
2947 2724 3266 2780 exstitisset.
3311 2723 3560 2780 Theodo-

1973 2817 2122 2871 ricus
2167 2825 2348 2869 autem
2386 2823 2495 2868 tam
2537 2813 2793 2869 immanis
2838 2813 3063 2869 sceleris
3096 2814 3280 2869 statim
3319 2813 3556 2883 pretium

1969 2906 2088 2962 luit.
2120 2904 2363 2976 Namque
2385 2947 2400 2973 ,
2432 2905 2781 2976 nonagesimo
2809 2913 3001 2960 octavo
3030 2914 3151 2976 post
3190 2905 3292 2960 hoc
3339 2905 3553 2960 facinus

1973 2999 2080 3065 die,
2115 2999 2290 3054 subita
2317 3008 2492 3059 morte
2537 2999 2827 3057 defunctus
2864 2997 3140 3070 indignam
3186 2999 3353 3054 vitam
3392 2999 3556 3070 digno

279 3107 393 3160 nes,
422 3093 517 3164 qui
546 3093 848 3150 Ilormisda:
868 3106 1224 3163 successerat,
1249 3097 1769 3168 Constantinopolim
1797 3100 1864 3154 ad
1892 3085 1937 3149 C
1968 3092 2115 3146 exitu
2153 3092 2345 3146 ﬁnivit.
2383 3090 2548 3160 Cujus
2581 3092 2819 3145 animam
2848 3090 3068 3160 quidem
3093 3090 3390 3157 solitarius,
3415 3091 3559 3161 apud

279 3183 668 3251 imperatorem
699 3183 970 3241 Justinum
1003 3197 1087 3244 est
1131 3187 1441 3257 profectus,
1475 3205 1504 3243 a
1531 3189 1866 3246 Theoderico

275 3273 582 3330 Gothorum
610 3291 737 3346 rege
764 3277 979 3333 missus.
1017 3278 1261 3335 Justinus
1295 3294 1531 3351 namque
1569 3282 1865 3352 Augustus,

276 3381 396 3420 cum
427 3377 582 3422 esset
607 3369 691 3421 vir
728 3368 832 3423 fide
852 3369 1176 3436 catholicus,
1203 3371 1487 3428 haereticos
1518 3373 1862 3444 impugnans,

276 3455 544 3511 ecclesias
579 3472 768 3512 eorum
805 3460 1122 3517 orthodoxis
1162 3461 1596 3529 condonaverat,
1636 3464 1866 3520 consilio

277 3550 572 3605 memorati
642 3567 792 3622 papa:
858 3569 1008 3608 usus.
1071 3554 1412 3626 Quapmpter
1466 3555 1863 3622 Theodericus,

275 3642 498 3697 Arianae
523 3642 769 3699 existens
788 3645 1102 3715 .jhatreseos,
1131 3662 1254 3703 eum
1280 3662 1404 3704 cmn
1433 3647 1552 3703 aliis
1581 3647 1866 3704 catholicis

276 3734 410 3788 viris
438 3734 512 3788 ad
544 3735 931 3804 imperatorem
983 3738 1200 3805 direxit,
1250 3740 1517 3795 mandans
1557 3741 1732 3809 quod,
1764 3740 1865 3796 nisi

274 3829 498 3887 Arionis
529 3828 786 3889 Ecclesia:
816 3831 1192 3899 redderentur,
1221 3842 1476 3887 cunctmn
1505 3831 1670 3888 Italia:
1691 3847 1867 3902 popu-

276 3917 386 3972 lum
417 3916 607 3987 gladio
645 3920 1373 3992 percutiens,exstingueret.
1408 3919 1644 3977 Sanctus
1682 3931 1863 3975 autem

276 4011 536 4074 antistes,
583 4018 644 4062 ut
681 4020 799 4064 erat
840 4009 1154 4082 languidus,
1191 4013 1294 4067 iter
1342 4013 1611 4082 arripiens
1652 4012 1867 4082 navigio

276 4098 809 4170 Constantinopolim
863 4112 944 4157 est
994 4113 1234 4159 evectus.
1275 4103 1528 4160 Occurrit
1575 4115 1755 4160 autem
1812 4105 1863 4160 ei

273 4191 558 4261 Augustus
582 4201 637 4246 et
658 4193 834 4248 omnis
853 4194 1090 4250 civitatis
1112 4195 1310 4260 clerus,
1335 4197 1605 4267 gaudente
1625 4196 1868 4267 principe

274 4285 588 4354 suscepisse
619 4298 678 4338 se
708 4284 762 4338 in
801 4285 945 4354 regia
977 4286 1196 4341 civitate
1221 4286 1533 4357 pontificem
1559 4288 1702 4342 sedis
1731 4301 1866 4356 apo-

261 4376 507 4451 gstolicai.
552 4375 831 4432 Peroratis
881 4394 1009 4450 ergo
1053 4395 1153 4450 pro
1188 4379 1383 4449 quibus
1423 4379 1565 4435 ierat
1600 4388 1656 4434 et
1696 4379 1880 4450 impe-‘

275 4470 460 4532 iratis,
494 4469 598 4538 ipsi
625 4468 840 4525 Justino
867 4471 1130 4544 Augusto,
1163 4481 1224 4526 ut
1253 4473 1488 4528 vicarius
1524 4472 1666 4527 beati
1695 4471 1864 4538 Petri,

273 4559 623 4630 imperialem
653 4561 908 4632 imposuit
926 4578 1210 4628 coronam,
1237 4571 1321 4627 et,
1343 4572 1561 4632 accepta
1588 4561 1866 4619 remeandi

269 4653 792 4720 licentia,reversus
819 4664 896 4710 est
921 4655 1259 4715 Ravennam,
1278 4655 1448 4722 Quem
1474 4655 1869 4724 Theodericus,

267 4761 335 4802 eo
367 4747 522 4817 quod
556 4747 806 4801 audierat
829 4763 950 4802 eum
981 4749 1052 4804 ab
1088 4749 1340 4819 Augusto.
1363 4749 1660 4804 honorifice
1682 4764 1866 4805 susce-

265 4850 465 4912 ptum,
487 4839 696 4894 diutina
719 4840 962 4894 custodia
985 4849 1343 4905 maceratum,
1363 4841 1585 4911 jejuniis
1617 4857 1680 4897 ac
1707 4856 1873 4910 squa-

265 4931 386 4986 lore
411 4931 660 4986 carceris
692 4928 969 4998 alllictum,
1002 4932 1251 4990 ultimum
1281 4933 1456 5002 coegit
1478 4933 1736 4988 exhalare
1757 4934 1871 5004 spi-

267 5025 465 5078 ritum.
496 5021 598 5089 Qui
628 5022 888 5078 deﬁciens
920 5025 1157 5079 animam
1199 5023 1418 5079 Christo
1453 5035 1662 5097 martyr
1690 5026 1870 5081 reddi-

265 5116 366 5169 dit.
394 5114 555 5169 Alios
594 5129 812 5185 quoque
846 5115 1084 5184 quicum
1125 5132 1192 5172 eo
1224 5115 1459 5182 fuerant,
1506 5119 1705 5189 partim
1743 5134 1871 5188 igne

267 5207 536 5234 Α-Α-ιιηηι-ῘΩ
597 5206 800 5234 οιΑ-..τηε
834 5208 994 5234 ,Ωιι-εἶξα·-
1023 5207 1202 5234 -Μιςξη
1234 5206 1502 5234 ξιιοιιιιθΛΑἷο
1557 5209 1701 5234 ..ι-ΙΑ-
1729 5223 1866 5234 ιιι-Α-

1968 3183 2220 3253 Liparam
2253 3199 2476 3238 manens
2504 3181 2767 3247 insulam,
2800 3182 2957 3248 vidit,
2977 3180 3118 3236 inter
3147 3180 3556 3237 sanctissimum

1969 3290 2163 3348 papam
2200 3273 2555 3344 Joanncmet
2589 3273 2979 3346 Symmachum
3021 3288 3088 3328 ex
3141 3273 3362 3329 consule
3391 3272 3562 3328 dedu-

1969 3376 2134 3436 ctam,
2155 3369 2206 3422 in
2226 3367 2450 3424 Vulcani
2476 3369 2714 3440 demergi
2735 3367 2918 3435 ollam,
2936 3383 3001 3424 eo
3021 3369 3138 3425 loco
3159 3368 3411 3423 vicinam.
3430 3364 3563 3434 Qua:

1969 3461 2090 3518 ideo
2121 3446 2201 3518 sic
2233 3461 2449 3527 dicitur,
2475 3461 2618 3531 quod
2642 3461 2775 3517 inibi
2803 3469 3320 3530 manere,tanquam
3348 3473 3561 3513 aeneum

1969 3569 2096 3620 vas,
2143 3553 2414 3609 fervescat
2450 3555 2517 3608 ab
2548 3554 2690 3624 igne.
2724 3553 2838 3608 [loc
2865 3555 3026 3610 modo
3064 3553 3225 3623 periit
3261 3551 3566 3608 Theoderi-

1971 3661 2090 3712 cus,
2122 3646 2286 3702 homo
2323 3645 2377 3700 in
2413 3645 2525 3700 suis
2554 3645 2727 3700 initiis
2771 3643 3562 3716 honestispellenssutoribus.

1970 3736 2232 3793 Romanis
2262 3737 2464 3792 ctenim
2510 3738 2763 3806 primitus
2813 3739 3108 3808 quotannis
3147 3737 3213 3791 ad
3254 3734 3561 3790 subsidium

1971 3831 2286 3888 conferebat
2317 3831 2481 3886 tritici
2524 3840 2758 3887 centum'
2779 3833 2971 3903 viginti
3012 3832 3180 3888 millia
3226 3830 3559 3887 modiorum.

1972 3923 2075 3990 Qui
2100 3923 2324 3978 veniens
2356 3923 2422 3979 ad
2450 3930 2727 3986 extrema,
2759 3932 2817 3978 ut
2849 3938 2913 3978 ex
2955 3922 3328 3993 superioribus
3371 3928 3562 3991 patet,

1973 4014 2169 4086 polluit
2216 4013 2424 4069 omnia.
2460 4012 2598 4068 Huic
2636 4013 2741 4067 fuit
2788 4013 2842 4067 in
2884 4013 3136 4084 conjugie
3176 4011 3364 4082 juncta
3404 4026 3564 4068 soror

1971 4107 2227 4164 Clodovci
2247 4105 2585 4160 Francorum
2620 4105 2784 4176 regis,
2819 4103 3040 4159 nomine
3071 4102 3385 4160 Audelleda.
3417 4102 3562 4159 Suas

1969 4217 2188 4272 quoque
2232 4215 2452 4256 sorores
2492 4207 2586 4254 aut
2626 4199 2765 4254 ﬁlias
2808 4197 3179 4254 Theodericus
3224 4197 3564 4270 principibus

1967 4293 2474 4362 circumpositarum
2507 4293 2812 4348 sociaverat
2841 4292 3145 4346 nationum.
3170 4289 3280 4346 Nec
3301 4293 3422 4346 erat
3447 4290 3558 4346 ulla

1970 4398 2103 4456 gens
2149 4382 2325 4438 vicina
2357 4382 2552 4446 Italia),
2594 4381 2750 4452 cujus
2794 4397 2890 4436 rex
2921 4382 3040 4452 ejus
3084 4389 3231 4436 esset
3279 4379 3563 4437 aliinitatis

1971 4489 2185 4546 expers.
2209 4473 2367 4531 Nunc
2387 4483 2582 4544 empta:
2601 4473 2845 4529 ordinem
2868 4487 3266 4543 prosequamur
3285 4471 3560 4530 Historiae.

2596 4561 2823 4620 CAPUT
2860 4563 2926 4618 ll.

2075 4655 2154 4716 De
2174 4655 2307 4712 bello
2328 4655 2464 4711 inter
2493 4654 2687 4725 fratres
2717 4653 2780 4708 ob
2804 4654 3109 4709 divisionem
3142 4655 3288 4724 regni
3318 4663 3457 4710 orto.

2044 4749 2229 4805 Diviso
2275 4747 2690 4818 quadrifariam,
2740 4754 2800 4800 ut
2846 4761 3010 4814 supra
3055 4743 3406 4815 praelibatum
3451 4749 3566 4806 est,

1972 4857 2161 4912 regno,
2213 4839 2606 4909 aliquantisper
2655 4850 2798 4894 saeva
2848 4835 3118 4896 bellorum
3173 4834 3450 4903 quievere
3493 4831 3577 4882 ir.-

1971 4933 2186 4990 cendia.
2229 4931 2370 4986 Dani
2418 4945 2570 4996 vero,
2615 4944 2750 5000 gens
2790 4925 3215 4997 inquietissima,
3249 4918 3588 4983 conscensis

1971 5023 2387 5099 quampluribus
2416 5022 2679 5087 navibus,
2713 5019 2854 5074 lines
2889 5019 3044 5088 regni
3073 5013 3438 5076 Theoderici
3459 5006 3601 5074 Veil-‘3

1972 5118 2204 5191 ingressi
2238 5117 2658 5188 depOpulantur.
2688 5113 2893 5167 Contra
2921 5124 3060 5179 quos
3094 5105 3492 5191 supradictus
3522 5108 3613 5191 rex.

1973 5181 2144 5234 ull...
2185 5181 2340 5234 mnu;
2381 5181 2820 5234 ;l‘l.nn.4nluunhnn
2869 5214 2994 5234 ιηιιη
3044 5190 3304 5234 ρπΩΙῚῒῘΙΙΙ
3388 5197 3512 5234 :Ilns
3553 5181 3620 5234 ad
