4044 5428
572 237 674 292 663

1582 320 1583 323 η
1654 243 1913 302 ΑΙΜΟΙΝΙ
1945 240 2245 302 MONAClll
2278 243 2765 307 FLOBIACENSIS

3714 233 3868 299 δα.

573 366 692 408 rum
716 335 879 423 atque
912 352 1347 421 Childebertum,
1382 371 1591 412 necnon
1624 342 1948 426 Clotarinm,
1974 364 2135 416 advo'
2166 362 2211 418 Α
2245 356 2382 429 fugae
2431 363 2684 431 przcsidio
2725 379 2785 421 se
2840 367 3206 424 committunt.
3257 369 3641 443 Sigismundus
3680 392 3818 439 vero

488 470 497 475 ο
572 459 736 510 cans,
780 444 879 499 hac
918 457 1013 499 eos
1047 444 1295 499 oratione
1330 445 1661 516 alloquitur:
1702 467 1719 500 ι
1765 449 2135 521 Omnipotens,

576 536 786 606 inquit,
819 536 982 590 totius
1018 536 1264 593 conditor
1291 551 1354 591 ac
1392 545 1570 593 rector
1610 539 1782 605 orbis,
1831 540 1993 607 Deus,
2044 556 2140 610 pa-

488 648 493 655 ·
579 630 716 682 terni
743 643 838 682 vos
868 628 987 682 ideo
1017 627 1180 682 voluit
1207 640 1328 685 esse
1350 630 1594 685 lueredes
1621 634 1771 703 regni
1799 645 1857 688 ut
1883 643 2139 691 maternae

488 752 493 759 -
572 735 670 776 vos
699 721 1065 779 constitueret.
1085 721 1324 776 vindices
1353 722 1581 791 injurize.
1619 723 1973 795 Quapropter,
2006 725 2139 782 dilc-
2178 800 2183 805 τ

486 832 491 837 ε
572 811 918 866 ctissimi‘lilii
943 851 957 873 ,
988 811 1218 867 feliciter
1250 813 1383 878 nati,
1415 812 1623 869 felicius
1652 815 1888 881 educati,
1922 816 1966 872 si
2000 816 2138 872 bene.

486 914 493 944 ι
567 900 961 967 quiddevobis
991 902 1284 971 promerui,
1312 903 1630 960 nlciseimini
1655 920 1855 974 quazso,
1883 907 2132 974 injustam
2176 898 2183 904 ’

566 992 737 1062 patris
770 992 1065 1062 matrisque
1100 1008 1234 1048 mea:
1264 992 1696 1049 infandissimam
1736 1010 1943 1051 necem.
1985 994 2133 1051 Gau-
2174 990 2183 997 ’

482 1115 488 1121 .
565 1083 742 1145 deam,
773 1080 1010 1151 inquam,
1055 1080 1153 1138 hos
1198 1098 1284 1139 me
1328 1085 1600 1140 cnutrisse
1636 1087 1869 1141 materni
1909 1102 2136 1144 exsecu-
2200 1090 2205 1097 ‘

484 1198 491 1211 ι
564 1181 711 1231 tores
732 1170 1194 1242 doloris,quorum
1226 1173 1520 1246 ingemisco
1543 1177 1749 1246 perisse
1778 1193 1929 1245 avos,
1954 1181 2131 1251 magni

561 1262 606 1316 si
633 1262 951 1319 adviverent
978 1273 1230 1322 auctores
1261 1266 1503 1322 honoris.
1536 1267 1721 1339 Neque
1751 1269 1948 1324 etenim
1977 1272 2129 1339 parvi

560 1354 839 1422 pen'lenda
862 1365 946 1410 est
966 1355 1117 1410 vobis
1145 1371 1307 1412 causa
1334 1372 1576 1412 mearum
1616 1358 1983 1428 querelarum,
2014 1360 2132 1429 qui-

562 1442 664 1497 bus
694 1444 920 1516 contigit
952 1455 1222 1501 tantorum
1246 1462 1437 1503 carere
1464 1450 1783 1519 patrociniis
1808 1451 2134 1522 propinquo-
2184 1456 2190 1461 ’

486 1574 493 1581 .
548 1536 705 1601 'rum,
735 1552 873 1606 quos
896 1538 1047 1593 vobis
1068 1539 1287 1596 abstulit
1310 1541 1511 1597 inimici
1537 1550 1687 1597 atrox
1709 1541 1932 1609 invidia,
1955 1544 2132 1614 prius-

494 1664 499 1671 .
561 1641 723 1695 quam
765 1624 927 1698 hujus
979 1629 1103 1684 vita:
1155 1630 1507 1701 percipcrctis
1554 1632 1935 1688 oblectamina.
1990 1634 2129 1702 Quid

2241 463 2360 503 cum
2392 453 2609 509 tutelam
2643 465 2948 512 sanctorum
2971 460 3372 530 Agaunensium
3404 475 3702 537 martyrum
3736 466 3815 523 cf-

2242 547 2352 592 tato
2373 552 2648 609 expeteret
2675 561 2857 610 cursu,
2882 563 2913 604 a
2942 549 3267 616 Clodomiro,
3300 553 3635 610 Francorum
3664 574 3806 629 rege,

2239 630 2329 697 qui
2385 645 2507 709 cum
2558 633 3006 706 persequebatur,
3052 651 3241 710 captus
3288 652 3450 713 atque
3498 647 3811 703 Aureliauis

2237 722 2557 790 perductus,
2619 728 2825 781 carceri
2871 738 2955 783 est
3005 731 3361 801 mamipatus.
3411 733 3565 787 Tunc
3621 736 3809 792 beatus

2236 810 2446 879 Avitus,
2471 817 2559 886 qui
2588 817 2639 870 in
2675 820 2945 875 territorio
2967 822 3207 887 ejusdem
3247 826 3395 879 urbis
3430 826 3649 881 abbatis
3691 828 3809 885 funt

2236 905 2463 973 gehatur
2490 907 2683 973 ofiicio,
2720 926 2909 983 rogare
2955 913 3317 970 (Judontirum
3371 918 3542 987 carpit
3589 936 3657 973 ne
3701 933 3806 976 tam

2234 995 2548 1053 excellentis
2583 1000 2879 1056 nobilitatis
2930 1003 3267 1075 insignisque
3313 1007 3574 1064 bonitatis
3632 1011 3805 1066 virum

2236 1091 2352 1144 neci
2389 1094 2643 1148 traderet.
2676 1094 2828 1164 Quod
2872 1096 2960 1153 ille
3000 1100 3189 1154 audire
3216 1101 3549 1169 detrectans,
3588 1120 3715 1159 eum
3752 1107 3807 1161 in

2235 1179 2379 1246 villa,
2403 1183 2487 1236 cui
2516 1182 2832 1255 Calnmpnia
2874 1203 3067 1243 nomen
3095 1200 3206 1256 est,
3243 1193 3488 1263 perduci,
3511 1210 3576 1249 ac
3611 1195 3805 1251 ibidem

2234 1284 2355 1325 cum
2387 1270 2513 1326 filiis
2532 1275 2710 1344 capite
2739 1291 2935 1331 caesum
2974 1279 3023 1332 in
3049 1290 3266 1350 puteum
3302 1283 3702 1353 projirijussit.
3733 1286 3808 1344 De

2234 1374 2342 1430 quo
2370 1366 2709 1442 postmodum
2743 1367 2987 1423 sublatus
3009 1379 3169 1440 atque
3190 1373 3257 1427 ad
3282 1374 3563 1429 basilicam
3592 1387 3809 1432 sancto-

2232 1465 2350 1504 rum
2380 1452 2782 1523 Agaunensium
2813 1458 3067 1517 devectus
3110 1471 3436 1534 martyrum,
3478 1482 3605 1522 cum
3650 1468 3810 1539 digno

2230 1550 2317 1595 est
2346 1542 2549 1598 honore
2578 1547 2839 1615 sepultus.

2303 1631 2470 1701 Quem
2498 1647 2804 1694 sanctorum
2835 1640 3058 1713 collegio
3091 1643 3363 1702 Christum
3393 1649 3684 1705 Dominum
3715 1666 3813 1705 an-

566 1733 696 1773 vcro
726 1721 835 1790 spei
867 1721 938 1775 sit
967 1721 1231 1791 reliquum
1263 1724 1700 1781 animadvertite.
1726 1726 1974 1798 Nunquid
2008 1744 2128 1798 par-
2162 1699 2204 1757 Β
2235 1742 2570 1791 numerasse,
2599 1729 2719 1783 ideo
2755 1746 2859 1785 non
2887 1733 3195 1805 ambiguum
3227 1738 3457 1792 habetur
3477 1742 3622 1810 quod
3651 1740 3813 1796 febri-

564 1812 771 1867 (-itttros
808 1812 1009 1882 putatis
1043 1814 1330 1883 nepotibus
1357 1816 1447 1886 qui
1485 1831 1591 1871 non
1638 1829 1993 1888 pepercerunt
2026 1820 2133 1874 fra-

561 1905 772 1959 tribus?
800 1905 866 1960 Et
892 1914 1039 1961 certe
1071 1905 1191 1964 illos
1218 1922 1384 1977 parva
1416 1922 1515 1979 pro
1540 1920 1695 1980 parte
1724 1911 1872 1978 regni
1896 1926 1927 1966 e
1954 1911 2131 1968 medio

561 2000 899 2056 sustulerunt
947 2000 1247 2055 hominum.
1300 2001 1466 2057 Vobis
1506 2011 1686 2058 autem
1733 2003 1979 2059 mitiores
2017 2002 2131 2060 fo're

558 2090 821 2155 censetis,
848 2091 1044 2161 quibus
1072 2092 1269 2149 ablatis
1312 2108 1628 2164 magnorum
1668 2093 1831 2149 inerit
1871 2108 1996 2164 spes
2046 2110 2131 2150 re—

557 2180 825 2251 gnorum?
866 2179 1110 2251 Namque
1147 2183 1190 2237 si
1232 2182 1552 2252 vosjustam
1591 2200 1698 2238 non
1729 2172 2021 2255 exegeriti's
2052 2184 2133 2237 ul-

559 2277 759 2330 tionem
786 2317 801 2342 ,
832 2277 930 2347 ipsi
962 2278 1115 2333 vobis
1143 2278 1433 2334 infaustam
1466 2279 1698 2335 inferent
1732 2294 1942 2334 necem.
1975 2279 2128 2346 Quod

488 2378 493 2387 ‘
554 2368 600 2422 si
648 2367 997 2425 miseratione
1043 2386 1150 2425 non
1200 2371 1493 2426 movcmini
1538 2380 1897 2437 mortuorum,
1940 2372 2131 2428 anxios

555 2459 751 2516 saltem
787 2475 1031 2518 meorum
1073 2463 1515 2534 contemplamini
1556 2462 1783 2518 affectus
1833 2462 2126 2527 viscerum,

484 2541 491 2549 ’
556 2552 648 2621 qui
680 2551 914 2618 fuerint,
954 2553 1081 2609 dum
1129 2564 1340 2625 patrem
1377 2555 1588 2625 gladio,
1628 2563 1856 2609 matrem
1895 2554 2130 2609 fluminis

562 2643 956 2709 submersione,
1007 2660 1249 2700 sororem
1287 2646 1462 2701 exsilii
1516 2644 1843 2715 relegatione
1883 2645 2127 2699 damnari

559 2733 837 2801 conspexi.
869 2752 888 2784 ι
934 2732 1028 2789 His
1060 2734 1152 2789 filii
1193 2735 1295 2805 piis
1325 2744 1582 2789 maternae
1611 2735 1846 2806 querela:
1874 2734 2127 2789 commoti

554 2820 871 2889 affectibus,
902 2825 1200 2880 exercitum
1240 2824 1572 2881 Francorum
1617 2825 1952 2897 pervalidum
2001 2841 2129 2879 con-

553 2923 883 2982 gregantes,
939 2912 1303 2984 Burgundiam
1364 2926 1555 2971 contra
1616 2916 2021 2986 Sigismundum
2075 2925 2129 2971 et

550 3001 918 3070 Godmamm,
946 3005 1086 3062 alios
1116 3005 1450 3071 Gundebaldi
1489 3007 1666 3081 regis,
1706 3008 1995 3082 pugnaturi
2036 3007 2129 3067 in...
2152 3049 2195 3110 ρ
2228 3011 2339 3056 stes
2384 3002 2711 3072 insequitur,
2756 3004 3079 3074 pernicitate
3117 3006 3240 3076 equi
3284 3007 3373 3061 cui
3405 3008 3686 3062 insederat
3717 3024 3805 3065 ve-

557 3094 897 3164 grediuntur.
2184 3086 2197 3107 ⁸
2229 3099 2395 3160 ctus,
2447 3107 2639 3161 agmen
2694 3093 3006 3159 inimicmn,
3064 3095 3146 3149 sui
3205 3095 3431 3151 nimium
3485 3098 3805 3170 negligens,

557 3094 897 3164 grediuntur.

932 3184 935 3185 ⁷
1155 3187 1381 3246 CAPUT
1433 3189 1521 3248 ιγ.

588 3291 669 3349 De
709 3291 1038 3365 Sigismundi
1063 3299 1117 3353 in
1143 3299 1454 3368 (rdiﬁmnda
1483 3301 1594 3357 a-de
1622 3310 1918 3356 sanctorum
1946 3316 2091 3354 mar-

767 3377 939 3436 tyrum
970 3379 1150 3423 saucia
1180 3371 1567 3440 magniﬁcentia
1602 3380 1648 3423 et
1678 3372 1913 3425 victoria.

625 3452 779 3520 Tunc
809 3459 1068 3535 temporis
1111 3459 1487 3537 Sigismundus
1514 3461 1792 3525 basilraat
1811 3470 2128 3525 saeclorum

552 3551 797 3617 Mauricii
819 3556 1201 3628 sociorumque
1216 3558 1330 3627 ejus
1350 3560 1562 3630 magnis
1583 3561 1892 3615 exstruebat
1917 3564 2124 3632 impen-

494 3671 500 3677 ~
556 3646 668 3711 sis,
725 3648 778 3701 in
837 3647 956 3704 loco
1011 3659 1318 3721 nuncupato
1370 3650 1618 3721 Agauno.
1672 3651 1827 3708 Circa
1875 3654 2124 3708 eumdem

555 3737 754 3806 quippe
790 3738 967 3795 locum
1005 3742 1505 3813 magnanimitatem
1533 3758 1646 3798 suae
1687 3744 1922 3802 ostendit
1958 3745 2126 3801 devo-

498 3858 505 3865 ο
555 3830 741 3895 tionis,
770 3832 896 3886 dum
926 3841 1074 3887 esset
1109 3833 1194 3887 vir
1229 3835 1447 3905 optima:
1487 3837 1685 3891 mentis
1723 3845 1778 3891 et
1814 3845 2125 3892 sanctarum

550 3920 909 3991 locupletator
952 3923 1328 3983 ecclesiarum.
1371 3926 1505 3985 Nam
1554 3936 1611 3984 et
1664 3930 1990 4000 prandiorum
2048 3930 2122 3985 illi

553 4013 670 4067 loco
712 4016 941 4071 contulit
970 4017 1206 4088 copiam,
1237 4027 1294 4075 et
1335 4019 1657 4075 clericorum
1699 4022 1945 4076 ordinem
1984 4020 2127 4090 psal-

551 4100 776 4154 lentium
803 4101 1157 4168 constituens,
1185 4113 1384 4158 sanctze
1407 4104 1684 4174 religionis
1703 4115 1971 4177 martyres
2001 4122 2128 4176 pro-

550 4191 714 4260 pitios
741 4192 844 4247 sibi
886 4193 1134 4253 adscivit.
1162 4193 1484 4250 Meminerat
1512 4196 1712 4251 etenim
1742 4212 1802 4252 se
1823 4236 1839 4263 ,
1877 4198 2126 4267 conjugis
2150 4199 2159 4207 ’

551 4283 999 4350 persuasionibus
1026 4286 1338 4354 deceptum,
1381 4287 1601 4344 unicum
1647 4289 1895 4344 amisisse
1934 4290 2123 4343 tilium.

2231 1819 2465 1875 citantes
2493 1824 2718 1891 quique,
2751 1824 2793 1876 si
2823 1839 2917 1893 pro
2946 1827 3185 1881 remedio
3226 1829 3421 1883 anima}
3459 1830 3633 1899 ipsius
3668 1830 3813 1884 salu-

2234 1918 2350 1965 tare
2374 1910 2608 1975 fideliter
2646 1911 2841 1968 offerre
2868 1913 3113 1969 fecerunt
3138 1918 3502 1983 sacrificium,
3548 1924 3810 1975 continuo

2230 2000 2301 2055 ab
2342 2000 2674 2057 infirmitatis
2703 2018 2813 2057 sua:
2854 2003 3151 2059 liberantur
3195 2008 3559 2067 incommodo.
3601 2012 3811 2067 Auctor

2230 2103 2362 2143 vero
2393 2090 2542 2146 necis
2580 2090 2697 2160 ejus
2744 2108 2851 2146 non
2893 2094 2985 2148 ditt
3030 2094 3240 2150 lmtatus
3285 2106 3368 2152 est
3410 2097 3464 2152 in
3501 2100 3607 2154 hoc
3637 2099 3804 2154 facto.

2230 2176 2385 2243 Nam,
2441 2183 2688 2250 sequenti
2734 2198 2896 2246 anno,
2944 2186 3087 2239 idem
3131 2187 3491 2253 Clodomirus,
3534 2201 3810 2246 commoto

2228 2272 2491 2335 exercitu,
2519 2282 2702 2342 partes
2724 2271 3045 2342 Burgundirc
3066 2277 3441 2334 devastaturus
3468 2281 3808 2351 aggreditur.

2228 2361 2581 2418 Cuioccurrit
2612 2364 2780 2418 frater
2806 2367 2947 2437 regis
2971 2367 3227 2430 defuncti,
3260 2385 3343 2434 ac,
3374 2371 3633 2427 fraternae
3661 2372 3811 2428 necis

2228 2454 2418 2508 avidus
2456 2454 2674 2523 vindex,
2706 2470 2943 2527 pugnam
2990 2473 3111 2512 cum
3143 2474 3209 2515 eo
3240 2476 3346 2515 non
3374 2462 3645 2516 dubitavit
3673 2478 3807 2518 con-

2228 2540 2393 2596 ferre.
2423 2540 2529 2597 Sed
2555 2543 2995 2616 Burgundiones,
3027 2563 3178 2603 more
3201 2550 3300 2604 sibi
3327 2551 3512 2615 solito,
3545 2553 3809 2608 animosi-

2234 2642 2395 2688 tatem
2441 2632 2776 2689 Francorum
2818 2624 2925 2691 non
2965 2636 3320 2709 perferentes,
3366 2641 3620 2700 hostibus
3658 2653 3810 2717 terga

2228 2726 2515 2779 nudarunt.
2549 2724 2665 2780 Rex
2711 2742 2840 2782 vero
2883 2727 3245 2797 Clodomirus,
3279 2732 3501 2801 juventa
3547 2733 3805 2801 alacrior,

2226 2815 2396 2870 armis
2416 2815 2674 2880 munitus,
2694 2826 2749 2872 et
2765 2818 2881 2888 ipso
2895 2822 3179 2889 praesentis
3200 2823 3514 2879 certaminis
3538 2839 3805 2896 prospero

2226 2922 2481 2965 successu
2512 2909 2802 2977 animatus,
2835 2911 2960 2967 dum
3002 2914 3262 2969 audacius
3284 2930 3445 2984 quant
3492 2915 3684 2970 debuit
3709 2916 3809 2971 ho-

2228 3011 2339 3056 stes
2384 3002 2711 3072 insequitur,
2756 3004 3079 3074 pernicitate
3117 3006 3240 3076 equi
3284 3007 3373 3061 cui
3405 3008 3686 3062 insederat
3717 3024 3807 3065 ve-

2226 3183 2545 3237 antecessit.
2588 3183 2757 3249 Quem
2804 3183 2879 3238 illi
2938 3198 2969 3238 a
3008 3185 3123 3239 suis
3160 3185 3453 3249 desertum,
3501 3202 3531 3240 a
3567 3205 3630 3243 se
3677 3203 3809 3247 vero

2226 3270 2654 3326 circumventum
2699 3272 3024 3343 conspicati,
3058 3273 3180 3329 telis
3204 3275 3414 3329 eminus
3450 3291 3653 3348 urgere
3686 3293 3804 3332 co:-

2224 3370 2442 3432 perunt.
2497 3361 2624 3417 Sola
2676 3365 2877 3419 etenim
2931 3365 3140 3435 species
3185 3366 3288 3421 viri
3344 3376 3400 3421 et
3448 3369 3618 3427 nimis
3665 3382 3804 3429 nota:

2225 3460 2389 3527 atque
2414 3451 2608 3514 alacris
2632 3452 2961 3517 fortitudinis
2988 3457 3158 3531 gloria
3183 3458 3537 3533 pettu’rbabat
3566 3465 3802 3534 hostem,

2227 3564 2295 3604 ne
2343 3550 2466 3621 quis
2512 3552 2731 3621 propius
2777 3552 3041 3608 feriturus
3084 3556 3306 3609 auderet
3348 3556 3635 3613 accedere.
3675 3556 3804 3629 Qui,

2226 3639 2316 3694 ubi
2350 3640 2635 3694 hostilibtts
2658 3656 2717 3695 se
2745 3641 3138 3697 circumdatum
3169 3645 3356 3698 cuneis
3381 3644 3540 3707 vidit,
3571 3645 3800 3699 nullum-

2230 3746 2336 3802 que
2365 3733 2559 3787 adesse
2596 3748 2840 3798 suorum,
2872 3734 2924 3788 in
2971 3735 3171 3789 virtute
3212 3734 3324 3790 sola
3354 3737 3662 3791 remedium
3702 3753 3796 3807 po-

2224 3838 2363 3878 nens
2399 3825 2615 3890 salutis,
2662 3826 2933 3880 convertit
2982 3841 3182 3895 equum
3228 3842 3459 3895 seseque
3496 3827 3720 3900 collegit
3745 3828 3797 3883 in

2225 3930 2398 3971 arma.
2449 3916 2706 3972 Aistuare
2744 3928 2922 3974 tamen
2967 3917 3345 3988 magnanimus
3374 3919 3797 3988 cmpitjuvenis,

2225 4016 2423 4078 atque,
2481 4009 2720 4062 incertus
2769 4006 2974 4073 animi,
3035 4006 3272 4078 ingentia
3314 4015 3537 4077 pectore
3579 4021 3798 4068 versare

2226 4100 2469 4157 consilia.
2497 4097 2795 4154 Obvianme
2821 4098 3082 4165 eundum,
3112 4115 3180 4153 an
3223 4100 3468 4154 hostibus
3499 4101 3798 4154 cedendum

2226 4191 2390 4255 foret,
2418 4191 2730 4260 aliquandiu
2796 4190 3137 4246 deliberavit.
3197 4188 3438 4245 Tandem
3506 4191 3796 4262 aliquando

2229 4282 2437 4337 invenit
2479 4282 2689 4336 ratione
2719 4281 2887 4347 viam,
2917 4281 3156 4351 vicitque
3198 4291 3433 4335 mentem
3480 4283 3688 4351 pudor;
3718 4280 3797 4334 in-

498 4408 502 4414 .
552 4373 748 4439 Quum,
781 4377 906 4430 dum
933 4376 1022 4430 illa
1050 4377 1175 4431 odio
1205 4378 1548 4449 persequitur
1582 4380 1887 4445 novercali,
1915 4381 1966 4434 in
2009 4389 2124 4435 tan-
2152 4404 2201 4464 υ
2232 4382 2423 4442 terque
2467 4372 2898 4427 confertissimos
2942 4372 3156 4428 adversi
3202 4373 3436 4444 agminis
3477 4373 3629 4427 viros
3675 4387 3796 4443 pro-

504 4500 509 4507 ο
553 4474 666 4519 tum
691 4478 914 4528 exosum
938 4466 1138 4523 fecerat
1162 4468 1324 4536 patri,
1351 4477 1410 4522 ut
1432 4468 1556 4524 felle
1582 4481 1883 4527 commotus
1906 4471 2125 4539 iuberet

552 4573 676 4610 eum
705 4558 882 4627 puniri
915 4558 1115 4629 gladio.
1146 4557 1257 4615 Nec
1283 4559 1452 4614 multo
1484 4568 1607 4629 post
1636 4561 1765 4615 facti
1804 4562 2124 4631 pamitentia

552 4651 769 4712 ductus,
800 4663 985 4703 secum
1007 4648 1122 4719 ipse
1143 4657 1400 4719 reputans
1419 4650 1546 4718 quid
1567 4649 1792 4705 sceleris
1815 4649 2120 4717 admiserit,

554 4742 621 4794 ad
671 4739 919 4810 sepulcra
973 4750 1285 4797 sanctorum
1342 4754 1630 4795 recurrens
1674 4754 1819 4809 saepe
1866 4739 2124 4810 humique

552 4840 881 4900 prostratus,
924 4845 1017 4888 eos
1045 4846 1171 4903 erga
1216 4845 1276 4887 se
1299 4829 1748 4897 clementissimus
1771 4831 1887 4887 fore
1919 4831 2120 4903 efﬂagi-

555 4931 696 4985 tans,
727 4920 949 4991 rogabat
969 4922 1106 4988 ut,si
1138 4922 1266 4991 quid
1298 4923 1477 4977 minus
1498 4920 1794 4993 perfectum
1819 4923 2125 4994 divinzeque

555 5014 824 5082 ntajestati
869 5016 1156 5071 adversum
1186 5015 1241 5069 in
1272 5015 1386 5071 suis
1423 5014 1754 5085 reperiretur
1780 5013 2022 5080 actibus,
2066 5014 2120 5068 id

553 5114 742 5157 eorum
774 5103 1081 5160 interventu
1099 5104 1281 5174 justus
1306 5101 1478 5158 Judex
1503 5103 1557 5157 in
1587 5102 1691 5161 hoc
1714 5101 1911 5158 smculo
1940 5103 2120 5172 potius

554 5206 715 5260 quam
746 5193 800 5249 in
829 5193 1012 5252 futuro
1052 5198 1269 5268 puniret
1294 5195 1566 5250 examine.
1597 5192 1768 5260 Quam
1807 5194 2121 5263 petitionem

510 5300 517 5323 τ
559 5281 627 5337 ad
646 5282 891 5343 effectum
906 5288 1063 5358 juxta
1087 5300 1267 5347 velum
1290 5291 1602 5362 pervenisse
1623 5292 1857 5344 constat.
1886 5285 2125 5341 Audiens

561 5375 756 5428 unione
782 5383 1078 5428 exercitum
1106 5384 1361 5428 mhmnim
1409 5384 1744 5428 From-arum
1776 5426 1783 5428 _
1820 5383 2038 5428 instruit
2069 5389 2126 5428 el

2231 4478 2418 4528 ruens,
2461 4461 2609 4518 ferro
2660 4462 2767 4519 iter
2819 4463 3032 4533 aperire
3083 4472 3333 4527 conatus,
3361 4478 3521 4532 quem
3563 4464 3795 4531 primum

2228 4555 2441 4611 obviam
2486 4554 2675 4608 habuit
2720 4568 2860 4622 equo
2908 4552 3557 4623 dejecit.Circumventus
3586 4562 3787 4619 autem,

2197 4635 2494 4699 confossis
2552 4642 2814 4697 lateribus
2873 4642 2996 4697 vita:
3057 4643 3347 4697 terminum
3412 4642 3646 4696 sortitus
3693 4650 3793 4696 est.

2228 4733 2463 4805 Impiger
2487 4748 2619 4789 sane
2643 4733 2860 4805 juvenis
2887 4742 2942 4787 et
2972 4747 3134 4788 manu
3164 4743 3467 4813 promptus,
3496 4734 3593 4789 sed
3615 4734 3794 4788 consi-

2198 4825 2305 4880 lio
2365 4840 2558 4895 parum
2615 4823 2904 4895 providus;
2973 4824 3064 4894 qui
3131 4824 3183 4877 in
3246 4824 3498 4881 secundis
3555 4836 3792 4877 amorem

2236 4923 2495 4986 posuerat
2526 4914 2670 4968 vitae.
2704 4913 2830 4968 Fuit
2852 4924 3028 4966 tamen
3076 4922 3353 4975 maternae,
3383 4928 3481 4982 pro
3508 4927 3687 4982 posse,
3717 4910 3792 4963 ul-

2228 5015 2315 5063 tor
2340 5005 2569 5076 injurite.
2593 5004 2764 5071 Porro
2800 5004 3017 5068 Franci,
3050 5004 3192 5075 regis
3227 5004 3449 5058 interitu
3493 5010 3788 5073 comperto,

2227 5111 2367 5161 non,
2419 5104 2479 5150 ut
2519 5095 2768 5150 nationes
2821 5103 3067 5158 eceterae,
3122 5094 3421 5161 subsidium
3468 5095 3791 5162 quaesierunt

2200 5188 2390 5260 fugae,
2422 5187 2539 5254 sed,
2575 5187 2656 5241 ira
2688 5184 2947 5249 fervente,
2984 5185 3391 5256 Burgundiones
3420 5185 3655 5240 insecuti
3691 5198 3791 5239 ca-

2229 5282 2363 5335 dunt
2401 5286 2858 5349 prosternuntque
2894 5278 3150 5347 graviter.
3201 5277 3599 5357 Devastataqne
3647 5273 3790 5330 omni

2227 5370 2530 5428 Provincia,
2559 5368 2796 5421 nativum
2848 5376 3100 5428 repetunt
3128 5365 3326 5428 solum.
3362 5365 3610 5428 Regnum
3651 5362 3791 5428 regis
