4044 6326
256 370 361 427 665

256 484 341 539 dis
370 490 618 538 materno
642 480 878 551 suscepit
906 480 1220 536 nutriendos
1250 477 1463 535 affectu.

876 571 1102 626 CAPUT
1145 571 1206 625 ν.

648 663 725 718 De
750 664 1049 718 Iustiniano
1091 676 1135 718 et
1167 664 1442 717 Belisorio.

324 754 427 809 His
465 755 593 824 ipsis
622 756 757 823 apud
802 755 1323 823 Constantinopolim
1362 754 1578 818 diebus,
1617 752 1827 808 Justino

251 843 517 901 humanis
553 845 713 897 rebus
740 860 1012 913 exeiupo,
1037 843 1370 898 Justinianus
1408 847 1453 897 ei
1487 844 1748 898 successit
1775 844 1825 896 in

252 951 449 1006 regno.
484 936 531 990 Is
562 948 741 989 autem
771 935 1126 1000 Justiniauus,
1171 938 1295 989 dum
1325 946 1467 988 esset
1502 936 1828 1005 teuporibus

254 1030 547 1081 memorati
576 1028 769 1081 .Iustiui
816 1029 955 1081 sacri
991 1027 1172 1081 scrinii
1216 1027 1557 1097 prmpositus,
1589 1035 1643 1079 et
1689 1026 1827 1080 Beli-

252 1121 439 1175 sarius
490 1120 728 1187 equitum
774 1119 1306 1190 pra:fecms,mutum
1367 1120 1469 1173 sibi
1524 1118 1826 1172 adiuvicem

251 1212 483 1266 dextras
518 1212 776 1264 dederant
807 1212 1075 1264 amicitize.
1114 1209 1549 1284 lIijurisjura‘mli
1594 1225 1653 1261 se
1694 1208 1830 1261 obli-

253 1314 518 1371 gaverunt
553 1302 675 1367 fide,
719 1321 736 1352 ‹
772 1312 851 1367 ut,
890 1303 933 1356 si
963 1302 1189 1371 quilibet
1225 1316 1410 1354 eorum
1457 1301 1662 1354 altioris
1707 1315 1829 1369 gra-

254 1392 359 1447 dus
398 1396 664 1472 petiretur
708 1394 935 1457 honore,
984 1394 1187 1447 socium
1229 1391 1330 1445 sibi
1379 1400 1618 1461 :equarct
1657 1391 1832 1461 digni-

254 1492 391 1536 tate.
427 1502 446 1535 ι
475 1483 717 1550 Quadam
760 1485 941 1553 itaque
973 1476 1230 1548 die,cum
1263 1486 1500 1554 corequis
1529 1483 1629 1538 sibi
1678 1483 1830 1553 lupa-

254 1590 358 1628 nar
392 1576 619 1645 ingressi
662 1576 999 1646 conspiciunt
1036 1575 1536 1629 duas'muliereulas
1560 1590 1623 1628 ex
1670 1584 1829 1643 gente

251 1666 612 1732 Amazonum,
657 1678 802 1722 sorte
837 1668 1164 1737 captivitatis
1200 1668 1479 1730 abductas,
1534 1668 1663 1721 inibi
1709 1682 1828 1721 esse

248 1760 595 1828 prostitutas.
618 1761 719 1814 Eas
747 1761 819 1814 illi
842 1762 1079 1829 rapiunt,
1105 1769 1263 1830 atque
1291 1759 1353 1812 ad
1376 1759 1621 1829 proprias
1645 1758 1829 1811 domos

1240 416 1243 417 ν
1310 366 1630 423 HISTORIA
1654 365 2096 423 FBA'NCORUM.
2127 393 2195 407 --
2233 363 2358 419 LIB.
2400 364 2464 418 II.

1857 485 1901 543 Α
1933 489 2057 534 ante
2086 477 2403 549 principem,
2449 477 2592 530 hunc
2623 470 2758 543 apud
2789 486 2913 529 eum
2940 467 3128 523 habuit
3162 479 3486 521 sermonem.

3385 352 3490 406 (ιδσ

1935 589 1951 621 ι
1981 568 2110 622 Cum
2142 567 2417 636 Scriptura
2457 566 2599 619 dicat
2631 579 2644 617 :
2679 562 2863 615 Honor
2892 560 3022 630 regis
3053 555 3317 626 judicium
3366 554 3492 607 difi-

1926 661 1999 730 git
2045 658 2215 729 (Psal.
2260 672 2441 719 xcvnt,
2497 658 2572 726 5).
2627 655 2691 709 Et
2741 655 2907 708 item:
2944 651 3073 713 Rex,
3113 652 3202 720 qui
3253 647 3391 702 sedet
3432 648 3489 700 in

1927 751 2060 804 solio
2089 749 2301 819 judicii,
2333 750 2547 817 dissipat
2577 762 2724 797 omne
2748 743 2939 797 nullum
2970 740 3157 792 intuitu
3188 755 3281 791 suo
3306 732 3486 807 (Prae.

1928 858 2022 905 xx,
2052 844 2159 911 IS),
2207 854 2327 907 ego,
2369 834 2784 889 clementissime
2825 833 3138 900 imperator,
3187 828 3302 881 bace
3344 826 3487 879 dicta

1927 949 2044 988 esse
2066 932 2132 986 de
2163 941 2213 984 te
2251 930 2575 996 intelligens.
2614 926 2857 978 fiduciam
2891 922 3091 992 sumpsi
3143 930 3193 975 le
3234 917 3485 982 adeundi,

1930 1028 2131 1095 tibique
2178 1024 2407 1094 propriae
2457 1018 2866 1074 necessitudinis
2903 1032 3118 1071 c:msam
3162 1012 3483 1082 eXponendi.

1928 1118 2021 1171 Est
2062 1116 2292 1183 denique
2335 1113 2385 1165 in
2432 1114 2533 1165 hac
2576 1110 2793 1164 civitate
2830 1107 3042 1173 juvenis
3096 1106 3247 1174 qui,‘
3276 1116 3485 1156 mecum

1929 1206 2246 1277 permutatis
2294 1202 2529 1264 annalis,
2573 1201 2727 1254 fidem
2777 1199 2973 1268 pepigit
3026 1194 3218 1249 alterni
3264 1192 3483 1256 amoris,

1927 1300 2201 1369 professus
2226 1297 2367 1366 quod
2410 1311 2491 1347 me
2517 1295 2616 1347 sibi
2647 1293 2892 1361 jungerel
2930 1290 3028 1343 sub
3071 1288 3284 1341 nomine
3304 1284 3481 1354 legiti-

1929 1410 2027 1447 ma:
2058 1390 2315 1458 conjugis.
2346 1388 2423 1442 0b
2445 1388 2494 1440 id
2526 1385 2835 1441 serenitatis
2861 1392 2960 1436 tuae
2985 1378 3320 1450 praesentiam
3354 1374 3481 1438 adii,

1931 1484 2004 1537 tui
2042 1481 2320 1550 superbae
2342 1496 2398 1533 re
2425 1491 2720 1545 exposcens
2753 1472 3073 1528 sententiam
3093 1467 3295 1535 jutlicii.
3340 1484 3359 1518 ι
3387 1464 3483 1518 Cui

1928 1575 2220 1644 imperator
2248 1587 2261 1624 :
2301 1590 2317 1620 ι
2350 1570 2429 1633 Si,
2476 1568 2667 1637 inquit,
2700 1567 2830 1620 fides
2856 1572 2936 1617 est
2986 1571 3161 1631 pacta,
3196 1574 3299 1612 non
3331 1555 3488 1610 debet

1930 1670 2041 1723 fieri
2073 1668 2244 1720 irrita.
2269 1686 2286 1718 ι
2316 1664 2430 1732 Quo
2454 1664 2539 1716 illa
2572 1660 2776 1724 audito,
2805 1655 3060 1710 annulum
3086 1668 3182 1705 suo
3201 1648 3487 1703 detrahens

1927 1759 2358 1825 digito,ostendit
2381 1758 2646 1826 Augusto:
2668 1752 2909 1812 «Videat,
2932 1749 3026 1809 ait,
3047 1744 3291 1798 dominus
3316 1754 3485 1803 meus,

251 1849 548 1903 deducunt.
586 1850 686 1905 Uni
727 1866 911 1903 earum
950 1865 1144 1903 nomen
1182 1849 1435 1910 Antonia,
1466 1850 1569 1901 alia
1601 1849 1829 1902 vocaba-
1861 1848 1901 1905 Β
1931 1856 2082 1924 cujus
2112 1854 2211 1907 istc
2248 1850 2409 1905 fuerit
2446 1847 2694 1900 annulus.
2734 1863 2750 1895 ι
2788 1838 3041 1912 Agnoscit
3088 1839 3339 1906 princeps
3365 1844 3486 1883 eum

253 1951 345 1994 tur
397 1943 701 1995 Antonina.’
734 1941 800 1995 Et
849 1942 1139 1996 Antoniam
1183 1941 1394 2011 quidem
1444 1939 1820 2001 Jostinianus,

249 2033 579 2086 Antoninum
618 2048 745 2088 vero
767 2034 970 2105 accepit
1002 2033 1312 2088 Belisarius.
1347 2035 1618 2102 Erantque
1652 2033 1824 2085 amba:

249 2136 491 2177 sorores.
546 2123 658 2179 Una
715 2140 843 2194 ergo
879 2125 1119 2189 dierum,
1165 2123 1470 2179 Justiniano
1511 2121 1824 2177 meridianis

249 2216 403 2272 horis
434 2217 533 2271 sub
568 2217 656 2269 dio
690 2219 999 2285 quiescente
1023 2259 1036 2278 ,
1069 2232 1187 2269 cum
1217 2227 1374 2283 caput
1416 2218 1466 2269 in
1501 2215 1675 2268 sinum
1713 2229 1822 2267 sure

249 2306 577 2360 reclinasset
603 2318 823 2368 amatae,
873 2306 1166 2359 adveniens
1202 2306 1381 2374 aquila
1426 2305 1527 2360 alis
1568 2307 1821 2374 expansis

247 2396 320 2448 ab
349 2420 357 2443 ι
383 2396 543 2448 rdore
573 2396 702 2449 solis
736 2412 857 2450 eum
896 2395 1193 2450 conabatur"
1217 2394 1522 2449 defendere.
1554 2394 1823 2451 Intellexit

246 2472 787 2554 mulier‘auspicium
826 2488 966 2556 quod
996 2486 1300 2541 Iustiniano
1327 2488 1680 2555 portendebat
1725 2489 1821 2542 im-

245 2580 493 2650 perium;
521 2587 577 2643 et
604 2590 973 2647 experrectum
1016 2579 1104 2631 tali
1134 2593 1265 2632 voce
1294 2579 1577 2649 compellat
1605 2579 1816 2633 virum:

204 2688 213 2694 ’
255 2690 273 2723 ι
303 2672 439 2735 Oro,
487 2671 681 2741 inquit,
732 2668 1357 2737 amantissitnejuvenis,
1409 2680 1486 2733 ut,
1520 2670 1643 2723 dum
1669 2669 1817 2739 regni

243 2763 460 2831 potitus
500 2760 666 2815 fueris
714 2764 963 2830 sceptris,
1016 2777 1119 2814 non
1157 2776 1242 2814 me
1292 2761 1568 2828 indignam
1610 2760 1819 2829 judices

247 2852 579 2922 gratissimae
616 2852 950 2921 amplexibus
978 2850 1242 2922 conjugis.
1280 2871 1296 2901 ι
1339 2850 1429 2905 1110
1465 2851 1679 2904 dicente
1723 2851 1821 2902 im-

204 2960 207 2961 ν
243 2941 508 3013 possibile
541 2943 642 2996 hoc
678 2956 793 2995 esse
824 2950 877 2993 ut
924 2940 1038 3009 ipse
1075 2942 1141 2993 ad
1184 2940 1393 2995 culmen
1434 2940 1819 3010 provelieretur

246 3030 553 3101 imperiale,
585 3040 737 3101 rogat
772 3030 963 3084 mulier
990 3042 1070 3095 ut,
1093 3030 1235 3099 quod
1277 3030 1360 3083 illa
1385 3045 1481 3099 pro
1509 3039 1655 3083 certo
1684 3029 1819 3082 scie-

246 3122 366 3184 bat,
399 3138 466 3175 ue
513 3136 574 3175 se
606 3122 942 3175 iuexoratum
996 3120 1045 3174 ei
1077 3120 1355 3183 praeberet.
1380 3119 1510 3195 .Quo
1549 3119 1819 3172 tribuente

1927 1961 2084 2015 quem
2112 1942 2334 1997 dederat
2364 1938 2644 1999 annulum,
2673 1935 2825 2004 jubet
2850 1948 2969 1987 eam
3001 1924 3267 1983 introduci
3304 1924 3356 1977 in
3395 1937 3489 1975 cu-

1924 2036 2160 2091 biCulum
2174 2077 2187 2096 ,
2210 2032 2649 2100 ornamentisque
2668 2027 2933 2096 regalibus
2952 2024 3189 2077 indutam
3207 2019 3271 2072 de
3292 2024 3487 2069 caetero

1924 2126 2104 2181 vocari
2146 2136 2342 2180 etesse
2371 2126 2686 2192 Augustam.
2720 2119 2869 2186 Quod
2913 2116 3112 2170 factum
3144 2111 3489 2165 vehementer

1925 2218 2212 2272 abhorruit
2249 2214 2475 2287 populus
2509 2224 2839 2277 cunctasque
2871 2215 3110 2265 senatus,
3149 2203 3281 2254 adeo
3311 2206 3367 2250 ut
3393 2209 3488 2264 pa-

1924 2309 2030 2362 lam
2066 2308 2362 2360 clamarent
2399 2305 2658 2359 nefariam
2689 2318 2800 2355 rem
2841 2298 3033 2352 fecisse
3070 2294 3393 2360 Augustum.
3430 2292 3489 2338 υῑ

1923 2397 2148 2468 publica:
2180 2395 2493 2463 abjectiouis
2520 2401 2754 2448 scortum
2783 2388 2884 2443 sibi
2917 2384 3191 2456 copulat-et
3216 2381 3267 2434 in
3299 2376 3488 2431 matri-

1921 2489 2183 2542 m0uium.
2235 2487 2346 2539 Ilac
2391 2484 2572 2539 Caesar
2608 2481 2912 2549 ﬂagitatus
2968 2473 3162 2543 injuria
3206 2468 3489 2538 plerosque

1922 2590 2231 2634 senatorum
2279 2577 2520 2647 pertrahi
2556 2574 2710 2643 jubet
2758 2573 2823 2626 ad
2875 2583 3082 2623 necem.
3126 2565 3255 2630 Quas
3298 2574 3383 2613 res
3433 2558 3486 2610 in

1925 2679 2127 2724 tantum
2157 2668 2444 2737 perterruit
2477 2666 2705 2734 plebem,
2726 2673 2805 2725 ut,
2833 2660 2933 2716 sibi
2965 2658 3194 2727 quisque
3220 2658 3485 2710 metuens,

1920 2761 2206 2815 conatibus
2256 2758 2374 2827 ejus
2419 2758 2471 2812 in
2512 2765 2786 2826 posterum
2838 2748 3062 2804 minimo
3123 2740 3343 2798 obviare
3392 2751 3489 2790 au-

1918 2851 2090 2907 deret.

2517 2933 2743 2992 CAPUT
2796 2930 2885 2985 VI.

2373 3026 2446 3082 De
2484 3026 2729 3080 Belisarii
2778 3034 3039 3077 successu.
3172 3092 3179 3097 τ
3405 3080 3429 3092 ,-

1998 3122 2238 3178 Postltmc
2264 3120 2682 3175 commilitonem
2714 3130 2867 3169 suum
2910 3106 3226 3165 Belisarium
3260 3102 3312 3157 iu
3339 3098 3488 3154 Afri-

247 3210 825 3279 assensum,factaquc
842 3211 1261 3265 commutatione
1285 3209 1625 3272 annulorum,
1652 3208 1821 3262 uti-in-
1850 3199 1892 3262 C
1926 3232 2003 3272 cm
2059 3214 2325 3285 promovit
2366 3221 2565 3282 partes,
2617 3206 2902 3278 patricium
2953 3217 3076 3257 eum
3120 3196 3486 3256 constituens;

249 3320 361 3373 que
403 3314 489 3358 est
516 3305 837 3358 discessum.
879 3302 1020 3357 Sane
1060 3301 1354 3356 Belisarius
1385 3301 1542 3369 eique
1575 3300 1825 3368 capulata

249 3390 521 3453 Antanina
550 3393 738 3447 eadem
776 3392 1015 3447 inierunt
1035 3391 1289 3445 connubii
1332 3390 1557 3452 fmdera,
1588 3399 1664 3453 ut,
1698 3391 1824 3460 quia

206 3512 207 3515 η
252 3497 359 3536 non
391 3482 673 3535 dubitabat
702 3482 990 3539 Belisarius
1011 3485 1329 3551 adepturum
1379 3496 1439 3535 se
1461 3482 1686 3551 potioris
1725 3483 1825 3535 Ιιο-

252 3571 405 3625 noris
454 3572 717 3639 gradum,
763 3572 808 3626 si
866 3572 1094 3640 imperio
1144 3571 1408 3640 potiretur
1456 3570 1820 3635 Justiuianus,

253 3663 460 3716 sociam
497 3662 579 3715 sui
627 3677 745 3714 eam
803 3662 1133 3716 adscisceret
1178 3669 1401 3715 stratus.
1452 3660 1563 3715 Nec
1598 3661 1823 3715 multum

252 3752 487 3813 ﬂuxerat
526 3753 805 3822 temporis,
841 3768 962 3806 cum
997 3754 1293 3823 imperator
1330 3752 1574 3807 Justinus
1601 3753 1821 3823 expedi-

255 3848 456 3899 tionem
503 3847 713 3912 paravit
764 3845 1022 3899 adversus
1070 3860 1248 3915 regem
1304 3844 1560 3900 Persidis.
1609 3845 1737 3909 Sed,
1766 3844 1821 3909 in

255 3938 373 4005 ipso
415 3935 540 3989 belli
572 3947 832 4005 apparatu
865 3937 1052 3991 morbo
1076 3945 1403 4004 praeventus,
1447 3951 1591 3991 anno
1615 3951 1823 3990 assum-

252 4029 327 4100 pti
357 4028 567 4096 imperii
598 4038 789 4080 octavo
813 4035 896 4080 est
926 4026 1213 4080 defunctus

328 4121 612 4176 Consensu
654 4129 877 4174 senatus
907 4120 1179 4188 totiusque
1220 4117 1378 4173 simul
1407 4119 1678 4173 exercitus
1709 4118 1821 4173 Au-

251 4223 445 4286 gustus
492 4214 720 4269 efiicitur
766 4210 1123 4265 .Iusliniauus.
1172 4211 1301 4277 Qui,
1358 4212 1491 4266 nihil
1548 4224 1816 4279 moratus,

250 4307 481 4362 collecto
520 4307 760 4360 exercitu
803 4314 990 4359 contra
1026 4304 1284 4359 barbaros
1311 4314 1394 4359 est
1414 4306 1711 4375 profectus,
1742 4313 1816 4371 et,

249 4397 545 4452 commissa
574 4411 747 4465 pugna
778 4394 1084 4465 fugatisque
1120 4395 1386 4457 hostibus,
1417 4410 1597 4465 regem
1627 4409 1685 4449 se
1721 4410 1817 4449 eo-

250 4504 369 4540 rum
400 4488 612 4555 cepisse
645 4488 860 4555 gavisus
899 4496 999 4539 est.
1046 4486 1214 4554 Quem
1239 4487 1291 4541 in
1320 4486 1454 4541 solio
1483 4488 1631 4557 regni
1660 4486 1813 4555 juxta

1927 3308 2129 3376 quique
2155 3304 2522 3373 supradictam
2550 3299 2901 3358 Antoninum,
2930 3293 3181 3362 Augustae
3221 3298 3487 3351 sororem,

1925 3400 2076 3455 duxit
2101 3410 2347 3451 uxorem.
2388 3394 2540 3448 lluuc
2582 3394 2707 3445 dum
2734 3386 3074 3443 .Iustinianus
3103 3394 3313 3436 summo
3343 3390 3493 3430 com-

1923 3490 2256 3561 plecteretur
2304 3498 2533 3546 amore,
2590 3480 2800 3550 niaguis
2861 3475 3191 3545 locupletare
3242 3465 3491 3561 studebat

1922 3557 2116 3651 opibus
2139 3578 2471 3634 divitiarum.
2498 3575 2627 3630 Erat
2657 3573 2903 3627 assiduus
2929 3563 3268 3636 imperatoris
3307 3557 3491 3651 consi-

1923 3650 2020 3738 lio,
2050 3674 2320 3742 particeps
2345 3684 2558 3739 queque
2586 3666 2962 3721 assumebatur
3001 3662 3053 3715 in
3088 3657 3356 3713 convivio.
3386 3650 3491 3705 Sed

1923 3767 2047 3837 quia
2096 3779 2310 3833 semper
2354 3762 2622 3816 invidetur
2667 3756 3016 3818 felicioribus,
3048 3744 3493 3821 paupertatisque

1923 3857 2100 3912 nullus
2126 3855 2400 3910 invenitur
2438 3850 2685 3914 aemulus,
2722 3837 3487 3913 immoderatequedetrahen-

1924 3948 2054 4000 tium
2108 3946 2417 4000 laeerautur
2458 3941 2731 3996 morsibus
2773 3938 3053 3992 afﬂuentes
3094 3933 3310 4003 Opibus,
3333 3924 3490 3980 multi

1921 4037 2169 4093 Belisarii
2199 4032 2910 4106 prosperis»offendebantur
2947 4025 3309 4082 successibus.
3353 4016 3490 4071 Huic

1919 4129 2244 4184 Calumniam
2304 4127 2501 4181 acerbo
2551 4129 2880 4192 componunt
2922 4118 3065 4182 felle,
3109 4124 3165 4169 et.
3219 4107 3487 4166 acerbiori

1920 4230 2115 4293 parant
2158 4222 2328 4274 exitu.
2365 4220 2601 4287 Denique
2642 4231 2817 4286 regem
2858 4213 3056 4267 adeunt
3104 4201 3487 4276 improbissimi

1920 4310 2189 4374 homines,
2216 4317 2270 4363 et
2319 4309 2574 4361 invidiam
2633 4306 2895 4367 excitant,
2944 4309 3249 4355 asserentes
3298 4306 3487 4347 necem

1919 4402 2064 4471 regis
2108 4417 2173 4455 ac
2219 4400 2510 4468 usurpandi
2557 4397 2766 4466 imperii
2812 4394 3107 4466 potentiam
3152 4406 3180 4443 a
3228 4384 3493 4441 Belisario.

1923 4491 2251 4547 affectatam.
2284 4489 2435 4544 Ilaml
2484 4488 2695 4543 difﬁcile
2738 4488 2987 4556 princeps
3026 4479 3285 4551 impulsus
3312 4486 3393 4531 est
3429 4484 3489 4528 ut

210 4608 219 4619 -
247 4592 307 4633 se
330 4578 521 4631 sedere
553 4576 704 4642 fecit,
742 4586 797 4631 et
829 4586 887 4631 ut
907 4578 1228 4647 provincias,
1258 4593 1392 4643 quas
1426 4578 1682 4634 Romanis
1716 4580 1821 4634 eri-
1855 4563 1898 4620 ί)
1925 4584 2180 4639 credibile
2217 4583 2440 4638 duceret
2481 4582 2622 4652 quod
2663 4595 2761 4649 pro
2806 4592 2934 4631 vero
2968 4573 3356 4629 afﬁrmabatur.
3387 4567 3490 4621 Ita-

248 4679 465 4742 puerat,
491 4671 593 4724 sibi
621 4671 925 4724 restitueret
954 4670 1364 4738 imperavit.Cui
1383 4671 1470 4727 ille
1496 4690 1509 4725 :
1540 4691 1558 4724 ‹
1589 4671 1822 4737 Νοη,ἰιι-

246 4777 434 4832 quam,
448 4761 637 4815 dabo.)
665 4760 742 4814 Ad
759 4761 871 4815 haec
886 4759 1219 4816 Justinianus
1236 4762 1507 4830 reSpondit
1523 4779 1568 4814 ε(
1590 4761 1779 4816 Duras.
1793 4780 1814 4815 ι

246 4853 355 4906 Pro
400 4852 556 4921 cujus
599 4855 839 4907 novitate
884 4853 1152 4908 sermonis
1188 4853 1381 4908 civitas
1420 4868 1484 4907 eo
1538 4854 1638 4908 loci
1686 4871 1817 4908 cnn-

249 4952 457 4998 structa
491 4952 574 4997 est
625 4942 710 4995 eui
744 4943 909 4995 Daras
946 4960 1137 4996 nonum
1166 4954 1268 4998 est.
1300 4943 1411 4998 liex
1438 4957 1615 5000 autem
1641 4947 1823 5003 Persi-

249 5035 354 5097 dis,
394 5034 521 5088 licet
565 5050 672 5087 non
718 5034 1076 5099 voluntarius,
1117 5036 1298 5090 omnia
1336 5037 1384 5089 ei
1419 5039 1658 5092 restituit
1699 5056 1817 5109 quae

209 5144 217 5150 ι
250 5123 482 5177 Romani
524 5124 736 5178 fuerant
762 5124 933 5193 juris;
975 5128 1161 5195 sicque
1201 5127 1252 5179 in
1291 5142 1513 5196 regnum
1546 5144 1699 5182 suum
1737 5139 1820 5186 est.

210 5236 213 5239 ν
250 5215 430 5267 redire
460 5216 776 5281 permissus.
804 5215 1138 5270 Justinianus
1162 5232 1376 5286 quoque
1400 5218 1674 5289 Augustus
1696 5236 1818 5276 cum

248 5320 447 5374 magno
503 5306 775 5375 triumpho
827 5306 1345 5377 Constantimpolim
1392 5319 1473 5363 est
1518 5324 1814 5380 regressus.

250 5394 402 5450 Tunc
424 5396 682 5459 Antonia,
709 5397 823 5465 ejus
850 5400 1119 5467 quondam
1145 5408 1344 5463 amata,
1372 5400 1451 5453 sui
1478 5415 1819 5470 nequaquam

249 5488 439 5550 oblita,
494 5490 722 5556 sumptis
769 5491 1007 5559 quinque
1060 5494 1240 5547 aureis
1295 5492 1554 5562 palatium
1605 5502 1689 5547 est
1738 5492 1821 5546 in-

249 5593 453 5649 gressa.
487 5580 525 5632 Ε
579 5581 775 5647 quibus
823 5582 955 5635 duos
1005 5583 1155 5636 dedit
1214 5582 1563 5651 ianitoribus,
1616 5592 1673 5637 ut
1714 5584 1816 5640 sibi

248 5675 459 5734 pateret
508 5668 793 5732 introitus;
835 5678 944 5725 tres
982 5686 1111 5725 vero
1169 5674 1477 5727 tenentibus
1515 5674 1813 5738 cortinam,

216 5764 305 5811 ut
334 5772 489 5814 suam
522 5763 925 5830 permitteretur
975 5777 1233 5820 enarrare
1266 5776 1503 5820 causam.
1553 5766 1614 5820 Et
1667 5774 1815 5823 stans

1921 4690 2024 4745 que
2063 4678 2380 4746 priusquam
2426 4673 2528 4729 sibi
2578 4672 2895 4741 probaretur
2948 4672 3339 4720 tentameutum
3389 4656 3487 4711 ali-

1918 4768 2061 4836 quod
2104 4765 2287 4834 flagitii
2329 4762 2687 4834 parricidalis,
2723 4761 2801 4813 vel
2830 4755 3092 4811 mendacii
3124 4751 3485 4820 suspicionem

1920 4855 2232 4910 excluderet
2272 4869 2496 4907 examen
2537 4851 2800 4914 veritatis,
2843 4846 3255 4918 suggerentibus
3290 4840 3489 4896 calum-

1923 4946 2248 5008 niatoribus,
2273 4943 2427 5012 jubet
2461 4960 2582 4998 eum
2632 4956 2940 5013 expugnare
2970 4937 3256 4993 Vandalos.
3291 4933 3352 4987 Ili
3384 4945 3485 4986 sm-

1921 5035 2144 5105 pissime
2179 5036 2444 5093 maximas
2489 5034 2716 5088 Romani
2755 5034 3026 5087 exercitus
3070 5031 3211 5082 vires
3248 5022 3490 5078 clarissi-.

1912 5145 2131 5196 maeque
2177 5128 2472 5183 nobilitatis
2510 5128 2968 5197 pessundederant
3013 5125 3196 5175 duces.
3250 5120 3484 5183 Accepta

1922 5218 2025 5272 hac
2069 5218 2312 5285 jussione
2353 5218 2640 5286 principis,
2681 5214 2968 5269 Belisarius
3016 5212 3231 5265 domum
3290 5206 3485 5276 repetit

1927 5325 2164 5364 mancus
2203 5325 2266 5363 ac
2303 5309 2489 5363 tristis.
2520 5309 2690 5375 Quem
2735 5321 2871 5359 uxor
2917 5318 3013 5359 sua
3058 5302 3207 5371 gravi
3256 5313 3491 5355 cernens-

1922 5400 2173 5455 atl‘ectum
2205 5414 2460 5465 incerare,
2492 5400 2713 5468 inquirit
2754 5399 2820 5453 ab
2844 5412 2908 5451 eo
2926 5411 3141 5449 causam
3169 5391 3487 5448 offuscantis

1920 5492 2114 5546 faciem
2145 5490 2263 5559 ejus
2292 5492 2583 5545 mmstitim.
2614 5490 2789 5558 Rogat
2814 5488 2915 5542 sibi
2943 5486 3279 5541 manifestari
3308 5497 3489 5538 scere-,7

1922 5595 2056 5649 tum,
2089 5585 2132 5639 si
2167 5585 2304 5639 forte
2328 5585 2531 5652 aliquid
2557 5582 2766 5637 consilii
2806 5581 2981 5635 valeat
3024 5578 3272 5635 conferre
3306 5576 3486 5632 subsi-

1918 5676 2088 5731 dium.
2127 5676 2224 5731 Cui
2274 5676 2362 5730 ille
2391 5675 2561 5744 prmlii
2601 5691 2711 5729 rem
2751 5673 2866 5729 fore
2892 5673 3046 5737 dixit,
3081 5688 3188 5727 non
3227 5669 3479 5733 lanificii;

1920 5766 2149 5837 ideoque
2181 5766 2329 5823 viros
2352 5767 2525 5838 magis
2544 5781 2702 5837 quam
2729 5764 2958 5824 feminas
2982 5773 3230 5836 oportere
3253 5757 3481 5825 consuli.~
