4044 5428
575 312 681 402 σοι

1678 345 1944 407 AIMOINI
1983 346 2300 410 MONACIII
2336 346 2830 403 I‘LUIllACENSlS

3758 354 3865 416 668

577 406 661 516 nd
690 458 809 518 haec
853 458 943 517 illa
968 443 1033 516 τ’(
1077 459 1324 529 Conﬁdo,
1355 458 1454 528 ait,
1492 460 1551 523 in
1584 459 1801 518 Cnristo
1829 475 1919 517 me
1958 459 2169 517 virilem
2197 472 2245 530 Α
2274 469 2395 523 nus,
2440 464 2533 512 aut
2574 455 2833 527 ligaretur
2875 455 3143 528 mastigia,
3172 457 3262 514 ubi
3308 474 3369 516 se
3401 460 3627 528 dedidit,
3665 471 3862 522 eatena

574 552 909 623 prolaturam
961 554 1419 625 sententiam,qsi
1465 556 1625 628 hujus
1670 555 1855 611 arcani
1896 556 2163 627 attingere

578 645 807 714 quivero
863 645 1172 700 scientiam.
1233 645 1517 703 Veridicus
1558 660 1796 723 namque
1847 658 1933 703 est
1982 661 2164 703 sermo

569 736 818 806 Apostoli
851 736 1082 791 dicentis
1103 754 1120 795 ι
1149 756 1166 788 ι
1196 736 1351 810 Quod
1389 737 1630 792 salvetur
1666 738 1750 792 vir
1780 738 2020 799 inﬁdelis
2064 752 2162 813 per

571 826 854 880 mulierem
887 827 1097 885 ﬁdelem
1131 827 1183 897 (1
1213 827 1335 882 Cor.
1370 845 1470 894 vn,
1508 829 1619 900 14).
1653 849 1671 883 ι
1704 829 1836 887 Erat
1867 832 2015 887 enim
2044 831 2161 900 ipsa

569 914 864 982 catholica,
915 931 1165 986 quamvns
1208 917 1506 975 Belisarius
1565 919 1757 976 haeresi
1797 920 2164 977 involveretur

571 1005 824 1061 nefanda.
2042 1070 2049 1073 _

645 1096 795 1153 Tunc
842 1099 1132 1170 saepefatus
1187 1103 1487 1173 patricius,
1522 1102 1799 1173 paululum
1845 1105 1975 1179 quid
2020 1104 2163 1160 inter

578 1190 926 1261 semetipsum
986 1193 1312 1259 deliberans.
1341 1197 1800 1267 eonsideransqne
1853 1200 1977 1270 quia
2021 1199 2159 1253 etin

571 1278 788 1337 feminis
826 1284 1100 1345 invenitur
1144 1288 1431 1357 sapientia,
1466 1304 1565 1343 nec
1606 1290 1853 1358 privatur
1894 1290 2162 1346 inﬁrmior

573 1386 736 1429 sexus
768 1391 949 1430 rerum
994 1379 1385 1448 profundarum
1421 1382 1803 1453 intelligentia,
1831 1384 2044 1456 conjugi
2081 1400 2163 1441 re-

576 1464 684 1520 fert
721 1476 780 1521 ut
823 1465 1089 1527 Vandalus
1135 1482 1474 1540 expugnaret
1513 1474 1614 1528 sibi
1660 1475 1982 1545 imperatum
2015 1490 2154 1531 esse.

572 1554 689 1622 llla,
729 1557 978 1613 muliebri
1026 1558 1236 1631 abiecta
1276 1562 1670 1633 imbecillitate,
1703 1568 1804 1623 bac
1840 1569 2014 1623 virum
2056 1583 2151 1623 ex-

574 1647 960 1705 hortationead
982 1650 1142 1707 ﬁdem
1161 1670 1284 1709 orsa
1303 1663 1389 1718 est,
1406 1656 1636 1715 invitare
1653 1678 1697 1717 ει
1722 1659 1929 1725 Nullus,
1963 1661 2154 1731 inquit,

574 1748 913 1810 protestante
947 1756 1103 1803 sacra
1135 1742 1445 1815 Scriptura,
1468 1750 1702 1818 speravit
1750 1750 1805 1809 in
1839 1750 2066 1807 Domino
2100 1759 2157 1807 et

2266 546 2503 602 vincitur
2532 554 2820 617 argentea.
2837 546 3471 623 Constantinopolimque
3498 553 3551 608 in
3586 554 3865 625 triumpho

2265 638 2595 708 perducitur.
2621 637 2728 695 Sed
2758 639 2811 695 in
2839 639 3040 711 palatio
3068 642 3399 698 constitutus
3424 659 3547 699 cum
3571 645 3641 701 ab
3671 646 3865 725 aulicis

2267 730 2453 787 multis
2496 730 2798 787 afficeretur
2837 733 3064 804 injuriis,
3105 735 3399 805 postulavit
3440 738 3747 809 principem
3784 750 3864 810 ut,

2267 835 2524 877 concesso
2563 821 2665 876 sibi
2702 838 2862 892 quem
2888 823 3122 893 primum
3164 825 3425 882 habuerat
3460 843 3627 898 equo,
3655 828 3867 885 deodeo

2265 913 2461 976 cimex
2490 913 2577 967 bis
2601 913 2693 984 qui
2742 930 2865 970 eum
2908 915 3151 986 colaphis
3199 919 3478 989 sputisque
3512 920 3866 978 incessebant

2262 1008 2537 1085 singulare
2569 1024 2692 1064 cum
2722 1024 2788 1065 eo
2818 1011 3015 1066 inirent
3054 1023 3349 1068 certamen.
3388 1033 3405 1065 ι
3451 1013 3551 1078 Ibi,
3588 1014 3787 1084 inquit,
3811 1025 3867 1073 et

2273 1114 2406 1158 metu
2435 1100 2688 1169 probrum
2735 1100 2980 1173 ignavi-.12,
3030 1113 3084 1156 et
3138 1102 3347 1157 illorum
3391 1103 3643 1173 spectare
3694 1105 3863 1163 babes

2264 1189 2632 1254 fortitudinem
2677 1195 2937 1250 andacim.
2977 1215 2994 1247 ι
3036 1196 3352 1267 Imperator,
3402 1198 3571 1268 petita
3626 1216 3735 1254 non
3773 1200 3865 1255 ab-

2263 1301 2467 1357 nuens!
2491 1302 2612 1340 cum
2655 1303 2720 1342 eo
2761 1304 2858 1359 pro
2899 1290 3208 1366 spectaculo
3244 1292 3528 1345 duodecim
3569 1291 3863 1362 juvenibus

2262 1378 2518 1449 congredi
2544 1379 2795 1457 imperat.
2835 1380 2981 1455 Quos
3010 1382 3117 1447 ille,
3143 1383 3392 1444 simulata
3422 1383 3570 1455 fuga,
3603 1394 3727 1454 post
3754 1394 3861 1440 ter-

2261 1487 2385 1542 gum
2426 1470 2636 1540 jaciens
2667 1473 2892 1542 Spicula,
2945 1490 3133 1529 omnes
3197 1476 3487 1537 interfecit.
3552 1475 3685 1533 Post
3722 1477 3857 1547 hzec,

2261 1580 2327 1620 ex
2356 1575 2625 1636 praecepto
2651 1567 2912 1643 principis
2941 1566 3315 1627 Cbildemerus
3344 1571 3633 1625 eunuchus
3662 1570 3858 1637 factus,

2260 1655 2522 1725 patricius
2548 1657 2919 1719 Romanorum,
2953 1659 3139 1714 ﬁnium
3170 1661 3263 1733 qui
3297 1660 3538 1717 Persidis
3567 1662 3860 1731 provincia:
3918 1651 3923 1654 ’

2261 1747 2510 1818 adjacent
2539 1749 3004 1813 ordinatur.,Cnm
3036 1751 3217 1811 Persis
3243 1754 3475 1808 maxima
3503 1769 3572 1809 ac
3605 1769 3858 1825 prospera

575 1829 866 1888 derelictus
904 1842 986 1893 est
1026 1834 1096 1890 ab
1145 1851 1211 1893 eo
1238 1855 1252 1893 :
1285 1838 1653 1913 Quapropter,
1688 1844 1761 1898 mi
1807 1845 1911 1910 vir,
1952 1846 2154 1901 suadeo
2187 1853 2229 1913 Β
2259 1839 2394 1895 bella
2423 1840 2610 1911 gessit,
2637 1841 2817 1913 ibique
2838 1843 3001 1903 vitam
3034 1842 3229 1905 ﬁnivit.
3264 1843 3370 1903 Sed
3399 1843 3469 1907 ad
3498 1845 3745 1912 ordinem
3773 1858 3857 1909 re-

573 1920 696 1987 tibi,
746 1922 951 1981 relictis
993 1926 1372 1988 haereticorum
1418 1933 1790 2005 blasphemiis,
1842 1937 2043 1993 trinum
2101 1947 2157 1995 et

575 2030 742 2070 unum
785 2017 954 2074 Deum
1015 2036 1313 2093 agnoscere
1351 2026 1442 2097 qui
1491 2036 1681 2098 regnat
1720 2028 1771 2083 in
1824 2031 1998 2091 caelis.
2049 2032 2158 2091 Fac

573 2121 706 2180 ergo
733 2117 915 2166 votum
956 2110 1067 2170 Deo
1102 2114 1247 2185 coeli,
1288 2127 1342 2174 et
1389 2118 1500 2175 eris
1546 2120 1719 2176 vietor
1751 2121 1943 2177 melius
1993 2140 2155 2195 quant

571 2199 744 2261 fuisti.
787 2229 808 2264 ι
1836 2264 1843 2269 .

641 2297 747 2355 Per
770 2301 946 2373 ipsum
974 2320 1207 2376 namque
1232 2304 1549 2363 Belisarium
1586 2307 1878 2377 imperator
1902 2308 2161 2365 Justinia-

570 2404 673 2448 nus
703 2395 996 2452 multarum
1035 2397 1137 2454 sibi
1185 2396 1568 2472 subjugaverat
1600 2400 1871 2457 feritatem
1893 2403 2152 2474 gentium.

570 2479 884 2553 Spondente
916 2490 1097 2562 itaque
1128 2491 1217 2549 illo
1247 2492 1406 2569 fidem
1428 2493 1652 2560 Christi,
1680 2496 1873 2551 iterum
1907 2495 2038 2551 dicit
2065 2494 2156 2573 ei:

574 2592 594 2635 ς
634 2575 950 2640 Nullatenus
995 2584 1312 2644 immutetur
1342 2589 1507 2644 decor
1549 2588 1728 2645 vultus
1769 2589 1863 2653 tui,
1904 2587 2160 2644 sollicita-

570 2675 666 2726 tus
697 2672 1010 2734 diﬁicultale
1057 2682 1251 2751 prmlii,
1291 2693 1346 2736 et
1382 2682 1558 2753 pallor
1597 2682 1690 2752 qui
1745 2693 1888 2738 tuam
1926 2678 2160 2737 obtinuit

565 2759 762 2821 faciem
792 2768 1034 2828 discedat
1063 2788 1095 2828 a
1127 2783 1197 2830 te.
1226 2772 1478 2845 Nunquid
1520 2789 1625 2830 non
1670 2784 1794 2830 sunt
1834 2775 1990 2831 nobis
2026 2775 2160 2832 duo-

566 2855 741 2912 decim
770 2860 934 2917 millia
962 2878 1277 2934 puerorum,
1304 2881 1442 2936 quos
1471 2866 1706 2937 propriis
1734 2865 1929 2921 alimus
1957 2868 2159 2938 stipen-

564 2946 694 3017 diis,
729 2960 785 3006 et
809 2951 995 3009 decem
1027 2965 1087 3011 et
1107 2966 1231 3012 octo
1258 2958 1423 3012 millia
1462 2958 1715 3023 militum,
1746 2973 1883 3029 quos
1918 2973 2039 3013 cum
2070 2974 2159 3030 pa-

565 3042 813 3100 triciatus
862 3046 1124 3115 dignitate
1190 3051 1503 3120 acquisisti?
1537 3070 1556 3104 »
1590 3050 1708 3118 Quo
1741 3052 2101 3122 respondente
2133 3070 2147 3107 :

570 3150 592 3187 ι
614 3134 790 3190 Etiam
809 3141 1204 3211 sunt,tadjecit
1225 3142 1343 3197 illa:
1365 3142 1683 3212 «Assumpta
1701 3145 1863 3215 igitur
1885 3153 2040 3215 parte
2059 3146 2161 3201 mi-

2262 1941 2544 1988 vertamur
2569 1932 2844 1991 Historiae.

2865 2027 3094 2085 CAPUT
3134 2029 3263 2090 VII“.~

2648 2114 2726 2171 De
2757 2116 2991 2174 Clolurio
3020 2132 3066 2175 ct
3094 2120 3442 2178 Cltildcberlo.

2330 2202 2620 2261 Interfecto
2647 2221 2712 2262 eo
2740 2222 2848 2278 quo
2874 2224 3037 2280 supra
3066 2212 3302 2269 diximus
3330 2214 3491 2269 modo
3520 2213 3857 2284 Clodomiro,

2261 2307 2512 2358 natorum
2542 2299 2790 2357 Clotildis
2822 2305 3021 2372 primo,
3065 2305 3256 2376 reliqui
3284 2306 3400 2378 ejus
3430 2307 3539 2362 duo
3554 2306 3675 2373 ﬁlii,
3703 2308 3756 2364 id
3780 2318 3862 2365 cst

2261 2389 2530 2448 Clotarius
2577 2403 2740 2465 atque
2789 2395 3188 2466 Cbildebertus,
3230 2402 3424 2457 iterum
3454 2418 3583 2457 cum
3615 2404 3857 2459 exercitu

2260 2481 2625 2553 llurgundiam
2659 2496 2889 2557 petunt;
2924 2490 3220 2564 fugatoque
3250 2511 3377 2567 rege
3412 2495 3529 2565 ejus
3560 2495 3860 2565 Godmaro,

2263 2590 2488 2647 regnum
2532 2576 2854 2652 Burgundiae
2891 2584 3223 2643 Francorum
3247 2588 3609 2658 subjugavere
3635 2590 3855 2648 ditioui.

2262 2664 2318 2720 In
2348 2666 2449 2722 hac
2486 2685 2660 2742 pugna
2692 2672 3085 2743 Theodericus,
3108 2694 3269 2750 quem
3300 2679 3608 2739 Clodoveus
3630 2695 3699 2735 ex
3730 2695 3856 2736 ωηο

2260 2756 2458 2815 οιιὺίιιιι
2508 2775 2859 2833 susceperat,
2887 2766 3146 2827 fratribus
3183 2772 3442 2830 auxilium
3493 2772 3739 2842 praebere
3766 2772 3873 2827 dem

2263 2849 2545 2917 trectavit,
2565 2866 2631 2907 eo
2663 2855 2806 2923 quod
2840 2856 2947 2911 ﬁlia
2975 2861 3119 2931 regis
3148 2858 3477 2933 Sigismundi
3512 2872 3662 2919 esset
3694 2869 3873 2934 nupta-

2264 2941 2340 2996 illi
2390 2946 2568 3017 neptis
2597 2948 2846 3006 videlicet
2874 2955 3014 3022 regis
3035 2954 3289 3012 Godmari

2855 3042 3084 3106 CAPUT
3129 3046 3256 3104 VIII.

2661 3126 2679 3143 ⁸
2769 3133 2849 3188 De
2871 3135 3138 3192 Amalrico
3165 3138 3369 3197 (ἐοιιιοκ

564 3225 744 3293 litum,
776 3229 843 3283 ad
888 3231 1169 3290 duodecim
1196 3235 1410 3291 scilicet
1430 3236 1620 3301 millia,
1660 3252 2062 3308 puerorumque
2090 3237 2156 3293 ad

2333 3220 2638 3282 Amalricus
2666 3235 2870 3292 autem,
2923 3228 3064 3285 ﬁlius
3101 3231 3297 3287 Alarici
3349 3235 3503 3313 regis!
3530 3236 3853 3303 Gothorum,

563 3327 799 3389 quatuor
850 3324 1043 3389 millia,
1095 3329 1339 3383 terrestri
1397 3328 1590 3385 itinere
1635 3339 1817 3400 partes
1866 3332 2161 3402 aggredere

564 3407 781 3466 Africae.
810 3412 923 3486 Ego
953 3431 1230 3473 veroeum
1261 3418 1469 3490 reliquo
1493 3422 1759 3488 exercitu,
1794 3422 2042 3478 videlicet
2063 3438 2158 3478 sex

564 3499 803 3558 millibus
828 3504 1061 3562 militum
1103 3517 1158 3563 et
1197 3518 1322 3565 octo
1352 3510 1589 3567 millibus
1620 3527 1938 3582 puerorum,
1979 3513 2158 3567 navali

486 3629 492 3635 ς
562 3594 848 3652 evectione
888 3598 1023 3656 ﬁnes
1048 3609 1227 3671 petam
1257 3602 1457 3675 Lybiae.
1484 3603 1705 3674 llocque
1751 3605 1907 3660 nobis
1949 3606 2161 3661 adinvi-

562 3695 682 3737 cem
729 3687 835 3742 erit
877 3688 1130 3759 signum:
1160 3702 1221 3748 ut
1253 3695 1326 3750 tui
1355 3695 1407 3751 in
1439 3696 1635 3752 castris
1663 3696 1940 3766 copiosum
1967 3713 2158 3755 accen-

564 3775 701 3834 dant
728 3779 926 3851 ignem,
959 3793 1014 3840 et
1050 3801 1160 3843 nos.
1198 3787 1253 3843 in
1296 3790 1524 3845 navibus
1569 3789 1752 3847 lumen
1805 3793 2157 3849 ostendamus

563 3863 794 3925 facibus.
835 3890 855 3925 ι
902 3871 1042 3942 Quid
1084 3877 1279 3949 plura?
1312 3878 1472 3936 factis
1517 3880 1664 3937 dicta
1713 3891 2154 3952 compensantes,

560 3954 802 4016 Africam
854 3966 1058 4034 partito
1104 3977 1293 4039 petunt
1344 3970 1580 4043 agmine.
1639 3969 1891 4037 Vandali,
1937 3981 2154 4028 terrena

561 4053 911 4122 expeditione
953 4069 1257 4130 comperta,
1304 4063 1515 4118 navalis
1566 4063 1739 4134 ignari
1794 4063 2049 4135 agminis,
2087 4064 2154 4118 ad

449 4225 457 4233 _
560 4160 796 4216 pugnam
822 4164 884 4204 se
908 4162 1234 4222 przeparant,
1263 4154 1584 4227 conjugibus
1611 4171 1677 4212 ac
1706 4155 1895 4211 liberis
1930 4154 1995 4210 ad
2027 4153 2152 4212 belli

562 4237 932 4305 spectaculum
972 4240 1028 4296 in
1077 4244 1276 4298 castris
1306 4245 1636 4300 constitutis.
1673 4243 1940 4301 Conserto
1965 4243 2153 4314 praelia

563 4338 691 4380 cum
717 4336 912 4384 neuter
933 4332 1206 4388 exercitus
1234 4333 1387 4389 alteri
1418 4334 1538 4391 loco
1566 4336 1815 4403 cederet,
1833 4336 2054 4392 nuntius
2083 4335 2152 4390 ad

564 4415 838 4475 Vandalos
889 4422 1056 4488 venit,
1103 4438 1357 4481 asserens
1417 4441 1614 4483 uxores
1660 4443 1849 4484 eorum
1899 4437 1957 4483 et
1998 4436 2153 4483 natos

565 4510 745 4583 gladio
775 4514 1090 4571 trucidatos.
1117 4517 1395 4574 Antonina
1438 4520 1607 4587 enim,
1638 4537 1762 4577 cum
1789 4521 1903 4576 suis
1927 4519 1995 4575 de
2026 4522 2147 4577 navi

2264 3325 2386 3366 cum
2414 3324 2622 3384 partem
2651 3317 2802 3387 regni
2829 3320 3061 3388 paterni,
3089 3338 3210 3392 qua:
3239 3340 3267 3377 a
3294 3323 3527 3381 Francis
3544 3344 3653 3383 non
3681 3328 3854 3384 fuerat

2262 3421 2510 3477 pervasa,
2545 3412 2878 3481 suscepisset
2925 3416 3482 3489 regendam,,legatos
3524 3422 3595 3476 ad
3640 3421 3854 3478 Cbilde-

2260 3497 2475 3554 bet-tum
2495 3509 2547 3555 et
2572 3499 2864 3558 Clotarium
2893 3504 3111 3568 direxit,
3146 3521 3339 3578 rogans
3362 3519 3441 3572 ut,
3468 3510 3606 3566 inito
3628 3511 3863 3579 ﬁndere,

2261 3604 2506 3645 sororem
2531 3606 2723 3647 eorum
2750 3605 3050 3650 mereretur
3076 3598 3358 3669 conjugem
3380 3602 3656 3672 accipere.
3682 3603 3848 3669 Quam

2262 3680 2334 3755 illi
2360 3696 2465 3736 non
2499 3692 2762 3752 negantes
2802 3686 2883 3757 (ut
2931 3687 3148 3757 regibus
3199 3698 3363 3745 tanta:
3408 3693 3594 3763 gentis
3632 3693 3845 3764 dignum

2259 3776 2399 3854 erat)
2427 3790 2640 3829 summo
2670 3791 2793 3831 cum
2826 3779 3032 3834 honore
3074 3780 3363 3837 miserunt.
3391 3781 3463 3838 At
3505 3783 3620 3850 ille,
3648 3795 3707 3841 ut
3736 3792 3849 3841 erat

2260 3875 2419 3936 gente
2444 3874 2498 3921 ct
2523 3867 2705 3922 animo
2730 3866 2900 3934 ferus,
2939 3870 3140 3927 habere
3183 3889 3302 3929 eam
3343 3875 3514 3945 coepit
3546 3876 3845 3941 remissius,

2261 3972 2360 4011 nec
2386 3957 2609 4029 diligere
2641 3968 2699 4013 ut
2722 3960 2984 4031 reginam,
3008 3964 3100 4017 sed
3122 3965 3463 4022 contumeliis
3490 3966 3848 4025 dehonestare

2258 4048 2414 4117 quasi
2452 4050 2628 4119 pretio
2656 4061 2897 4120 emptam
2937 4052 3213 4109 ancillam.
3243 4054 3373 4110 Nam
3404 4056 3533 4112 dum
3564 4066 3715 4115 esse:
3739 4060 3847 4129 ipse

2259 4142 2513 4208 nefanda,
2542 4158 2648 4213 qua
2675 4153 2730 4201 et
2751 4153 2909 4216 pater
2944 4161 3094 4213 suus,
3120 4146 3331 4207 Arianae
3360 4151 3640 4209 haereseos
3672 4169 3849 4211 macto

2258 4230 2398 4287 latus
2422 4233 2668 4301 perﬁdia,
2694 4234 2972 4304 despectui
3002 4250 3121 4291 eam
3165 4237 3372 4293 habens
3398 4241 3544 4310 quod
3572 4252 3725 4299 esset
3749 4243 3847 4298 ﬁdo

2257 4321 2549 4389 catholica,
2578 4325 2729 4381 eunti
2783 4324 2849 4379 ad
2875 4326 3302 4382 ortbodoxorum
3345 4329 3642 4388 ecclesiam
3688 4332 3847 4388 multa

2257 4413 2542 4484 ingerebat
2574 4415 2793 4484 probra.
2820 4415 3077 4471 Stercora
3117 4433 3351 4488 namque
3398 4419 3454 4476 in
3502 4436 3630 4477 eam
3677 4422 3763 4477 vel
3794 4423 3847 4478 in

2258 4501 2376 4572 ejus
2405 4500 2701 4572 projiciens
2716 4505 2886 4571 viam,
2904 4503 3096 4566 fetoris
3116 4508 3493 4581 commovebat
3512 4508 3844 4577 violentiam,

566 4602 623 4656 in
645 4601 797 4659 littus
824 4620 1067 4677 egressa,
1093 4619 1273 4663 castra
1300 4610 1533 4667 hostium
1557 4620 1892 4682 pervaserat,
1921 4611 2154 4667 nullum-

2262 4603 2317 4649 ut
2341 4595 2591 4654 devotam
2628 4609 2659 4649 a
2698 4610 2850 4665 purae
2874 4598 3141 4661 orationis
3173 4574 3363 4655 studio
3394 4574 3845 4657 averteret

563 4708 672 4765 que
701 4696 966 4753 viventem
995 4698 1310 4769 reliquerat,
1335 4717 1435 4758 nec
1457 4718 1653 4773 pueros
1677 4701 1895 4772 quidem
1917 4717 1982 4759 ac
2003 4703 2154 4774 puel-

564 4780 663 4839 las.
695 4783 766 4839 At
798 4784 1022 4841 Vandali
1053 4800 1375 4860 pugnantes,
1422 4802 1695 4863 comperta
1738 4809 1960 4850 suorum
1996 4808 2150 4863 nece,

562 4883 720 4947 rupta
743 4878 880 4941 acie,
909 4877 1037 4934 dum
1063 4880 1177 4935 suis
1208 4882 1396 4937 timent
1436 4884 1652 4953 propria
1685 4884 1929 4956 neglecta
1956 4885 2151 4951 salute,

2263 4694 2391 4740 tem.
2417 4685 2624 4753 Quibus
2658 4688 2964 4756 praestricta
2996 4691 3338 4749 contumeliis
3366 4691 3478 4751 ﬁlia
3499 4691 3759 4752 Clodovei
3780 4691 3847 4749 ad

2261 4779 2459 4833 fratres
2487 4793 2611 4834 cum
2647 4778 2906 4851 lacrymis
2950 4783 3164 4850 scribit,
3194 4783 3478 4854 epistolam
3503 4785 3734 4840 mittens
3758 4799 3847 4856 per

2238 4867 2546 4940 quemdam
2575 4870 2677 4926 sibi
2702 4870 2936 4938 ﬁdelem,
2959 4880 3034 4939 et,
3080 4888 3303 4929 causam
3326 4888 3549 4930 suarum
3574 4888 3849 4945 exponens

563 4966 629 5021 ad
658 4976 838 5024 castra
862 4969 1060 5026 reverti
1090 4969 1370 5026 festinant.
1395 4970 1540 5039 Quos
1557 4972 1780 5030 confuse
1813 4984 2031 5030 ruentes
2055 4975 2148 5045 qui

2262 4961 2604 5031 iujuriarum,
2635 4963 2704 5019 ad
2730 4974 3036 5020 extremum
3080 4965 3298 5021 intulit:
3326 4985 3347 5018 ι
3378 4965 3743 5033 Miseremini,
3768 4966 3847 5025 in-

560 5069 739 5116 castra
761 5061 1072 5119 invaserant
1090 5064 1305 5120 obviam
1340 5064 1465 5121 facti
1485 5068 1758 5137 excipient
1775 5076 2150 5138 sternuntque,

558 5165 623 5207 ac
646 5161 758 5209 toto
781 5155 1029 5227 palantes
1048 5168 1665 5228 persequunturcampo.
1680 5157 1794 5213 Rex
1815 5166 1993 5214 autem
2008 5156 2155 5213 Chil-

557 5241 826 5313 demerus,
840 5263 963 5304 cum
977 5249 1258 5306 duodecim
1282 5257 1490 5304 tantum
1504 5248 1756 5305 Vandalis
1778 5249 1900 5320 fuga
1917 5247 2155 5319 periculo

557 5348 861 5410 exemptus,
878 5342 1160 5398 castellum
1207 5340 1476 5412 quoddam
1508 5342 1929 5397 munitissimmn
1958 5351 2041 5396 est
2066 5341 2155 5394 in-

2253 5053 2392 5122 quit,
2417 5053 2551 5118 mci,
2577 5053 2778 5112 fratres
2804 5056 3189 5124 amantissimi,
3225 5065 3283 5112 et
3331 5072 3579 5112 mearum
3606 5057 3847 5114 necessi-

2259 5145 2471 5201 tudines
2502 5145 2859 5216 indignamini
2887 5162 3198 5204 causarum.
3227 5166 3246 5201 ι
3280 5146 3423 5204 Urbs
3444 5148 3692 5204 Arverna
3710 5146 3849 5204 Chil-

2258 5236 2538 5292 debertum
2568 5237 2622 5291 in
2643 5236 2889 5292 ﬁnitimis
2915 5237 3050 5303 suis,
3083 5238 3150 5293 de
3177 5237 3364 5298 fratris
3391 5237 3724 5299 Theoderici
3759 5252 3846 5293 ro-

2257 5327 2461 5399 gimiue
2480 5328 2549 5382 ab
2585 5343 2652 5386 eo
2682 5327 2734 5382 vi
2768 5339 3059 5399 praerepta,
3086 5328 3336 5393 Alcaebat,
3383 5343 3509 5383 cum
3550 5336 3845 5385 memorata
