4044 5428
184 377 284 436 689

182 649 373 733 avertit
403 674 635 728 hostem.
667 668 777 724 Nec
821 665 1025 721 diutius
1055 667 1347 732 potuerunt
1377 655 1630 711 resistere
1657 649 1766 704 Go-

184 769 280 832 tbi,
310 780 431 820 eum
461 764 706 816 virorum
744 758 918 813 contis
969 765 1023 809 et
1070 752 1286 808 fremitu
1334 760 1595 817 equorum
1636 756 1767 795 con-

182 857 545 911 turbarentur.
599 847 864 905 Conversi
918 845 1081 916 igitur
1130 843 1183 896 in
1234 840 1445 895 diversa
1490 835 1579 890 alii
1618 842 1765 896 sunt,

184 948 421 1019 plerique
444 947 510 999 ad
533 944 766 999 classem
795 938 1153 1009 refugiebant.
1181 936 1255 989 Ex
1287 950 1350 989 ea
1380 943 1592 1001 quoque
1616 936 1768 998 parte

184 1052 465 1095 occurrere
492 1035 716 1099 Franci,
740 1048 803 1087 ac
833 1032 1132 1092 universos,
1154 1033 1528 1097 praeoccupato
1550 1020 1765 1085 itinere,

186 1131 444 1202 repellunt
478 1144 507 1182 a
540 1127 703 1182 mari.
754 1127 870 1196 Ipse
918 1121 1240 1184 Amalticus,
1286 1117 1471 1188 fugere
1520 1120 1766 1175 conatus,

186 1223 458 1280 ecclesiam
484 1220 882 1275 catholicorum
911 1231 1071 1270 cursu
1105 1211 1342 1283 petebat.
1386 1206 1539 1262 Tunc
1574 1218 1713 1258 unus
1739 1217 1771 1256 e

190 1327 352 1372 turma
384 1314 749 1377 Francorum,
773 1312 939 1365 citato
967 1323 1107 1377 equo
1131 1321 1254 1361 eum
1285 1303 1580 1365 insecutus,
1613 1298 1769 1351 hasta

186 1408 420 1464 cominus
445 1419 771 1476 percussum
806 1410 963 1457 terrre
991 1396 1185 1466 dejecit
1208 1395 1599 1450 exanimatum.

244 1498 407 1569 Cujus
456 1507 741 1568 comperto
791 1495 1031 1553 interitu,
1065 1489 1442 1543 Childebertus
1493 1492 1614 1555 post
1664 1492 1775 1537 ter-

183 1611 299 1666 gum
336 1595 441 1649 iter
476 1594 722 1663 dirigens
757 1589 1082 1651 Gothorum,
1114 1584 1359 1638 Toletum
1405 1582 1616 1646 urbem,
1657 1579 1774 1647 ipso

183 1696 383 1743 terrore
414 1685 537 1740 belli
592 1683 803 1737 civibus
834 1676 1217 1738 consternatis,
1249 1674 1366 1727 sine
1410 1687 1562 1726 mora
1602 1684 1775 1739 oppu-

182 1775 358 1846 gnavit
385 1784 440 1828 et
465 1773 644 1843 cepit;
675 1769 964 1836 multisque
990 1767 1187 1821 ablatis
1215 1762 1483 1818 thesauris
1509 1770 1564 1815 et
1587 1772 1775 1815 sorore

1179 358 1498 421 HISTORIA
1537 352 1996 413 FRANCORUM.
2028 383 2096 394 -
2123 348 2247 413 LIB.
2274 347 2342 403 Il.

180 497 423 564 paratus.
476 484 577 543 Ubi
626 484 845 554 utrique
896 475 1160 536 exercitui
1212 474 1415 547 placuit
1467 472 1520 527 in
1574 481 1768 537 campo
1799 470 1846 528 Λ

182 561 364 660 prazlio
408 584 747 644 decernere,
810 574 1184 633 Childebertus
1241 568 1471 623 validior
1521 561 1762 660 equitatu
1834 581 1853 657 ,ὲ

1838 640 1847 657 ’
1936 645 2082 707 Inde,
2129 643 2295 697 fratre
2332 641 2571 698 Clotario
2613 641 2665 695 in
2712 640 3029 695 societatem
3081 636 3309 702 adscito,
3341 635 3454 709 Ipse

3343 339 3449 398 670

2476 454 2702 514 CAPUT
2749 455 2838 515 IX.

2109 553 2185 609 De
2215 550 2437 608 Clotarii
2462 551 2515 605 in
2550 548 2839 618 Thoriugos
2868 545 3213 616 expeditione.

1867 754 1989 793 cum
2051 735 2159 791 lilio
2207 734 2584 791 Theodeberto
2634 731 2961 803 'I'horingam
3013 730 3166 800 petit.
3220 727 3456 785 Praeerat

1869 826 2157 896 Thoringis
2184 840 2279 879 rex
2308 823 2745 888 IIcrmcnfredus,
2785 822 2992 877 duobus
3034 821 3147 875 suis
3175 820 3457 875 trucidatis

1869 918 2149 973 fratribus.
2197 914 2295 970 Cui
2326 922 2632 969 accesserat
2662 929 2724 968 ex
2758 912 3004 984 conjugio
3034 927 3167 964 vana
3211 909 3453 981 qucedam

1870 1010 2067 1065 utentis
2114 1008 2299 1074 elatio,
2324 1008 2464 1078 quod
2494 1006 2543 1060 ei
2584 1006 2687 1059 filia
2716 1005 3033 1060 Theudorici
3083 1003 3225 1070 regis
3262 1002 3455 1068 Italici,

1870 1115 1935 1155 ex
1975 1113 2161 1155 sorore
2192 1106 2440 1167 suscepta
2480 1095 2753 1157 Clodovci,
2802 1096 2923 1165 jure
2966 1094 3307 1164 copularetur
3357 1108 3456 1147 nu-

1872 1190 2041 1262 ptiali.
2071 1190 2194 1243 liter:
2224 1188 2470 1243 muliebri
2512 1186 2649 1241 fastu
2684 1186 2822 1242 elata
2853 1186 2991 1256 quod
3024 1185 3185 1256 regali
3213 1191 3456 1238 manaret

1873 1284 2141 1359 prosapia,
2165 1282 2383 1337 fratrem
2406 1281 2609 1345 mariti,
2633 1280 2973 1336 Iiertharium
2998 1280 3234 1342 nomine,
3250 1274 3455 1345 ingenti

1874 1378 2063 1432 oderat
2091 1374 2430 1430 crudelitate.
2468 1372 2707 1442 Denique
2744 1370 2936 1426 suadet
2973 1370 3087 1426 viro
3138 1376 3195 1422 ut
3234 1366 3456 1421 fratrem

1875 1468 1975 1522 sibi
2005 1465 2257 1521 tumulum
2284 1464 2392 1518 vita
2419 1463 2592 1534 privet
2621 1471 2675 1516 et
2703 1477 2892 1531 regno.
2927 1516 2943 1534 ,

1946 1558 2003 1613 Id
2031 1557 2139 1621 ille,
2186 1555 2260 1609 nil
2308 1563 2550 1609 moratus
2590 1550 2791 1617 effecit,
2839 1549 3127 1619 missisque
3174 1546 3459 1601 lictoribus

1878 1665 2000 1705 cum
2028 1648 2217 1719 perimi
2244 1646 2429 1717 jussit.
2461 1646 2585 1700 Pari
2624 1645 2784 1699 modo
2819 1643 3008 1708 alium,
3050 1641 3311 1696 vocabulo
3337 1638 3459 1693 Bal-

1879 1740 2111 1805 dricum,
2155 1738 2466 1809 suspicione
2499 1737 2757 1791 fraterna:
2785 1734 3152 1790 insimulatum
3184 1730 3459 1794 vindicttc,

183 1820 358 1846 δην-’σ-
389 1820 440 1828 ν-
468 1820 644 1843 ἀντη-ι
678 1820 891 1836 "mw-vn
946 1820 959 1822 -
1028 1820 1045 1821 η

182 1873 476 1935 assumpta,
512 1862 776 1933 repedare
808 1858 1097 1913 festinabat
1124 1856 1186 1909 ad
1219 1852 1456 1924 propria.
1486 1852 1593 1905 Sed
1618 1859 1769 1905 ante-

1880 1830 2096 1885 infauda
2136 1829 2416 1884 damnavit
2462 1837 2657 1884 morte.
2709 1826 2823 1881 liae
2870 1836 2990 1881 arte
3029 1824 3354 1894 Amalberga
3382 1820 3460 1893 (id

184 1972 339 2027 quam
395 1954 618 2023 cupitas
665 1949 1008 2022 pervenirent
1060 1946 1126 2000 ad
1173 1945 1351 2008 sedes,
1398 1956 1555 1996 soror
1605 1939 1770 2010 regis,

184 2049 363 2104 nescio
390 2064 500 2117 quo
529 2046 785 2114 depressa
830 2040 1192 2101 incommodo,
1237 2038 1343 2090 vita
1372 2033 1631 2090 decessit.
1662 2032 1770 2087 Cu-

178 2142 262 2210 jus
291 2155 494 2209 corpus
542 2139 599 2192 in
646 2136 818 2192 loculo
844 2135 1077 2205 positqu
1119 2131 1363 2185 Parisius
1394 2136 1475 2183 est
1512 2126 1769 2190 delatum,

183 2251 241 2289 ac
270 2235 323 2288 in
352 2233 583 2289 basilica
629 2230 799 2285 sancti
846 2228 993 2283 Petri
1029 2227 1182 2297 juxta
1226 2232 1433 2293 patrem
1465 2221 1773 2275 humatmn.

183 2326 325 2382 Sane
361 2327 418 2380 in
449 2323 720 2379 thesauris
750 2335 886 2391 quos
937 2318 1316 2375 Childebertus
1361 2314 1543 2369 avexit
1583 2313 1651 2367 ab
1675 2311 1773 2366 Ili-

181 2418 410 2487 spaniis,
443 2422 662 2485 reperta
698 2422 821 2467 sunt
863 2408 1220 2466 ecclesiastici
1254 2405 1500 2460 utensilia
1533 2402 1777 2456 ministeo

180 2508 267 2571 rii,
290 2522 358 2561 ex
390 2505 540 2559 vasis
588 2517 723 2574 quos
777 2501 964 2557 dicunt
1010 2499 1175 2554 fuisse
1216 2496 1543 2560 Salomonis,
1581 2506 1774 2550 novem

180 2592 573 2667 pretiosissimi
624 2591 857 2655 calices,
917 2586 1224 2658 quindecim
1285 2594 1532 2655 patente,
1586 2580 1774 2652 viginti

180 2703 357 2758 capsa:
387 2683 823 2753 Evangeliorum.
856 2682 986 2749 Quae
1030 2679 1210 2735 omnia
1242 2692 1363 2732 cum
1412 2676 1582 2733 solido
1611 2675 1778 2730 fabri—

179 2788 298 2832 cata
327 2778 679 2839 forentauro,
696 2774 1033 2847 gemmisque
1053 2780 1242 2827 ornata
1266 2784 1427 2840 opere
1457 2767 1774 2832 inclusorio,

179 2887 274 2926 rex
306 2881 497 2925 tamen
529 2870 734 2940 integer
762 2866 830 2921 ab
887 2881 1074 2921 eorum
1119 2863 1411 2936 cupiditate
1460 2870 1655 2917 cuncta
1696 2860 1778 2928 (ut

181 2973 302 3019 erat
324 2963 694 3035 largissimus)
726 2960 954 3015 diversis
997 2958 1183 3013 tribuit
1215 2956 1480 3012 ecclesiis.
1513 2953 1620 3009 Sed
1650 2952 1775 3007 dum

182 3059 473 3113 incursare
503 3057 684 3111 studet
732 3055 927 3118 aliena,
973 3050 1206 3123 perdidit
1233 3064 1353 3119 quae
1396 3046 1617 3117 putabat
1654 3058 1774 3099 sua.

180 3149 315 3204 Nam
352 3147 732 3204 Theodericus
761 3145 929 3200 frater
961 3143 1151 3213 ipsius,
1176 3140 1366 3196 dolens
1409 3139 1775 3193 Arvernorum

183 3249 374 3302 urbem
402 3246 476 3300 ab
512 3260 577 3300 eo
604 3244 705 3299 sibi
732 3242 897 3299 fuisse
927 3239 1217 3303 sublatam,
1265 3252 1387 3292 eam
1436 3236 1551 3305 ipse
1588 3235 1781 3289 iterato

183 3340 412 3403 invadit,
448 3338 714 3407 caesisque
758 3335 843 3391 vel
883 3334 1083 3406 fugatis
1125 3346 1262 3402 quos
1306 3329 1679 3386 Childebertus
1713 3327 1780 3383 ad

183 3433 442 3488 tuendam
496 3430 791 3499 reliquerat
869 3428 1084 3494 urbem,
1122 3424 1528 3488 Mundericum,
1580 3422 1671 3491 qui
1721 3435 1781 3475 se

182 3524 550 3593 propinquum
577 3520 717 3591 regis
738 3518 1049 3587 jactitabat,
1088 3529 1420 3587 regnumque
1441 3512 1542 3569 sibi
1572 3511 1777 3577 deberi,

180 3616 375 3684 perimi
400 3612 594 3681 jussit,
625 3622 680 3667 et
714 3627 833 3683 quae
868 3611 987 3682 ejus
1026 3618 1184 3666 erant
1220 3608 1320 3663 sub
1361 3608 1547 3661 fiscum
1588 3603 1776 3673 redigi.

182 3709 280 3763 Iiie
307 3707 524 3763 etenim
549 3705 890 3777 Mundericus
913 3702 1190 3775 persuasis
1212 3698 1525 3755 Arvernicis
1547 3695 1776 3761 civibus,

182 3799 417 3853 collecta
444 3797 609 3852 etiam
635 3796 961 3851 rusticorum
992 3808 1099 3849 non
1124 3807 1290 3862 parva
1320 3805 1506 3850 manu.
1536 3794 1775 3843 castrum

180 3887 566 3944 Victuriacum
636 3896 822 3941 contra
884 3884 1279 3940 Theodericum
1346 3879 1607 3951 pervasit.
1676 3876 1779 3934 Ubi

183 3981 311 4035 dum
342 3995 444 4034 rex
470 3993 592 4033 eum
617 3976 896 4034 obsidione
921 3976 1202 4042 cinxisset,
1228 3983 1285 4030 et
1312 3987 1564 4044 superare
1593 3969 1784 4041 nequio

182 4079 285 4139 ret,
316 4069 545 4124 cuidam
576 4083 818 4134 suorum,
844 4067 1114 4138 Aregisilo
1159 4065 1400 4131 nomine,
1440 4064 1670 4134 imperat
1697 4069 1776 4128 ut,

183 4162 314 4217 dato
346 4169 696 4217 sacramento
741 4159 1073 4223 securitatis,
1102 4156 1470 4211 Mundericum
1495 4170 1525 4209 a
1554 4152 1780 4210 castello

182 4255 343 4310 exire
391 4253 636 4317 suadeat,
678 4261 946 4322 quatenus
982 4265 1013 4305 a
1042 4245 1563 4305 circumsedentibus
1586 4242 1778 4316 perimi
1826 4292 1843 4308 ,

180 4350 397 4414 posset.
427 4340 520 4396 Ille
546 4350 812 4411 praecepto
857 4340 1218 4409 obtemperat,
1241 4352 1305 4391 ac
1347 4337 1775 4392 circumventum

182 4435 472 4490 hominem
498 4443 673 4488 castro
694 4435 892 4496 educit,
919 4434 1153 4503 datoque
1179 4432 1233 4485 in
1254 4430 1398 4485 hunc
1425 4429 1640 4484 modum
1664 4426 1777 4482 suis

183 4527 391 4597 signo:
429 4541 451 4576 ι
479 4524 633 4592 Quid,
663 4525 759 4591 ait,
798 4540 830 4580 ο
864 4524 1067 4594 populi,
1096 4525 1241 4577 hunc
1287 4521 1462 4574 virum
1511 4517 1752 4588 aspicitis

181 4632 250 4672 ac
272 4618 323 4671 si
355 4632 629 4685 nunquam
662 4617 893 4687 amplius
923 4632 1046 4671 eum
1079 4612 1383 4669 vidissetis?
1413 4631 1431 4662 ›
1464 4611 1559 4666 His
1583 4611 1654 4664 illi
1686 4625 1780 4664 au-

184 4706 320 4761 ditis
347 4707 552 4775 impetu
578 4705 629 4759 in
661 4705 1029 4760 Munderieum
1062 4712 1347 4774 proruunt.
1371 4702 1523 4768 Quod
1550 4700 1639 4755 ille
1668 4714 1782 4755 cer-

182 4812 352 4861 nens,
400 4795 725 4866 Aregisilum
772 4796 852 4850 sic
898 4795 1230 4864 alloquitur:
1269 4811 1288 4845 ι
1318 4794 1477 4861 Quia,
1514 4791 1710 4862 inquit,
1747 4804 1780 4844 ο

183 4885 478 4957 Aregisile,
502 4885 751 4956 perjuriis
787 4900 873 4941 me
912 4885 1171 4957 decepiin
1220 4883 1341 4946 tuis,
1375 4900 1440 4939 ex
1494 4885 1597 4938 hoc
1643 4892 1780 4945 tem-

183 4994 322 5050 pore
343 4988 399 5034 te
420 4978 685 5035 viventem
700 4978 876 5034 nullus
894 4989 1079 5034 cernet
1098 4977 1269 5032 oculis
1295 4977 1495 5032 carnis.
1524 4995 1546 5030 ι
1571 4976 1639 5030 Ει
1662 4974 1775 5028 haec

185 5072 400 5137 dicens,
433 5072 507 5125 uti
532 5087 671 5142 pone
718 5088 841 5127 eum
882 5074 1077 5137 stabat,
1120 5072 1303 5124 lancea
1353 5071 1495 5125 inter
1521 5067 1773 5140 scapulas

185 5162 383 5216 adacta
413 5174 531 5215 eum
572 5172 733 5217 terra:
763 5163 967 5227 defixit,
992 5162 1387 5232 evaginatoque
1414 5160 1609 5230 gladio,
1641 5160 1773 5213 hor.-

186 5260 339 5305 tatus
366 5252 558 5318 socios,
587 5253 971 5321 superjbostes
1018 5252 1201 5315 irruit,
1237 5265 1323 5316 ac,
1354 5268 1635 5325 quousque
1666 5248 1775 5318 spi-

186 5340 331 5396 ritus
365 5340 487 5395 vitae
528 5340 583 5396 in
620 5356 688 5396 eo
713 5340 833 5407 fuit,
864 5342 1065 5397 credere
1094 5355 1204 5403 non
1233 5342 1481 5397 cessavit.
1502 5339 1769 5399 Arcadius

1876 1923 2075 1993 quippe
2120 1938 2315 1977 nomen
2371 1920 2609 1990 mulieri)
2657 1934 2890 1974 vacuam
2940 1917 3071 1973 fecit
3120 1915 3223 1969 sibi
3278 1914 3458 1969 aulam

1876 2014 2053 2081 regni,
2085 2012 2213 2067 dum
2248 2011 2469 2067 simulat
2495 2011 2657 2065 saluti
2688 2026 2747 2066 se
2776 2008 2914 2065 velle
2938 2007 3223 2064 consulere
3252 2005 3458 2060 mariti.

1877 2105 2044 2161 Miser
2075 2107 2183 2170 ille,
2237 2105 2329 2176 qui
2362 2105 2636 2177 putaverit
2661 2103 2804 2173 quod
2836 2102 2925 2157 illa
2963 2101 3015 2156 in
3048 2101 3164 2172 ejus
3199 2099 3460 2154 fratribus

1876 2198 2233 2270 parricidales
2266 2182 2474 2251 odiSset
2501 2196 2880 2268 cogitationes,
2916 2208 3017 2249 nec
3052 2192 3459 2247 animadverte-

1878 2296 1961 2342 ret
2002 2296 2286 2342 cousortes
2331 2287 2480 2359 regni
2528 2302 2593 2342 ac
2642 2284 3006 2357 periculorum
3058 2282 3305 2339 sublatos
3339 2293 3461 2335 esse

1876 2390 2119 2431 suorum.
2168 2376 2317 2431 Adeo
2361 2376 2501 2445 apud
2550 2376 2824 2447 improbos
2867 2383 2951 2429 est
2973 2372 3199 2429 affectus
3232 2372 3376 2434 vilis.
3402 2379 3462 2424 ut

1876 2466 1985 2522 cito
2053 2466 2235 2535 pravis
2303 2466 2736 2536 suggestionibus
2795 2473 3204 2534 extorquentur.
3269 2461 3461 2516 Profe-

1878 2569 1997 2615 ctus
2024 2560 2207 2630 itaque
2248 2558 2619 2614 Theodericus
2648 2560 2701 2612 iu
2730 2557 3084 2629 Thoringam,
3117 2556 3335 2611 obviam
3366 2554 3462 2608 ha-

1878 2651 1997 2705 buit.
2067 2648 2520 2705 ilermenfredum
2586 2664 2710 2703 cum
2774 2648 3056 2702 innumera
3114 2642 3462 2700 multitudine

1880 2742 2142 2796 hostium.
2190 2739 2467 2815 Foderant
2516 2747 2697 2793 autem
2731 2738 2989 2808 Thoringi
3038 2736 3258 2801 fos~am,
3298 2750 3460 2805 quam

1881 2840 2129 2886 texerant
2177 2830 2521 2899 operimento
2581 2828 2890 2897 cespitum,
2938 2836 2997 2882 ut
3056 2825 3461 2881 advenientium

1856 2920 2014 2981 inibi
2063 2919 2482 2974 debilitarentur
2521 2917 2647 2987 equi
2694 2917 3049 2973 Francorum.
3082 2916 3199 2982 Quo
3223 2917 3458 2986 Cognito,

1880 3011 2073 3067 Franci
2109 3011 2309 3065 acriter
2337 3009 2600 3079 indignati
2633 3010 2816 3064 hostes
2846 3008 3031 3063 ultima
3061 3007 3464 3064 Iabefactarunt

1878 3102 2048 3168 ccede,
2101 3111 2360 3170 actosque
2412 3101 2465 3154 in
2518 3098 2699 3170 fugam
2727 3115 2895 3169 usque
2941 3099 3299 3154 Onestrudem
3355 3098 3454 3152 Ilu-

1808 3205 1853 3268 (ς
1885 3194 2031 3247 vium
2082 3199 2501 3263 persequuntur.
2540 3191 2617 3245 Ibi
2649 3191 2813 3245 etiam
2846 3191 3171 3246 adversariis
3204 3191 3458 3245 resistere

1884 3288 2030 3343 ausis
2060 3288 2396 3355 transituque
2425 3287 2714 3356 prohibere
2737 3285 2999 3350 Francos,
3025 3287 3245 3357 gravius
3277 3297 3453 3340 certa-

1882 3396 2030 3436 men.
2067 3379 2173 3434 Sed
2214 3378 2303 3433 ubi
2336 3393 2393 3433 se
2424 3377 2622 3433 Franci
2655 3378 2773 3448 ipso
2804 3394 2904 3432 usu
2933 3379 3103 3433 veteri
3138 3386 3462 3447 assuetaque

1880 3471 2130 3526 vincendi
2186 3470 2586 3526 confirmarunt
2658 3471 3072 3538 consuetudine,
3124 3472 3313 3526 ordine
3365 3485 3465 3526 suo

1880 3563 1995 3617 nixi
2025 3562 2367 3617 incursantes
2396 3562 2627 3629 caedere,
2668 3563 2841 3621 scutis
2878 3563 3161 3633 repellere,
3195 3563 3315 3617 nisu
3348 3579 3466 3617 om-

1880 3653 1934 3708 ni
1967 3668 2031 3708 ac
2073 3652 2272 3707 virtute
2318 3653 2647 3707 inconditam
2695 3652 3093 3708 multitudinem
3143 3652 3193 3706 in
3242 3651 3465 3706 fluvium

1880 3758 2078 3813 urgere
2115 3753 2421 3813 coeperunt.
2456 3742 2566 3798 Nec
2596 3742 2815 3798 difficile
2848 3743 2948 3797 fuit
2976 3742 3237 3813 plurimos
3265 3744 3316 3797 in
3342 3760 3463 3797 am-

1883 3850 2005 3891 nem
2054 3836 2250 3906 mergi,
2301 3852 2425 3891 cum
2468 3834 2615 3890 haud
2646 3836 2835 3906 procul
2860 3853 2888 3890 a
2923 3836 3105 3891 littore
3137 3851 3223 3891 res
3249 3850 3464 3906 gerere-

1882 3935 1991 3981 tur.
2044 3924 2218 3980 Tanta
2270 3935 2453 3981 autem
2503 3934 2715 3997 strages
2749 3937 2875 3980 tunc
2904 3925 2970 3981 de
2997 3925 3287 3997 Thoringis
3320 3923 3464 3981 facta

1879 4015 2047 4073 fuisse
2092 4016 2289 4084 fertur,
2329 4026 2409 4083 ut,
2451 4031 2715 4073 caesorum
2744 4017 3002 4089 congerie
3042 4017 3253 4087 Oppleto
3281 4016 3462 4082 fluvio,

1878 4109 2074 4164 Franci
2120 4124 2284 4178 super
2329 4109 2651 4164 interfectos
2702 4109 2758 4165 in
2806 4109 3118 4165 ulteriorem
3167 4109 3465 4165 transirent

1881 4198 2077 4268 ripam.
2111 4198 2538 4255 Ileruienfredus
2580 4200 2719 4271 ipse,
2763 4217 2887 4256 cum
2924 4201 3114 4272 paucis
3140 4201 3376 4273 elapsus,
3410 4203 3461 4257 in

1880 4291 2277 4346 munimentum
2305 4306 2364 4346 se
2394 4292 2624 4347 contulit
2660 4294 2833 4349 urbis.
2868 4294 3038 4362 Quem
3067 4306 3253 4366 postea
3282 4296 3463 4353 Theo-

1881 4381 2120 4447 doricus,
2167 4380 2274 4435 fide
2319 4383 2468 4448 data,
2510 4381 2774 4439 Tulbiaco
2819 4383 2995 4456 [hodie
3040 4386 3253 4459 Zulich]
3294 4385 3361 4440 ad
3404 4403 3464 4443 se

1878 4472 2068 4528 venire
2118 4473 2417 4539 mandavit,
2467 4487 2721 4544 eumque,
2752 4475 2878 4531 dum
2922 4476 3323 4532 deambulatum
3368 4493 3465 4548 per

1757 4556 1774 4583 ’
1810 4556 1860 4617 D
1886 4580 2100 4618 murum
2151 4564 2303 4619 urbis
2349 4564 2492 4618 irent
2529 4573 2582 4619 et
2616 4566 2717 4620 sibi
2759 4566 3080 4621 alterutrum
3128 4569 3462 4624 sermocina-

1886 4666 2098 4722 rcntur,
2142 4656 2473 4726 prtecipitem
2510 4657 2762 4712 deorsum
2789 4659 2916 4729 egit.
2968 4659 3071 4727 Qui
3109 4674 3272 4714 ruens
3310 4676 3462 4715 com-

1883 4746 2093 4800 minuto
2142 4746 2368 4800 cerebro
2413 4745 2758 4802 exanimatus
2792 4756 2895 4801 est.
2930 4748 3007 4802 Ex
3037 4763 3102 4801 eo
3130 4763 3348 4817 quoque
3374 4766 3466 4820 ge-

1882 4835 2009 4890 nitis
2038 4835 2259 4889 minime
2294 4835 2568 4903 pepercit;
2616 4836 2739 4901 sed,
2772 4850 2866 4890 eos
2906 4834 3235 4904 strangulari
3275 4836 3469 4904 pracci-

1881 4925 2078 4995 piens,
2134 4924 2421 4979 universas
2488 4924 2893 4997 Thoriugorum
2949 4926 3195 4983 civitates
3244 4923 3473 4981 Francis

1883 5017 2216 5089 subjugavit,
2273 5016 2613 5087 pristinaque
2645 5032 2741 5072 eos
2789 5017 2965 5089 jussit
3010 5013 3247 5073 incolere
3304 5016 3480 5074 domi.

1883 5108 2026 5165 cilia.

2511 5213 2745 5271 CAPUT
2780 5212 2848 5268 X.

1952 5330 2031 5387 De
2053 5326 2255 5399 origine
2277 5323 2611 5382 Francorum
2633 5329 2824 5381 citatus
2850 5326 3019 5385 diuus
3041 5321 3428 5393 Hieronymi“,
