4044 5428
577 293 679 362 tm

1647 375 1662 390 δ
1678 317 1936 375 'AIMOINI
1960 318 2263 390 ΜΟῌΑΕΗΙ
2287 318 2780 382 FLORIACENSIS

3737 330 3845 388 στι

577 417 782 483 Ῐῆιειςςο
809 424 863 482 et
893 424 1334 494 Alamannorum,
1370 445 1679 488 memorans
1720 435 1864 490 illius
1909 438 2149 492 nationis
2185 441 2229 500 Α
2261 439 2584 509 ingredienti
2621 440 2837 496 domum
2880 441 3044 512 pedes
3092 457 3389 513 apparuere
3416 445 3617 500 detecti
3649 462 3840 504 arma-

582 519 841 572 illustrem
860 520 1111 589 juvenem
1137 522 1205 574 ab
1229 522 1416 576 eodem
1445 525 1561 578 viro
1589 527 1676 580 Ilei
1710 529 1953 584 dzemone
1979 531 2155 598 ejecto

581 604 748 662 fuisse
771 621 1033 663 curatum.
1068 610 1174 666 Nec
1208 615 1360 667 nobis
1391 616 1542 670 oneri
1579 618 1683 671 crit
1716 620 1883 688 ipsius
1914 623 2159 678 disertis-

581 701 703 755 simi
758 704 913 755 vcrba
955 720 1154 770 ponere
1205 706 1325 771 viri,
1371 723 1490 760 cum
1537 717 1592 762 et
1631 721 1869 764 nostram
1918 715 1982 783 (si
2015 716 2160 768 inse-

582 791 790 858 rantur)
839 795 940 844 hott
983 803 1121 847 stent
1147 799 1451 860 materiam,
1485 809 1537 853 et
1577 803 1754 870 gentis
1785 803 2155 861 fortitudinem

581 879 917 934 innotescunt
971 887 1174 950 pariter
1222 900 1274 940 et
1333 891 1625 956 decorem;
1673 895 1834 949 simul
1903 899 2063 951 etiam
2099 908 2158 953 nt

581 972 753 1024 virtus
805 977 890 1027 1)μὶ
939 979 987 1028 in
1035 980 1217 1042 gentili
1267 998 1480 1051 quoque
1521 996 1746 1054 operata
1791 989 2010 1044 homine
2038 993 2154 1046 evi-

579 1062 771 1116 denter
818 1080 1094 1134 appareat.
1139 1071 1228 1124 Ait
1273 1088 1402 1141 ergo
1441 1074 1636 1128 divina:
1676 1075 1810 1146 legis
1842 1079 2152 1149 interpres:

585 1173 602 1204 ι
631 1157 960 1211 Candi.:atns
982 1161 1282 1216 Constantii
1310 1167 1650 1234 imperatoris
1683 1172 1874 1226 rutilus
1900 1189 2077 1236 coma,
2103 1183 2158 1229 et

578 1251 812 1303 candore
848 1257 1086 1326 corpOris
1127 1257 1372 1314 indicans
1407 1265 1739 1330 provinciam
1781 1269 1949 1336 (inter
1979 1271 2155 1326 Saxo-

578 1353 675 1394 nes
723 1344 919 1412 quippe
949 1363 1012 1397 ac
1040 1347 1373 1406 Alamannos
1421 1370 1552 1422 gens
1598 1356 1715 1424 ejus
1755 1375 1860 1414 non
1907 1371 2013 1415 tant
2048 1363 2157 1418 lata

577 1447 738 1502 quam
773 1437 966 1502 valida,
996 1443 1452 1508 apud'historicos
1473 1446 1786 1515 Germania,
1817 1470 1956 1510 nunc
1987 1456 2158 1512 Fran-
2187 1465 2194 1472 '

577 1527 660 1581 cia
706 1529 904 1584 dicitur
946 1536 1192 1606 antiqua)
1245 1539 1312 1593 ab
1369 1539 1593 1595 infantia
1651 1559 1934 1612 possessus
1977 1565 2006 1600 ει
2050 1550 2161 1603 dte-

576 1633 756 1681 mone,
801 1623 890 1690 qui
925 1627 1171 1680 noctibus
1208 1621 1330 1683 eum
1367 1632 1596 1696 ululare,
1629 1635 2011 1706 ingemiscere,
2048 1639 2153 1694 fre-

576 1723 725 1765 mere
765 1713 1014 1770 dentibus
1063 1721 1441 1788 compellebat.
1497 1724 1596 1780 Hic
1641 1739 1854 1782 secreto
1887 1731 1951 1784 ab
1986 1731 2152 1802 impe-

2269 539 2465 585 torunt.
2517 531 2667 596 Quod
2700 532 2784 585 ubi
2819 533 3222 598 animadvertit,
3273 551 3398 590 suos
3440 553 3634 603 capere
3683 557 3835 596 arma

2259 621 2433 692 jubet,
2461 638 2624 691 seque
2656 625 2978 692 prteredere.
3005 625 3270 679 lntellexit
3311 627 3556 695 protinus
3587 628 3839 684 Themin-

2265 713 2409 767 ricns
2456 713 2679 768 fratrem
2724 715 2900 767 dolum
2955 717 3342 784 praesensisse;
3381 728 3456 778 et,
3499 734 3567 772 ne
3611 721 3844 789 amplius

2265 804 2610 858 manifestum
2658 805 2808 858 fieret
2842 804 3064 869 factum,
3116 807 3232 858 loco
3276 811 3520 863 muneris
3551 811 3603 862 tli
3640 826 3764 864 rum
3794 813 3839 865 ei

2264 895 2354 948 dat
2407 905 2766 964 argenteum,
2823 897 3023 966 gratias
3080 913 3245 966 agens
3300 912 3520 968 propter
3581 902 3839 956 collatum

2264 987 2546 1040 auxilium.
2596 987 2973 1042 Nescientibus
3004 1004 3134 1058 ergo
3161 992 3274 1045 suis
3303 993 3429 1059 quid
3464 1003 3647 1046 actum
3680 993 3842 1058 foret,

2261 1079 2533 1134 Clotarius
2564 1090 2823 1133 metatum
2869 1082 3086 1149 repetiit
3130 1097 3308 1136 suum.
3358 1083 3484 1136 Post
3519 1085 3636 1137 haec
3667 1084 3846 1138 Theo-

2263 1171 2478 1223 doricus
2519 1186 2640 1222 cum
2675 1171 2786 1224 suis
2818 1181 3045 1239 questus
3084 1171 3201 1226 sine
3250 1189 3412 1225 causa
3443 1189 3499 1225 se
3529 1190 3687 1227 suunt
3721 1189 3845 1242 per-

2261 1265 2463 1321 didisse
2509 1267 2770 1332 catinum,
2819 1267 3091 1321 advocans
3140 1266 3578 1322 Theodebertnm
3637 1268 3831 1333 lilimn,

2265 1375 2284 1409 t
2317 1358 2478 1415 Vade.
2533 1359 2628 1422 ait,
2680 1358 2745 1411 ad
2774 1370 3023 1428 patruum
3061 1367 3232 1422 tuttm,
3266 1368 3322 1412 et
3349 1370 3471 1427 pete
3497 1361 3568 1413 ab
3593 1375 3659 1414 eo
3691 1375 3785 1412 vas
3811 1375 3846 1412 a

2259 1449 2415 1504 me‘ei
2461 1449 2602 1503 dono
2635 1451 2839 1504 datum.
2868 1467 2888 1502 ι
2935 1449 3075 1504 Abiit
3123 1451 3231 1509 ille.
3267 1467 3330 1506 ac
3361 1452 3480 1505 sine
3510 1468 3662 1504 mora
3692 1453 3840 1520 quod

2258 1537 2762 1607 petiitimpt-travit.
2791 1540 3062 1594 Clotarius
3112 1542 3234 1595 inde
3278 1543 3618 1612 regrediens,
3667 1543 3846 1596 Bade-

2259 1629 2474 1696 guodim
2518 1628 2680 1682 filiam
2719 1628 2983 1682 Bertbarii
3022 1629 3165 1697 regis
3210 1646 3392 1684 secum
3434 1631 3684 1693 abduxit,
3723 1645 3847 1698 qua:

2258 1722 2600 1789 postmodum
2649 1721 2792 1790 apud
2839 1721 3119 1775 Pictavam
3173 1722 3362 1776 urbem
3409 1723 3596 1776 multis
3641 1721 3843 1776 effulsit

575 1801 758 1859 ratore
794 1811 1128 1866 evectionem
1175 1816 1350 1883 petiit,
1386 1835 1606 1874 causam
1634 1822 1680 1875 ei
1709 1823 2030 1892 simpliciter
2067 1835 2151 1879 tn-

2263 1815 2576 1869 virtutibus.

577 1893 788 1961 dicans,
823 1910 900 1966 et,
927 1907 1161 1974 acceptis
1182 1909 1248 1960 ad
1267 1911 1608 1966 consularem
1629 1931 1843 1985 quoque
1873 1916 2156 1973 Palestina)

575 1989 797 2058 litteris,
837 2009 957 2048 cum
1002 1997 1206 2067 ingenti
1262 2003 1471 2060 honore
1519 2021 1584 2060 ac
1630 2011 1892 2064 comitatu
1949 2009 2155 2066 Gazam

575 2082 840 2139 deductus
882 2097 986 2140 est.
1037 2089 1138 2156 Qui
1191 2107 1316 2147 cum
1353 2111 1382 2148 a
1425 2095 1811 2155 decurionibus
1859 2102 1959 2158 loci
2013 2103 2156 2158 illius

573 2177 856 2243 qttatsisset
903 2181 990 2234 ttbi
1039 2183 1310 2240 habitaret
1353 2188 1592 2244 llilariou
1628 2196 1948 2257 monachus,
1979 2200 2154 2254 territi

574 2266 872 2337 Gazenses,
917 2285 1167 2341 putantes
1203 2293 1325 2334 eum
1355 2282 1423 2336 ab
1452 2282 1780 2352 imperatore
1809 2277 2052 2356 missum,
2087 2290 2154 2344 ad

574 2363 961 2414 tttottasterittm
995 2379 1448 2435 pert'cxerttnl,ttt
1491 2383 1546 2425 et
1580 2375 1840 2428 honorem
1878 2394 2156 2433 court-en-

573 2453 700 2507 dato
729 2457 1064 2523 cxhiberenl,
1096 2472 1170 2527 et,
1209 2463 1250 2515 si
1282 2465 1410 2532 quid
1440 2481 1500 2520 ex
1531 2469 1822 2535 prteteritis
1859 2467 2071 2537 injuriis
2101 2472 2151 2526 itt

573 2543 907 2619 Ililarionem
961 2563 1105 2604 esset
1151 2551 1401 2618 oﬂ‘ensm,
1454 2573 1594 2610 novo
1637 2557 1813 2613 ollieio
1859 2560 2152 2615 deleretur.

536 2715 537 2718 η
573 2633 966 2692 Deambulabat
993 2651 1172 2695 autem
1202 2653 1328 2698 tunc
1363 2661 1524 2700 senex
1569 2647 1618 2701 in
1670 2650 1858 2704 arenis
1901 2650 2153 2706 mollibus

573 2727 635 2785 iet
665 2747 849 2785 secum
903 2733 969 2787 de
1003 2735 1225 2804 psalmis
1254 2740 1437 2793 nescio
1485 2740 1613 2810 quid
1647 2743 2150 2798 subtnurnmrabat.

579 2822 881 2894 Vidensque
919 2834 1121 2880 tantam
1155 2829 1366 2884 tttrbant
1401 2831 1730 2896 venientem,
1785 2833 2047 2897 substitit,
2075 2841 2150 2900 et,

573 2913 882 2969 resalutatis
911 2918 1162 2972 omnibus
1211 2935 1481 2990 tnannquc
1525 2922 1604 2975 eis
1648 2921 2000 2984 benedicens.
2031 2933 2156 2994 post

573 3007 766 3061 horam
818 3019 1042 3064 caeteros
1103 3012 1252 3066 abire
1295 3015 1585 3084 praecepit;
1639 3015 1786 3069 illttut
1848 3031 1978 3069 vero
2030 3033 2152 3072 cum

571 3098 746 3151 servis
771 3100 884 3154 suis
915 3110 966 3154 et
991 3104 1389 3172 apparitoribus
1421 3121 1664 3161 manere.
1701 3106 1773 3160 Ex
1807 3105 1979 3162 oculis
2006 3108 2149 3162 enim

573 3189 694 3259 ejus
733 3208 796 3246 ac
822 3194 994 3256 vultu,
1026 3212 1124 3250 cur
1154 3199 1407 3260 venisset,
1441 3213 1756 3269 agnoverat.
1791 3200 1991 3256 Statim
2020 3218 2151 3274 ergo

571 3282 641 3356 ad
689 3287 1167 3356 interrogationem
1219 3306 1517 3362 suspensus
1569 3295 1756 3360 homo,
1805 3297 1897 3349 vix
1951 3306 2154 3350 terram

573 3373 800 3444 pedibus
846 3385 1073 3447 tangens
1103 3390 1157 3435 et
1187 3380 1424 3437 itmuane
1475 3385 1715 3456 rugiens,
1762 3387 1902 3458 Syro
1932 3403 2041 3458 quo
2070 3389 2154 3443 in-

575 3475 884 3537 terrogatus
925 3470 1118 3533 fuerat,
1168 3488 1423 3529 sermone
1476 3477 1774 3545 reSpondit.
1827 3476 2054 3534 Videres
2089 3480 2156 3534 de

572 3570 670 3610 ore
714 3557 970 3638 barbaro.
1014 3568 1071 3614 et
1114 3562 1204 3630 qui
1252 3562 1520 3618 Francam
1557 3575 1764 3620 tantum
1798 3581 1862 3621 ac
1907 3567 2156 3624 Latinam

569 3658 804 3726 noverat
830 3647 1114 3721 .linguam,
1161 3652 1297 3725 Syra
1335 3656 1400 3709 ad
1433 3672 1627 3726 purum
1672 3657 1834 3713 verba
1875 3673 2152 3728 resonare,

569 3745 634 3821 Iut
659 3753 763 3792 non
811 3741 1015 3796 stridor
1045 3744 1415 3812 aspirationis,
1449 3763 1553 3801 non
1586 3747 1783 3803 idioma
1814 3751 2030 3822 aliquod
2058 3751 2160 3807 Pa-

572 3826 768 3884 lmstini
797 3831 1010 3888 deesset
1042 3835 1266 3906 eloquii.
1297 3837 1594 3894 Confessus
1638 3849 1722 3896 est
1761 3843 1942 3913 itaque
1963 3861 2070 3916 quo
2102 3845 2156 3900 in

571 3933 695 3973 eum
729 3924 888 3977 modo
920 3925 1128 3980 damma
1164 3929 1455 3996 intrasset;
1488 3939 1566 3995 et,
1595 3940 1653 3984 ut
1683 3933 2008 4005 interpretes
2039 3935 2156 4004 ejus

573 4011 937 4084 intelligerent
973 4019 1064 4087 qtti
1097 4017 1342 4075 Graecam
1377 4031 1583 4076 tantum
1614 4038 1680 4079 ac
1705 4024 1958 4081 Latinam
1989 4043 2158 4084 nove-

575 4114 700 4161 rant
723 4106 982 4176 liuguant,
1007 4109 1197 4166 Grtnce
1217 4129 1432 4183 quoque
1463 4129 1585 4169 eum
1623 4116 2000 4188 interrogavit.
2036 4119 2156 4187 Quo

573 4197 768 4251 similia
817 4202 978 4255 verba
1020 4205 1209 4258 eodem
1263 4207 1643 4277 respondente,
1698 4212 1954 4267 admirati
2001 4223 2155 4268 sunt.

575 4285 772 4351 Multas
787 4290 1021 4361 tlenique
1043 4295 1473 4353 incantationnm
1491 4301 1539 4354 ei
1559 4302 1875 4357 occasiones
1891 4313 1945 4358 et
1961 4319 2144 4360 neces-

576 4380 792 4432 sitatem
820 4384 1154 4453 magicarum
1185 4389 1500 4444 obtendenti
1531 4393 1728 4446 artium
1754 4411 1768 4446 :
1803 4392 1948 4448 «Non
1989 4410 2156 4462 curo,

573 4469 674 4535 ait,
713 4477 982 4540 quomodo
1027 4477 1345 4543 intraveris,
1392 4480 1486 4535 sed
1531 4492 1589 4537 ut
1632 4499 1797 4539 exeas
1839 4485 1892 4540 in
1936 4492 2155 4544 nomine
2184 4497 2231 4556 ι)

576 4560 789 4614 Domini
815 4565 982 4616 nostri
1007 4564 1132 4620 .Iesu
1159 4567 1362 4623 Christi
1382 4571 1641 4640 impero.»
1660 4573 1908 4644 Cumque
1932 4588 2155 4632 curatus

575 4663 744 4717 esset,
791 4653 1141 4724 simplicitate
1186 4661 1392 4717 rustica
1435 4664 1620 4719 decem
1671 4667 1787 4720 auri
1836 4667 2002 4723 fibras
2025 4668 2155 4724 olfe-

569 4757 721 4820 _t'ens,
767 4744 1130 4803 hordeaceam
1179 4751 1246 4805 ab
1295 4766 1360 4805 eo
1409 4757 1617 4824 accepit
1665 4771 1878 4825 panem,
1931 4761 2157 4816 audiens

573 4836 717 4906 quod
763 4840 855 4918 qui
905 4842 991 4895 tali
1033 4843 1156 4897 cibo
1191 4844 1467 4899 alerentur
1496 4863 1689 4901 aurum
1722 4865 1818 4918 pro
1849 4851 1960 4904 luto
1992 4854 2156 4907 duce-

563 4938 718 5010 ~rent.
743 4915 781 4980 ι’
801 4929 923 4984 Ilzec
967 4933 1104 4986 dixit
1147 4932 1535 5006 Hieronymus,
1563 4938 1646 4990 vir
1677 4938 1727 4992 in
1756 4951 1942 4994 sancta
1970 4941 2157 4998 Eccle-

575 5025 653 5075 sia
688 5025 834 5076 ouuti
884 5025 1099 5080 landum
1149 5034 1424 5099 praeconio
1469 5030 1686 5102 dignus.
1736 5031 1844 5086 Nos
1873 5044 2055 5088 autem
2088 5037 2156 5090 ad

576 5128 689 5167 rem
720 5128 952 5186 emptam
985 5130 1260 5176 vertamus
1285 5125 1602 5177 articulum.

1179 5215 1409 5271 CAPUT
1451 5215 1540 5269 XI.

757 5300 830 5354 De
863 5303 1075 5373 reliquis
1107 5307 1326 5362 (ποιαήρ
1359 5319 1406 5362 et
1444 5306 1754 5361 Theudorici
1790 5309 1964 5376 gestis.

767 5393 888 5428 innn
947 5399 1071 5428 l'll-‘l
1139 5403 1276 5428 ιιι-ιιι..
1337 5400 1670 5428 Ψίι...σίιιιπιιιιὶ
1725 5416 1772 5428 ιιι

1780 5416 1887 5428 ιιηίνι
1939 5400 2128 5428 ΩΛ-Λαιο

568 5415 604 5428 -’
649 5389 888 5428 “ﬁniunt.-
947 5399 1071 5428 l'll-‘l

2178 3151 2226 3215 C

2331 1906 2462 1961 Cum
2493 1908 2677 1975 igitur,
2706 1915 2761 1960 ιιι
2785 1905 2992 1975 prml‘ati
3020 1923 3228 1971 sumus,
3255 1907 3655 1961 Theodericum
3682 1916 3848 1976 atque

2259 1995 2699 2061 Childebertum,
2754 2013 2892 2066 quos
2949 1997 3211 2064 junxerat
3283 2007 3514 2059 natura,
3574 1998 3845 2052 divideret

2259 2087 2550 2151 tliscordia,
2585 2090 2798 2142 tandem
2843 2090 3141 2144 domestico
3175 2089 3380 2144 foedere
3421 2091 3664 2144 civilium
3718 2099 3847 2146 sunt

2259 2191 2602 2249 sequestrata
2654 2183 2916 2236 bellorum
2962 2184 3284 2237 certamina.
3337 2183 3442 2237 Sed
3479 2187 3840 2254 quorumdam

2259 2271 2616 2326 nefandorum
2663 2275 3032 2328 molitionibus
3086 2275 3399 2336 homintnn,
3455 2275 3547 2342 qui
3608 2276 3844 2330 assiduis

2259 2365 2496 2434 gaudent
2551 2365 2942 2419 mutationibus
2996 2380 3195 2427 rerum,
3245 2366 3438 2418 iterant
3479 2377 3651 2434 pacta:
3690 2366 3842 2433 pacis

2255 2456 2454 2510 violata
2506 2467 2628 2508 sunt
2667 2455 2812 2524 jura.
2855 2455 3199 2525 QuaprOpter
3233 2457 3385 2510 tnttlti
3427 2457 3689 2510 nobilium
3719 2457 3842 2521 lilii,

2257 2547 2475 2602 obsides
2507 2556 2736 2617 utraque
2763 2562 2828 2600 ex
2861 2558 3014 2616 parte
3046 2549 3136 2618 qui
3173 2547 3384 2602 fuerant
3409 2551 3546 2613 dati,
3591 2551 3840 2604 servituti

2265 2640 2652 2708 subjiciuntur.
2685 2640 2832 2694 Inter
2862 2651 3087 2694 cet-teres
3117 2656 3242 2694 vere
3266 2656 3430 2709 nepos
3463 2641 3605 2692 beati
3638 2641 3843 2711 Grego-

2258 2733 2326 2786 rii
2376 2732 2682 2801 Lingonica:
2724 2732 2873 2786 urbis
2921 2733 3184 2802 episcopi,
3230 2733 3356 2785 dum
3395 2731 3689 2798 cujusdam
3722 2734 3842 2786 bar-

2256 2824 2374 2879 bari
2428 2824 2654 2879 servitio
2711 2833 3092 2894 premeretur,
3149 2839 3178 2876 a
3238 2824 3520 2877 memorati
3573 2824 3844 2893 pontificis

2257 2932 2436 2981 servo,
2472 2917 2651 2972 Leone
2682 2918 2968 2979 vocabulo,
2995 2916 3084 2985 qui
3133 2916 3502 2985 prmparandts
3533 2916 3710 2985 epulis
3743 2916 3842 2968 mi-

2259 3009 2542 3062 nistcrium
2577 3009 2892 3072 exhibebat,
2923 3009 3263 3069 subducitur,
3291 3009 3650 3078 pristinaaqne
3681 3009 3844 3062 liber-

2260 3099 2356 3153 tati
2405 3101 2507 3154 hoc
2550 3100 2741 3153 ordine
2781 3099 3107 3152 restituitur.
3139 3101 3336 3156 Audito
3365 3107 3566 3173 quippe
3591 3103 3843 3172 pra-fatus

2260 3193 2515 3247 sacerdos
2556 3207 2680 3246 eum
2725 3189 2966 3246 Treviris
3014 3193 3264 3257 detineri,
3291 3195 3458 3247 mitttt
3486 3210 3689 3264 pueros
3719 3195 3833 3263 qui,

2259 3285 2440 3339 oblato
2468 3285 2687 3338 domino
2713 3281 2830 3351 ejus
2857 3284 3051 3352 pretio,
3082 3283 3228 3338 illum
3261 3286 3460 3338 exinde
3486 3288 3840 3340 abducerent.

2261 3375 2470 3442 Quibus
2523 3374 2790 3429 barbarus
2833 3376 3155 3445 respondit:
3194 3394 3211 3426 t
3246 3377 3360 3439 llic,
3414 3377 3693 3447 inquiens,
3735 3388 3842 3432 tam

2261 3465 2510 3536 prazclari
2555 3466 2769 3536 generis
2812 3481 2948 3536 puer
2983 3481 3105 3521 .nou
3154 3466 3458 3522 dimittetur
3485 3508 3502 3533 ,
3556 3470 3663 3522 nisi
3715 3469 3843 3523 mihi

2260 3557 2450 3612 decem
2502 3557 2654 3611 librae
2694 3557 2810 3610 auri
2860 3557 3113 3610 dentur.»
3150 3557 3260 3612 Illis
3287 3560 3401 3614 haec
3423 3561 3844 3629 episcoporum-

2262 3649 2544 3714 tiantibus,
2587 3649 2697 3704 Leo
2720 3663 2778 3703 se
2807 3649 3005 3704 obtulit
3040 3651 3228 3704 dicens
3255 3667 3268 3704 :
3303 3671 3321 3702 ι
3352 3650 3617 3706 Permitte
3663 3669 3762 3713 n.e,
3790 3659 3842 3706 et

2258 3754 2360 3810 ego
2388 3755 2486 3810 per
2523 3739 2619 3794 Dei
2657 3741 2920 3794 auxdium
2969 3756 3196 3809 puerum
3226 3742 3490 3797 liberabo.
3517 3762 3536 3793 ι
3578 3745 3700 3810 Quo
3727 3760 3843 3813 pero

2259 3832 2532 3895 mittente,
2583 3831 2869 3902 quaesitum
2911 3831 3002 3885 ille
3045 3835 3334 3900 quemdam
3380 3833 3666 3888 hominem
3698 3843 3842 3905 rogat

2260 3930 2319 3975 ut
2344 3935 2404 3976 se
2429 3923 2653 3977 domino
2686 3922 2863 3990 pueri,
2894 3923 3048 3990 quasi
3087 3925 3365 3992 proprium
3397 3924 3687 3988 famulum,
3717 3941 3840 3979 ven-

2259 4011 2374 4077 dat,
2417 4021 2470 4066 et
2501 4013 2736 4081 pretium
2784 4012 2902 4067 loco
2927 4014 3174 4067 benettcii
3202 4014 3255 4066 itt
3279 4029 3406 4068 suos
3449 4030 3584 4070 usus
3629 4018 3838 4070 habeat.

2259 4101 2494 4158 Obaudit
2533 4103 2621 4158 ille
2655 4104 2823 4168 dicto,
2868 4114 2924 4158 et
2955 4119 3078 4158 eum
3117 4105 3400 4159 duodecim
3431 4108 3619 4161 aureis
3649 4122 3841 4160 memo-

2259 4207 2378 4250 rato
2411 4195 2654 4250 vendidit
2689 4197 2827 4250 viro.
2866 4195 3072 4262 Qum-it
3102 4197 3296 4249 deinde
3323 4198 3582 4250 delentur
3613 4215 3643 4251 a
3670 4197 3840 4252 Leone

2259 4288 2388 4358 quid
2429 4289 2611 4356 operis
2644 4289 2747 4342 scit
2775 4304 2954 4358 agere.
2991 4288 3088 4343 Cui
3120 4288 3269 4343 Leo:
3300 4308 3317 4340 ι
3344 4289 3398 4342 In
3443 4294 3840 4359 praeparandis,

2261 4380 2460 4450 inquit,
2502 4382 2676 4450 epulis
2713 4381 2889 4435 nullus
2918 4396 3003 4436 me
3033 4383 3294 4452 prmteriit
3324 4383 3612 4452 disciplina
3644 4386 3795 4438 artis.
3816 4403 3834 4435 ο

2259 4473 2490 4543 Imperat
2543 4490 2671 4546 ergo
2721 4476 2974 4530 dominus
3037 4485 3096 4528 ut
3153 4476 3480 4530 adveniente
3550 4477 3641 4532 die
3704 4477 3842 4531 Solis

2259 4567 2362 4636 (sic
2409 4567 2553 4620 enim
2609 4567 2826 4621 barbari
2882 4567 3025 4620 diem
3066 4577 3268 4621 vocant
3315 4568 3685 4637 Dominicatn)
3739 4568 3838 4620 tale

2258 4665 2413 4726 paret
2459 4656 2788 4720 ccttvivittm,
2839 4658 2982 4724 quod
3034 4657 3249 4710 venturi
3283 4657 3350 4709 ad
3379 4672 3503 4709 eum
3540 4658 3704 4711 amici
3739 4657 3830 4709 ha-

2260 4747 2421 4802 beant
2441 4749 2783 4801 adtniratum.
2813 4748 2968 4806 Ouod
3002 4747 3111 4808 ille,
3138 4757 3462 4816 congregata
3496 4747 3838 4799 multitudine

2259 4841 2522 4910 gallorum
2554 4841 3000 4910 gallinaceorum,
3029 4841 3104 4892 ita
3152 4839 3480 4908 przeparavit
3511 4849 3571 4890 ut
3602 4840 3838 4891 dicerent

2259 4935 2501 4986 convivae
2544 4947 2601 4986 se
2647 4947 2746 4984 nec
2781 4932 2836 4984 in
2883 4945 3067 4984 mensa
3111 4930 3256 5000 regis
3285 4929 3388 4981 tale
3409 4929 3540 4997 quid
3571 4940 3835 4998 gustasse.

2259 5025 2494 5081 Gavisus
2524 5027 2777 5079 dominus
2812 5025 3045 5078 Leonem
3089 5035 3460 5092 promptuario
3503 5023 3837 5089 praeﬁcit,“

2259 5132 2527 5171 summam
2555 5119 2636 5170 sui
2666 5117 2894 5182 gratiam
2930 5115 3186 5182 impertit.

2333 5209 2457 5263 Post
2487 5214 2612 5262 anni
2642 5210 2904 5262 circulum
2932 5224 3056 5261 cum
3088 5205 3270 5262 Attalo
3293 5206 3370 5274 (id
3404 5205 3607 5274 quippe
3643 5221 3837 5259 nomen

2261 5306 2475 5372 nepotis
2501 5305 2737 5372 episcopi
2776 5305 2916 5371 erat)
2969 5304 3019 5354 in
3066 5316 3180 5370 pra!

3131 5316 3242 5354 ate.
3271 5318 3336 5354 eo
3358 5305 3506 5354 quod
3537 5302 3629 5353 ille
3663 5309 3840 5352 cautes

2263 5412 2521 5428 nun-“nn..-
2562 5409 2698 5428 ολμοι
2778 5396 3048 5428 .|.c..n...|;t
3129 5395 3184 5428 pl
3237 5395 3407 5428 νηριδες
3458 5393 3560 5428 εἰΙιί

3612 5394 3666 5428 ἱιι
3676 5409 3704 5428 ιτ
3711 5395 3838 5428 ἷρρηι
