4044 5428
182 140 281 195 673

179 273 206 310 a
232 268 320 308 me
342 261 569 312 vocatus
596 252 783 317 fueris,
824 252 925 307 iter
950 251 993 306 si
1023 250 1166 320 sapis
1194 258 1439 304 nostrum
1466 246 1700 318 parabis.
1743 264 1761 298 ι
1799 254 1839 305 Α

180 348 255 403 Ea
305 346 446 400 forte
491 357 647 401 nocte
693 345 826 407 Leo.
874 360 1133 415 generum
1184 342 1385 397 domini
1435 344 1499 393 ad
1544 343 1765 393 domum

180 440 506 492 redeuntem
545 446 888 507 prosecutus,
933 438 1056 487 vina
1095 434 1359 503 porrexit.
1392 431 1487 486 (lui
1532 430 1617 483 ille
1642 430 1766 499 joco

174 531 291 585 ait:
330 548 349 580 ι
389 530 506 590 Die,
543 544 576 581 ο
608 544 763 597 puer,
795 528 839 581 si
880 525 1081 587 valeas,
1112 541 1217 592 qua
1248 535 1405 576 nocte
1439 522 1502 574 ad
1530 532 1761 591 patriam

174 622 378 675 reverti
424 619 699 675 destinas?
723 638 741 668 ι
766 618 845 672 Ad
869 633 1027 687 quem
1059 615 1167 670 Leo
1198 615 1322 668 item
1349 612 1602 680 jocaudo,
1629 611 1768 663 veri-

177 720 344 765 tatem
392 719 573 762 tauten
626 707 863 762 eﬂ'atus:
903 725 920 758 ι
952 706 1083 770 Hac,
1115 706 1291 773 inquit
1326 712 1504 765 nocte,
1543 703 1586 754 si
1628 702 1769 754 Deus

178 802 514 871 permiserit.
530 821 626 851 ι-
644 818 660 849 ι
683 800 923 860 Utinam.
946 798 1023 853 ait
1045 798 1201 861 alter,
1226 813 1306 849 me
1320 794 1626 847 custodiant
1664 792 1768 845 mei

179 895 392 959 famuli,
438 910 504 948 ne
549 893 679 962 quid
724 895 791 946 de
826 894 986 945 domo
1027 906 1143 944 mea
1190 888 1427 941 auferas.
1462 905 1479 937 ι
1528 885 1765 939 Necdum

178 987 364 1055 itaque
411 985 584 1054 prima
632 982 809 1038 noctis
837 984 1018 1051 quiete
1060 989 1361 1041 transacta,
1414 978 1521 1031 Leo
1563 978 1629 1028 ad
1676 975 1766 1027 At-

180 1079 349 1133 talum
392 1092 693 1147 properans
718 1076 907 1143 qumrit
949 1091 1017 1127 an
1060 1074 1286 1137 haberet
1326 1070 1597 1140 spathatn.
1653 1068 1771 1132 Quo

180 1179 414 1240 negante
474 1168 561 1221 ille
610 1183 644 1222 a
696 1168 874 1236 capite
934 1165 1140 1219 domini
1194 1163 1276 1216 sui
1340 1171 1555 1214 scutum
1612 1156 1771 1212 simul

181 1275 302 1315 cum
377 1260 586 1316 framea
657 1259 871 1321 aufert,
921 1257 1329 1325 sciscitantiqne
1406 1254 1625 1308 domino
1689 1266 1772 1304 re-

184 1352 401 1421 spondit
449 1367 509 1405 se
555 1365 704 1415 esse,
747 1350 990 1417 velleque
1041 1348 1308 1411 Attalum,
1363 1345 1454 1413 qui
1515 1354 1770 1411 tanquam

179 1442 360 1496 ebrius
417 1440 769 1510 quiescebat,
814 1440 1105 1498 suscitare.
1148 1448 1204 1491 ut
1246 1438 1312 1490 ad
1346 1446 1561 1505 pastum
1602 1450 1771 1504 equos

178 1531 426 1585 deducat.
470 1530 565 1583 Illo
608 1545 737 1584 vero
781 1544 885 1583 non
930 1528 1238 1591 abnuente,
1276 1525 1550 1596 profecms
1585 1537 1668 1578 est
1704 1528 1770 1579 ad

1103 132 1426 191 HISTORIA
1452 128 1903 187 FRARCORUM.
1926 160 1996 172 —
2034 130 2158 185 LIB.
2203 130 2264 184 II.

3365 127 3469 189 674

1873 254 1929 300 et
1974 245 2093 298 ait:
2133 263 2150 296 c
2194 243 2345 300 Nunc
2391 245 2522 300 mihi
2572 246 2773 302 bonum
2833 258 2917 303 est
2972 252 3107 308 mori
3158 270 3281 310 cum
3328 252 3474 313 'flliis

1872 339 2026 392 meis.
2069 338 2275 391 Mortua
2328 348 2412 393 est
2456 340 2648 409 pietas.
2701 340 2856 397 Nune
2908 344 3147 411 proferto
3196 347 3323 402 illud
3381 356 3461 401 est

1874 441 2083 497 tempus
2107 445 2232 498 quo,
2282 430 2324 484 si
2378 446 2567 485 omnes
2598 447 2693 486 sua
2726 434 2855 487 dent
2883 437 3131 502 consilia,
3165 439 3286 491 huic.
3318 441 3464 495 malo

1872 525 2167 578 remedium
2186 524 2460 578 inveniant
2479 525 2705 578 nullum.
2724 526 2926 580 Novum
2956 530 3055 582 hoc
3080 530 3263 599 flagitii
3289 548 3465 602 genus

1870 626 1994 679 est,
2024 631 2131 682 quo
2178 615 2357 684 patrui
2393 616 2763 669 innocentium
2797 629 3054 686 appetunt
3090 624 3251 673 vitam
3291 638 3451 690 nepo-

1874 716 2010 760 tum.
2048 706 2229 769 Doleo,
2261 706 2466 772 I'ateor,
2513 710 2809 777 parricidas
2844 727 3132 779 generasse
3162 728 3245 765 me
3298 714 3459 781 filios,

1873 798 1963 865 qui
1992 814 2095 850 non
2126 808 2343 865 possent
2368 814 2592 868 parcere
2618 804 2951 868 parentibus.
2972 802 3077 857 Sed
3101 808 3166 857 de
3190 807 3201 854 i
3228 806 3291 858 lis
3312 817 3461 860 taceo

1873 888 2177 956 quosjnsta
2216 888 2466 957 allegatio
2498 904 2757 942 materna:
2792 892 3115 946 calamitatis
3156 910 3351 947 exosus
3384 896 3462 966 fe;-

1872 988 2040 1031 cerat.
2074 977 2271 1032 Verum
2296 979 2347 1031 in
2380 980 2497 1032 istis
2520 980 2679 1034 nulla:
2712 984 3053 1048 reperiuntur
3080 1000 3257 1037 causa!
3286 984 3456 1038 olli-n-

1874 1068 2058 1130 sionis,
2093 1068 2192 1121 nisi
2218 1073 2360 1136 quod
2392 1071 2442 1123 in
2476 1086 2640 1141 regno
2664 1074 2801 1124 natis
2831 1074 3080 1142 regisque
3112 1073 3252 1137 filiis,
3276 1077 3455 1129 rebiia

1874 1161 2143 1215 invidetur
2171 1162 2351 1232 portio
2380 1174 2618 1231 paternae
2642 1164 2980 1218 hereditatis.
3015 1163 3249 1219 I’ereunt
3274 1166 3456 1235 itaque

1874 1254 1938 1307 ad
1967 1254 2204 1308 dolorem
2237 1256 2387 1317 mihi,
2442 1257 2508 1307 ad
2560 1254 2794 1309 fructum
2829 1255 2953 1309 illis.
2986 1254 3055 1308 At
3103 1268 3309 1324 quzerat
3340 1259 3461 1325 quis

1875 1354 1934 1399 ut
1956 1347 2084 1415 quid
2114 1363 2208 1400 eos
2229 1349 2477 1401 occidere
2513 1347 2694 1402 velint.
2729 1348 3034 1415 Cognoscat
3060 1350 3184 1417 quia
3231 1350 3296 1401 ad
3329 1365 3460 1417 prte-

1874 1453 1999 1493 Sens
2030 1440 2159 1507 ipsis
2186 1456 2331 1492 mors
2372 1455 2559 1493 eorum
2609 1440 2875 1510 proficiet.
2909 1440 3159 1494 Miseram
3193 1458 3296 1503 me,
3343 1457 3464 1511 qum.

1874 1532 1940 1584 ad
1973 1532 2069 1584 hos
2102 1530 2308 1583 fructus
2340 1531 2682 1585 fecunditatis
2733 1549 2850 1585 smn
2896 1542 3197 1594 reservata,
3238 1543 3295 1584 ut
3326 1531 3463 1586 infe-

186 1620 457 1685 Attalunt;
514 1620 861 1687 ascensisqne
901 1618 1057 1686 equis
1121 1618 1399 1685 raptisque
1451 1616 1770 1684 quibusdam
1805 1620 1848 1679 Β
1878 1621 2000 1675 licia
2036 1623 2117 1675 eis
2146 1624 2478 1692 porrigeretur
2509 1622 2673 1676 ubera
2703 1624 2792 1691 qui
2848 1624 2975 1676 mihi
3013 1623 3175 1677 chara
3211 1631 3463 1691 nepotum

181 1712 420 1765 restibus
467 1710 584 1762 sive
626 1709 992 1771 ornamentis,
1051 1707 1227 1759 triduo
1252 1706 1420 1774 jejuni
1469 1706 1573 1759 iter
1622 1720 1776 1773 pera-

176 1812 330 1873 gunt.
370 1800 668 1856 Venientes
698 1815 824 1854 vero
859 1814 1021 1868 super
1059 1799 1291 1862 Mosam,
1320 1799 1443 1850 dum
1488 1813 1516 1850 a
1545 1798 1775 1866 quibus-

176 1896 302 1949 dam
363 1896 767 1956 detinerentur,
798 1892 1001 1946 relictis
1042 1893 1196 1961 equis
1228 1905 1390 1959 super
1421 1907 1641 1960 parmas
1672 1889 1775 1943 flu-

172 1989 325 2042 vium
382 1996 822 2051 transmearunt;
856 1986 1186 2055 inventaque
1217 1986 1410 2039 arbore
1441 1986 1597 2055 pruni
1618 2026 1631 2047 ,
1663 1982 1778 2051 ejus

173 2078 365 2134 ablato
421 2078 637 2141 fructu,
686 2078 823 2132 inter
868 2078 975 2131 iter
1018 2078 1283 2148 agendum
1331 2092 1396 2131 eo
1453 2093 1511 2131 se
1554 2076 1774 2129 satiant.

174 2171 355 2227 Porro
386 2171 530 2224 viam
564 2170 785 2240 ingressi
837 2170 1169 2237 Campani-.e,
1204 2179 1361 2222 nocte
1404 2168 1633 2235 quadam
1676 2182 1776 2218 au-

174 2268 337 2319 diunt
374 2265 616 2319 sonitum
642 2272 753 2332 post
786 2275 933 2333 terga
956 2263 1294 2316 currentium
1319 2275 1605 2329 equorum.
1628 2260 1775 2313 ’func

174 2356 291 2412 Leo
326 2359 402 2410 ad
434 2370 695 2425 puerum:
736 2374 753 2406 ι
796 2354 1236 2418 I’rosternamur,
1273 2353 1463 2422 inquit,
1501 2361 1679 2417 terrm,
1709 2366 1775 2405 ne

174 2451 491 2506 videamur.
526 2469 545 2500 ι
579 2449 725 2503 Tunc
754 2458 873 2517 post
920 2457 1171 2501 truncum
1222 2447 1340 2500 rubi
1375 2460 1433 2500 se
1485 2445 1773 2509 collocant,

176 2542 453 2597 extractis
480 2525 655 2594 tamen
705 2540 916 2609 gladiis,
954 2548 1029 2600 ut,
1077 2539 1120 2593 si
1157 2552 1380 2592 necesse
1417 2536 1577 2600 foret,
1613 2537 1696 2591 his
1722 2551 1781 2591 se

178 2634 562 2688 defensarent.
600 2631 818 2699 Equites
848 2644 977 2682 vero
1002 2644 1066 2682 eo
1095 2627 1195 2680 loci
1234 2628 1617 2691 constiterunt,
1651 2641 1777 2695 spe-

176 2738 406 2782 ctantes
430 2724 600 2777 donec
626 2723 747 2790 equi
780 2723 933 2774 urina
976 2735 1032 2773 se
1064 2718 1323 2773 levarent.
1361 2718 1609 2785 Dixitque
1644 2717 1781 2770 alter

177 2821 247 2873 ad
274 2817 514 2870 alterum
549 2829 564 2867 :
598 2834 614 2865 ι
651 2812 736 2867 Va:
756 2812 908 2876 mihi,
935 2813 1061 2881 quia
1090 2812 1303 2879 fugiunt
1328 2810 1376 2862 hi
1401 2808 1775 2863 detestabiles!

186 2910 399 2963 Verum
426 2906 469 2960 si
497 2904 887 2965 invenirentur,
918 2919 1080 2953 untnn
1113 2916 1177 2953 ex
1212 2900 1292 2953 eis
1320 2898 1582 2968 patibulo,
1617 2899 1777 2951 alium

189 3001 357 3071 ειςιὼι
384 3013 503 3050 rum
543 2994 734 3049 ictibus
763 2997 1062 3063 perderem.
1103 3012 1121 3043 ι
1160 2992 1285 3044 lit-at
1314 3002 1493 3043 autem
1548 2990 1639 3059 qui
1666 2991 1780 3044 inec
1810 2976 1850 3032 ε

183 3093 518 3162 loquebatur
567 3089 817 3142 dominus
868 3086 1101 3139 illorum.
1142 3083 1241 3149 Qui
1288 3082 1447 3135 motis
1478 3084 1631 3150 equis
1656 3098 1778 3135 cum

183 3189 337 3241 socio
396 3183 619 3239 ret-CSsit
661 3200 690 3234 a
737 3183 871 3235 loco.
905 3179 983 3233 Illi
1024 3192 1151 3231 vero
1193 3177 1379 3231 eadem
1413 3183 1571 3228 nocte
1598 3173 1781 3227 Remis

184 3278 506 3337 venientes,
544 3290 574 3328 a
624 3275 940 3343 presbytero
980 3267 1216 3322 Paulello
1261 3282 1358 3334 per
1414 3266 1636 3319 biduum
1698 3278 1783 3316 re-

186 3370 359 3425 creati
384 3410 398 3429 ,
432 3369 500 3421 ad
526 3368 740 3422 beatum
773 3364 1090 3429 Gregorium
1134 3371 1259 3417 sunt
1288 3361 1544 3426 regressi.
1570 3359 1783 3413 Attalus

186 3475 306 3513 cum
326 3459 528 3529 gaudio
542 3466 846 3525 susceptus,
859 3454 966 3509 Leo
986 3470 1106 3508 cum
1130 3469 1300 3507 uxore
1316 3470 1379 3507 ac
1398 3451 1784 3507 liliislibertate

187 3548 527 3618 pnemioque
548 3558 700 3600 terra:
721 3548 949 3599 donatus
966 3552 1066 3597 est.

804 3634 1030 3690 CAPUT
1072 3632 1182 3687 XII.

594 3732 671 3785 De
696 3731 814 3786 dolo
832 3732 883 3785 in
908 3731 1047 3799 filios
1074 3730 1380 3784 Clodomiri.

262 3824 487 3879 Interea
546 3820 787 3875 Ciotildis
831 3822 1011 3891 regina
1055 3819 1299 3875 Parisios
1331 3819 1601 3883 residens,
1646 3818 1784 3873 filios

189 3917 519 3980 Clodomiri,
557 3928 773 3984 nepotes
799 3930 946 3979 suos,
972 3915 1157 3969 solerti
1188 3914 1458 3968 nutriebat
1486 3914 1781 3983 diligentia.

189 4010 585 4066 Cbildebertus
611 4021 785 4062 autem
816 4009 934 4063 zelo
963 4011 1185 4072 ductus,
1219 4009 1360 4076 quod
1390 4010 1601 4063 videbat
1641 4010 1782 4078 regi-

191 4118 319 4155 nam
356 4112 667 4154 maternum
698 4116 856 4165 super
881 4118 976 4156 eos
1002 4102 1302 4157 declinasse
1330 4105 1589 4164 animum,
1623 4115 1783 4157 autu-

195 4207 353 4245 mans
378 4192 635 4260 deperire
658 4192 757 4245 sibi
790 4193 1049 4262 quidquid
1086 4194 1313 4248 materni
1341 4194 1565 4249 affectus
1594 4195 1645 4249 in
1683 4195 1786 4248 illis

194 4283 707 4346 trausfundebatur,
739 4285 1034 4337 Clotariutn
1077 4286 1283 4339 excitat
1326 4296 1382 4338 ut
1421 4302 1450 4340 e
1477 4287 1654 4340 medio
1689 4287 1786 4339 ho-

192 4379 412 4432 minum
464 4377 675 4430 tollendi
730 4378 1104 4432 adolescentes
1155 4379 1497 4433 occasionem
1557 4390 1781 4447 qttzerat.

192 4468 518 4535 Dolosaque
550 4468 848 4522 adinvicem
881 4479 1161 4537 captantes
1183 4469 1428 4532 consilia,
1457 4470 1523 4522 ad
1558 4479 1785 4523 matrem

197 4560 455 4630 dirigunt
498 4560 585 4627 qui
623 4570 947 4613 memoratos
969 4558 1194 4628 juvenes
1225 4560 1292 4613 ab
1314 4575 1375 4614 ea
1411 4569 1691 4628 Susceptos
1721 4559 1787 4612 ad

195 4665 258 4703 se
280 4650 631 4718 perduceret,
656 4659 964 4703 asserentes
987 4650 1122 4704 velle
1143 4665 1200 4704 se
1226 4650 1461 4703 debitam
1488 4650 1617 4719 ipsis
1641 4647 1789 4717 regni

198 4743 436 4796 reddere
456 4741 774 4809 portionem.
794 4740 980 4794 Dolmn
1015 4743 1197 4811 regina
1220 4756 1324 4794 non
1358 4742 1621 4809 pnevidit,
1648 4755 1794 4792 man-

198 4834 446 4903 dataque
476 4830 701 4886 filiorum
719 4833 899 4901 paruit
926 4849 989 4889 eo
1020 4832 1318 4887 studiosius
1345 4846 1451 4899 quo
1480 4834 1792 4885 adolescen-

198 4926 334 4978 tulis
380 4925 525 4978 bene
577 4940 694 4979 esse
743 4924 1114 4989 gratulabatur
1163 4922 1492 4976 consultum.
1543 4922 1792 4990 Suscepit

200 5018 415 5089 legatus
432 5018 679 5087 juvenes,
706 5027 767 5071 ut
788 5033 880 5070 eos
902 5020 1191 5072 deduceret
1222 5016 1288 5067 ad
1320 5030 1470 5083 reges
1518 5016 1593 5071 Eo
1616 5018 1791 5070 disce-

200 5110 386 5172 dente,
415 5125 448 5165 e
474 5111 697 5181 vestigio
730 5110 875 5163 venit
906 5110 1056 5173 alter,
1086 5106 1324 5173 forcipes
1358 5115 1410 5158 et
1435 5106 1670 5176 gladium
1702 5108 1795 5159 de-

203 5197 410 5254 ferens.
456 5199 659 5267 Quibus
705 5200 889 5269 regina
919 5201 1046 5255 visis
1100 5196 1327 5265 inquirit
1358 5197 1485 5264 quid
1534 5199 1633 5253 sibi
1688 5196 1790 5249 ista

205 5292 394 5345 velint.
425 5292 522 5345 Cui
552 5291 903 5347 vcredarius:
936 5312 953 5342 ι
991 5294 1112 5355 Sc,
1172 5290 1365 5365 inquit,
1402 5290 1659 5345 mandant
1699 5285 1792 5340 {ibi

204 5382 304 5428 lui-
333 5382 470 5428 velis
502 5399 566 5428 ne
591 5392 815 5428 nenntes
848 5392 961 5428 [nos
992 5379 1231 5428 lhlltIerI.
1250 5394 1315 5428 an
1347 5378 1524 5428 uladin
1546 5376 1793 5428 marculi?

1877 1710 2154 1764 auferrent
2178 1712 2431 1781 pignora!
2457 1711 2589 1779 Ego,
2628 1710 2899 1773 infantuli,
2938 1721 3129 1763 vcstrte
3156 1726 3319 1764 causa
3342 1724 3463 1764 sum

1876 1803 2214 1871 DCI'IIIIIOIHS,
2249 1818 2368 1871 qua:
2424 1803 2841 1856 iuconsideratis
2881 1802 3325 1870 persuasionibus
3364 1816 3467 1871 pa-

1880 1904 2015 1949 trem
2049 1906 2286 1950 testrum
2318 1894 2490 1963 objeci
2540 1893 2790 1962 periculis
2840 1894 3049 1948 tnortis.
3088 1894 3234 1948 Satis
3278 1893 3463 1949 infeli:

1876 1996 2054 2039 mater
2106 1985 2349 2051 fueram,
2395 1986 2517 2040 avia
2572 1985 2714 2039 volui
2765 2000 2885 2039 esse
2935 1985 3230 2039 sollicitior.
3266 1984 3466 2041 Videtis

1880 2076 2009 2130 mihi
2039 2086 2254 2129 aetatem
2304 2078 2629 2147 procedere,
2678 2077 2878 2130 tentavi
2915 2076 3199 2132 consulere
3229 2087 3349 2147 post
3379 2091 3465 2132 me

1881 2169 2201 2237 nepotibus;
2236 2181 2401 2236 atque
2450 2172 2656 2222 utin..m
2710 2168 3124 2222 consulmssem!
3176 2171 3279 2223 Sed
3326 2184 3467 2223 nunc

1880 2274 1974 2314 eos
2004 2260 2133 2313 mihi
2175 2262 2388 2330 quidem
2432 2262 2594 2330 eripit
2642 2259 2994 2313 intolerabilis
3015 2277 3273 2326 aerumna,
3330 2276 3469 2331 quos

1880 2352 2053 2421 magis
2108 2354 2384 2422 magisque
2439 2354 2912 2407 commendaverat
2941 2364 3130 2405 natura
3162 2366 3210 2407 et
3252 2354 3465 2407 miseri-

1880 2444 2085 2498 cordia.
2123 2444 2343 2497 Summe
2371 2443 2535 2506 Deus,
2564 2460 2631 2497 ne
2663 2445 2803 2496 inter
2831 2460 3017 2513 greges
3051 2444 3336 2497 noxiorum
3369 2446 3464 2498 de-

1880 2547 2037 2605 putes
2058 2536 2269 2590 auiutas
2297 2538 2687 2601 innocentium,
2723 2554 2822 2591 nec
2849 2553 2942 2591 eas
2977 2554 3119 2592 saeva
3169 2538 3465 2592 inferorum

1881 2628 2444 2697 crucientsupplicia;
2492 2630 2583 2683 sed
2631 2631 2831 2683 mundo
2878 2645 3169 2697 supernum
3219 2631 3322 2683 iter
3347 2645 3468 2683 can-

1882 2721 2135 2790 pentibus
2164 2737 2192 2773 e
2225 2721 2451 2791 vestigio
2479 2721 2765 2789 tranquilla
2788 2731 3003 2787 aeterna:
3029 2722 3149 2777 vita:
3176 2723 3467 2776 succedant

1882 2810 2210 2863 habitacula.
2259 2830 2278 2862 ι
2314 2809 2406 2864 His
2431 2811 2610 2875 dictis,
2637 2810 3007 2880 indignatione
3047 2792 3205 2865 simul
3232 2822 3285 2866 et
3314 2828 3465 2866 Com-

1884 2903 2132 2971 passione
2185 2917 2283 2955 vox
2321 2910 2403 2956 est
2446 2902 2738 2970 intercepta
2785 2902 3075 2971 loquentis.
3124 2903 3320 2958 Verum
3377 2902 3467 2956 ubi

1883 2992 2132 3059 spiritum
2197 2993 2529 3062 restttspsit:
2564 3012 2582 3044 ι
2620 2993 2690 3047 Lt
2733 2995 2900 3063 quid,
2927 2995 3032 3061 ait,
3074 2994 3219 3048 aliud
3253 2994 3469 3049 restat?

1884 3083 2133 3138 Conditio
2164 3084 2294 3138 mihi
2333 3086 2561 3141 tli'ertur
2590 3095 2768 3139 utrum
2796 3089 2974 3140 malim
3004 3101 3098 3147 eos
3142 3087 3371 3149 tonderi,
3402 3104 3470 3142 an

1885 3177 2061 3248 gladio
2093 3178 2323 3247 percuti.
2361 3178 2466 3233 Sed
2515 3187 2787 3249 utcunque
2827 3195 2887 3234 se
2930 3195 3018 3235 res
3047 3181 3266 3245 habeat,
3296 3180 3471 3237 nulla-

1888 3278 2044 3321 tenus
2075 3268 2302 3324 clericos
2335 3269 2448 3323 fieri
2482 3270 2677 3339 patiar.
2729 3290 2748 3322 ι

1957 3356 2081 3412 llarc
2102 3360 2257 3423 dixit,
2288 3363 2647 3430 putantquod
2676 3362 2874 3432 pietate
2894 3361 3015 3417 flexi
3035 3374 3240 3418 natura:
3263 3380 3289 3416 a
3319 3374 3469 3423 tanto

1886 3448 2212 3502 desisterent
2242 3451 2462 3503 scelere.
2499 3442 2755 3517 Quamvis
2782 3453 2924 3507 enim
2953 3454 3001 3507 ei
3027 3465 3151 3508 ncta
3180 3464 3324 3509 esset
3351 3457 3473 3512 (ilo-i

1889 3540 2009 3594 tarii
2043 3540 2261 3605 feritas,
2295 3558 2571 3611 nunquam
2627 3554 2806 3598 tamen
2857 3548 3078 3601 credere
3126 3550 3297 3616 potiit
3327 3551 3473 3618 quod

1888 3644 2057 3697 usque
2088 3631 2152 3683 ad
2180 3634 2527 3697 parricidium
2554 3648 2943 3701 perseveraret.
2983 3637 3053 3689 At
3100 3638 3186 3689 ille
3218 3639 3373 3702 longe
3399 3639 3470 3695 ab

1886 3718 2000 3787 ejus
2030 3723 2301 3775 sententia
2351 3722 2631 3787 aberrans,
2682 3736 2958 3793 arreptum
3009 3729 3274 3792 seniorem
3338 3742 3467 3789 natu

1886 3826 2111 3881 puerum
2134 3815 2199 3865 ad
2228 3822 2428 3866 terram
2453 3815 2618 3880 elisit,
2644 3799 2965 3885 cultelioque
2993 3818 3134 3872 latus
3159 3820 3470 3888 perfodiens

1885 3904 1996 3957 vita
2020 3905 2271 3974 privavit.
2304 3905 2454 3972 Quod
2485 3922 2712 3961 cernens
2735 3909 2941 3977 junior,
2964 3914 3027 3964 ad
3063 3913 3465 3971 Cthebertum

1885 4013 1943 4051 se
1972 3998 2230 4061 contulit;
2260 4008 2314 4051 et
2360 3997 2593 4053 suffusus
2641 3998 2892 4070 lacrymis
2935 4004 3112 4071 specie
3151 4006 3465 4070 miserabili,

1885 4092 2060 4160 patrui
2090 4090 2356 4145 iubmrens
2389 4093 2651 4161 vestigiis,
2682 4110 2839 4149 orare
2886 4098 3120 4159 veniam,
3169 4114 3231 4149 ac
3262 4108 3318 4151 ut
3351 4101 3468 4154 ani-

1888 4199 2031 4235 mum
2062 4184 2160 4236 sibi
2197 4184 2336 4251 regis
2368 4183 2590 4237 Clutarii
2628 4187 2972 4242 coactliatum
3023 4190 3273 4242 redderet
3311 4196 3472 4245 obse-

1890 4292 2064 4331 crare.
2094 4275 2267 4337 Motus
2295 4276 2381 4330 ille
2409 4278 2759 4334 miseratione
2806 4281 3027 4334 fratrem
3082 4284 3475 4350 depreCabatur

1892 4376 1948 4421 ut
1974 4378 2181 4419 natura:
2223 4366 2681 4435 contemplatione
2710 4369 2942 4425 molliret
2983 4372 3145 4432 iram,
3188 4374 3475 4441 nepotique

1891 4468 2160 4528 parceret,
2212 4474 2372 4527 supra
2422 4459 2557 4512 itam
2608 4462 3056 4530 constituensjns
3086 4473 3307 4519 naturze.
3346 4463 3477 4519 I’ro-

1892 4550 2139 4603 mittebat
2160 4548 2322 4602 etiam
2352 4564 2409 4601 se
2436 4564 2532 4618 pro
2584 4549 2739 4616 hujus
2776 4550 2849 4603 rei
2882 4551 3250 4605 vicissitudine
3277 4552 3479 4608 benefi-

1892 4645 2034 4697 cium
2078 4642 2223 4711 quod
2280 4642 2391 4710 ipse
2438 4642 2599 4695 vellet
2653 4641 3210 4711 recompenSare.Cui
3266 4643 3478 4699 frater:

1901 4752 1920 4787 ι
1962 4736 2093 4789 Dum
2129 4745 2215 4797 tu,
2250 4733 2454 4803 inquit,
2486 4732 2644 4801 hujus
2672 4734 2797 4788 facti
2848 4736 3097 4789 minister
3144 4734 3372 4797 existis,
3428 4743 3488 4789 ut

1896 4828 2022 4897 quid
2052 4826 2295 4880 misereri
2326 4825 2461 4879 velle
2491 4836 2540 4880 te
2585 4826 2841 4878 simulas?
2874 4825 3014 4892 Quin
3046 4824 3224 4892 potius
3252 4838 3489 4889 puerum

1898 4938 1927 4975 a
1958 4931 2007 4975 te
2035 4918 2266 4987 expelle,
2298 4926 2393 4969 attt
2429 4934 2527 4985 pro
2578 4933 2641 4971 eo
2689 4931 2922 4969 morere.
2958 4939 2976 4969 ι
3015 4913 3231 4968 Veritus
3271 4913 3504 4973 Chlide-

1897 5014 2084 5068 bertus
2115 5009 2279 5063 verba
2308 5008 2517 5075 fratris,
2548 5024 2647 5063 nec.
2693 5005 2808 5073 ejus
2859 5009 3071 5062 valens.
3120 5003 3231 5055 imo
3273 5007 3509 5072 nolens,

1896 5103 2174 5158 contraire
2200 5098 2482 5163 voluntati,
2520 5112 2742 5167 puerum
2773 5112 2803 5147 a
2831 5110 2892 5148 se
2925 5091 3138 5163 repulit.
3166 5090 3344 5157 Quem
3378 5098 3515 5152 (3m.

1900 5196 2073 5250 tarius
2103 5207 2169 5246 eo
2196 5205 2303 5258 quo
2329 5189 2557 5244 fratrem
2597 5187 2711 5253 ejus
2734 5223 2747 5244 .
2792 5183 3076 5239 interemit
3122 5178 3327 5234 modo;
3354 5182 3517 5243 Heu.

1896 5304 2035 5358 quos
2070 5284 2162 5354 qui
2196 5291 2478 5351 Supererat
2505 5300 2536 5336 e
2569 5276 2848 5336 fratribus,
2886 5278 3015 5329 vitae
3043 5271 3223 5341 potius
3248 5285 3323 5323 ac
3338 5279 3522 5335 saturi

1897 5395 2059 5428 nnam
2095 5388 2263 5428 regno
2291 5375 2549 5428 intentus.
2578 5372 2821 5428 prompta
2858 5365 3252 5421 tidissimorum
3282 5361 3407 5423 sibi
3446 5371 3529 5425 fa-
