4044 5428
607 315 713 373 675

1568 309 1828 367 AIMOI‘NI
1865 309 2169 366 MONACIII
2200 309 2698 368 FLORIACENSIS

3754 314 3860 371 676

599 426 898 498 'sbyterque
921 409 1222 486 ordinatus,
1248 419 1406 490 digne
1431 427 1514 474 est
1543 428 1914 475 canversatus.
1953 419 2018 475 Et
2062 421 2187 475 vitae
2215 431 2264 485 Α
2293 423 2499 493 legatos
2531 423 2596 477 ad
2627 432 2864 478 castrum
2893 422 3208 494 Caprariam
3230 464 3245 490 ,
3294 429 3355 480 ut
3401 424 3503 480 sibi
3553 422 3704 481 cives
3747 440 3873 498 ape-

606 517 770 572 finem
821 514 1066 578 sortitus,
1112 511 1375 565 Noviento
1422 508 1548 565 villa
1599 509 1857 564 territorii
1902 509 2188 564 Parisiacae

605 612 758 669 urbis
804 611 1062 682 sepultus,
1091 608 1274 664 multis
1301 607 1685 662 miraculorum
1732 605 1902 676 signis
1944 605 2082 660 ccelo
2128 620 2186 660 se

603 704 788 760 vivere
810 701 1073 756 declarat.
1097 697 1371 754 Clotarius
1392 707 1595 762 autem,
1626 696 1870 750 nutritiis
1899 711 2185 765 puerorum

605 795 809 866 pariter
849 792 969 846 neci
1021 790 1266 855 traditis,
1300 803 1530 843 ascenso
1575 803 1746 856 equo,
1774 789 1841 842 ab
1869 802 1934 841 eo
1963 786 2190 841 recessit

604 887 724 942 loco
767 901 872 941 una
913 899 1038 942 cum
1100 885 1235 939 suis.
1285 883 1441 939 Tunc
1489 881 1734 938 Clotildis
1777 882 1967 952 regina
2010 880 2188 936 ablata

603 986 860 1048 nepotum
887 975 1209 1047 corpuscula
1243 974 1504 1030 condiens
1543 974 1898 1039 aromatibus,
1930 972 1982 1027 in
2013 971 2188 1028 sancti

608 1068 759 1125 Petri
787 1068 1011 1125 basilica
1035 1067 1168 1124 fecit
1185 1069 1431 1124 humare.

1195 1157 1425 1214 CAPUT
1461 1155 1597 1212 XIII.

848 1254 926 1308 De
953 1251 1418 1322 Langobardorum
1449 1250 1647 1320 origine
1678 1258 1727 1303 et
1762 1247 1940 1318 gestis.

673 1344 1046 1400 Theodericus
1068 1350 1248 1397 autem
1278 1339 1662 1396 Theadeberto
1704 1338 1814 1394 tilio
1842 1352 1939 1394 suo
1961 1337 2192 1406 despon-

604 1437 684 1493 dit
709 1450 956 1499 uxorem,
989 1432 1254 1490 vocabulo
1272 1431 1672 1503 Wisegardam,
1706 1429 1871 1485 tiliam
1892 1427 2192 1484 Wacbonis

605 1529 750 1599 regis
773 1527 1275 1597 Langobardorum.
1311 1524 1411 1580 Hic
1447 1526 1600 1580 locus
1630 1539 1728 1579 nos
1771 1523 2058 1586 admonet,
2103 1521 2190 1575 in-

607 1621 858 1674 termissa
906 1617 1180 1689 paululum
1221 1626 1411 1686 emptae
1441 1617 1516 1671 rei
1547 1616 1711 1678 serie,
1773 1614 2054 1670 exordium
2094 1627 2194 1668 nos

605 1709 768 1779 hujus
797 1707 1032 1778 pandere
1053 1709 1250 1778 gentis,
1277 1716 1333 1762 et
1359 1706 1632 1776 praeterita
1662 1715 1809 1760 retro
1833 1716 2072 1775 tempora
2101 1717 2190 1756 re-

2295 513 2437 566 riant
2457 553 2472 577 ,
2503 513 2706 583 dirigit.
2753 513 3039 569 Deutheria
3088 525 3217 570 vero
3244 515 3438 571 mulier
3465 515 3668 571 nobilis
3695 525 3752 570 et
3787 532 3871 572 sa-

2292 606 2466 675 piens,
2500 607 2656 677 cujus
2677 607 2758 662 vir
2787 608 2853 661 ad
2886 608 3200 677 praedictam
3228 609 3416 664 urbem
3457 617 3684 680 propter
3706 609 3872 664 hosti-

2292 696 2396 752 lem
2441 699 2733 754 transierat
2810 700 3106 767 incursum,
3163 701 3539 757 Theodeberto
3597 702 3873 757 mandavit

2290 785 2433 856 quod
2477 789 2698 844 veniens
2749 804 2870 845 cum
2915 806 3048 850 Dace
3091 793 3482 861 susciperetur.
3523 791 3646 860 Quo
3677 791 3875 846 adven-

2293 887 2462 948 tante,
2495 881 2586 936 illa
2611 883 2660 938 ei
2683 885 2899 939 obviam
2922 896 3004 940 est
3027 901 3332 958 progressa.
3359 886 3526 957 Cujus
3569 886 3754 956 specie
3785 899 3873 939 rex

2291 981 2496 1043 captus,
2527 991 2626 1031 suo
2651 992 2771 1032 eam
2798 977 3073 1047 conjunxit
3102 989 3297 1034 stratu.

2872 1068 3097 1123 CAPUT
3149 1068 3283 1123 XIV.

2624 1154 2701 1210 De
2732 1154 3049 1212 Theadorica
3085 1169 3132 1212 et
3165 1157 3550 1213 Theodeberlo.’

2359 1248 2420 1305 In
2455 1245 2645 1303 diebus
2675 1247 2780 1302 illis
2804 1248 3194 1314 Theudoricus,
3223 1251 3554 1320 Sigivatdum
3593 1259 3872 1320 parentem

2292 1353 2449 1394 suum
2484 1337 2740 1393 occidens
2774 1338 2976 1410 gladio,
3010 1339 3148 1394 clam
3184 1340 3461 1396 mandavit
3497 1340 3874 1397 Theodeberto

2291 1440 2352 1487 ut
2397 1430 2566 1485 tilium
2603 1427 2740 1500 ejus,
2771 1431 2863 1501 qui
2896 1447 3000 1486 una
3034 1447 3156 1487 cum
3195 1447 3259 1487 eo
3287 1432 3456 1500 ierat,
3514 1434 3871 1488 interimeret.

2294 1521 2401 1578 Sed
2453 1521 2562 1587 ille,
2609 1536 2674 1576 eo
2718 1521 2862 1591 quod
2918 1521 3067 1577 illum
3122 1523 3189 1577 de
3215 1539 3372 1579 sacro
3412 1524 3565 1580 fonte
3617 1525 3870 1588 levasset,

2293 1611 2528 1667 ostensis
2571 1612 2812 1681 paternis
2854 1611 3048 1667 litteris
3074 1612 3254 1684 fugam
3296 1615 3484 1677 suasit,
3535 1614 3710 1669 donec
3758 1625 3877 1686 post

2293 1713 2521 1762 mortem
2565 1707 2736 1776 patris
2769 1707 2884 1776 ipso
2925 1717 3184 1778 regnante
3215 1709 3282 1762 ad
3309 1725 3431 1764 eum
3477 1719 3867 1763 reverteretur.

606 1799 894 1856 tractando
920 1809 1188 1869 repetere;
1231 1798 1469 1853 maxime
1493 1811 1614 1852 cum
1657 1795 1916 1866 praeclara
1947 1793 2187 1864 quaedam

2295 1796 2395 1864 Qui
2421 1796 2631 1868 fugiens
2659 1798 2797 1867 apud
2832 1797 3045 1852 Latium
3079 1797 3256 1854 latuit.
3291 1798 3418 1853 Post
3452 1799 3569 1853 [nec
3598 1798 3873 1852 nuntiatur

606 1889 938 1946 Francorum
981 1899 1129 1960 gesta
1183 1888 1237 1942 in
1283 1886 1517 1942 Historia
1560 1886 1946 1942 contineantur
1981 1883 2194 1953 Longo-

605 1979 922 2034 bardorum.
950 1977 1140 2032 Winili
1174 1977 1356 2048 igitur,
1385 1977 1478 2047 qui
1509 1986 1565 2032 et
1592 1975 1932 2046 Langobardi
1956 2016 1970 2041 ,
2018 1974 2085 2029 ab
2111 1974 2196 2028 iu-

606 2070 726 2126 sula
775 2071 1110 2135 Germanize,
1139 2086 1258 2140 quae
1300 2068 1664 2125 Scandinavia
1697 2068 1924 2132 dicitur,
1958 2067 2189 2138 egressi,

603 2157 728 2215 Ibor
758 2174 822 2215 ac
842 2160 1014 2214 Aione
1059 2159 1305 2227 ducibus,
1335 2161 1612 2230 regionem
1645 2175 1765 2229 qua:
1796 2157 2094 2229 Scoringua
2113 2157 2194 2212 di-

605 2251 770 2318 citur,
803 2251 954 2320 quasi
986 2249 1282 2305 babitaturi
1305 2260 1432 2307 sunt
1454 2251 1706 2323 ingressi.
1735 2252 1811 2306 De
1839 2267 1942 2321 qua
1975 2259 2195 2320 propter

604 2344 780 2398 victus
799 2344 1081 2413 penuriam
1111 2344 1262 2398 exire
1287 2345 1573 2414 compulsi,
1606 2345 1937 2400 transierunt
1969 2345 2020 2398 in
2047 2344 2194 2398 Mau-

606 2436 819 2506 ringua.
868 2434 1022 2490 Unde
1063 2436 1335 2506 progressi
1381 2437 1764 2492 habitaverunt
1799 2437 1851 2491 in
1908 2435 2190 2505 Gollanda.

605 2525 938 2595 Mortuisque
975 2525 1224 2592 ducibus,
1252 2542 1432 2598 regem
1461 2529 1562 2584 sibi
1597 2528 1992 2600 Agelmundum
2023 2529 2192 2582 tilium

605 2614 794 2670 Aionis
822 2615 973 2670 ducis
1003 2624 1334 2683 statuerunt,
1367 2618 1458 2687 qui
1511 2633 1611 2688 per
1659 2619 1878 2691 triginta
1925 2628 1980 2674 et
2032 2620 2190 2674 trium

607 2705 876 2759 curricula
919 2721 1184 2761 annorum
1239 2708 1344 2763 illis
1371 2709 1605 2778 praefuit.
1652 2709 1748 2765 Cui
1799 2709 2062 2765 successit
2092 2709 2192 2764 La-

607 2796 818 2851 missio.
851 2795 1175 2853 Lamissioni
1219 2813 1434 2869 quoque
1471 2800 1663 2856 Letbu.
1719 2799 1850 2856 Post
1897 2801 2070 2856 Letbn
2101 2817 2189 2854 re-

607 2892 794 2962 gnavit
842 2891 1130 2949 Hildehoc.
1183 2892 1301 2960 Qua
1348 2894 1622 2961 defuncto,
1669 2895 1889 2964 quintus
1933 2895 2192 2950 Gudeboc

604 2993 832 3051 regnum
874 2981 1130 3050 suscepit.
1172 2981 1377 3039 Deinde
1421 2993 1542 3053 post
1569 2999 1828 3054 pugnam,
1855 3000 2018 3054 quam
2052 2985 2192 3038 inter

606 3070 906 3126 Odoacrem
932 3083 988 3126 et
1015 3072 1329 3128 Feletbeum
1359 3073 1522 3130 fuisse
1558 3076 1822 3145 superiori
1857 3081 2186 3130 commento;

2295 1889 2673 1945 Theodeberto
2710 1899 2921 1960 patrem
2967 1891 3204 1962 graviter
3238 1901 3520 1961 aegrotare.
3575 1890 3677 1958 Qui
3725 1900 3870 1959 post-

2293 1980 2484 2050 positis
2519 1981 2731 2035 cazteris
2772 1981 2934 2036 rebus
2965 1996 3030 2036 ea
3069 1981 3260 2046 tendit,
3301 1983 3592 2038 Deutberia
3628 1984 3874 2036 Arverno

2293 2071 2505 2127 relicta.
2536 2072 2908 2128 Theodoricus
2935 2074 3104 2139 enim,
3135 2090 3258 2130 cum
3279 2075 3391 2146 jam
3422 2077 3612 2144 viginti
3638 2085 3869 2145 quatuor

2295 2164 2452 2218 annis
2483 2178 2707 2234 regnum
2738 2165 3020 2231 tenuisset,
3046 2165 3156 2219 vita
3180 2167 3467 2233 decedens,
3497 2167 3872 2222 Theodeaertu

2294 2253 2407 2308 tilio
2439 2254 2624 2309 sedem
2655 2255 2737 2309 sui
2777 2255 2999 2325 reliquit
3031 2257 3202 2326 regni.
3235 2255 3359 2323 Qui,
3400 2266 3716 2312 mansuetus
3745 2273 3873 2312 cun-

2295 2344 2398 2398 ctis
2436 2353 2597 2413 atque
2649 2345 2954 2412 modestus,
3000 2345 3225 2414 iustitiae
3275 2363 3489 2418 quoque
3539 2347 3642 2402 fuit
3700 2347 3873 2402 cultor

2294 2435 2561 2505 egregius.
2631 2433 3030 2505 Consurgentes
3083 2452 3212 2491 vero
3271 2437 3652 2493 Cliildebertus
3710 2449 3871 2509 atque

2293 2521 2562 2580 Clotarius
2595 2541 2716 2580 eum
2746 2541 2910 2596 regno
2954 2526 3154 2595 pellere
3183 2529 3360 2583 conati
3399 2538 3547 2583 sunt.
3588 2529 3739 2597 Quos
3779 2533 3869 2586 de-

2294 2615 2540 2670 mulcens
2597 2617 2685 2671 ille
2731 2631 2954 2686 regnum
2995 2620 3265 2687 sagaciter
3313 2619 3554 2687 recepit;
3600 2620 3872 2690 missoque

2293 2705 2505 2771 nuntio,
2551 2704 2900 2760 Deutberiam
2929 2705 2997 2760 ab
3033 2706 3278 2761 Arverna
3311 2722 3568 2772 evocans,
3610 2708 3713 2762 sibi
3751 2724 3868 2762 eam

2294 2799 2349 2854 in
2406 2797 2811 2853 matrimonium
2853 2798 3144 2868 copulavit.
3195 2799 3434 2854 Cernens
3493 2799 3870 2856 Cbildebertns

2293 2890 2436 2960 quod
2467 2906 2590 2946 eum
2637 2891 2687 2944 vi
2730 2891 2832 2946 sibi
2888 2891 3118 2946 subdere
3169 2893 3436 2962 nequiret,
3481 2895 3719 2947 amicitia
3769 2894 3867 2948 sibi

2293 2981 2435 3035 necti
2462 2981 2801 3035 commodius
2824 2980 2998 3048 duxit,
3015 2984 3448 3054 accersitumque
3473 2985 3782 3054 triplicibus
3803 3001 3867 3040 ex

2294 3073 2440 3127 omni
2475 3072 2792 3141 supellectili
2817 3089 2912 3128 sua
2952 3077 3286 3131 ornamentis
3323 3076 3566 3131 donavit.
3613 3078 3866 3132 Givaldus

608 3164 848 3218 ravimus
901 3165 1104 3230 libello,
1155 3165 1382 3232 protecti
1431 3142 1771 3238 Langobardi
1815 3168 1880 3222 de
1929 3168 2188 3224 Gollanda
2219 3142 2263 3204 Ο
2295 3171 2500 3230 autem,
2533 3163 2787 3233 Sigivaldi
2824 3164 2986 3230 ﬁlius,
3015 3167 3241 3220 audiens
3271 3165 3713 3222 Theodebertum
3752 3167 3877 3222 [0:40

605 3265 968 3325 pervenerunt
1004 3258 1056 3311 in
1086 3256 1376 3328 Rugiland,
1412 3275 1534 3328 qua:
1561 3259 1755 3317 Latine
1792 3262 2066 3332 Rugarum
2099 3279 2191 3334 pa-

607 3345 716 3398 tria
749 3344 964 3398 dicitur.
1010 3344 1144 3399 Nam
1187 3345 1312 3400 land
1345 3346 1526 3418 lingua
1563 3348 1980 3416 Germanorum,
2013 3353 2189 3421 patria

607 3435 810 3490 dicitur
837 3435 1003 3491 verbo
1032 3435 1370 3491 Latinorum.
1407 3438 1670 3509 Exemplo
1717 3451 1897 3496 autem
1937 3443 2190 3497 humanis

604 3531 771 3586 rebus
796 3529 1074 3598 Gudehoc,
1105 3534 1370 3588 successit
1407 3534 1454 3588 ei
1497 3534 1638 3589 filius
1666 3533 1852 3590 Clatl‘o.
1890 3535 2190 3591 Decedente

606 3637 824 3691 quoque
845 3621 1104 3688 Claﬂ‘one,
1152 3624 1192 3678 T
1197 3636 1287 3679 ato
1334 3639 1554 3694 regnum
1590 3625 1780 3681 tenuit.
1809 3625 1926 3693 Quo
1951 3635 2189 3695 tempore

605 3713 968 3784 Langobardi,
1023 3715 1208 3771 relicta
1256 3716 1531 3788 [iugorum
1584 3719 1779 3787 patria,
1821 3728 2088 3773 venerunt
2135 3720 2184 3773 in

610 3808 820 3879 campis
871 3808 1212 3877 patentibus,
1263 3809 1355 3878 qni
1404 3825 1656 3866 sermone
1719 3811 2004 3866 barbarico
2062 3810 2185 3879 felth

606 3897 968 3968 appellantur,
1012 3909 1436 3970 manseruntque
1463 3901 1556 3956 ibi.
1590 3902 1707 3968 Quo
1737 3901 1863 3956 dum
1905 3905 2189 3958 demoran-

603 3996 716 4054 tur,
730 3987 932 4042 Radulf
931 4004 1010 4054 us,
1029 4005 1120 4044 rex
1138 3989 1478 4056 Herularum,
1498 3993 1670 4049 fmdus
1691 3995 1833 4064 quod
1849 4011 1968 4048 cum
1983 3994 2188 4049 Tatone

602 4079 884 4148 pepigerat
926 4078 1254 4150 irrumpens,
1292 4097 1357 4135 eo
1401 4082 1540 4150 quod
1572 4095 1912 4152 compererat
1960 4082 2185 4138 fratrem

539 4169 544 4174 ’
602 4183 760 4222 suum
792 4183 1106 4236 germanum
1150 4187 1180 4223 a
1206 4171 1312 4225 lilia
1338 4172 1562 4227 Tatonis
1591 4174 1978 4229 nefandissime
2009 4175 2182 4229 inter-

602 4267 875 4327 emptum,
932 4259 1132 4314 bellum
1171 4261 1219 4314 ei
1274 4263 1474 4317 intulit.
1508 4264 1613 4318 Sed
1665 4265 1778 4334 ipse
1823 4281 1946 4320 cum
2002 4265 2114 4321 suis
2154 4279 2185 4320 a

603 4344 975 4417 Longobardis
1017 4361 1335 4419 superatus,
1379 4355 1488 4406 vita
1538 4355 1742 4423 pariter
1773 4363 1827 4409 et
1876 4371 2043 4425 regno
2103 4364 2186 4410 est

2291 3255 2462 3322 patris
2493 3269 2744 3324 regnare,
2773 3256 2841 3308 ad
2871 3271 2994 3311 eum
3029 3257 3209 3312 rediit.
3225 3256 3395 3324 Quem
3422 3273 3518 3312 rex
3550 3259 3868 3314 deosculans

2292 3353 2518 3398 cunctas
2570 3345 2618 3398 ei
2663 3355 2920 3414 paternas
2965 3348 3206 3402 restituit
3251 3349 3618 3416 litereditates,
3669 3355 3792 3406 data
3819 3351 3866 3407 ei

2294 3435 2452 3489 tertia
2475 3449 2541 3489 ex
2571 3435 2825 3491 omnibus
2852 3451 2971 3507 quae
2995 3450 3234 3508 apatruo
3256 3451 3538 3510 acceperat
3554 3445 3865 3499 muneribus

2291 3539 2462 3596 parte.
2490 3527 2691 3582 Verum
2720 3529 3007 3584 Deutberia
3036 3545 3264 3587 cernens
3301 3533 3467 3587 filiam
3495 3549 3676 3601 suam,
3705 3551 3861 3605 quam

2290 3633 2355 3672 ex
2389 3618 2553 3687 priori
2584 3628 2896 3688 susceperat
2927 3621 3062 3686 viro,
3096 3623 3251 3678 valde
3285 3623 3560 3693 adultam,
3599 3629 3767 3680 verita
3799 3640 3862 3680 ne

2290 3727 2320 3764 a
2352 3727 2478 3782 rege
2503 3712 2998 3781 concupisceretur,
3029 3715 3273 3769 vehiculo
3300 3716 3612 3784 impositam
3639 3718 3860 3771 indomi-

2291 3804 2466 3872 tisque
2518 3805 2689 3859 bobus
2713 3813 2940 3860 tractam
2988 3808 3131 3876 apud
3176 3806 3567 3864 Virdunumde
3606 3820 3768 3881 ponte
3807 3810 3856 3863 in

2289 3892 2493 3947 Mosam
2524 3895 2850 3964 praecipitari
2885 3896 3068 3964 jussit.
3093 3898 3224 3953 Erat
3259 3916 3419 3968 porro
3458 3901 3857 3957 Tlteodebertus

2289 4001 2383 4039 rex
2405 3986 2618 4056 egregie
2645 3999 2904 4041 moratus.
2926 3988 3238 4057 Agnoscens
3259 4006 3385 4045 vero
3407 3993 3550 4060 quod
3577 3994 3857 4048 Deutberia

2287 4091 2463 4140 suam,
2478 4085 2533 4128 ut
2549 4077 2862 4146 praedictum
2881 4089 2987 4146 est,
3002 4080 3364 4136 interemisset
3378 4083 3566 4150 tiliam,
3585 4087 3856 4141 repudiata

2288 4166 2425 4237 ipsa,
2454 4167 2801 4238 Viscgardam
2833 4171 3030 4225 iterum
3059 4173 3158 4227 sibi
3192 4174 3436 4230 sociavit.

2295 4276 2301 4280 ι
2885 4262 3112 4319 CAPUT
3147 4263 3266 4320 Χν.

2587 4352 2665 4407 De
2699 4351 2947 4408 Belisarii
2977 4356 3188 4427 reliquis
3216 4359 3558 4414 successibus.

603 4436 868 4543 privatus.
911 4437 1084 4493 Tanta
1133 4450 1312 4496 autem
1365 4447 1733 4501 consternatio
1784 4462 1847 4502 ac
1889 4448 1970 4518 (ut
1999 4449 2183 4504 verius
2208 4481 2262 4543 Β
2355 4445 2526 4502 Porro
2548 4446 2839 4505 Belisarius
2866 4461 2992 4521 post
3024 4453 3280 4524 inclytum
3327 4472 3487 4528 quem
3517 4459 3584 4512 de
3612 4457 3856 4512 Yandalis

604 4525 805 4598 dicam)
837 4529 1098 4584 mentium
1125 4531 1379 4588 alienatio
1407 4534 1524 4602 ejus
1555 4537 1751 4591 invasit
1775 4539 2095 4606 exercitum,
2127 4549 2184 4594 ut

602 4617 806 4673 virides
854 4630 1093 4690 segetes,
1147 4621 1240 4677 lini
1293 4639 1548 4694 campos,
1602 4626 1824 4683 [lumina
1872 4629 2179 4685 crederent.

602 4706 854 4778 Dumque
898 4709 1122 4766 brachia
1169 4713 1322 4782 quasi
1350 4716 1582 4769 nataturi
1612 4717 1997 4784 extenderent,
2029 4734 2058 4772 a
2090 4735 2182 4775 su-

601 4797 1044 4868 pervenientibus
1064 4803 1184 4858 sine
1206 4802 1520 4860 ditﬁcnltate
1537 4807 1882 4864 czedebantur
1909 4811 2175 4865 hostibus.

599 4887 764 4944 Irruit
806 4901 988 4947 autem
1030 4909 1193 4966 super
1241 4896 1524 4952 Tationem
1557 4899 1765 4956 Wacho
1806 4901 1949 4958 ﬁlius
1994 4903 2180 4958 fratris

599 4979 684 5035 sui
710 4998 724 5034 :
749 4981 1146 5054 interfectoque
1175 5003 1268 5054 eo,
1298 4989 1412 5060 ipse
1436 4989 1548 5058 jam
1595 5001 1818 5048 octavus
1847 5009 2009 5063 super
2037 4993 2180 5048 Lon-

599 5069 868 5141 gobardos
892 5090 1117 5147 regnum
1141 5081 1330 5134 tenuit.
1360 5080 1529 5151 Hujus
1557 5082 1743 5150 tiliam,
1776 5093 1833 5139 ut
1860 5086 2177 5155 praedictum

597 5172 712 5228 est,
745 5165 1120 5226 Theodoricus
1167 5170 1279 5228 tilia
1324 5189 1422 5229 suo
1464 5174 1838 5231 Theodeberta
1867 5178 2176 5247 despondit.

597 5253 772 5321 Quam
793 5255 881 5313 ille
904 5269 1025 5328 post
1046 5271 1272 5318 mortem
1296 5266 1468 5334 patris
1482 5266 1810 5336 relinquens,
1829 5268 2175 5323 Deutberiam

595 5338 827 5364 b___-uo

2288 4546 2347 4591 ut
2417 4555 2578 4609 supra
2647 4542 2904 4609 diximus,
2963 4547 3103 4616 apud
3161 4546 3686 4621 Constantinopolim
3755 4553 3858 4622 egit

2288 4626 2651 4699 triumphum,
2688 4632 2910 4690 intimus
2951 4638 3249 4691 amicorum
3284 4637 3578 4694 Justiniani
3604 4641 3855 4711 principis

2284 4719 2602 4776 habebatur.
2623 4721 2710 4788 Et,
2726 4725 3048 4795 astipulante
3060 4729 3256 4798 prioris
3266 4731 3548 4786 societatis
3559 4733 3857 4804 pranogati-

2284 4826 2375 4878 va,
2392 4827 2512 4868 cum
2533 4814 2674 4868 inter
2691 4815 2896 4885 primas
2911 4827 3244 4876 secretorum
3264 4822 3502 4877 arbitros
3525 4823 3640 4892 ipse
3660 4824 3854 4891 primus

2285 4903 2664 4968 accersiretur,
2689 4905 2978 4962 multarum
3000 4920 3183 4964 contra
3210 4926 3269 4965 se
3285 4912 3594 4966 invidorum
3610 4913 3853 4968 excitavit

2283 4997 2466 5051 corda.
2494 4996 2858 5063 Quidolentes
2880 5001 3129 5059 uberiore
3161 5005 3311 5058 illum
3350 5005 3556 5077 pollere
3598 5007 3852 5077 potentia,

2283 5087 2494 5157 sibique
2539 5090 2860 5158 deputantes
2911 5094 3126 5150 allicere
3160 5096 3214 5150 in
3257 5113 3367 5167 quo
3409 5098 3500 5153 ille
3548 5099 3850 5169 proliceret,

2281 5180 2431 5248 quasi
2455 5179 2645 5236 salutis
2665 5181 2897 5239 Caesaris
2922 5186 3158 5251 solliciti,
3186 5190 3446 5244 crebroei
3471 5191 3850 5246 denuntiabant

2286 5283 2306 5318 ι
2337 5267 2406 5322 ab
2452 5268 2661 5326 insidiis
2711 5271 2957 5328 Belisarii
3008 5276 3125 5332 fore
3178 5279 3502 5334 cavendum.
3553 5281 3724 5349 Quem
3758 5282 3849 5335 nisi
