4044 5428
216 301 312 358 677

1177 295 1499 354 IIIS'I‘OIIIA
1529 295 1960 356 FRANCORUM
1985 329 2054 341 -ο
2095 299 2220 358 LIB.
2251 298 2314 356 II.

3387 297 3491 354 678

218 408 484 485 paulatim
514 407 941 464 accendebatur.
974 407 1040 464 Et
1077 419 1384 481 suspectam
1431 409 1635 464 habens
1672 407 1810 464 Beli-
1840 417 1886 472 Α
1915 412 2064 483 regni
2099 412 2215 482 ejus
2257 412 2511 485 imposuit
2555 411 2739 484 capltl.
2787 409 3128 468 Justinianus
3191 409 3294 467 hoc
3328 412 3490 468 modo

215 503 340 559 sarii
371 502 696 571 potentiam,
723 501 1046 570 patriciatus
1075 502 1124 555 ei
1153 501 1432 555 interdixit
1458 501 1806 569 curam.Qui,

212 595 448 667 publicis
482 594 775 662 expeditus
827 594 1160 658 actionibus,
1206 609 1451 648 securam
1501 595 1809 652 deliberans

213 684 266 738 in
308 683 584 752 reliquum
627 698 791 752 agere
822 683 1020 746 vitam,
1049 685 1290 753 privatas
1334 685 1602 738 incolebat
1642 685 1804 742 aedes.

215 773 344 838 Sed,
395 774 524 844 quia
577 773 790 828 ditIicile
835 784 919 828 est
968 775 1018 828 in
1043 776 1322 846 prosperis
1358 776 1557 830 invidia
1599 792 1806 844 carere,

215 865 421 921 iterum
465 866 638 932 zelus,
688 867 888 921 iterum
927 877 1046 922 orta
1096 868 1463 934 insimulatio,
1514 870 1637 939 quia
1668 872 1809 927 ultra

214 972 377 1026 quam
413 958 640 1026 privatis
673 973 791 1012 mos
813 967 897 1012 est
927 974 1045 1013 sese
1079 961 1292 1028 agebat.
1332 960 1622 1014 Duodecim
1657 977 1812 1016 nam-

215 1061 316 1115 que
346 1046 589 1102 millibus
611 1063 904 1118 puerorum
937 1050 1183 1112 vallatus,
1210 1067 1533 1122 quocunque
1569 1054 1808 1107 eundum

216 1137 380 1206 foret,
445 1140 923 1210 progrediebatur.
964 1141 1139 1198 Fuere
1189 1143 1455 1209 nonnulli,
1503 1145 1592 1214 qui
1644 1145 1807 1199 vitam

219 1245 440 1300 quoque
479 1232 651 1299 ipsam
680 1241 928 1301 ereptum
971 1233 1019 1286 ei
1064 1233 1141 1286 ire
1171 1231 1384 1288 vellent.
1437 1234 1632 1288 Verum
1684 1249 1807 1290 cum

218 1320 572 1391 imperatoris
612 1333 852 1377 mentem
901 1326 968 1378 ad
1013 1340 1165 1378 suam
1206 1326 1496 1395 nequirent
1537 1326 1811 1384 inIIeCIere

216 1415 565 1477 sententiam,
593 1416 768 1483 ipsum
792 1416 1056 1485 dignitate
1081 1419 1226 1487 regia
1247 1421 1459 1489 privare
1477 1420 1645 1474 moliti
1663 1431 1806 1476 sunt.

215 1503 701 1574 Opportunamquc
733 1507 878 1561 nacti
917 1509 1286 1573 occasionem,
1324 1511 1706 1578 procedentem
1741 1511 1808 1568 ad

217 1597 342 1653 circi
375 1598 747 1667 spectaculum
781 1600 1105 1670 principem,
1139 1602 1350 1670 privata
1389 1603 1664 1659 detentum
1715 1621 1808 1661 cu-

217 1691 408 1754 stodia,
442 1706 652 1744 corona
703 1691 937 1762 spoliant
1007 1695 1277 1764 simulque
1305 1706 1454 1751 veste
1514 1714 1805 1768 purpurea.

1919 499 2149 571 imperio
2225 503 2540 570 restitutus,
2589 500 2902 573 smpefatum
2943 498 3261 554 Belisarium
3309 500 3499 556 iterato

1917 588 2205 656 patricium
2248 591 2536 654 ordinans.
2567 591 2854 646 adversum
2885 589 3114 654 Gothos,
3143 588 3234 660 qui
3283 587 3493 645 Italiam

1916 679 2284 737 inhabitantes
2340 680 2612 738 Romanos
2657 682 2897 755 graviter
2933 679 3104 736 armis
3154 681 3494 752 premebant,

1912 769 2114 842 dirigit.

2503 863 2731 920 CAPUT
2770 863 2904 919 XVI.

2426 956 2503 1013 De
2533 960 2650 1013 divo
2681 959 2986 1014 Benedicto.

1982 1049 2078 1106 llis
2109 1050 2296 1108 diebus
2331 1051 2675 1108 beatissimus
2717 1054 3034 1110 Benedictus
3071 1052 3232 1110 Pater
3260 1061 3316 1110 et
3345 1055 3500 1126 prius

1913 1141 1967 1199 in
1994 1143 2112 1199 loco
2169 1145 2259 1214 qui
2314 1144 2582 1200 Sublacus
2626 1144 2988 1217 dicitur(qui
3041 1145 3109 1200 ab
3147 1144 3281 1201 urbe
3327 1145 3499 1201 Roma

1919 1234 2275 1304 quadraginta
2339 1234 2578 1289 millibus
2629 1233 2827 1302 abest)
2887 1243 2943 1290 et
2986 1245 3172 1305 postea
3215 1236 3267 1290 in
3321 1247 3501 1292 castro

1912 1323 2164 1388 Cassino,
2214 1325 2355 1394 quod
2407 1324 2611 1378 Iiaruin
2651 1323 2985 1394 appellatur,
3023 1333 3076 1380 et
3127 1340 3336 1397 magnae
3375 1325 3500 1380 vitae

1913 1414 2125 1468 meritis
2155 1423 2210 1469 et
2239 1414 2552 1484 apostolicis
2590 1414 2790 1470 etl‘ulsit
2835 1415 3146 1470 virtutibus.
3182 1417 3298 1484 Quo
3338 1419 3500 1472 etiam

1911 1513 2153 1576 tempore
2213 1507 2591 1562 sanctissimus
2663 1508 2960 1578 Agapitus,
3037 1507 3294 1564 Romanae
3356 1509 3500 1564 sedis

1910 1597 2174 1668 pontifex,
2212 1600 2278 1654 ad
2320 1601 2520 1672 regiam
2553 1601 2743 1656 urbem
2788 1603 3094 1672 prolectus,
3133 1600 3497 1658 Iustinianum

1913 1688 2234 1759 principem,
2270 1690 2320 1744 in
2353 1690 2610 1762 Eutychis
2643 1701 2845 1746 sectam
2879 1692 3177 1762 delapsum,
3215 1693 3280 1747 ad
3317 1709 3500 1747 veram

217 1783 628 1854 Deductumque
656 1787 722 1839 ad
756 1787 991 1840 medium
1044 1789 1238 1842 theatri
1265 1791 1552 1857 quemdam
1589 1791 1795 1846 Floria-
1830 1782 1876 1841 Β
1905 1788 1960 1834 ει
2007 1781 2331 1836 “moneam
2375 1784 2588 1838 ΐθάυιίι
2611 1783 2800 1850 ﬁdem;
2844 1785 3202 1854 άειιηηειιυριω
3242 1785 3500 1841 Αιιιῖιίηιο

215 1891 338 1928 num
373 1877 425 1928 in
453 1875 594 1929 solio
637 1879 824 1930 sedere
859 1877 1065 1931 faciunt
1107 1879 1276 1948 regio.
1319 1877 1657 1935 Justinianus
1705 1897 1801 1936 an-

215 1977 354 2032 tem,
399 1969 492 2022 tali
544 1969 1029 2024 dehonestamento
1068 1970 1324 2035 affectus,
1372 1972 1438 2026 ad
1479 1972 1801 2027 Belisarium

213 2060 357 2113 misit
388 2058 480 2127 qui
506 2059 754 2114 dicerent
782 2075 795 2112 :
825 2079 842 2112 ι
876 2060 998 2115 "th
1022 2063 1242 2115 mandat
1261 2061 1601 2117 Justiniantts
1623 2065 1802 2118 Cmsar

214 2149 490 2217 quondam
515 2159 569 2201 et
588 2150 881 2219 Augustus.
903 2151 1208 2216 Immemor,
1237 2153 1432 2222 inquit,
1454 2153 1798 2222 injuriarnm,

213 2239 283 2292 mi
313 2229 570 2303 Belisari,
593 2239 766 2293 factus
793 2241 1166 2294 modernatum
1195 2243 1336 2312 (sic),
1367 2244 1430 2296 ad
1459 2245 1798 2309 memoriam,

212 2344 417 2399 quaeso,
436 2331 602 2385 reduc
626 2331 852 2399 pristina
883 2332 1169 2398 beneficia,
1199 2344 1272 2397 et,
1291 2337 1332 2388 si
1363 2335 1488 2402 quid
1518 2335 1797 2404 pra-vales,

211 2420 406 2490 adjuva
441 2437 551 2476 me.
593 2441 611 2474 ›
645 2422 726 2475 Ad
754 2423 868 2476 lucc
892 2421 1183 2478 Belisarius
1209 2427 1278 2478 ita
1309 2426 1623 2494 respondit:
1664 2445 1682 2478 ο
1719 2426 1796 2495 Si,

210 2514 304 2577 ait,
325 2514 478 2568 avita
502 2513 632 2568 mihi
655 2516 1024 2584 suppeditaret
1049 2519 1310 2587 potentia,
1337 2518 1533 2573 ferrem
1559 2519 1801 2589 poscenti

211 2607 497 2678 suil'ragia.
527 2607 683 2664 Nunc
713 2617 890 2662 autem
923 2610 1196 2665 incassum
1230 2611 1404 2666 fundit
1430 2627 1639 2681 preces,
1676 2627 1799 2666 cum

208 2699 311 2753 mei
340 2699 636 2768 prmsentia
663 2700 972 2754 consulares
1003 2702 1303 2756 viduaverit
1334 2703 1534 2758 fasces.
1570 2702 1801 2759 Verum-

208 2799 398 2845 tamen
427 2791 634 2845 Christi
687 2792 896 2846 Domini
950 2793 1053 2847 mei
1098 2809 1296 2864 parens
1336 2804 1638 2864 prtecepto,
1694 2812 1800 2851 non

207 2881 468 2936 referens
497 2881 638 2935 mala
665 2898 765 2952 pro
789 2882 952 2945 malo,
989 2884 1250 2937 auxilium
1286 2885 1358 2938 illi
1389 2885 1599 2940 laturus
1622 2887 1802 2940 accin-

203 2986 301 3040 gar
329 2981 391 3026 ut
419 2981 630 3041 potero.
663 2993 681 3026 »
712 2974 776 3028 Et
805 2975 984 3035 simul,
1017 2975 1100 3029 his
1122 2975 1303 3038 dictis,
1344 2978 1413 3030 ad
1447 2987 1799 3047 conspectunt

202 3072 473 3132 properat
516 3064 639 3118 novi
689 3065 968 3134 principis,
1019 3066 1229 3120 cunctis
1252 3077 1309 3120 ut
1346 3082 1404 3121 se
1446 3081 1802 3137 sequerentur

203 3155 318 3208 suis
340 3156 674 3226 prmcipiens
691 3159 900 3226 pueris.
933 3159 995 3211 Et
1022 3175 1119 3227 pro
1161 3159 1367 3213 foribus
1412 3160 1606 3214 theatri
1651 3173 1800 3220 stans

204 3248 510 3316 conspexit
560 3251 771 3302 eminus
821 3250 1033 3303 turbam
1066 3266 1124 3304 se
1171 3252 1468 3304 odientium
1529 3254 1799 3310 cathedra:

202 3336 562 3408 imperatoris
589 3338 821 3392 Floriani
855 3341 1273 3396 circumsistere.

271 3430 592 3486 Conversus
625 3433 786 3500 igitur
820 3435 884 3487 ad
912 3451 1004 3490 eos
1051 3437 1142 3505 qui
1174 3452 1356 3491 secum
1390 3449 1544 3493 erant
1578 3457 1592 3505 ;
1645 3459 1662 3490 ‹
1697 3441 1795 3508 Εη,

197 3522 406 3592 inquit,
440 3523 684 3578 fidissimi
715 3527 929 3591 milites,
967 3529 1118 3583 adest
1145 3530 1396 3585 omnibus
1438 3533 1574 3586 votis
1606 3549 1799 3603 exspe-

201 3624 352 3669 ctata
403 3615 545 3679 dies,
577 3617 641 3669 ad
680 3620 1065 3686 capessendam
1130 3621 1389 3675 ultionem
1431 3638 1492 3675 ex
1544 3623 1795 3677 inimicis.

204 3703 462 3761 Vallatus
497 3715 579 3760 est
615 3717 872 3776 tyrannus
893 3721 1110 3764 caterva
1149 3712 1583 3781 malignantium,
1617 3713 1707 3781 qui
1741 3729 1799 3768 se

197 3797 248 3850 ei
299 3800 674 3865 sociaverunt,
711 3799 830 3854 freti
862 3801 1205 3868 improbitate
1235 3818 1468 3856 morum.
1501 3803 1610 3857 Nec
1647 3803 1800 3858 dubi-

201 3891 440 3944 tandum
473 3891 598 3960 .pari
631 3905 722 3946 eos
754 3891 947 3945 debere
976 3893 1154 3961 perire
1186 3893 1429 3959 interitu,
1463 3911 1598 3964 quos
1626 3911 1802 3965 aequa-

197 3984 281 4040 les
314 3983 558 4038 reddidit
587 3983 803 4036 malitia:
833 3999 1016 4038 causa.
1049 3985 1272 4039 Armate
1323 3987 1503 4055 itaque
1550 3988 1802 4043 dexteras

197 4076 479 4140 vindices,
513 4085 569 4129 et
596 4075 736 4144 quod
768 4090 851 4128 me
890 4076 1138 4130 videritis
1173 4075 1369 4141 facere,
1433 4093 1527 4132 vos
1586 4093 1802 4148 quoque

199 4167 391 4221 facite.
436 4184 454 4216 ι
491 4165 733 4219 Posthzec
765 4165 1150 4234 introgressus,
1197 4166 1322 4218 dum
1355 4167 1516 4220 veluti
1549 4169 1802 4222 adoratu-

199 4274 295 4312 rus
358 4271 503 4327 genu
553 4255 810 4321 ﬂecteret,
861 4258 1147 4328 evaginato
1191 4273 1318 4312 ense
1367 4259 1488 4314 falsi
1543 4260 1804 4330 principis

195 4358 367 4417 caput
405 4345 722 4415 amputavit.
753 4344 904 4412 Quod
938 4354 1226 4401 cernentes
1248 4347 1340 4416 qui
1371 4363 1492 4402 cum
1537 4362 1601 4401 eo
1637 4363 1801 4402 vene-

198 4446 331 4492 rant
381 4437 645 4491 districtis
683 4436 876 4506 gladiis
918 4437 1339 4493 circumstantes
1379 4438 1592 4492 fortiter
1637 4439 1800 4494 ferire
1831 4475 1876 4534 ο

198 4535 517 4598 coeperunt.
572 4525 792 4581 Turbati
845 4527 900 4582 hi
949 4528 1043 4598 qui
1091 4530 1240 4597 prius
1286 4530 1353 4584 de
1403 4530 1798 4598 permutatione

199 4616 600 4674 dominationis
649 4617 752 4672 sibi
782 4618 1210 4688 applaudebant,
1244 4618 1382 4689 fuga:
1419 4621 1598 4688 potius
1633 4635 1794 4689 quam

198 4707 545 4763 defensionis
585 4707 840 4761 auxilium
885 4708 1269 4777 quasiverunt.
1313 4708 1488 4777 Caput
1531 4706 1794 4775 Floriani,

198 4817 330 4857 cum
364 4815 566 4854 corona
589 4800 1066 4871 regni,Belisarius
1092 4801 1328 4867 sustulit,
1365 4801 1696 4870 veniensque
1729 4803 1796 4856 ad

196 4894 576 4950 Justinianum
611 4893 788 4947 taliter
817 4894 864 4947 ei
895 4893 1104 4948 locutus
1131 4903 1234 4948 est.
1276 4911 1294 4944 t
1330 4892 1557 4958 Emuli,
1597 4894 1792 4963 inquit,

199 5001 344 5042 mea:
379 4994 590 5053 tuaeque
617 4984 803 5039 salutis
829 4985 1182 5040 seminarium
1216 4985 1498 5039 discordite
1528 4987 1667 5040 inter
1697 5002 1796 5043 nos

198 5079 332 5133 ideo
347 5092 513 5147 quam
535 5077 768 5130 maxime
794 5077 1012 5131 saevisse
1035 5077 1131 5132 visi
1162 5084 1308 5142 sunt,
1331 5084 1389 5130 ut
1419 5085 1473 5130 et
1500 5093 1584 5132 me
1611 5092 1795 5132 exsor-

199 5179 320 5226 tem
357 5170 584 5224 honoris
603 5167 906 5233 redderent,
932 5177 986 5222 et
1016 5179 1086 5235 te,
1116 5167 1224 5225 mei
1243 5168 1530 5236 prmsentia
1567 5169 1795 5224 destitu-

199 5270 323 5297 Inm
375 5259 719 5297 nnnlnmpliic
758 5259 986 5297 nlinnnn
1016 5258 1452 5297 nnlnmnnrnilnr
1503 5259 1767 5297 amt-proni

1902 1872 2210 1940 patriarcha
2241 1875 2856 1946 ConstantinOpolitano,
2895 1892 3000 1930 non
3033 1877 3199 1931 multo
3217 1887 3334 1947 post
3358 1879 3498 1933 idem

1903 1978 2040 2034 papa
2072 1967 2210 2034 apud
2243 1969 2486 2022 eamdem
2525 1965 2713 2022 urbem
2751 1968 2891 2022 diem
2930 1968 3079 2022 obiit.
3113 1967 3208 2023 Cui
3239 1969 3500 2025 successit

1905 2055 1958 2109 in
2009 2057 2321 2125 pontificatu
2368 2057 2668 2130 Sylverius.
2714 2059 2814 2115 Hic
2856 2060 3062 2115 levatus
3087 2071 3170 2115 est
3198 2077 3226 2115 a
3268 2072 3499 2133 tyranno

1904 2149 2210 2216 Theodoro,
2232 2153 2322 2221 qui
2351 2153 2491 2222 apud
2519 2152 2726 2208 Gothos
2750 2169 2974 2224 regnum
3011 2155 3344 2223 arripuerat,
3380 2156 3497 2211 sine

1903 2244 2290 2302 deliberatione
2307 2248 2505 2302 decreti
2523 2249 2832 2319 imperialis.
2854 2249 2951 2317 Qui
2969 2260 3256 2320 corruptus
3271 2252 3498 2321 pecunia

1903 2339 2064 2394 talem
2089 2342 2334 2397 timorem
2365 2343 2573 2399 induxit
2609 2345 2776 2411 clero,
2802 2354 2860 2399 ut
2896 2346 2983 2416 qui
3018 2362 3125 2402 non
3161 2344 3498 2404 consentiret

1902 2432 2082 2502 gladio
2127 2437 2433 2505 puniretur.
2494 2437 2622 2492 Post
2673 2453 2887 2493 menses
2943 2439 3078 2493 duos
3129 2451 3261 2494 nutu
3314 2441 3496 2497 divino

1900 2531 2260 2600 exstinguitur
2275 2529 2673 2596 Theodorus,et
2698 2532 3204 2604 elevaturWithigis
3223 2536 3496 2590 rex.Tunc

1901 2626 2124 2681 veniens
2151 2626 2442 2683 Belisarius
2465 2629 2726 2698 patricius
2754 2629 2805 2682 in
2835 2635 3016 2699 partes
3040 2627 3257 2695 Sicilia),
3288 2631 3495 2685 audivit

1902 2722 2044 2790 quod
2069 2721 2229 2776 Gothi
2250 2721 2506 2778 fecissent
2530 2724 2633 2779 sibi
2661 2739 2862 2794 regem,
2894 2733 2946 2778 et
2977 2723 3100 2779 inde
3132 2741 3228 2795 per
3255 2725 3490 2796 Campa-

1904 2818 2051 2872 niam
2089 2819 2402 2888 pr0peravit
2438 2819 2746 2889 Neapolim,
2790 2836 2954 2891 quam
3001 2821 3253 2878 obsidere
3290 2824 3488 2892 erepit,

1903 2909 2029 2978 quia
2091 2910 2240 2963 cives
2287 2909 2622 2982 Neapolitani
2674 2911 2964 2966 noluerunt
3009 2914 3222 2982 aperire
3269 2915 3339 2968 ei.
3386 2914 3489 2982 Qui

1901 3003 2187 3072 pugnando
2211 3004 2483 3060 civitatem
2515 3005 2778 3071 introivit,
2809 3015 2862 3061 et
2887 3006 3113 3073 Gothos,
3138 3024 3490 3080 quoscunque

1827 3132 1871 3193 C
1909 3094 2100 3149 obvios
2130 3096 2337 3162 habuit,
2379 3097 2495 3151 neci
2529 3096 2770 3162 tradidit,
2805 3097 3056 3168 factoque
3081 3101 3318 3155 maximo
3349 3101 3490 3158 bello

1903 3198 2089 3242 contra
2134 3187 2448 3259 Withigem,
2484 3191 2758 3261 ingressus
2785 3201 2868 3247 est
2915 3194 3101 3248 urbem
3140 3195 3388 3260 Romam,
3435 3206 3492 3252 ct

1901 3284 2176 3340 civitatem
2208 3287 2456 3340 munivit.
2490 3288 2642 3342 Tunc
2678 3288 2999 3358 recolligens
3031 3289 3287 3360 Withigis
3307 3291 3488 3346 multi-

1903 3380 2142 3434 tudinem
2171 3379 2471 3436 Gothorum
2503 3397 2614 3436 uno
2647 3397 2788 3437 anno
2813 3383 2884 3437 ita
2920 3384 3131 3438 obsedit
3162 3385 3348 3439 urbem
3383 3386 3489 3442 Ro-

1902 3491 2065 3542 mam,
2091 3485 2148 3529 ut
2169 3476 2296 3530 nulli
2319 3486 2461 3531 esset
2483 3477 2710 3533 facultas
2733 3479 3042 3549 egrediendi
3073 3479 3156 3533 vel
3187 3481 3490 3550 ingredien-

1902 3570 1974 3624 di.
2000 3572 2196 3626 Verum
2225 3573 2364 3627 intra
2399 3574 2670 3629 civitatem
2705 3575 2844 3630 fame
2869 3578 3205 3647 opprimente
3232 3578 3487 3648 populum

1905 3667 2039 3722 adeo
2085 3677 2145 3722 ut
2180 3685 2316 3738 aqua
2375 3671 2773 3724 venundaretur
2827 3673 3022 3741 pretio,
3076 3688 3268 3742 pugna:
3308 3682 3487 3726 tamen

1903 3764 2151 3816 maximae
2192 3762 2389 3817 ﬁebant
2415 3780 2442 3816 a
2469 3763 2728 3818 Belisario
2756 3763 3075 3819 defendente
3106 3765 3375 3819 Romanos
3403 3765 3484 3819 vel

1903 3853 2173 3906 civitatem
2222 3854 2481 3908 adversus
2509 3852 2745 3917 Gothos;
2797 3869 2931 3923 quos
2965 3853 3128 3909 etiam
3171 3853 3486 3909 Ravennam

1904 3944 2027 4016 fuga
2054 3955 2232 4016 petere
2255 3948 2595 4016 postmodum
2628 3947 2906 4015 compulit.

2480 4038 2706 4093 CAPUT
2747 4038 2920 4108 xvn.)

2263 4131 2338 4184 De
2378 4129 2556 4201 I’igilii
2584 4132 2796 4184 diaconi
2825 4132 3120 4186 conatibus.

1976 4223 2128 4277 Tunc
2179 4223 2406 4294 Vigilius
2467 4225 2745 4291 diaconus,
2783 4225 2873 4294 qui
2918 4226 3060 4296 apud
3101 4226 3484 4283 Constantino-

1903 4315 2066 4386 polim
2131 4327 2250 4372 erat
2306 4318 2724 4394 apocrisiarius,
2771 4319 3158 4375 animadvertit
3199 4321 3485 4392 displicere

1904 4407 2146 4477 Augusto
2174 4418 2227 4462 et
2253 4407 2507 4477 Augustre
2534 4408 2938 4463 damnationem
2968 4409 3211 4464 Anthimi
3252 4410 3484 4482 patriar-

1905 4494 2018 4547 chae
2045 4493 2743 4565 Constantinopolitani,et,
2777 4496 2964 4552 volens
2995 4497 3095 4552 sibi
3129 4500 3271 4569 apud
3311 4500 3484 4554 donti-

1901 4601 1998 4639 nos
2058 4601 2235 4640 rerum
2286 4602 2480 4658 parare
2533 4588 2783 4658 gratiam,
2815 4589 3082 4658 persuasit
3117 4591 3372 4663 Augustae
3423 4600 3486 4648 ut

1899 4680 2137 4734 mitteret
2167 4681 2233 4734 ad
2260 4681 2547 4736 Silverium
2588 4682 2898 4752 pontificem
2937 4683 3149 4740 litteras
3197 4687 3300 4742 hoc
3325 4689 3484 4745 modo

1900 4777 2152 4847 scriptas.
2182 4795 2200 4828 t
2233 4778 2341 4830 Aut
2371 4778 2438 4831 ad
2479 4793 2598 4844 nos,
2630 4777 2828 4847 inquit,
2864 4794 2932 4832 ne
2961 4778 3239 4850 pigriteris
3275 4780 3485 4848 venire,

1903 4879 1997 4923 aut
2038 4880 2183 4924 certe
2228 4868 2447 4938 scriptis
2484 4870 2588 4924 tuis
2624 4885 2818 4925 revoca
2861 4873 3173 4925 Antltimum
3219 4872 3272 4924 in
3307 4872 3488 4930 locum

1903 4975 2080 5015 suum.
2120 4979 2138 5012 ι
2177 4961 2386 5029 Quibus
2417 4962 2608 5016 beatus
2636 4961 2902 5017 Silverius
2922 4961 3173 5034 perlectis
3200 4961 3495 5035 ingemuit,

1901 5065 1955 5111 et
1990 5056 2044 5112 in
2071 5056 2187 5111 haec
2213 5055 2374 5111 verba
2403 5057 2734 5126 imperatrici
2768 5056 3056 5130 rescripsit
3086 5071 3100 5106 :
3143 5069 3160 5102 t
3198 5052 3351 5107 Licet
3377 5057 3510 5125 hac

1902 5169 2063 5210 causa
2092 5152 2253 5208 finem
2281 5151 2562 5221 temporali
2595 5167 2730 5206 mea:
2753 5149 2972 5208 inferat
2987 5148 3132 5210 vitae,
3164 5159 3264 5214 ego
3292 5155 3523 5233 tamen,

1905 5252 2141 5297 Augusta
2192 5249 2432 5295 domina.
2481 5262 2595 5295 rem
2642 5247 2786 5295 hanc
2831 5253 3124 5295 nunmtam
3176 5236 3410 5293 faciam.
3451 5265 3528 5293 ιη
