4044 5428
530 274 638 332 6Ἱ9
697 300 699 304 ⁴

533 392 777 448 miserat.-
807 382 979 456 llujus
1010 373 1264 451 prascepti
1296 378 1541 426 tenorem
1569 358 1870 428 suscipiens
1903 348 2103 407 Belisa-
2129 341 2176 399 Α

534 489 681 545 rius:
705 505 722 538 ι
738 477 1082 555 Ego,inquit,
1100 467 1360 527 voluntati
1384 462 1685 536 principum
1707 451 1981 512 contraire
2003 460 2108 501 non

537 582 766 640 audens,
790 537 918 631 licet
941 537 1163 628 invitus,
1184 562 1480 633 jussionem
1508 549 1796 622 adimpleo.
1818 542 1925 598 Sed
1951 537 2110 605 hujus

538 672 877 730 machinator
902 660 1120 721 sceleris
1151 657 1287 710 iram
1318 666 1423 705 non
1447 644 1663 713 effugiet
1685 636 1881 707 judicis
1914 637 2112 686 cuncta

539 761 831 821 cernentis.
856 777 873 809 ι
904 747 1226 809 Subornatis
1265 746 1447 810 itaque
1483 732 1711 790 testibus
1740 727 1832 798 qui
1873 722 2114 777 dicerent

539 857 791 912 domuum
832 865 1021 919 papam
1085 841 1280 899 Gothis
1317 836 1591 891 civitatem
1626 822 1894 893 simulque
1939 816 2112 887 patri-

540 947 683 1003 cium
725 943 939 998 tradere
968 936 1234 995 voluisse,
1253 929 1437 1000 jussus
1465 933 1549 980 est
1593 924 1920 993 praesentare
1957 924 2017 966 se
2045 908 2113 963 ad

548 1039 878 1095 audientiam
920 1034 972 1088 in
1008 1029 1267 1102 palatium
1307 1017 1586 1093 principis.
1625 1011 1692 1067 Et
1727 1006 2114 1078 ingredientem

540 1155 663 1198 cum
698 1134 814 1193 solo
870 1128 1067 1201 Vigilio
1109 1120 1377 1180 Antonina
1410 1111 1633 1186 patricia
1660 1108 1740 1164 sic
1776 1101 2065 1172 alloquitur
2096 1115 2111 1152 :

547 1251 567 1285 ι
603 1231 732 1293 Dic,
764 1193 967 1281 domne
992 1217 1188 1275 Silveri
1208 1258 1222 1279 ,
1244 1212 1371 1284 quid
1397 1208 1623 1264 fecimus
1644 1244 1658 1267 ,
1693 1209 1755 1256 ut
1777 1212 1876 1252 nos
1902 1193 2117 1249 tradere

540 1327 596 1383 in
624 1337 817 1380 manus
857 1318 1157 1375 Gothorum
1200 1306 1411 1365 velles?
1458 1323 1477 1357 ι
1516 1300 1710 1356 Adhuc
1740 1310 1805 1351 ea
1840 1292 2114 1361 loquente,

542 1429 823 1495 ingressus
853 1417 1119 1476 Joannes,
1158 1406 1523 1462 subdiaconus
1552 1390 1892 1466 regionarius
1930 1385 2119 1455 prima!

545 1481 715 1577 sellis,
758 1509 877 1565 tulit
911 1506 1132 1576 pallium
1185 1498 1251 1554 de
1301 1493 1440 1549 collo
1480 1490 1595 1561 ejus
1640 1481 1922 1550 iuduitque
1969 1481 2119 1528 veste

545 1604 865 1664 monastica.
909 1597 1010 1666 Qui
1060 1592 1201 1665 apud
1242 1586 1487 1644 Pontiam
1523 1577 1752 1635 insulam
1779 1574 1833 1628 iu
1866 1567 2117 1625 exsilium

1485 241 1741 304 AIMOINI
1766 196 2070 294 nossem
2096 196 2589 283 reomace’asrs

3690 176 3796 237 600

2206 338 2395 388 contra
2420 319 2731 380 violentiam
2763 310 3016 370 imbrium
3042 306 3291 362 contecta
3320 293 3551 369 clypeis,
3576 289 3794 347 miseri-

2210 420 2452 479 cordiam
2520 408 2731 467 Domini
2788 401 3144 469 elliagitatura
3207 389 3355 447 humi
3407 381 3794 456 prosternitur,

2210 525 2376 583 utque
2407 500 2753 564 moderatiori
2779 510 2939 568 quam
2972 488 3318 546 merebantur
3352 480 3607 534 vindicta:
3640 488 3799 544 poena

2212 571 2502 662 ferireutur
2550 601 2802 653 exorant.
2851 586 3113 655 Quodque
3149 575 3526 634 admirabilius
3576 579 3686 632 est,
3742 571 3797 622 in

2211 694 2403 755 castris
2425 687 2646 747 Clotarii
2675 699 2775 739 uec
2812 680 3036 749 spiritus
3081 671 3230 727 ﬂavit
3256 666 3421 728 venti,
3453 678 3554 718 nec
3608 659 3803 731 pluvia

2212 786 2410 843 cecidit
2440 780 2611 849 gutta,
2640 792 2740 832 nec
2770 772 2878 828 ulla
2928 780 3150 840 prorsus
3199 754 3600 816 coruscatinnil
3640 766 3803 821 appa:

2216 886 2439 934 ruerunt
2465 874 2636 942 signa.
2667 866 2804 923 Tum
2831 867 3071 919 demum.
3113 855 3202 927 qui
3227 857 3487 906 venerant
3540 842 3804 899 extermi-

2213 982 2423 1037 natum,
2458 968 2662 1039 legatos
2705 960 2970 1017 miserunt
3016 953 3083 1009 ad
3120 950 3440 1012 Clotarium,
3471 945 3565 1013 qui
3615 956 3804 1009 pacem

2214 1032 2460 1136 peterent
2511 1032 2798 1125 foedusque
2859 1057 3179 1119 perpetuum
3232 1042 3453 1096 inirent.
3504 1035 3665 1103 Quod
3716 1032 3807 1087 ille

2214 1156 2404 1214 volens
2426 1144 2721 1212 concessit,
2749 1154 2804 1201 et
2829 1158 2896 1198 ex
2928 1139 3210 1207 utriusque
3236 1132 3514 1189 exercitus
3534 1139 3805 1182 consensu

2216 1248 2470 1314 utrinque
2493 1241 2813 1296 discessum.
2862 1232 2939 1287 Ita
2981 1228 3232 1302 precibus
3278 1224 3386 1277 Deo
3436 1217 3809 1275 devotissimz

2218 1322 2480 1397 mulieris,
2510 1328 2701 1387 matris
2729 1324 2982 1381 videlicet
3007 1335 3139 1383 sum,
3163 1318 3229 1373 ab
3254 1311 3557 1370 imminenti
3591 1306 3809 1379 piaculo

2217 1425 2375 1484 simul
2417 1433 2475 1479 et
2522 1420 2745 1477 interitu
2787 1414 2983 1470 fratres
3031 1410 3224 1480 erepti,
3272 1404 3512 1479 immane
3572 1399 3810 1464 fat-inus,

2218 1517 2360 1590 quod
2384 1522 2562 1570 mente
2591 1515 2977 1579 conceperant,
3010 1501 3226 1571 explere
3249 1495 3495 1568 permissi
3522 1509 3631 1548 nou
3660 1498 3810 1545 sunt.

2220 1588 2391 1668 Fuere
2421 1606 2665 1679 plerique
2703 1601 2831 1669 lteti,
2861 1598 3057 1671 quibus
3087 1593 3334 1666 placebat
3362 1588 3655 1645 concordia
3695 1597 3817 1655 ger-

548 1696 858 1765 relegatus,
916 1657 1047 1743 inibi
1097 1657 1376 1738 confessor
1429 1674 1537 1729 vita
1589 1664 1862 1765 decessit.-
1893 1657 2120 1765 iligilius
2151 1657 2522 1757 3;“

544 1755 694 1845 vero"
721 1789 774 1842 in
820 1779 1113 1855 pontiﬁcali
1153 1776 1282 1832 sede
1318 1771 1537 1828 resedit.
1576 1768 1779 1823 lterato
1825 1755 2123 1814 Belisarius

544 1904 669 1944 cum
703 1853 946 1950 Withige
976 1893 1104 1947 rege
1143 1870 1443 1929 Gothorum
1484 1862 1777 1920 dimicans,
1822 1853 2121 1910 exercitum

544 1985 662 2056 ejus
703 1980 936 2039 maxima
982 1976 1128 2033 caele
1171 1966 1546 2031 lataelaetavit,
1596 1963 1883 2035 ipsumque
1908 1959 2123 2028 captum

543 2052 1063 2143 Constantinopolim
1093 2066 1435 2133 triumphans
1464 2052 1741 2130 perduxit.

1101 2154 1327 2217 CAPUT
1365 2153 1552 2210 XVIII.

616 2260 697 2316 De
721 2254 1049 2314 Childeberto
1077 2268 1193 2320 rege
1225 2258 1272 2303 et
1307 2247 1453 2301 beato
1490 2241 1754 2297 Germano
1790 2238 2050 2307 episcopo.

621 2353 816 2409 Verum
867 2342 1244 2404 Childebertus
1294 2352 1389 2394 rex
1437 2336 1793 2396 Francorum,
1854 2345 1929 2383 ast
1949 2327 2025 2382 ito
2071 2325 2126 2381 in

550 2443 807 2503 auxilium
845 2437 1242 2497 'I‘heodeherto,
1278 2426 1595 2486 Theoderici
1624 2424 1753 2483 ﬁlio,
1788 2428 1980 2490 nepote
2007 2432 2125 2483 suo,

549 2539 808 2595 adwrsus
862 2527 1158 2585 Clotarium
1212 2523 1432 2579 fratrem
1480 2532 1634 2573 suom
1667 2520 2002 2584 pugnaturus
2050 2509 2129 2564 ire

550 2623 839 2696 disposuit.
891 2617 1122 2673 Nuntius
1176 2613 1242 2668 ad
1283 2610 1603 2667 Chlotildem
1655 2614 1883 2658 matrem
1941 2613 2131 2669 supra-

551 2692 817 2774 dictorum
847 2715 1097 2781 properat
1123 2717 1306 2775 regum
1338 2706 1479 2772 (qua:
1516 2707 1642 2752 tunc
1683 2692 1923 2749 Parisius
1953 2705 2131 2745 morae

552 2803 736 2875 batur)
788 2814 1036 2857 asserens
1063 2802 1654 2864 utrosque‘germanos
1698 2785 1892 2840 fratres
1933 2782 1985 2835 in
2016 2795 2134 2834 mu-

553 2906 702 2951 tuam
764 2889 1057 2961 perniciem
1103 2884 1378 2940 exercitus
1429 2880 1670 2935 adunare
1710 2871 2130 2929 multitudinem.

552 2987 675 3054 Quo
699 2989 996 3051 comperto.
1041 2986 1213 3033 mater
1253 2972 1486 3028 filiorum
1532 2967 1823 3024 condolens
1858 2960 2131 3032 nequitim,

553 3075 783 3132 materni
814 3050 1039 3127 affectus
1065 3066 1369 3138 prmstricta
1406 3058 1819 3117 necessitudine,
1859 3054 1924 3108 ad
1955 3050 2132 3121 sepul-

555 3182 706 3222 crum
737 3164 907 3219 sanctl
932 3158 1144 3215 Martini
1166 3162 1444 3227 properat,
1473 3160 1550 3216 et,
1581 3150 1940 3220 Iacrymarum
1964 3142 2136 3199 effun-

552 3259 691 3314 dens
717 3254 960 3318 ﬂumina,
987 3250 1288 3305 orationem
1327 3244 1465 3300 fudit
1508 3243 1574 3298 ad
1600 3239 1885 3297 Dominum
1928 3237 1981 3292 in
2020 3236 2135 3291 ha'c

555 3351 762 3419 verba:
797 3365 817 3399 ι
856 3344 901 3400 Ο
938 3343 1094 3407 bone,
1125 3338 1319 3407 inquit,
1358 3335 1511 3398 Jesu,
1557 3333 1649 3404 qui
1699 3329 1976 3386 discordes
2023 3326 2134 3382 elc-

556 3448 864 3497 mentorum
893 3448 1086 3489 cursus
1114 3429 1318 3484 laedere
1358 3435 1545 3483 sancto
1576 3421 1877 3484 consocias,
1934 3428 1987 3474 tu
2028 3417 2139 3472 fra-

560 3544 689 3593 tres.
719 3527 858 3584 malo
882 3523 1164 3585 discordiae
1188 3514 1655 3583 temerautesjura
1683 3521 1908 3572 naturae.
1940 3511 1994 3565 in
2018 3509 2139 3565 uui-

557 3632 722 3679 tatem
751 3607 899 3688 pacis
947 3614 1123 3669 redire
1171 3609 1430 3668 concede.
1483 3606 1592 3661 Nec
1641 3604 1771 3658 mihi
1803 3602 1947 3658 obsit
1992 3600 2138 3671 quod

557 3716 693 3772 tales
723 3710 881 3781 genui
919 3708 1002 3762 vel
1020 3709 1197 3769 etiam
1244 3699 1469 3757 educavi
1526 3697 1616 3769 qui
1662 3697 1911 3768 ignorent
1945 3692 2141 3748 fratres

559 3817 615 3864 ct
642 3804 864 3860 affectus
891 3800 1139 3855 nesciant
1158 3793 1604 3865 propinquorum.
1634 3783 2012 3842 lnteremerint
2041 3798 2138 3850 pa-

560 3908 735 3960 truos,
763 3892 1129 3965 iugulaverint
1167 3895 1412 3956 nepotes,
1448 3897 1556 3937 non
1611 3888 1789 3934 tamen
1848 3892 1913 3931 eo
1969 3888 2142 3943 usque

560 3989 674 4044 fore
703 3996 1051 4056 processuros
1074 3978 1404 4040 existimatu,
1426 3983 1486 4029 ut
1517 3972 1660 4042 quod
1697 3970 1808 4025 nati
1840 3977 1965 4024 sunt
2005 3967 2144 4022 ooli-

560 4078 920 4137 viscereutur.
948 4071 1027 4125 Tu
1061 4069 1243 4129 modo,
1287 4065 1629 4134 omnipotens
1674 4061 1857 4125 Pater,
1901 4057 1995 4130 qui
2041 4072 2143 4111 na-

562 4178 695 4231 turae
716 4176 904 4222 auctor
932 4172 1095 4232 atque
1113 4159 1319 4215 arbiter
1346 4172 1426 4222 es,
1456 4158 1744 4211 honestum
1769 4152 1909 4207 inter
1933 4165 2145 4221 germa-

563 4274 663 4315 nos
690 4270 951 4327 compone
991 4263 1239 4324 pactum;
1288 4259 1345 4304 tu
1393 4247 1801 4320 perturbatores
1849 4243 2000 4315 pacis
2045 4256 2145 4312 po-

565 4350 744 4406 tentiae
769 4358 873 4417 tua;
902 4347 1098 4401 virtute
1127 4344 1358 4399 deterre.
1392 4360 1411 4393 ι
1467 4339 1575 4394 llas
1624 4339 1766 4393 illam
1817 4351 2006 4407 preces
2045 4349 2144 4405 pro

563 4449 816 4499 natorum
842 4436 1023 4501 salute
1049 4432 1361 4488 fundentem
1407 4430 1609 4485 audivit
1629 4428 2000 4496 Omnipotens,
2035 4441 2144 4482 cm-

560 4531 712 4600 lique
737 4544 765 4599 a
789 4536 942 4598 parte
974 4541 1165 4582 serena
1214 4523 1467 4579 intonuit.
1501 4521 1639 4576 Nam
1682 4519 1950 4575 Clotarius
1995 4519 2146 4590 peri-

567 4621 808 4679 culosqu
836 4627 988 4674 ratus
1026 4618 1312 4695 adversum
1351 4614 1575 4671 duorum
1629 4619 1906 4682 potentum
1960 4624 2146 4681 regum

566 4712 752 4780 copias
804 4708 990 4782 praclio
1027 4707 1352 4771 decernere,
1402 4703 1712 4774 confugium
1762 4702 1816 4755 in
1858 4698 2149 4755 Aureliano

566 4819 728 4875 pago,
762 4803 815 4857 in
843 4800 961 4855 loco
989 4798 1080 4869 qui
1108 4797 1369 4854 Comhros
1399 4795 1616 4858 dicitur,
1663 4791 1810 4858 fecit,
1855 4792 2028 4871 donec
2058 4796 2151 4843 aut

567 4893 778 4948 animus
803 4906 930 4961 erga
959 4903 1016 4944 se
1038 4874 1264 4942 fratrum
1293 4884 1655 4956 tranquillior,
1704 4890 1795 4937 aut
1823 4866 1924 4936 sibi
1965 4878 2030 4933 ad
2062 4891 2145 4933 re.

567 4980 864 5037 sistendum
894 4979 1068 5033 virtus
1114 4976 1484 5032 numerosiora
1535 4989 1755 5031 suorum
1811 4986 1998 5035 manu,
2051 4967 2145 5039 qui

564 5074 674 5147 iam
691 5075 913 5147 jamque
929 5071 1147 5128 'all‘uturi
1176 5071 1552 5137 credebantur,
1576 5049 1721 5126 esset
1744 5067 2004 5140 paratior.
2038 5064 2147 5119 Ma-

565 5166 653 5237 jor
674 5176 852 5220 autem
879 5181 1001 5237 spes
1034 5165 1151 5237 ejus
1177 5160 1231 5219 in
1276 5162 1474 5218 Christi
1515 5160 1723 5217 Domini
1765 5160 1969 5214 virtute
2017 5170 2146 5212 con-

570 5257 830 5323 sistebat;
862 5260 993 5314 cum‘
1026 5273 1151 5313 ecce
1176 5256 1377 5322 subito,
1427 5256 1482 5311 in
1522 5254 1645 5310 loco
1686 5268 1794 5326 quo
1852 5246 2148 5306 adversarii

572 5355 750 5402 castra
795 5348 1047 5413 ﬁxerant,
1092 5348 1355 5404 matutino
1385 5346 1486 5403 sub
1517 5356 1760 5428 tempore
1798 5340 1977 5396 audita
2023 5345 2149 5392 sunt

2808 1770 3035 1836 CAPUT
3070 1772 3215 1832 XIX.

2573 1877 2649 1934 De
2682 1874 2893 1945 reliquis
2922 1866 3238 1925 Childebertt‘
3268 1865 3444 1935 gestis.

2228 2022 2234 2028 .
2287 1970 2671 2034 Childebertus
2692 1976 2872 2022 autem
2905 1976 3021 2021 rex,
3052 1958 3143 2028 qui
3168 1946 3537 2014 anteriorihus
3564 1959 3625 2005 ut
3653 1961 3818 2018 supe-

2224 2068 2345 2124 rius
2382 2064 2709 2121 declaratum
2739 2067 2838 2118 est.
2871 2055 3026 2110 annis
3057 2048 3367 2118 Hispaniam
3399 2046 3680 2108 ingressus
3708 2039 3824 2094 To-

2224 2159 2387 2213 letum
2407 2154 2591 2210 urbem
2621 2156 2861 2221 ceperat,
2891 2144 3185 2202 Clotarium
3211 2138 3435 2193 fratrem
3474 2151 3658 2196 suum,
3688 2146 3821 2187 cum

2224 2265 2332 2321 quo
2383 2248 2556 2301 foedus
2604 2244 2932 2301 firmaverat,
2992 2231 3300 2289 sollicitavit
3337 2226 3391 2284 in
3440 2225 3820 2293 adiumentum

2225 2341 2346 2406 sui;
2386 2354 2515 2409 quo,
2548 2333 2664 2405 ejus
2691 2333 2861 2388 fretus
2885 2327 3171 2388 societate,
3197 2321 3443 2377 eamdem
3470 2313 3820 2385 provinciam

2227 2431 2329 2487 sibi
2353 2430 2674 2484 subacturus
2700 2422 3108 2493 aggrederetur.
3155 2413 3271 2481 Quo
3300 2425 3419 2465 cum
3457 2405 3638 2460 valido
3665 2418 3828 2458 exet-6

2231 2520 2372 2574 citus
2421 2518 2749 2571 adventante
2786 2509 3181 2580 supplemento,
3231 2501 3436 2556 viribus
3490 2494 3823 2563 conjunctis,

2228 2608 2691 2677 Cresaraugustam
2735 2617 2906 2672 usque
2960 2600 3326 2655 accesserunt.
3377 2590 3422 2644 A
3464 2586 3622 2655 cujus
3670 2584 3826 2638 urbis

2229 2700 2474 2771 ingressu
2505 2695 2782 2769 prohibiti,
2822 2690 3156 2747 obsidionem
3188 2685 3525 2740 adoriuntur.
3576 2679 3639 2732 Et
3688 2676 3827 2731 resi-

2230 2794 2501 2851 stentibus
2529 2789 2834 2863 Oppidanis,
2858 2802 2978 2840 cum
3006 2796 3216 2838 summa
3244 2779 3293 2831 vi
3329 2776 3588 2842 utrinque
3625 2773 3821 2825 decer-

2233 2894 2475 2947 neretur,
2494 2881 2708 2936 tandem
2734 2873 2980 2947 Hispani,
3003 2875 3114 2939 ipsa
3133 2867 3430 2924 obsidionis
3461 2860 3710 2931 dispositi
3736 2873 3824 2913 ine

2237 2986 2291 3032 et
2331 2974 2667 3031 Francorum
2703 2967 2868 3023 feroci
2899 2958 3171 3035 perterriti
3201 2951 3570 3018 animositate,
3612 2952 3828 3005 animos

2238 3082 2268 3122 a
2297 3065 2481 3137 prmlio
2514 3066 2924 3122 revocaverunt,
2950 3071 3031 3115 ac,
3067 3061 3174 3105 tota
3202 3046 3398 3101 mentis
3426 3044 3729 3098 intentione
3755 3041 3827 3096 ad

2234 3160 2437 3217 Christi
2497 3154 2926 3213 misericordiam
2976 3144 3367 3217 implorandum
3418 3143 3693 3203 conversi,
3731 3155 3826 3193 as-

2238 3252 2469 3323 sumptis
2493 3250 2750 3305 crucibus
2774 3262 2896 3301 cum
2938 3242 3128 3297 litauia
3158 3254 3369 3294 murum
3408 3235 3828 3291 obambulantes

2236 3322 2471 3401 circuire
2500 3347 2799 3409 creperum.
2842 3333 2995 3401 Quod
3038 3346 3192 3401 reges
3241 3335 3552 3387 cernentes,
3603 3322 3825 3392 aliquod

2239 3431 2565 3489 maleficium
2595 3443 2688 3483 cos
2730 3436 2985 3479 exercere
3020 3419 3275 3489 suspicati
3312 3426 3457 3477 sunt,
3498 3423 3831 3483 raptumque

2240 3524 2526 3597 quemdam
2574 3534 2639 3574 ex
2687 3516 2903 3572 rusticis
2946 3513 3226 3569 sollicitius
3283 3510 3627 3576 interrogant
3672 3503 3827 3571 cujus

2238 3614 2515 3684 religionis
2545 3612 2879 3667 habitatores
2920 3605 3157 3662 civitatis
3184 3611 3385 3667 essent,
3441 3610 3535 3651 aut
3567 3598 3697 3667 quid
3736 3613 3829 3649 ur-

2240 3705 2363 3761 bem
2394 3702 2779 3759 circumeundo
2832 3695 3269 3768 prazcautationis
3315 3689 3577 3762 agerent?
3623 3688 3830 3752 Quibus

2246 3798 2375 3855 ille:
2410 3816 2428 3848 ι
2467 3795 2647 3859 Cives,
2676 3794 2772 3857 ait,
2808 3789 3101 3846 Christiani
3130 3796 3289 3852 sunt;
3325 3799 3467 3837 nui-c
3515 3791 3573 3835 ttt
3617 3782 3700 3835 sui
3733 3779 3833 3831 mi-

2245 3896 2488 3943 sereatur
2518 3882 2775 3936 Dominus
2804 3885 3049 3934 exorant.
3081 3897 3100 3929 ι
3139 3875 3236 3931 Cui
3267 3888 3420 3943 reges
3454 3890 3467 3925 :
3502 3891 3522 3922 ς
3548 3869 3716 3926 Vade.
3742 3869 3828 3921 in-

2243 3976 2458 4046 quiunt,
2484 3973 2570 4027 dic
2595 3971 2849 4041 episcopo
2878 3967 3026 4022 urbis
3080 3948 3141 4018 ut
3171 3964 3235 4025 ad
3279 3977 3376 4015 nos
3407 3961 3542 4015 nihil
3573 3959 3831 4014 haesitans

2244 4064 2448 4120 veniat.
2483 4081 2502 4114 ι
2563 4058 2732 4129 Quem
2789 4056 3167 4111 advenientem
3217 4050 3596 4106 Childebertus
3653 4048 3832 4101 taliter

2246 4155 2539 4225 alloquitur
2569 4173 2582 4208 :
2617 4172 2635 4205 ι
2673 4150 3021 4211 Christianze,
3050 4146 3246 4217 inquit,
3273 4142 3551 4211 religiOnis
3581 4157 3647 4196 ac
3668 4140 3832 4193 unius

2244 4248 2361 4304 vcri
2388 4248 2484 4303 Dei
2507 4263 2602 4302 vos
2624 4251 2980 4316 agnoscentes
3007 4255 3128 4294 esse
3169 4237 3429 4299 cultores,
3482 4248 3710 4304 parcere
3742 4248 3832 4286 \o-'

2250 4341 2332 4397 his
2356 4340 2718 4402 decrevimus,
2746 4337 2789 4391 si
2822 4349 3104 4389 assensum
3134 4340 3334 4385 nostra:
3365 4327 3611 4398 petitioni
3636 4337 3715 4388 tu,
3740 4324 3830 4393 qui

2249 4433 2578 4490 autistitisin
2608 4432 2709 4486 hoc
2731 4430 2848 4484 loco
2871 4427 3109 4498 fungeris
3137 4422 3636 4491 ollicio,pr:cbeus,
3680 4418 3834 4472 nobis

2246 4525 2419 4583 sancti
2471 4523 2740 4579 Vincentii
2792 4521 3050 4590 reliquias
3109 4504 3435 4575 contuleris,
3487 4513 3579 4581 qui
3639 4513 3690 4564 in
3730 4512 3830 4564 hac

2249 4618 2401 4679 urbe,
2434 4624 2494 4670 ut
2539 4614 2826 4669 multorum
2880 4609 3167 4666 sinceritas
3213 4617 3268 4662 et
3329 4605 3538 4673 signata
3591 4601 3832 4653 veritatis

2250 4707 2414 4762 verba
2443 4713 2730 4768 testantur,
2759 4701 2990 4757 eximius
3009 4699 3167 4754 levita
3191 4698 3407 4752 enituit.
3445 4714 3463 4745 ι
3482 4691 3730 4747 Pontifex
3761 4689 3833 4744 nil

2249 4805 2513 4861 moratus,
2550 4794 2786 4861 ejusdem
2829 4789 3013 4861 inclyti
3052 4789 3226 4842 levita:
3256 4802 3321 4841 ac
3353 4785 3609 4854 martyris
3638 4783 3831 4837 stolam

2253 4887 2468 4956 regibus
2494 4882 2668 4939 odert.
2697 4882 2867 4950 Quam
2909 4881 2984 4935 illi
3015 4880 3281 4947 condigne
3304 4877 3510 4930 honore
3536 4873 3835 4941 suscipien-

2256 4986 2358 5041 tes,
2389 4976 2724 5031 obsidionem
2758 4972 2911 5041 juxta
2945 4971 3271 5042 promissum
3306 4967 3545 5022 solvunt.
3575 4964 3642 5019 Et
3673 4966 3833 5017 deva~

2256 5077 2396 5125 stata
2423 5067 2566 5122 omni
2596 5064 2892 5136 provincia,
2942 5077 3064 5119 cum
3095 5060 3282 5130 spoliis
3323 5067 3375 5113 et
3409 5054 3612 5127 ingenti
3654 5052 3830 5124 prada

2254 5163 2491 5216 nativum
2518 5167 2769 5230 repetunt
2800 5156 2998 5213 solum.

2848 5242 3080 5301 CAPUT
3115 5241 3238 5299 XX.

2251 5343 2327 5398 De
2350 5340 2637 5397 Gothorum
2669 5357 2845 5412 regum
2872 5357 2905 5393 α
2942 5340 3052 5392 suis
3078 5340 3295 5421 .nece,_el
3318 5330 3643 5389 Childebertt'
3662 5325 3839 5383 Fran-
