4044 5428
205 257 297 311 081

1166 248 1485 307 HISTORIA
1516 241 1969 301 FHANtZUttUM.
2000 271 2064 280 -ν-
2091 240 2215 295 LIB.
2250 238 2312 292 ll.

3345 232 3450 284 εἶκε

208 370 530 426 manantium
560 372 841 428 alam-irate
890 370 1029 426 uim
1072 366 1288 422 solitum
1328 366 1521 425 utitur,
1565 361 1769 415 cxstin-
1808 365 1852 415 Δ
1883 368 2005 407 cum
2044 369 2109 408 eo
2149 353 2427 408 exsultans
2480 349 2770 406 celebravit
2802 348 3027 402 Pascna.
3069 345 3344 401 Gloriosus
3371 357 3449 399 et.

204 464 307 517 etis
331 464 509 517 cereis
533 480 563 518 a
594 466 707 519 suis
734 465 1000 521 occiditur
1018 472 1073 517 et
1092 460 1244 527 Agila
1282 471 1503 527 regnum
1527 452 1815 527 arripuit.'\

196 551 370 607 Gothi
402 569 534 609 vero
566 554 679 622 jam
712 556 843 609 olim
870 556 1058 609 vitium
1103 552 1204 605 hoc
1239 550 1291 603 in
1339 546 1779 603 consuettnlinem
1815 536 1833 622 "_-

1820 616 1833 651 ’
1889 625 2117 692 prtebuit
2143 624 2244 678 iter
2284 626 2352 678 ad
2386 639 2443 679 se
2472 624 2839 693 perveniendi,
2865 623 2981 694 qui,
3006 624 3057 677 in
3086 621 3333 675 convalle
3364 636 3458 690 po-

208 653 494 698 verterunt
528 655 606 707 ut.
648 646 776 700 dum
825 648 906 701 eis
948 661 1037 699 rex
1080 642 1328 711 proprius
1365 636 1719 707 displicuerit.
1751 647 1779 684 τι

206 732 317 785 suis
346 733 712 788 interimatur.
730 735 926 789 Verum
941 733 1317 788 Cbildebertns
1339 734 1615 796 acceptam
1638 722 1779 776 beati

209 820 477 876 Vincentii
506 823 698 878 stolam
720 823 958 890 Parisios
984 822 1183 882 defert,
1210 819 1638 884 :editicatamque
1671 812 1784 866 solo

200 917 367 964 tenus
427 912 708 967 basilicam
761 913 959 966 nomini
997 910 1237 981 ejusdem
1286 906 1454 961 sancti
1502 904 1675 957 levitze
1721 917 1785 955 ac

210 1002 464 1070 martyris
493 1002 730 1056 dedicari
765 1003 910 1057 fecit.
946 1001 1004 1055 In
1035 1016 1139 1068 qua
1170 1015 1274 1054 non
1319 996 1595 1051 minimam
1628 1006 1785 1046 vaso—

211 1105 325 1143 rum
372 1100 606 1159 partem.
636 1106 759 1161 quae
801 1108 922 1147 eum
955 1106 985 1144 a
1027 1090 1216 1144 Toleto
1267 1096 1574 1155 asportasse
1624 1097 1783 1151 supra

212 1180 670 1245 memoravimus,
727 1196 851 1236 cum
898 1179 1078 1248 capsis
1126 1176 1553 1246 evangeliorum.
1597 1186 1788 1227 “"003

200 1284 426 1338 quoque
477 1272 697 1326 miriﬁci
740 1272 922 1342 Operis
948 1271 1160 1339 aliaque
1192 1268 1417 1323 devotus
1444 1264 1788 1321 excellentis-

210 1358 345 1411 sima
371 1359 601 1413 contulit
629 1376 873 1415 munera.

805 1452 1031 1508 CAPUT
1059 1450 1201 1507 XXI.

423 1544 499 1597 De
531 1543 871 1599 Theodeberti
913 1546 967 1599 in
996 1544 1210 1598 Italiam
1236 1544 1577 1608 expeditione.

278 1629 626 1688 Childcberto
655 1634 835 1701 itaque
883 1650 1004 1688 cum
1059 1634 1226 1691 fratre
1252 1633 1489 1688 Clotario
1518 1630 1792 1700 llispanite

1887 445 2031 500 enim
2059 446 2110 499 in
2139 444 2340 499 sanctis
2368 443 2508 497 Deus
2531 441 2746 495 assidue
2771 440 2873 494 sibi
2904 438 3129 507 placitos
3157 436 3455 491 miriﬁcam

1890 534 2140 600 famulos,
2168 538 2293 591 huic
2319 536 2536 606 egregio
2562 535 2705 588 Patri
2735 534 3081 588 excellentius
3109 532 3316 587 ceteris
3328 528 3454 601 jure

1889 715 2025 767 situs
2074 714 2459 783 lacrymarum,
2518 713 2863 767 ascensiones
2896 714 3151 766 virtutum
3192 709 3247 765 in
3294 711 3459 764 corde

1889 806 2230 875 disposuerat
2258 820 2375 868 suo,
2404 804 2605 858 scalam
2631 790 2816 867 Jacob,
2841 818 2937 872 per
2965 818 3126 872 quam
3161 800 3457 856 ascenden-

1892 905 1971 949 tes
1997 895 2170 965 angeli
2204 895 2485 949 monstrati
2515 903 2659 960 sunt,
2682 896 2793 948 suis
2822 908 3126 965 proponens
3146 891 3457 947 sectandam

1890 984 2231 1052 sequacibus.
2272 984 2328 1037 In
2359 983 2510 1053 cujus
2532 976 2731 1049 autem,
2762 992 2818 1037 ut
2848 998 2979 1053 pace
3006 974 3243 1035 omnium
3272 981 3460 1048 loquar

1890 1084 2221 1139 sanctorum,
2255 1092 2359 1129 non
2397 1076 2569 1129 dicam
2601 1077 2881 1145 martyris,
2914 1090 3097 1129 verum
3148 1083 3201 1127 et
3231 1072 3459 1144 apostoli

1892 1168 2143 1231 transitu,
2167 1177 2274 1222 tam
2304 1162 2599 1223 innumeris
2624 1179 2837 1238 tamque
2854 1170 3019 1223 divini
3036 1168 3259 1238 fulgoris
3284 1167 3462 1237 splen-

1890 1258 2023 1311 dens
2055 1259 2302 1327 apparuit
2342 1260 2428 1313 via
2463 1258 2822 1315 luminaribus
2868 1261 3214 1331 vestibusque
3270 1269 3461 1315 ornata

1890 1348 2237 1416 nuptialibus.
2269 1347 2453 1419 Neque
2492 1350 2634 1403 enim
2665 1349 2718 1403 in
2750 1364 2814 1404 co
2860 1349 2998 1404 calle
3024 1350 3207 1404 textile
3231 1347 3461 1404 creden-

1892 1440 2018 1491 dmn
2049 1449 2135 1493 est
2178 1440 2494 1508 apparuisse
2523 1441 2765 1510 pallium,
2798 1457 2906 1510 quo
2954 1452 3169 1496 :eterntc
3216 1442 3461 1495 incorru—

1892 1530 2087 1599 ptionis
2111 1532 2443 1602 migrabatur
2464 1533 2530 1587 ad
2559 1549 2799 1603 regnum.

1966 1624 2046 1677 Nil
2092 1641 2254 1694 porro
2283 1627 2585 1682 mirandum
2637 1629 2781 1684 hunc
2814 1627 3006 1683 divinat
3050 1627 3273 1683 latorem
3330 1628 3464 1699 lcgis

213 1728 392 1787 partes
438 1691 814 1793 aggredient'e,
849 1724 1273 1787 Tlteodebertus,
1305 1691 1631 1777 Theudorici
1648 1719 1790 1791 regis
1824 1691 1865 1748 Β
1894 1714 2034 1771 hanc
2065 1717 2116 1770 in
2144 1720 2514 1787 assumptione
2560 1720 2782 1789 spiritus
2812 1721 3174 1789 promeruisse
3212 1719 3462 1789 gloriam,

215 1809 373 1872 titius,
404 1822 835 1867 memoratorum
882 1827 1050 1882 nepos
1081 1828 1288 1881 regum.
1340 1812 1393 1866 in
1424 1811 1628 1865 Italiam
1666 1825 1789 1865 cum

214 1907 447 1961 maximo
472 1924 703 1962 suorum
728 1910 965 1979 equitatu
990 1909 1268 1964 contendit
1287 1920 1516 1976 eamque
1548 1907 1615 1961 ab
1645 1907 1792 1975 Alpi-

212 1994 312 2051 bus
346 2013 518 2066 usque
551 1999 620 2054 ad
648 2001 1038 2054 maritimorum
1064 1999 1297 2054 confinia
1321 1998 1560 2051 locorum
1604 2010 1794 2065 perva-

212 2096 366 2155 gatus
393 2090 746 2143 tributariam
770 2090 945 2145 ell‘ecit
973 2100 1027 2145 et
1067 2090 1133 2144 ad
1165 2088 1382 2157 propria
1423 2088 1652 2140 reditum
1680 2099 1795 2138 ma-

216 2189 403 2234 turans
433 2180 782 2236 Bucellenum
807 2184 994 2237 ducem
1021 2184 1085 2237 ad
1127 2180 1526 2250 pcrvadendum
1553 2178 1792 2233 Siciliam

211 2280 267 2323 et
310 2270 524 2338 reliqua
572 2272 737 2326 Italia:
791 2273 1014 2326 ﬁnitima
1074 2272 1310 2339 reliquit.
1342 2270 1467 2337 Qui,
1513 2268 1793 2339 Tyrrheno

216 2362 351 2413 mari
378 2362 756 2427 translretato,
779 2365 1017 2419 Siciliam
1046 2364 1280 2419 maxima
1302 2378 1366 2416 ex
1384 2372 1535 2431 parte
1560 2361 1790 2430 subegit,

214 2461 514 2520 castraque
538 2453 617 2507 vel
649 2456 809 2510 urbes
835 2455 999 2509 ltalize
1038 2454 1358 2524 pervadens,
1385 2468 1451 2507 ei
1490 2453 1795 2521 snilillgala‘

215 2559 336 2597 rum
379 2547 561 2614 praeda
595 2548 870 2604 nationum
919 2550 1075 2604 xenia
1122 2546 1495 2602 Theodeberto
1547 2546 1795 2600 mittebat

216 2636 354 2707 regi.

796 2724 1024 2780 CAPUT
1063 2723 1225 2779 XXII.

718 2814 793 2869 De
805 2824 983 2870 sancto
1005 2815 1303 2868 Benedicto.

290 2906 471 2975 Hujus
494 2907 749 2977 principis
774 2907 1126 2976 temporibus,
1157 2920 1185 2959 a
1214 2905 1634 2960 Ciunomannica
1664 2906 1795 2960 urbe

1893 1806 1984 1875 qui
2009 1807 2375 1875 corruptibilis
2402 1808 2580 1862 adhuc
2610 1811 3050 1866 circumamictus
3084 1810 3317 1879 tegmine
3346 1826 3465 1863 car-

1894 1902 1999 1963 nis,
2044 1903 2209 1956 tantis
2264 1900 2463 1956 cﬂ'ulsit
2500 1886 2881 1970 miraculorum
2918 1905 3109 1971 signis,
3142 1913 3197 1956 ut
3245 1904 3345 1956 nisi
3384 1904 3464 1955 vir

1894 2001 2009 2049 toto
2031 1993 2356 2048 venerabilis
2385 1993 2536 2057 orbe,
2561 2007 2697 2062 papa
2729 1994 2975 2047 videlicet
2995 1994 3306 2065 Gregorius,
3348 1994 3467 2063 ejus

1894 2096 2039 2143 esset
2064 2086 2187 2140 vita:
2224 2086 2425 2141 relator
2454 2087 2718 2156 simulque
2758 2098 2997 2143 assertor
3038 2090 3289 2153 eximius,
3342 2106 3466 2159 pro.

1896 2180 2039 2232 lecto
2063 2179 2129 2232 ab
2158 2176 2461 2231 inﬁdelibus
2483 2178 2803 2245 quibusdam
2831 2179 3091 2235 mirandis
3119 2181 3470 2249 derogarctur

1895 2270 2125 2323 actibus.
2161 2267 2357 2323 Verum
2391 2278 2449 2321 ut
2474 2277 2785 2336 prteteream
2823 2270 2962 2337 quod
2996 2269 3169 2326 adhuc
3215 2274 3467 2340 puerulus

1895 2373 2133 2413 eremnm
2156 2360 2309 2426 petiit
2338 2358 2657 2427 intrepidus,
2683 2360 2845 2428 quod,
2902 2370 2959 2414 ut
3004 2362 3217 2429 quidam
3248 2374 3467 2432 prepter

1898 2450 2070 2519 ipsum
2096 2449 2171 2503 ait
2200 2451 2432 2518 sapiens,
2465 2465 2563 2503 nec
2610 2449 2872 2505 Martinus
2927 2460 3038 2506 toto
3077 2455 3383 2511 nominatus
3418 2459 3467 2509 in

1895 2542 2027 2595 orbe
2047 2540 2237 2594 fecisse
2257 2540 2608 2610 dignoscitur,
2633 2541 2761 2596 illud
2796 2554 2943 2598 certe
2971 2559 3075 2598 non
3116 2548 3466 2602 ontittendmn

1897 2634 2059 2701 quod,
2090 2642 2207 2702 post
2252 2633 2565 2701 multiplicia
2609 2634 2992 2689 charismatum
3024 2637 3161 2690 dona
3201 2638 3268 2692 ab
3293 2644 3468 2695 Omni-

1898 2733 2117 2793 potente
2146 2722 2245 2777 sibi
2271 2738 2549 2786 concessa,
2579 2722 2751 2777 tribus
2779 2724 3247 2791 admirandis,nec
3275 2733 3473 2784 smcnlo

1896 2823 2053 2867 antea
2084 2812 2332 2882 cognitis,
2376 2812 2703 2884 resplendult
2731 2815 3024 2875 miraculis.
3051 2817 3108 2875 In
3138 2837 3202 2876 eo
3234 2839 3465 2892 namque

1896 2904 2039 2973 quod
2059 2902 2172 2958 solo
2197 2903 2389 2957 intuitu
2412 2904 2559 2976 ligati
2582 2906 2738 2959 solvit
2756 2907 2964 2961 vincula
2990 2911 3194 2974 rustici,
3213 2914 3463 2981 quodque

215 2999 381 3068 legati
414 2999 485 3050 ad
528 3007 763 3051 castrum
792 2996 1069 3051 Cassinum
1120 2995 1372 3065 profecti,
1426 2995 1793 3051 beatissimum
1825 3032 1870 3093 Ο
1901 2992 2000 3048 sub
2031 3002 2320 3057 momento,
2348 2993 2502 3063 quasi
2534 2994 2635 3049 sub
2666 2994 2796 3049 solis
2828 2997 2997 3061 radio,
3035 2999 3317 3055 universus
3345 3010 3471 3072 ante

216 3088 447 3142 Patrem
471 3086 1325 3157 Benedictum,posteremiticam,
1344 3096 1396 3141 ut
1420 3088 1794 3156 prtemisimus,

216 3178 388 3231 vitam
444 3178 499 3229 in
547 3176 635 3230 illo
672 3186 860 3231 sancto
887 3177 1169 3245 degentem
1197 3178 1466 3237 coenobio,
1513 3177 1794 3245 omnigena

216 3276 592 3337 poposcerunt
621 3281 798 3335 prece,
827 3277 885 3321 ut
916 3266 1110 3320 fratres
1135 3266 1187 3319 in
1223 3266 1520 3319 monastica
1546 3266 1799 3335 probatos

219 3362 646 3415 conversatione
692 3360 758 3413 ad
799 3358 1159 3413 occidentales
1200 3359 1458 3428 dirigeret
1513 3368 1711 3428 partes,
1768 3374 1797 3411 a

219 3452 421 3518 quibus
454 3448 698 3518 lenijugo
715 3450 906 3518 regula:
924 3449 1026 3502 illis
1056 3451 1125 3504 ab
1156 3451 1271 3519 ipso
1287 3452 1496 3505 traditae
1522 3450 1798 3505 Gallicana

220 3540 551 3592 subderetur
606 3539 966 3593 cervicositas.
1034 3540 1136 3605 Qui
1186 3541 1415 3609 gratanti
1464 3542 1644 3595 animo
1670 3540 1800 3596 dile-

219 3640 368 3683 ctum
395 3644 558 3682 suum
592 3629 908 3697 discipulum
940 3628 1181 3683 Maurum
1213 3630 1277 3683 ad
1301 3631 1397 3685 has
1420 3641 1633 3685 nostras
1656 3633 1800 3686 dire-

221 3718 296 3769 xit
330 3716 586 3784 regiones
607 3716 760 3783 eique
782 3717 1178 3771 sanctissimum
1206 3720 1287 3771 sui
1314 3720 1493 3773 obitus
1525 3720 1663 3775 diem
1696 3720 1799 3773 im-

219 3807 433 3860 minere
482 3807 750 3874 praedixit,
788 3808 1195 3863 cvidentissime
1242 3810 1535 3879 designans
1590 3826 1655 3865 eo
1702 3825 1800 3864 sua

216 3900 599 3953 sacratissima
650 3899 1012 3954 transferenda
1056 3901 1170 3953 fore
1220 3901 1458 3955 membra
1492 3917 1598 3971 quo
1622 3902 1801 3956 chari-

220 3990 350 4042 tatis
373 3987 599 4041 vinculo
621 3988 719 4041 sibi
750 3991 952 4043 unitum
973 3991 1219 4045 mittebat
1240 3991 1538 4045 alumnum.
1566 3990 1802 4059 lnclytns

217 4096 348 4149 ergo
380 4078 603 4132 Domini
635 4079 792 4134 levita
828 4080 1063 4146 Maurus,
1101 4082 1205 4135 iter
1257 4084 1325 4136 ad
1371 4082 1573 4137 Gallias
1616 4096 1802 4151 agens,

216 4171 346 4223 dum
381 4171 440 4222 in
478 4185 667 4238 pagum
700 4173 1001 4227 devenisset
1025 4174 1673 4235 Antissiodorensem,die
1698 4189 1802 4242 qua

216 4260 529 4313 Dominicze
560 4274 721 4314 cmnte
748 4275 814 4314 ex
842 4275 987 4314 more
1005 4262 1054 4314 in
1081 4261 1241 4314 terris
1263 4261 1803 4317 celebrabatnrsacra

1901 3095 2246 3157 conspectum
2291 3085 2406 3154 ejus
2458 3086 2715 3142 collectus
2758 3095 2839 3142 est
2884 3091 3140 3154 mundus;
3187 3092 3298 3147 sive
3327 3094 3472 3161 quod

1908 3186 2077 3233 strata
2109 3176 2285 3246 palliis
2312 3192 2373 3232 ac
2414 3176 2710 3233 innumeris
2749 3193 2974 3233 corusca
3005 3180 3335 3250 lampadibus
3363 3184 3471 3243 via.

1900 3268 1970 3323 ad
2016 3267 2260 3337 polorum
2303 3268 2595 3322 subvectus
2645 3276 2729 3322 est
2761 3267 2889 3328 alta,
2920 3270 3187 3325 neminem
3221 3271 3294 3325 illi
3346 3283 3474 3341 puto

1901 3360 2284 3417 conferendum
2306 3367 2636 3414 sanctorum.
2677 3358 2867 3427 Magna
2899 3374 3059 3428 porro
3089 3360 3260 3423 nobis,
3293 3362 3337 3417 si
3365 3365 3477 3419 dis-

1902 3449 2158 3506 simulare
2186 3449 2454 3513 nolumus,
2499 3456 2584 3504 est
2611 3448 2811 3503 indicta
2839 3449 3123 3517 probitatis
3154 3454 3470 3515 necessitas.

1902 3541 2097 3609 quibus
2127 3541 2383 3594 donatum
2410 3546 2494 3593 est
2534 3548 2743 3593 tantum
2793 3554 2857 3592 ac
2888 3539 3049 3595 talem
3082 3540 3136 3596 in
3166 3545 3469 3610 praesentia—

1903 3647 2021 3687 rum
2052 3631 2250 3685 habere
2293 3640 2604 3699 patronum,
2651 3639 2711 3685 ut
2754 3630 2822 3686 ab
2869 3632 3011 3687 illius
3057 3649 3327 3702 nunquam
3378 3653 3474 3705 pro

1902 3733 2067 3789 posse
2112 3719 2423 3789 magisterio
2466 3719 2805 3774 discedentes
2832 3760 2847 3783 ,
2893 3737 3014 3790 qua:
3050 3724 3351 3777 audivimus
3406 3727 3476 3776 ab

1902 3809 1992 3865 illo
2011 3818 2066 3864 et
2094 3809 2290 3864 mentis
2310 3808 2480 3865 oeulis
2501 3810 2730 3865 vidimus
2759 3810 2811 3864 in
2841 3811 2929 3867 illo
2964 3823 3253 3866 sectemur.
3285 3814 3477 3879 Aderit

1902 3916 2002 3972 pro
2031 3910 2181 3956 certo
2210 3901 2366 3957 nobis
2395 3911 2560 3971 utque
2606 3902 2875 3971 quondam
2925 3904 3231 3971 corporales
3280 3906 3469 3958 rnstlti

1904 4012 2096 4062 nexus,
2130 3996 2210 4051 sic
2256 4007 2561 4051 nostrorum
2605 3996 2773 4051 solvet
2800 3996 3046 4064 ligamina
3081 3997 3473 4066 peccaminum,

1904 4098 1960 4143 et
1993 4104 2220 4158 quorum
2264 4088 2316 4142 in
2353 4087 2802 4157 contemplatione
2846 4089 3007 4143 totius
3044 4089 3192 4144 orbis
3235 4090 3477 4145 creditur

1904 4179 2132 4250 elegisse
2159 4178 2453 4241 domicilia,
2484 4193 2693 4243 eorum,
2724 4178 2770 4233 si
2811 4178 3001 4232 devote
3037 4179 3109 4232 illi
3143 4180 3475 4244 adhaereant,

1907 4274 2114 4326 animas
2160 4278 2578 4337 sua.sequentes
2622 4268 2869 4337 vestigia,
2916 4282 3039 4323 cum
3070 4285 3265 4337 magno
3309 4270 3475 4324 divini

216 4349 581 4409 solemnitas,
611 4351 673 4402 ad
699 4350 1083 4404 monasterium
1111 4352 1281 4405 sancti
1310 4351 1559 4416 Romani,
1592 4355 1802 4409 nutritli
1837 4374 1882 4431 D
1910 4362 2127 4415 luminis
2181 4360 2484 4430 splendore,
2541 4361 2593 4413 in
2630 4369 2830 4414 aeterna
2875 4357 3103 4415 deducet
3149 4360 3477 4414 habitacula.

190 4440 510 4507 quondam
536 4438 707 4494 Patris
749 4442 1042 4507 Benedicti,
1087 4443 1325 4497 divertit.
1367 4444 1533 4514 Cujus
1569 4448 1836 4514 gratuita

216 4531 596 4585 collocutione
623 4533 862 4588 laborem
905 4534 1182 4605 longinqui
1223 4536 1433 4589 itineris
1464 4537 1704 4592 allevans
1756 4539 1805 4592 ei

218 4620 273 4672 in
299 4620 564 4686 proximo
587 4636 705 4675 esse
733 4624 1071 4677 denuntiavit
1092 4625 1255 4687 diem,
1284 4639 1391 4692 quo
1423 4625 1610 4679 beatus
1640 4626 1809 4680 Pater

216 4710 519 4764 cmlestem
563 4714 803 4780 gaudens
844 4714 1130 4767 scanderet
1180 4714 1248 4767 ad
1297 4715 1553 4782 patriam.
1586 4716 1652 4769 Et
1679 4731 1807 4770 ecce

216 4811 390 4856 nocte
428 4801 517 4854 illa
547 4818 661 4871 quae
687 4812 940 4857 sanctum
968 4806 1304 4873 praacedebat
1357 4805 1498 4861 diem
1553 4806 1798 4872 Sabbati,

219 4910 336 4961 quo
371 4893 554 4960 vigilia
582 4874 996 4948 resurrectionis
1018 4895 1215 4949 colitur
1236 4894 1463 4955 Christi,
1495 4896 1699 4951 scilicet
1727 4911 1802 4952 xu

219 4982 466 5037 Kalend.
488 4981 703 5051 Aprilis,
740 4980 925 5035 subito
951 4993 1131 5050 raptus
1178 4987 1232 5037 in
1272 4983 1463 5051 spiritu
1494 4984 1627 5038 vidit
1662 4985 1804 5039 viam

220 5074 411 5144 palliis
438 5082 657 5127 stratam
696 5086 766 5126 ac
816 5071 1109 5128 innumeris
1136 5088 1417 5129 coruscam
1472 5075 1807 5144 lampadibus

222 5166 298 5219 ab
323 5162 443 5231 ejus
479 5164 609 5218 cella
638 5162 708 5216 ad
762 5160 961 5214 ccelum
987 5178 1154 5233 usque
1188 5161 1528 5233 pertendere,
1559 5164 1811 5232 quodque

222 5267 296 5305 eo
329 5255 538 5307 tramite
567 5252 813 5307 dilectus
833 5247 1053 5304 Domino
1081 5253 1279 5307 cmlum
1312 5249 1631 5306 Benedictus
1660 5265 1813 5306 scan-

188 5366 193 5370 ι
224 5344 407 5405 deret,
439 5343 687 5413 angelum
720 5339 830 5394 sibi
864 5337 1122 5395 dicentem
1164 5339 1393 5395 audivit.
1443 5340 1508 5395 Et
1533 5342 1599 5394 ad
1644 5357 1704 5395 se
1730 5354 1813 5393 re-

1907 4450 2074 4517 llujus
2113 4465 2245 4503 sane
2274 4448 2453 4502 Patris
2481 4449 2670 4513 vitam,
2714 4459 2771 4502 ut
2796 4449 3112 4519 prazdictum
3144 4458 3247 4514 est,
3292 4451 3483 4507 beatus

1905 4539 2125 4608 scripsit
2176 4552 2315 4607 papa
2369 4537 2697 4609 Gregorius;
2754 4538 2910 4607 cujus
2966 4538 3123 4593 ﬂores
3170 4539 3369 4608 eloquii
3429 4543 3480 4595 in

1907 4638 2096 4683 sancta
2126 4626 2419 4681 universali
2474 4626 2712 4681 Ecclesia
2755 4628 2901 4682 velut
2945 4643 3134 4682 aurum
3190 4627 3482 4697 refulgent.

1908 4720 2015 4775 Sed
2071 4727 2127 4772 et
2161 4717 2277 4773 Cdo
2317 4717 2643 4773 venerabilis
2690 4719 2860 4774 abbas
2914 4721 3073 4788 hujus
3124 4718 3488 4775 Floriacensis

1910 4806 2247 4872 monasterii,
2295 4806 2347 4859 in
2396 4822 2504 4877 quo
2546 4821 2692 4875 saepe
2737 4807 3094 4861 nominandus
3144 4822 3377 4874 corpore
3408 4824 3492 4862 re-

1911 4897 2144 4968 quiescit
2166 4895 2325 4950 Pater
2344 4893 2694 4959 Benedictus,
2723 4896 2889 4965 ipsius
2928 4897 3242 4951 memoriam
3270 4897 3323 4950 in
3354 4912 3495 4968 quo-
3586 4947 3589 4950 .

1911 4986 2036 5041 dam
2090 4999 2338 5040 sermone
2391 4985 2637 5041 miriﬁcis
2674 4984 2880 5040 extollit
2911 4985 3179 5040 laudibus.
3216 4981 3331 5038 Nos
3370 5002 3502 5043 vero

1913 5092 2014 5146 pro
2048 5090 2231 5131 amore
2268 5077 2403 5130 tanti
2444 5074 2668 5146 patroni
2718 5074 2885 5129 nostri
2945 5077 3032 5128 bis
3079 5070 3405 5143 prmlibatis,
3439 5082 3505 5137 ad

1916 5167 2207 5224 Historiam
2233 5180 2601 5224 recurramus.

2479 5254 2708 5317 CAPUT
2745 5252 2930 5311 XXIII.

2190 5350 2271 5405 De
2304 5348 2559 5407 Belisarii.
2583 5343 2791 5410 reliquis
2823 5344 2984 5409 gestis
3012 5355 3058 5396 et
3088 5356 3225 5395 nece.
