4044 5428
586 253 693 314 (π’ἷὸ

1639 237 1894 292 ΑΙΜΟΙΝΙ
1956 236 2158 294 ΜΟΝΑε

2255 238 2261 291 l
2303 228 2787 291 FLOBIACENSIS
3732 227 3822 284 ωι

582 351 974 423 λἰἰιιιίιίιὶονυιιι
1012 352 1318 422 reipublicae
1360 348 1491 419 jugo
1549 348 1946 414 substraverat,
1989 346 2171 402 audito
2199 350 2243 410 Α
2276 344 2392 410 llic,
2423 354 2681 400 exorante
2726 343 3036 399 Desiderato
3070 340 3409 398 Viriduneusr
3446 339 3721 412 episcopo.
3750 342 3821 396 ri-

593 435 743 507 (ιυοᾶ
768 434 962 491 Franci
982 435 1185 491 Italiam
1210 441 1546 505 'ufestarent,
1574 439 1795 494 Romam
1842 437 2016 494 redire
2046 454 2159 492 ma-

600 519 787 593 turato
828 527 1141 585 eoutendit.‘
1174 526 1241 582 Et
1286 534 1485 587 civitati
1539 531 1990 603 appropinquans,
2042 544 2162 584 cum

599 637 796 694 magno
824 622 1064 676 omnium
1111 623 1389 691 utriusque
1433 640 1594 678 sexus
1626 621 1808 678 laetitia
1857 631 2163 690 susceptus,

596 714 790 769 obtulit
814 713 975 769 beato
1004 712 1165 768 Petro
1205 730 1303 783 per
1338 729 1530 767 manus
1556 727 1706 783 papa:
1737 711 1912 782 Vigilii
1942 726 2161 767 auream

594 819 811 859 erucem
861 812 1078 859 centum
1121 802 1381 858 librarum
1410 843 1424 868 ,
1477 802 1885 875 pretiosissimis
1936 801 2164 873 gemmis

570 880 578 969 ι’
597 903 932 959 exornatam,
964 892 1017 947 in
1064 908 1168 963 qua
1200 908 1327 948 suas
1354 894 1718 964 descripserat
1759 891 2033 947 victorias.
2075 889 2164 945 ln-

594 987 766 1056 deque
795 984 860 1039 ad
890 983 1086 1039 bellum
1118 992 1382 1041 retractus
1409 983 1765 1050 Francorum,
1798 982 1923 1036 dum
1972 982 2160 1052 pauci-

592 1083 758 1129 tatem
785 1073 958 1144 gentis
995 1073 1671 1142 contemnitvirtutemque
1696 1073 1939 1143 ignorat,
1978 1070 2162 1141 paucis

568 1164 646 1220 ‘et
670 1167 782 1235 ipse
811 1164 1102 1235 assumptis
1120 1178 1350 1236 pugnam
1374 1176 1481 1218 non
1505 1162 1770 1217 dubitavit
1798 1161 2157 1215 committere.

568 1250 699 1311 “Sed
750 1254 1008 1309 Romanis
1037 1270 1134 1325 pro
1186 1252 1360 1307 salute
1398 1259 1453 1305 et
1492 1250 1761 1316 libertate,
1813 1249 2039 1304 Francis
2063 1264 2162 1318 pro

570 1346 935 1418 'a’dipiscenda
972 1346 1139 1416 gloria
1163 1353 1436 1399 certamen
1467 1352 1604 1397 erat.
1637 1344 1702 1397 Et
1735 1342 1859 1413 quia
1888 1357 1951 1397 eo
1973 1357 2031 1398 se
2052 1342 2162 1413 glo-

568 1438 875 1493 ‘riosiorem
906 1436 1194 1507 sperabant
1224 1426 1504 1504 reportare
1532 1434 1880 1502 triumphum,
1908 1432 1953 1488 si
1999 1432 2162 1487 totius

588 1527 738 1582 orbis
766 1527 999 1582 victores
1028 1524 1300 1580 Romanos
1331 1524 1608 1589 vicissent,
1639 1525 1774 1577 mori
1802 1523 1978 1593 potius
1999 1537 2157 1592 quam

568 1617 712 1673 ’loco
743 1614 934 1673 cedere
957 1617 1249 1687 elegerant.
1280 1614 1414 1669 Inito
1444 1614 1625 1684 itaque
1649 1613 1853 1683 praelio,
1875 1614 2001 1669 dum
2027 1628 2161 1669 neu-

2265 437 2418 491 vibus
2447 436 2686 508 ejusdem
2724 434 2878 490 urbis
2912 442 3037 489 octo
3066 433 3230 487 millia
3258 431 3579 492 solidorum,
3606 431 3699 501 qui
3738 448 3825 484 ar.-

2266 527 2468 581 nuatim
2496 525 2689 580 eximie
2730 525 2846 593 ejus
2894 523 3262 577 inferebantur
3302 521 3594 585 thesauris,
3644 521 3828 590 largis-

2263 620 2399 673 sima
2435 610 2767 687 benignitate
2811 616 2876 670 ad
2909 616 3357 671 restaurationem
3401 614 3677 669 concessit
3705 614 3827 667 civi-

2267 708 2407 762 tatis.
2430 706 2554 761 Fuit
2573 708 2710 762 idem
2742 722 2831 762 rex
2858 705 3073 776 egregie
3094 716 3333 759 moratus
3352 704 3681 774 eloquioque
3709 704 3828 757 alla-

2252 795 2408 851 ‘bilis.
2441 796 2542 863 Qui
2581 796 2948 851 beatissimum
3003 794 3245 859 Maurum
3309 794 3364 848 in
3410 793 3647 863 quadam
3685 803 3829 864 parte

2263 887 2412 957 regni
2451 886 2559 954 sui,
2608 888 2661 942 in
2682 886 3052 957 Audegaveusi
3078 886 3325 940 videlicet
3351 900 3514 954 pago,
3562 897 3829 940 monaste-

2248 976 2401 1030 ‘rium
2430 986 2858 1039 construcntem,
2905 976 3048 1046 quod
3094 974 3492 1031 Glannafolium
3532 975 3829 1045 antiquitus

2262 1069 2462 1122 dictum
2501 1077 2602 1132 est,
2627 1067 2855 1123 miriﬁce
2878 1068 3061 1131 coluit,
3093 1067 3401 1138 praediaque
3446 1068 3689 1137 ingentia
3715 1082 3827 1123 cum

2262 1156 2382 1212 aliis
2419 1158 2583 1228 regite
2618 1156 3001 1211 muniﬁcentiae
3030 1156 3187 1211 donis
3222 1170 3321 1225 per
3366 1157 3721 1227 semetipsum
3768 1158 3827 1212 ad

2261 1247 2507 1302 eumdem
2533 1247 2837 1302 accedendo
2878 1246 3055 1301 locum
3104 1245 3487 1315 benignissime
3511 1247 3827 1301 contribuit.

2263 1333 2536 1390 Successit
2573 1336 2621 1390 ei
2655 1335 2999 1390 Theobaldus
3028 1334 3171 1389 ﬁlius
3198 1334 3334 1402 ejus,
3367 1335 3451 1389 vir
3476 1334 3700 1405 quidem
3732 1337 3829 1390 Deo

2260 1423 2473 1479 deditus
2505 1432 2561 1479 et
2589 1439 2774 1479 servos
2812 1423 2928 1494 ejus
2977 1424 3133 1477 unice
3178 1422 3424 1495 diligens,
3473 1425 3571 1479 sed
3620 1425 3676 1478 in
3713 1439 3828 1479 suos

2260 1514 2510 1570 crudelis.
2558 1513 2722 1584 Cujus
2756 1523 2994 1584 tempore
3024 1513 3175 1569 Stella
3220 1529 3287 1568 ex
3333 1515 3570 1570 adverso
3611 1517 3829 1571 veniers

2262 1605 2315 1658 iu
2348 1605 2526 1660 lunam
2565 1606 2805 1675 ingressa
2847 1613 2951 1660 est.
2984 1604 3135 1660 Tunc
3161 1620 3373 1674 quoque
3394 1619 3510 1659 uva:
3538 1605 3593 1659 in
3619 1606 3825 1669 arbore,

587 1718 674 1763 tra
721 1709 865 1763 acies
894 1686 1061 1762 alteri
1076 1706 1311 1770 cederet,
1359 1705 1577 1758 tandem
1618 1701 1846 1757 Romani
1907 1701 2154 1767 salutem,
2193 1686 2233 1745 Β
2262 1710 2381 1765 quae
2404 1695 2704 1751 Sambucus
2728 1696 2949 1762 dicitur,
2982 1706 3121 1750 natm
3149 1705 3294 1762 sunt,
3319 1707 3371 1751 et
3394 1694 3561 1753 flores
3596 1698 3824 1767 ipsarum

588 1815 687 1872 pro
713 1816 815 1871 qua
851 1797 1159 1869 aliquandiu
1198 1796 1572 1857 substiterant,
1602 1795 1847 1864 deperire
1871 1794 1970 1848 sibi
2002 1793 2155 1848 intel-

586 1891 833 1962 ligentes,
889 1889 1015 1945 dum
1065 1888 1395 1943 fortissimos
1445 1900 1691 1956 quosque
1742 1899 1961 1939 suorum
2020 1883 2159 1941 bello

584 1990 840 2052 oppetere
887 1986 1191 2042 cernerent,
1224 1976 1482 2047 paulatim
1526 1990 1585 2029 se
1634 1972 1917 2029 certamini
1947 1973 2160 2039 subtra-

584 2072 716 2125 here
742 2079 1044 2139 cmperunt.
1100 2066 1177 2121 lta
1213 2067 1297 2120 vir
1348 2062 1755 2121 strenuissimus
1781 2062 2091 2124 Belisarius,
2128 2075 2160 2115 a

559 2163 698 2217 suis
726 2161 995 2224 desertus,
1047 2158 1115 2213 ab
1153 2157 1395 2212 hostibus
1440 2156 1873 2218 circumventus,
1930 2151 2156 2222 nequid-

583 2270 745 2324 quam
775 2253 991 2308 fortiter
1021 2251 1226 2306 faciens
1258 2249 1557 2304 exstinctus
1590 2254 1693 2303 est.
1734 2246 1805 2301 Et
1829 2245 1920 2316 qui
1964 2245 2161 2299 multa-

582 2362 705 2402 rum
726 2346 827 2401 sub
850 2344 1119 2415 triumpho
1133 2343 1370 2413 gentium
1395 2340 1634 2410 captivos
1656 2340 1954 2395 adduxerat
1979 2352 2156 2409 reges,

580 2460 615 2498 a
640 2445 773 2498 duce
805 2457 908 2497 non
939 2442 1113 2496 dicam
1161 2436 1503 2506 imperatoris
1547 2441 1640 2488 aut
1671 2432 1834 2502 regis,
1862 2447 2048 2487 verum
2079 2439 2161 2487 te-

581 2534 813 2590 trarchae
854 2533 1181 2588 Francorum
1216 2529 1414 2593 victus,
1461 2526 1567 2580 vita
1611 2539 1733 2579 cum
1779 2522 2012 2579 nominis
2056 2514 2156 2577 sui

582 2625 824 2694 privatus
853 2631 933 2679 est
961 2620 1150 2693 gloria.

1138 2706 1367 2764 CAPUT
1405 2702 1596 2783 xxiv.

655 2807 729 2861 De
761 2807 907 2860 beato
934 2799 1183 2871 Gregorio
1210 2795 1523 2868 Lingonensi
1552 2804 1599 2849 et
1627 2800 1800 2848 castro
1832 2790 2152 2846 Divionensi.

653 2898 783 2951 Erat
814 2904 942 2951 tunc
978 2890 1233 2961 temporis
1283 2890 1473 2945 beatus
1513 2886 1805 2958 Gregorius
1850 2883 2159 2955 Lingonica:

580 2990 733 3046 urbis
782 2984 979 3057 praesul
1033 2996 1295 3039 summus.
1355 2978 1460 3034 Sed
1516 2979 1640 3048 quia
1679 2976 1835 3045 hujus
1887 2974 2157 3046 pontiﬁcis

584 3078 947 3142 meminimus,
968 3074 1189 3145 dignum
1218 3080 1302 3127 est
1327 3079 1385 3125 ut
1416 3070 1580 3124 situm
1613 3066 2152 3135 Divionensiseastri,

484 3168 489 3169 7
581 3170 676 3225 ubi
706 3167 941 3223 maxime
964 3162 1299 3226 morabatur,
1326 3157 1752 3232 pandamus.Est
1775 3157 2006 3227 denique
2027 3155 2157 3211 illud

582 3265 821 3313 castrum
872 3254 925 3308 in
957 3251 1134 3322 campi
1195 3250 1419 3319 planitie
1466 3248 1636 3301 muris
1686 3245 2015 3301 ﬁrmissimis
2053 3245 2157 3300 cir-

582 3347 918 3411 cumdatum,
945 3344 1184 3399 turribus
1207 3341 1423 3411 triginta
1454 3338 1626 3393 tribus
1651 3337 2016 3399 honestatum,
2044 3343 2151 3390 ter-

560 3452 677 3492 ras
703 3435 908 3491 habens
935 3431 1162 3495 fertiles,
1192 3442 1288 3498 per
1306 3443 1485 3499 quasa
1512 3424 1738 3481 meridie
1765 3422 1999 3480 Oscarus
2014 3423 2157 3479 haud

580 3527 770 3602 procul
809 3542 839 3582 a
870 3540 1026 3582 muro
1066 3523 1205 3589 ﬁuit,
1253 3521 1490 3593 piscibus
1542 3519 1711 3575 dives.
1769 3518 1853 3573 Ah
1906 3517 2159 3589 aquilone

558 3620 723 3674 'alter
741 3617 938 3672 ﬂuvius
980 3631 1076 3688 per
1117 3622 1328 3684 portam
1358 3610 1678 3682 ingreditur,
1728 3622 1794 3663 ac
1846 3607 1945 3663 sub
1996 3618 2158 3679 ponte

582 3709 878 3763 decurrens
903 3720 1105 3777 perque
1143 3705 1304 3759 aliam
1351 3710 1560 3774 portam
1606 3699 1909 3771 egrediens,
1952 3697 2159 3754 molen-
2232 3722 2239 3727 θ

583 3802 742 3857 diuos
769 3814 979 3856 summa
1009 3797 1171 3854 vertit
1196 3795 1497 3852 velocitate.
1529 3790 1712 3846 Murus
1751 3792 1818 3846 ad
1844 3788 2031 3861 viginti
2058 3805 2155 3860 pe-

582 3893 681 3948 des
733 3891 958 3963 quadris
999 3889 1300 3944 :ediﬁcatus
1328 3883 1614 3955 lapidibus,
1650 3882 1881 3951 desuper
1917 3879 2156 3934 minores

556 3981 954 4053 superpositos
982 3980 1187 4035 habens
1214 3976 1439 4048 lapides,
1471 3972 1526 4027 in
1563 3972 1903 4026 altitudinem
1932 3969 2158 4040 pedibus

584 4088 719 4139 xxx,
741 4073 794 4127 in
822 4071 1161 4126 latitudinem
1177 4083 1266 4132 xv,
1287 4065 1599 4136 porrigitur.
1622 4061 1883 4118 Portteibi
1905 4069 2153 4132 quatuor,

585 4182 614 4218 a
645 4174 877 4235 quatuor
912 4162 1082 4233 plagis
1109 4158 1253 4215 cmli.
1287 4156 1440 4225 Quod
1461 4171 1589 4210 cum
1622 4163 1786 4209 tantae
1828 4153 1902 4207 sit
1946 4152 2155 4223 magni-

574 4255 810 4318 tudinis,
842 4269 943 4309 cur
976 4252 1126 4307 urbis
1166 4247 1430 4303 vocabulo
1478 4244 1717 4300 caruerit
1750 4243 1951 4296 mirum
1991 4242 2158 4296 habe-

589 4356 693 4400 tur.
721 4345 835 4400 Hoc
858 4344 1074 4415 quidem
1121 4343 1187 4397 ab
1208 4338 1500 4395 Aureliano
1540 4339 1865 4408 imperatore
1902 4343 2154 4390 constru-

552 4446 733 4493 'ctum
768 4434 1061 4506 antiquitas
1081 4430 1329 4489 asseruit.
1361 4466 1369 4474 .

803 4529 812 4538 ’
1153 4521 1380 4579 CAPUT
1426 4518 1595 4574 XXV.

764 4618 839 4673 De
882 4615 1166 4672 Chrotildis
1211 4615 1354 4669 obitu
1375 4624 1421 4668 et
1448 4612 1667 4667 Clotarii
1696 4609 1955 4680 progenie.

550 4724 555 4733 '
646 4710 866 4766 interea
913 4707 1064 4762 bonae
1115 4704 1390 4760 memoria:
1449 4702 1633 4772 regina
1659 4698 1984 4764 Chrotildis,
2016 4712 2155 4751 uxur

576 4800 855 4865 Clodovei,
875 4797 1149 4869 quondam
1184 4794 1363 4865 magni
1403 4794 1564 4865 regis,
1598 4792 1722 4864 piis,
1773 4788 1950 4860 quoad
1994 4787 2151 4851 vixit,

587 4896 791 4950 intenta
841 4891 1121 4962 operibus,
1155 4889 1296 4960 apud
1350 4889 1538 4943 urbem
1588 4885 1762 4955 posita
1825 4879 2152 4936 Turouicam

586 4986 832 5055 titigravit
861 4984 926 5039 ad
975 4984 1258 5039 Dominum
1301 4979 1455 5050 plena
1485 4979 1712 5034 dierum.
1742 4972 1906 5041 Cujus
1932 4984 2152 5040 corpus,

587 5094 617 5133 a
648 5078 775 5133 ﬁliis
809 5077 939 5146 ipsis
984 5072 1325 5130 Cbildeberto
1373 5083 1440 5125 ac
1487 5064 1725 5123 Clotario
1771 5063 1983 5133 regibus
2030 5074 2153 5114 eum

590 5183 786 5238 magno
833 5164 1174 5235 psallentium
1211 5163 1379 5217 choro
1433 5156 1629 5214 exinde
1686 5147 2144 5238 sublatum_I:ari-l

589 5232 807 5324 siusque
834 5232 1115 5313 delatum,-
1149 5251 1202 5305 in
1249 5246 1488 5304 sacraria
1528 5240 1767 5299 basilicae
1809 5233 1980 5324 sancti
2010 5232 2152 5324 Petri

585 5320 738 5409 juxta
766 5336 904 5396 latus
931 5339 1032 5393 viri
1069 5340 1151 5393 sui
1184 5326 1275 5392 est
1309 5325 1624 5407 sepultum.
1656 5327 1718 5383 ln‘
1757 5323 1947 5380 eadem
1979 5320 2151 5420 etiam

2259 1788 2533 1852 arborum,
2568 1800 2688 1856 quae
2716 1787 2868 1858 nigra
2920 1786 3166 1858 proferre
3201 1787 3375 1842 solent
3414 1803 3610 1859 grana,
3642 1789 3815 1844 botros

2256 1877 2612 1948 protulerunt.
2641 1876 2836 1933 Gravis
2869 1892 2934 1932 eo
2986 1886 3228 1948 tempore
3263 1893 3328 1933 ac
3373 1878 3536 1934 solito
3592 1880 3825 1949 asperior

2258 1967 2432 2022 hiems
2471 1965 2609 2022 facta
2657 1975 2763 2031 est,
2789 1968 2861 2021 ita
2911 1977 2969 2021 ut
2999 1977 3269 2023 torrentes
3294 1969 3562 2039 congelati
3590 1972 3822 2039 perviqu

2256 2073 2419 2129 super
2445 2072 2503 2112 se
2529 2058 2745 2128 populls
2783 2059 2884 2113 iter
2904 2058 3381 2128 prteberent.Aves
3406 2074 3630 2130 quoque
3657 2060 3825 2131 rigore

2258 2148 2495 2203 astricta:
2524 2147 2610 2201 vel
2640 2146 2803 2212 fame,
2847 2146 3051 2216 absque
3094 2147 3201 2202 ullo
3235 2148 3512 2203 hominum
3540 2149 3690 2216 dolo,
3733 2150 3825 2204 im-

2257 2252 2450 2292 mersa:
2489 2236 2706 2292 nivibus
2755 2237 3123 2307 capiebantur.
3190 2238 3288 2294 llic
3342 2239 3576 2308 accepit‘
3607 2255 3822 2295 uxorem

2257 2328 2424 2384 ﬁliam
2447 2328 2722 2394 Waconis,
2746 2328 2885 2400 regis
2926 2328 3421 2399 Longobardorum,
3450 2329 3822 2386 Walderadam

2257 2419 2502 2484 nomine,
2527 2433 2638 2474 sua:
2667 2433 2905 2474 sororem
2943 2433 3210 2474 novercae.
3252 2419 3351 2486 Qui
3393 2435 3515 2474 cum
3569 2435 3668 2490 per
3711 2431 3823 2477 octo

2257 2522 2521 2565 annorum
2558 2509 2826 2565 curricula
2860 2518 3078 2565 strenue
3121 2517 3432 2580 susceptum
3476 2513 3826 2581 gubernasset

2253 2616 2503 2674 regnum,
2530 2604 2638 2657 vita
2685 2602 2975 2667 decedens,
3030 2601 3391 2671 principatum
3438 2603 3622 2672 gentis
3672 2617 3824 2672 quam

2258 2696 2498 2765 regebat,
2525 2710 2645 2749 cum
2679 2696 2971 2757 thesauris,
2999 2694 3238 2749 Clotario
3283 2694 3572 2763 dereliquit
3627 2695 3823 2751 haben-

2258 2784 2405 2839 dum.
2456 2783 2592 2839 Huic
2627 2798 2753 2839 vero
2780 2782 3020 2838 Clotario
3050 2782 3267 2839 fuerunt
3299 2765 3472 2839 virilis
3516 2800 3689 2840 sexus
3716 2785 3823 2849 ﬁlii,

2254 2891 2323 2933 ex
2344 2876 2575 2931 diversis
2607 2876 2926 2946 conjugibus
2964 2876 3093 2940 orti,
3145 2889 3372 2929 numero
3397 2887 3607 2946 septem
3640 2889 3698 2929 et
3727 2890 3826 2929 una

2258 2967 2477 3022 femina.
2513 2966 2589 3021 De
2621 2965 2858 3036 lugunde
2882 2964 3119 3035 quidem,
3167 2964 3518 3029 Guntharius,
3566 2964 3827 3020 Childeri-

2182 3032 2225 3091 (ί
2256 3070 2373 3125 cus,
2400 3032 2779 3122 Cherebertins,
2811 3032 3182 3120 Guutrannus,
3228 3053 3547 3124 Sigebertus
3584 3064 3643 3110 et
3683 3054 3827 3110 Clot-

2257 3148 2408 3206 slnda
2446 3147 2574 3222 ﬁlia.
2616 3146 2692 3202 De
2725 3145 3081 3217 Charagunde
3107 3159 3260 3213 vero,
3313 3160 3501 3201 sorore
3555 3145 3826 3217 lnguodis.

2258 3239 2446 3296 habuit
2495 3237 2878 3309 Chilpericum.
2914 3236 3114 3292 Amore
3148 3235 3383 3307 denique
3424 3236 3688 3308 lngundis
3737 3235 3826 3290 du-

2260 3340 2401 3399 ctus,
2436 3328 2847 3400 Charagundem
2868 3326 2987 3397 ejus
3012 3342 3327 3399 germanam
3347 3327 3449 3383 sibi
3473 3327 3529 3383 in
3551 3326 3826 3383 matriae.

2257 3421 2406 3477 nium
2478 3420 2843 3491 copulaverat.
2916 3405 2993 3475 De
3053 3417 3329 3474 Guusinde
3391 3423 3576 3473 autem
3648 3415 3825 3489 genuit

2257 3513 2566 3569 Chrannum
2578 3552 2591 3563 .
2984 3530 2987 3535 -

2816 3601 3043 3658 CAPUT
3081 3601 3269 3659 XXVI.

2502 3692 2583 3748 De
2604 3693 2727 3748 odio
2754 3691 3086 3747 Francorum
3122 3693 3179 3746 in
3213 3689 3585 3746 Parthenium.

2328 3784 2369 3840 Τ
2374 3799 2478 3840 unc
2508 3783 2766 3854 temporis
2808 3782 3000 3838 Franci
3032 3781 3381 3839 Parthenium
3418 3782 3473 3837 in
3511 3780 3718 3851 palatio
3748 3792 3824 3834 re-

2257 3878 2339 3949 gis
2362 3876 2721 3957 Theodo_berti
2752 3875 3024 3945 quondam
3064 3882 3367 3944 potentem,
3399 3872 3492 3942 qui
3520 3886 3620 3926 eos
3651 3869 3825 3925 tributi

2255 3981 2420 4024 onere
2467 3965 2622 4020 valde
2666 3972 2976 4034 presserat,
3036 3962 3316 4018 immensis
3368 3960 3825 4032 persequebantur

2256 4056 2418 4112 odiis.
2456 4054 2561 4123 Qui
2590 4068 2712 4109 cum
2743 4068 2804 4108 se
2823 4061 3073 4121 cerneret
3101 4066 3205 4106 non
3234 4065 3396 4121 posse
3425 4051 3681 4114 evadere,
3703 4049 3831 4103 duos

2260 4153 2413 4216 rogat
2439 4143 2721 4213 episcOpos
2747 4150 2808 4196 ut
2828 4155 2888 4196 se
2908 4139 3146 4195 Treviris
3167 4139 3435 4195 deducant
3460 4138 3831 4206 savientisque

2257 4234 2437 4305 populi
2464 4232 2784 4289 seditionem
2807 4244 2901 4286 sua
2931 4229 3312 4300 przedicatione
3335 4228 3549 4283 sedent.
3567 4229 3689 4295 Quo
3706 4228 3825 4283 dum

2259 4339 2364 4378 una
2393 4337 2518 4378 cum
2540 4336 2606 4376 eo
2635 4328 2786 4383 eunt,
2819 4333 2924 4373 una
2956 4317 3195 4373 noctium
3230 4316 3396 4386 coepit.
3431 4317 3728 4384 praedictus
3751 4314 3825 4365 vir

2267 4415 2541 4479 dormiens
2564 4426 2721 4467 voces
2745 4410 3013 4473 emittere,
3044 4408 3267 4463 dicens:
3309 4425 3328 4457 ι
3358 4406 3506 4460 Heu!
3550 4405 3685 4460 heu!
3714 4418 3831 4458 suc-

2264 4504 2497 4567 currite,
2528 4500 2619 4571 qui
2658 4499 2914 4554 adestis.»
2964 4492 3343 4565 Expergefacti
3386 4489 3833 4557 circuit-iacentes

2262 4599 2473 4663 rogant,
2498 4589 2627 4660 quid
2654 4586 2836 4643 esset?
2885 4584 3179 4655 Respondit
3237 4581 3328 4637 ille
3372 4582 3578 4635 vidisse
3621 4594 3683 4634 se
3723 4580 3831 4631 Au-

2261 4684 2473 4740 sauium
2521 4678 2795 4751 quondam
2840 4676 3072 4731 amicum
3112 4688 3302 4736 suum,
3358 4686 3425 4727 ac
3478 4668 3827 4740 Papianillae:

2234 4786 2486 4832 .uxorem
2516 4768 2810 4839 propriam,
2840 4780 2978 4834 quos
3000 4763 3130 4819 olim
3158 4761 3272 4817 zelo
3298 4761 3493 4815 ductus
3537 4756 3826 4814 occiderat.

2256 4869 2512 4916 vocantes
2534 4874 2593 4913 se
2621 4873 2686 4913 ac
2706 4857 2757 4910 vi
2783 4853 3168 4922 compellentes
3199 4843 3539 4904 et'dicentes
3564 4865 3580 4901 :
3624 4864 3645 4897 ι
3675 4842 3825 4900 Veni.

2226 4962 2314 5006 .ut
2341 4959 2466 5005 ante
2488 4949 2659 5003 Deum
2688 4947 2756 5001 de
2788 4943 2987 5012 iujusta
3015 4955 3147 4996 nere
3168 4947 3353 4999 nostra
3378 4937 3669 5000 nobiscum
3702 4944 3823 4987 coo-

2257 5044 2469 5103 tendas.
2504 5061 2524 5092 ι
2563 5039 2803 5094 Tandem
2829 5036 3042 5090 venitur
3071 5029 3311 5086 Treviris
3352 5036 3409 5083 et
3441 5025 3680 5097 episcopi
3711 5031 3821 5075 tur-

2254 5137 2437 5189 batum
2464 5126 2717 5200 populum
2759 5138 2858 5179 sua
2898 5121 3149 5176 volebant
3194 5116 3356 5171 linire
3399 5116 3664 5171 oratione.
3695 5110 3819 5200 Cum

2220 5191 2585 5288 nequirent,
2635 5211 3001 5270 Parthenium.
3031 5208 3084 5264 in
3134 5204 3424 5261 ecclesiam
3483 5204 3701 5257 ductum
3731 5191 3820 5288 uni

2256 5285 2398 5365 areae
2427 5304 2788 5367 immiserunt,
2814 5306 3122 5356 sternentcs
3148 5294 3384 5361 desuper
3410 5291 3538 5346 vela
3565 5285 3817 5344 ecclesia-

2258 5399 2502 5428 n........m
2532 5391 2757 5428 ηηηιιιιια
2789 5398 3032 5428 «ιρι-ιιιειιει
3080 5383 3305 5428 basilica
3355 5382 3655 5428 recederet-
3680 5375 3820 5428 freu-
