4044 5428
260 180 363 237 685

1269 170 1597 230 HISTORIA
1640 167 2094 226 FRANlZOIlUM.
2119 197 2184 210 -
2217 165 2345 222 LIB.
2384 167 2451 221 ll.

3421 164 3525 222 68C

258 291 660 349 adversarius.»
695 286 1004 359 Statimque
1043 302 1074 342 e
1107 296 1349 341 reserata
1378 299 1505 338 arca
1541 281 1848 337 extrahitur
1875 285 1920 343 Λ
1952 279 2219 335 redderet.
2251 278 2405 345 Quod
2450 277 2577 333 dum
2635 276 2724 332 ille
2775 291 2836 332 se
2883 275 3064 332 facere
3088 275 3398 348 'sponderet
3429 299 3530 338 nec

258 404 320 442 ac
347 385 618 455 lapidibus
666 383 736 438 ad
783 382 1089 438 columnam
1135 378 1334 449 ligatus
1388 375 1693 445 perimitur.
1721 371 1850 425 Fuit

264 495 390 534 vero
423 479 476 532 in
520 477 802 532 sumendis
837 474 978 530 cibis
1019 473 1232 526 avidus.
1281 470 1388 524 Sed
1433 485 1554 539 qua:
1601 467 1850 522 sumebat

264 578 464 624 hausto
501 567 620 622 aloe
641 567 824 620 statim
861 565 1137 635 egerebat,
1196 571 1256 615 ut
1294 562 1400 615 alia
1447 561 1608 615 citius
1634 574 1848 622 sumere

262 666 467 728 posset.
515 656 820 726 Strepitum
867 669 1083 724 quoque
1126 654 1331 709 ventris
1379 652 1432 707 in
1481 650 1696 722 publico
1730 652 1849 705 sine

263 747 370 801 ulla
404 745 692 801 emittebat
718 743 1061 798 verecundia.

817 831 1042 888 CAPUT
1085 830 1296 886 XXVII.

383 926 464 980 De
487 925 712 980 Clotarii
732 924 901 978 edicto
930 933 979 978 et
1019 923 1346 991 expeditione
1367 922 1425 974 in
1459 919 1717 976 Saxones.

333 1015 629 1085 Proposuit
658 1025 839 1070 autem
892 1013 1164 1069 Clotarius
1197 1013 1474 1076 edictum,
1528 1023 1586 1066 ut
1644 1018 1852 1066 cunctae

263 1109 520 1165 Ecclesiae
547 1109 850 1165 Galliarum
901 1107 1036 1163 lisco
1065 1106 1279 1162 tertiam
1326 1115 1532 1176 partem
1579 1105 1854 1160 solverent

266 1202 559 1257 fructuum.
609 1202 788 1269 Quod,
837 1201 1127 1256 resistente
1180 1197 1444 1266 Injurioso
1489 1199 1766 1269 pontifice,
1798 1199 1850 1252 in

266 1293 378 1362 ipso
404 1293 632 1348 exordio
655 1301 1114 1348 tentamentorum
1139 1301 1226 1347 est
1251 1299 1546 1346 cassatum.
1591 1289 1718 1344 Post
1742 1291 1856 1344 haec

244 1385 403 1439 idem
430 1400 531 1440 rex
556 1386 610 1439 in
644 1385 894 1440 Saxones
938 1393 1150 1441 rectum
1181 1386 1286 1439 iter
1313 1384 1536 1446 direxit,
1575 1384 1667 1452 qui
1719 1379 1855 1438 a‘ssi-

267 1474 385 1530 duis
442 1476 864 1531 excursionibus
905 1475 1239 1530 Francorum
1294 1475 1648 1530 devastabant
1701 1473 1854 1528 fines.

265 1565 473 1632 Quibus
539 1583 707 1637 super
763 1567 1035 1621 Wiseram
1101 1565 1322 1620 fluvium
1374 1565 1516 1620 bello
1577 1566 1851 1630 subactis,

267 1656 576 1727 Thoringos
630 1673 877 1728 quoque,
923 1673 992 1714 eo
1039 1658 1182 1728 quod
1235 1656 1541 1711 Saxonibus
1595 1651 1855 1710 auxilium

269 1750 543 1816 tulissent,
570 1751 925 1821 depopulatus
954 1759 1055 1805 est.
1104 1749 1292 1804 Denuo
1341 1747 1649 1803 Saxonibus
1681 1748 1858 1802 τετει-

269 1840 380 1897 lare
409 1845 753 1913 parantibus,
798 1843 1070 1898 Clotarius
1119 1843 1380 1896 adversus
1429 1856 1524 1895 eos
1556 1841 1857 1895 exercitum

265 1943 474 1986 movet.
512 1931 714 1986 Verum
748 1933 990 1987 Saxones
1018 1931 1325 2001 superioris.
1344 1929 1466 1984 belli
1501 1929 1656 2000 plaga
1688 1930 1863 1984 bumi-

270 2025 408 2088 liati,
443 2041 543 2094 per
588 2025 796 2094 legatos
839 2024 1250 2079 commissorum
1299 2020 1635 2092 postulantes
1678 2019 1859 2074 indul-

266 2115 538 2184 gentiam,
568 2115 636 2170 de
665 2125 864 2170 caetero
892 2114 1324 2169 emendationem
1376 2111 1699 2181 pollicentur
1740 2127 1865 2165 sua-

265 2223 505 2278 rumque
546 2223 726 2262 rerum
772 2207 1012 2260 omnium
1055 2215 1266 2275 partem
1318 2205 1582 2266 mediam,
1616 2203 1865 2272 exceptis

267 2299 604 2368 coniugibus
630 2313 691 2351 ac
718 2297 930 2360 liberis,
971 2295 1090 2350 loco
1120 2293 1358 2349 oll'erunt
1399 2292 1663 2364 pignoris.
1705 2292 1862 2358 Quod

268 2387 478 2443 Franci
531 2388 802 2458 despectui
856 2387 1153 2449 habentes,
1206 2384 1452 2454 prajlium
1505 2383 1864 2437 adoriundum

268 2487 563 2546 putarunt.
591 2476 774 2532 Coacti
823 2477 1066 2531 Saxones
1108 2491 1327 2529 manum
1373 2487 1685 2535 conserere,
1719 2479 1862 2526 tanta

268 2569 323 2622 in
349 2569 606 2624 Francos
633 2579 810 2640 strage
841 2568 1086 2623 bacchati
1117 2576 1243 2622 sunt
1270 2576 1329 2620 ut
1369 2567 1457 2620 vix
1489 2565 1643 2635 pauci
1687 2563 1868 2619 Clota-

271 2665 352 2718 rio
377 2665 495 2734 regi
530 2674 874 2736 superessent
903 2663 1135 2734 ad'fugze
1159 2662 1338 2732 potius
1361 2662 1681 2716 societatem
1704 2673 1866 2728 quam

268 2756 337 2810 ad
369 2756 658 2827 prmliandi
685 2756 1006 2812 subsidium.

817 2847 1044 2903 CAPUT
1095 2846 1331 2902 XXVIII.

697 2935 770 2991 De
807 2936 1052 2991 Clu-anno
1074 2949 1121 2991 et
1145 2938 1260 3008 ejus
1285 2935 1460 3006 gestis.

345 3028 485 3082 Erat
519 3038 778 3097 praeterea
808 3029 1043 3084 Clotario
1073 3030 1241 3093 tilius,
1289 3030 1512 3083 nomine
1553 3027 1864 3087 Chrannus,

276 3133 523 3188 corpore
555 3118 767 3186 quidem
793 3118 1030 3188 elegans,
1067 3120 1162 3172 sed
1189 3127 1370 3174 mente
1398 3119 1551 3183 levis,
1575 3120 1712 3174 dolis
1740 3117 1868 3172 nulli

285 3217 644 3262 versutorum
701 3209 990 3262 secundus.
1066 3207 1204 3262 lluic
1267 3208 1484 3262 animus
1553 3209 1867 3279 inquietus,

270 3312 538 3371 prompta
569 3302 808 3365 audacia,
855 3303 940 3357 cui
972 3311 1126 3372 pater
1156 3302 1302 3357 vices
1347 3319 1474 3357 suas
1519 3319 1616 3372 per
1644 3303 1871 3373 Aquita-

274 3395 430 3447 niam
464 3393 834 3447 commiserat.
855 3394 951 3447 Ast
979 3394 1121 3447 illius
1151 3393 1314 3447 eﬂ'era
1344 3395 1426 3447 vis
1456 3395 1621 3449 animi
1648 3411 1771 3452 eum
1817 3403 1874 3450 ut

241 3498 471 3553 regem
522 3497 683 3552 agere
719 3498 825 3537 non
875 3484 1105 3538 sinebat.
1157 3482 1462 3554 Tyrannica
1509 3486 1745 3556 denique
1780 3485 1873 3540 ad-

278 3585 444 3627 actus
494 3573 816 3629 crudelitate
862 3589 948 3628 res
1004 3575 1232 3629 aliorum
1288 3578 1493 3646 rapinis
1553 3579 1866 3648 diripiebat.

277 3665 633 3735 Quapropter
677 3675 832 3736 pater
886 3683 1032 3729 eum,
1097 3667 1363 3737 legatione
1411 3669 1641 3735 directa,
1695 3672 1760 3724 ad
1816 3686 1874 3726 se

276 3775 521 3815 evocare
567 3761 778 3815 curavit
826 3769 882 3814 ut
931 3760 1273 3814 insolentiam
1325 3778 1429 3830 qua
1485 3761 1726 3816 tumebat
1759 3779 1874 3817 mo-

278 3855 443 3907 desta
475 3850 839 3920 increpatione
870 3851 1238 3920 redargueret.
1291 3851 1383 3905 llle
1411 3851 1678 3905 mandatis
1706 3852 1876 3920 patris

237 3953 240 3957 '
274 3941 638 4014 posthabitis,
666 3940 903 3994 Parisius
924 3941 988 3994 ad
1026 3943 1428 3997 Childebertum
1459 3959 1672 3996 summo
1695 3942 1876 3997 studio

233 4047 236 4049 λ
275 4032 612 4095 contendit,
645 4046 707 4085 ea
739 4031 998 4100 propositi
1046 4031 1341 4087 intentione
1368 4041 1426 4086 ut
1466 4032 1532 4086 ad
1573 4033 1873 4102 genitorem

274 4136 572 4190 nunquam
615 4122 837 4174 rediret.
865 4121 1148 4175 Abducere
1176 4138 1305 4177 vero
1335 4123 1540 4177 amicos
1572 4123 1748 4192 regios
1781 4137 1878 4190 pa-

279 4223 591 4280 rentesque
621 4210 912 4265 festinabat
937 4222 992 4267 et
1019 4213 1291 4284 praecipue
1331 4213 1738 4269 Childebertum
1777 4231 1876 4285 pa-

1953 381 2131 426 tamen
2180 371 2404 434 faceret,
2455 371 2556 442 ipsi
2603 362 2793 425 contra
2842 385 2964 424 eum
3013 373 3302 442 pugnaturi
3355 374 3527 429 aciem

1953 465 2285 519 direxerunt.
2320 464 2525 531 Quibus
2551 479 2672 519 cum
2720 463 2808 518 ille
2854 463 2996 517 haud
3032 465 3251 534 segnius
3306 465 3525 520 obviam

1953 558 2076 620 iret,
2108 567 2224 611 orta
2254 565 2578 626 tempestate
2606 557 2675 610 ab
2705 556 2809 611 hoc
2835 564 2960 611 sunt
2999 557 3232 626 repressi
3264 557 3529 614 facinore.

1953 645 2078 701 Post
2140 647 2253 702 hmc
2299 647 2585 701 Chrannus
2630 661 2726 716 per
2773 647 3218 702 subintroductas
3269 664 3534 720 personas

1957 740 2213 794 fratribus
2269 740 2530 794 insinuari
2593 739 2725 794 facit
2769 751 2978 810 patrem
3035 742 3181 798 bello
3239 743 3536 813 oppetiisse

1955 832 2247 886 Saxonico.
2277 831 2378 895 Illi,
2425 846 2523 899 pro
2567 846 2696 886 vero
2737 832 2939 888 dictum
2969 834 3240 899 arbitrati,
3280 835 3537 905 Burgun-

1955 923 2098 976 diam
2137 924 2305 976 citato
2335 930 2584 990 repetunt
2609 922 2764 977 calle.
2815 923 2909 979 llis
2951 925 3291 990 abeuntibus,
3319 924 3538 982 Chran-

1955 1032 2058 1071 uus
2088 1025 2207 1086 post
2235 1030 2330 1071 eos
2361 1016 2465 1070 iter
2495 1015 2752 1085 dirigens,
2803 1027 2958 1088 capta
3008 1017 3351 1074 Cabilonensi
3403 1021 3540 1074 urbe

1956 1114 2025 1169 ad
2056 1124 2294 1170 castrum
2319 1123 2574 1182 properant
2604 1115 2950 1177 Divionensc,
2986 1114 3074 1168 ubi
3115 1114 3334 1184 quidam
3373 1113 3538 1169 cleri-

1955 1222 2164 1270 eorum,
2189 1206 2386 1262 curiosi
2419 1207 2547 1276 quid
2579 1205 2834 1262 Chranno
2861 1208 3150 1268 accideret,
3177 1222 3339 1278 super
3367 1207 3542 1264 altare

1959 1309 2068 1354 tres
2106 1307 2404 1368 posuerunt
2429 1299 2667 1362 codices,
2719 1299 2772 1353 Id
2817 1305 2920 1361 est,
2971 1296 3543 1368 Pr0phetarum,Epi-

1956 1389 2216 1443 stolarum
2250 1389 2490 1458 Apostoli
2542 1405 2605 1443 ac
2642 1388 3076 1458 Evangelorium.
3126 1387 3383 1443 Oratione
3413 1403 3543 1459 ergo

1961 1480 2028 1532 ad
2057 1479 2345 1534 Dominum
2375 1479 2543 1543 facta,
2576 1488 2765 1548 aperto
2811 1479 3205 1548 Prophetarum
3235 1477 3372 1533 libro
3400 1480 3546 1533 hunc

1962 1570 2193 1638 primum
2239 1586 2494 1640 reperere
2547 1572 2914 1626 versiculum:
2958 1570 3210 1640 Auferam
3262 1573 3548 1625 maceriam

1961 1659 2098 1727 ejus,
2119 1669 2167 1712 et
2197 1661 2293 1713 erit
2324 1661 2375 1712 in
2406 1659 2781 1714 desolationem
2805 1676 2900 1730 pro
2920 1676 2979 1714 eo
3004 1660 3144 1729 quod
3172 1660 3345 1714 debuit
3374 1659 3550 1728 facere

1962 1767 2114 1804 uvam
2143 1791 2158 1815 ,
2202 1752 2321 1819 fecit
2371 1768 2490 1806 vero
2541 1751 2812 1806 labruscas
2843 1751 2979 1820 (Isti.
3018 1767 3070 1815 v,
3100 1751 3244 1820 ιδ).
3289 1751 3550 1806 Ιὶρεοηιο

1961 1841 2126 1894 etiam
2149 1840 2391 1910 Apostoli
2421 1842 2608 1896 codice
2648 1844 2750 1897 hoc
2791 1844 3120 1897 invenerunt
3161 1861 3176 1897 :
3217 1839 3349 1896 Cum
3397 1843 3550 1896 dixe-

1963 1932 2112 1984 rint:
2163 1930 2284 1984 Paa:
2325 1942 2370 1985 et
2414 1933 2668 1986 securitas
2695 1973 2711 1998 ,
2757 1943 2881 1986 tunc
2921 1934 3221 2003 repentinus
3267 1934 3341 1986 eis
3385 1933 3552 1986 veniet

1963 2023 2204 2074 interitus
2253 2020 2304 2090 (1
2333 2021 2510 2075 Thess.
2557 2038 2609 2085 v,
2650 2023 2738 2092 5).
2783 2022 3045 2077 Dominus
3082 2033 3260 2076 autem
3295 2022 3347 2075 in
3379 2021 3556 2076 Evan-

1965 2111 2106 2182 gelio
2145 2112 2263 2164 ait:
2309 2111 2414 2176 Qui
2457 2129 2561 2166 non
2615 2113 2764 2166 audit
2814 2114 2969 2167 verba
3012 2129 3126 2166 mea
3170 2111 3556 2167 assimilabitur

1964 2205 2076 2258 viro
2119 2203 2278 2258 stulto
2306 2205 2395 2274 qui
2444 2205 2720 2273 aediﬁcavit
2767 2205 2984 2259 domum
3041 2222 3194 2258 suam
3240 2221 3397 2275 super
3436 2221 3558 2259 are-

1972 2311 2126 2359 nam,
2179 2306 2286 2351 etc.
2330 2295 2548 2366 (Matth.
2607 2312 2718 2364 vn,
2772 2297 2888 2369 26).
2943 2298 3012 2352 Et
3065 2298 3180 2354 haec
3225 2299 3440 2368 quidem
3488 2299 3560 2355 de

1967 2385 2223 2442 Cbranno
2255 2398 2475 2442 ostensa
2507 2396 2653 2442 sunt.

2538 2478 2763 2534 CAPUT
2788 2478 2982 2534 XXIX.

1964 2567 2046 2623 De
2059 2567 2374 2624 Childeberti
2397 2577 2510 2637 post
2550 2570 2694 2638 regni
2719 2568 2942 2638 [ναιενηὶ
2965 2569 3347 2638 aﬁ‘ectationem
3368 2575 3556 2622 morte.

2039 2660 2422 2716 Childebertus
2449 2675 2583 2715 vero
2611 2637 2894 2714 astiinans
2929 2637 3153 2713 fratrem
3188 2673 3218 2712 a
3251 2656 3558 2712 Saxonibus

1973 2750 2347 2814 interfectum,
2379 2750 2567 2804 lleu'tis
2613 2750 2878 2804 accedens
2929 2759 3126 2803 cuncta
3175 2748 3441 2804 incendiis
3488 2763 3554 2804 ac

1972 2842 2180 2912 rapinis
2209 2842 2461 2895 vastavit.
2521 2841 2674 2895 Tunc
2723 2840 2841 2894 duae
2895 2839 3226 2894 locustarum
3273 2839 3421 2894 acies
3462 2853 3562 2908 per

1971 2935 2274 2988 Arvernum
2329 2947 2393 2987 ac
2442 2931 2852 2987 Lcmovicinum
2905 2931 2958 2984 in
2991 2944 3242 3000 campum
3293 2928 3562 2984 transiere

1971 3022 2360 3076 llomaniacum
2395 3038 2409 3074 :
2451 3021 2564 3087 ubi,
2597 3021 2890 3076 commisso
2930 3021 3072 3074 inter
3104 3035 3163 3075 se
3191 3017 3396 3090 prrelio,
3438 3035 3562 3074 ma-

1970 3128 2136 3183 gnum
2191 3111 2458 3181 reliquere
2502 3127 2756 3167 acervum
2805 3111 3142 3166 locustarum
3208 3110 3557 3196 iufectarum.

1972 3210 2162 3277 Cmpta
2211 3207 2453 3262 Chranni
2506 3206 2674 3262 celeri
2723 3206 3098 3262 destituuntur
3141 3205 3293 3261 obitu
3344 3205 3566 3260 Childe-

1973 3301 2132 3355 berti.
2165 3299 2299 3354 ham
2326 3300 2465 3354 idem
2491 3315 2584 3354 rex
2615 3307 2738 3370 post
2763 3298 3025 3353 diutinam
3054 3299 3203 3368 regni
3227 3297 3562 3353 functionem

1975 3396 2123 3451 febre
2151 3406 2378 3450 vexatus
2410 3395 2670 3460 moritur,
2702 3409 2767 3448 ac
2801 3393 3044 3448 Parisius
3085 3395 3138 3448 in
3171 3393 3399 3448 ecclesia
3430 3408 3561 3448 san-

1973 3489 2046 3541 cti
2071 3486 2366 3550 Vincentii,
2393 3501 2558 3555 quam
2591 3485 2707 3555 ipse
2743 3483 3066 3549 fabricarat,
3121 3484 3404 3554 sepelitur.
3438 3481 3570 3552 Ejus

1978 3595 2199 3651 regnum
2228 3578 2311 3633 vel
2344 3578 2582 3632 thesauri
2609 3577 2675 3630 ad
2702 3575 3011 3632 Clotarinm
3044 3576 3162 3647 lege
3196 3576 3497 3631 redierunt.

2538 3665 2765 3722 CAPUT
2825 3665 2995 3720 XXX.

1976 3762 2055 3816 De
2089 3759 2328 3815 Chranni
2355 3759 2628 3814 conatibus
2657 3768 2704 3811 et
2731 3758 2956 3812 Clotarii
2985 3757 3260 3811 clementia
3288 3765 3338 3811 et
3355 3755 3568 3822 pietate.

2051 3853 2375 3906 Destitutum
2408 3865 2465 3904 se
2496 3849 2785 3904 Chrannus
2813 3857 2967 3902 tanto
3011 3847 3350 3916 parricidalis
3382 3845 3568 3918 ﬂagitii

1976 3953 2226 3998 consorte
2281 3941 2755 4002 animadvertens,
2804 3939 2874 3992 ad
2932 3937 3212 3992 Cenabum
3259 3934 3568 3990 Brittonum

1977 4037 2278 4107 principem
2318 4031 2586 4102 confugit,
2622 4032 2965 4101 recidivaque
2993 4043 3248 4098 reparare
3272 4027 3410 4084 bella
3447 4036 3568 4082 ten—

1983 4131 2152 4184 tabat.
2186 4127 2282 4181 Cui
2312 4124 2568 4180 nobilitas
2613 4121 2856 4194 conjugis
2900 4123 3144 4177 odiorum
3185 4121 3570 4192 suppeditabat

1984 4221 2268 4277 materiam
2323 4216 2885 4289 quodlprmemineret
2926 4215 3192 4284 prosapize
3223 4213 3566 4269 claritudine.

280 4303 385 4357 tris
415 4315 759 4369 germanum.
803 4302 968 4365 Quem
1015 4301 1178 4356 etiam
1225 4303 1278 4356 in
1324 4311 1529 4357 tantum
1562 4305 1629 4358 ab
1656 4318 1722 4358 eo
1748 4304 1880 4358 alie-
1913 4315 1958 4372 [)
1985 4313 2274 4380 Eignomen
2302 4307 2472 4372 Calte,
2494 4303 2812 4359 Willecario
2842 4305 3018 4375 genita
3037 4344 3051 4368 ,
3081 4302 3390 4372 Aquitaniae
3409 4301 3568 4356 duce.

278 4407 417 4446 num
443 4389 703 4444 effecerat
740 4400 797 4444 ut
837 4393 1021 4446 lratris
1050 4393 1214 4446 vitam
1264 4401 1573 4462 appeteret;
1622 4394 1876 4449 Chranno

281 4482 456 4535 tactis
511 4488 826 4534 sanctorum
889 4481 1205 4552 pignoribus
1272 4493 1464 4552 sponte
1526 4486 1878 4552 promittente

280 4574 436 4644 quod
494 4571 673 4641 patris
724 4585 1017 4643 perpetuus
1043 4575 1303 4628 existeret
1341 4575 1536 4628 hostis.
1584 4575 1877 4645 Perpetra-

279 4675 516 4732 tumque
543 4661 683 4716 foret
715 4663 924 4717 facinus
960 4681 1209 4735 magnum
1255 4681 1321 4719 ac
1366 4667 1737 4728 memorabile,
1767 4668 1880 4721 fra-

282 4769 367 4809 tre
405 4755 465 4807 in
506 4764 736 4807 mortem
783 4753 969 4808 fratris
998 4757 1361 4825 conspirante,
1397 4755 1440 4808 si
1476 4757 1615 4809 Deus
1643 4773 1748 4810 non
1776 4759 1876 4810 im-

280 4851 534 4919 pedisset
580 4857 636 4903 et
681 4848 1060 4904 Childebertus
1106 4860 1314 4902 matura
1373 4859 1543 4902 morte
1575 4866 1680 4904 non
1719 4865 1884 4918 orpe-

285 4943 490 4994 tiisset.
521 4939 840 5007 Composito
870 4954 1100 5006 namque
1128 4955 1252 4994 cum
1282 4937 1624 4994 Childeberto
1655 4941 1880 5005 foedere,

283 5032 647 5103 Aquitaniam
684 5033 878 5084 iterum
907 5032 1120 5100 repetit,
1152 5030 1334 5084 ntnnia
1365 5045 1460 5099 per
1487 5049 1605 5100 qua:
1646 5032 1881 5100 primum

286 5125 424 5176 ierut
459 5122 809 5178 subacturus.
867 5121 990 5174 Post
1040 5129 1427 5190 quem‘pater,
1480 5121 1748 5175 Saxonica
1789 5137 1883 5176 oca

289 5225 515 5283 rupatus
552 5212 925 5281 expeditione,
956 5211 1033 5265 ire
1082 5229 1187 5266 non
1241 5211 1442 5274 valens,
1493 5213 1874 5270 Chariberlum

288 5322 349 5359 ac
376 5306 763 5361 Guntrannnm
792 5303 929 5355 filios
958 5317 1077 5356 cum
1109 5301 1356 5356 exercitu
1387 5318 1450 5356 eo
1476 5303 1678 5373 dirigit.
1705 5302 1878 5369 Quem

1811 5383 1823 5405 ἵ

290 5396 358 5428 ill:
409 5413 506 5428 nnl-
544 5393 895 5428 Aruns-"inuria
924 5394 1089 5428 canini

1121 5390 1456 5428 lnrrilnr-inm
1509 5394 1558 5428 in
1592 5395 1612 5428 1
1635 5390 1881 5428 Δννιηυῖιιιιι

1980 4399 2372 4470 Qui,vidclicet
2385 4394 3161 4459 Willecarius,minisClotarii
3185 4393 3428 4456 territus,
3448 4391 3572 4460 qui-

1980 4495 2081 4549 bus
2097 4493 2353 4547 Chranno
2376 4487 2574 4544 favisse
2589 4490 2931 4558 arguebatur,
2947 4487 3167 4540 tutelam
3186 4485 3421 4539 basilicae
3448 4499 3574 4538 san-

1982 4585 2055 4640 cli
2084 4583 2296 4638 Martini
2316 4583 2570 4651 expetiit;
2598 4595 2758 4648 quam
2781 4579 2988 4648 pridem
3003 4577 3412 4651 etAustrahius,
3432 4574 3574 4627 alter

1987 4676 2120 4737 dux,
2171 4673 2491 4741 expetierat.
2544 4668 2994 4724 Persecutoribus
3039 4665 3408 4735 qmrrentibus
3451 4675 3575 4716 eum

1984 4767 2178 4820 eximie
2206 4762 2440 4818 avellere
2472 4777 2571 4816 nec
2599 4759 2918 4822 valentibus,
2968 4755 3201 4811 admotis
3232 4755 3448 4824 ignibus
3481 4770 3578 4824 pa-
3629 4789 3651 4805 η

1967 4840 2120 4914 “riter
2146 4873 2268 4912 cum
2301 4857 2416 4922 ipsa
2463 4851 2728 4908 orationis
2773 4849 2938 4902 domo
2975 4845 3203 4901 ﬂammis
3246 4851 3330 4896 est
3369 4859 3554 4899 crema

1990 4961 2094 5003 tus.
2132 4949 2304 5013 Onam
2336 4945 2610 5000 Clotarius
2639 4939 2820 4994 solerti
2853 4936 3120 4992 industria
3159 4932 3467 4988 venustiori
3497 4935 3593 4986 dn-

1988 5039 2135 5095 navit
2170 5037 2346 5105 gratia
2377 5038 2680 5100 stantiaque
2723 5028 2840 5095 ejus
2873 5025 3096 5092 operuit
3120 5027 3282 5071 tecta.
3315 5018 3444 5077 Non
3477 5023 3594 5078 dis-

1987 5126 2324 5186 simulandas
2377 5135 2558 5178 autem
2618 5120 2710 5174 lilii
2774 5110 3080 5168 arbitratus
3133 5106 3414 5173 inimus.
3475 5108 3602 5166 inde

1989 5227 2192 5291 quanta
2231 5213 2403 5284 potuit
2433 5225 2655 5266 suorum
2694 5220 2852 5258 manu
2877 5198 3223 5256 Britanniam
3257 5204 3344 5250 est
3374 5199 3602 5272 ingres—

1990 5286 2104 5368 sus.
2137 5305 2390 5361 Ot-currit
2419 5304 2468 5357 ei
2509 5302 2794 5357 Chrannus
2837 5308 2972 5346 cum
3011 5287 3229 5344 Cenabo
3279 5286 3605 5348 Brittonum

1989 5412 2119 5428 -..κη
2186 5394 2544 5428 lmrlvn-nrnm
2600 5397 2790 5428 agmen
2844 5381 3129 5428 ductante.
3317 5380 3392 5428 ad
3428 5390 3611 5428 (‘nl‘la‘
