4044 5428
472 168 494 218 τ
528 206 626 260 r787

1573 174 1832 261 autem
1864 204 2167 258 MONACIII
2193 201 2666 258 FLORACENSIS

3651 195 3654 198 ’
3666 205 3773 256 ωδ

468 306 475 336 ⁵
529 317 844 383 Britannos,
871 334 1045 386 neque
1079 316 1345 371 Clotarius
1382 315 1549 369 filium
1591 329 1716 385 erga
1751 330 1810 370 se
1843 323 2088 392 suscepta
2125 323 2174 378 Λ
2209 311 2350 382 cepit
2401 310 2697 367 Theodora:
2744 319 2994 382 Auguste
3050 313 3106 368 in
3161 313 3304 368 hunc
3365 326 3425 368 se
3467 313 3770 368 habentem

471 395 479 426 ¹
525 407 843 476 deposuisse
864 408 984 461 odia
1007 421 1239 474 suosque
1273 406 1339 459 ad
1363 404 1483 458 belli
1514 415 1731 473 paratos
1771 405 2088 469 certamina,

475 492 481 518 ⁵
525 498 694 551 armis
721 496 1113 552 decernendum
1165 495 1588 548 aestimaverunt.
1630 493 1780 548 Tunc
1824 491 2092 549 Clotarius

469 604 477 611 ·
525 588 578 641 in
609 587 814 640 incerto
851 584 970 639 belli
998 585 1223 654 positus,
1257 583 1512 654 lacrymts
1536 582 1769 638 suffusus
1788 597 1906 646 ora,
1935 583 2092 638 Chri~

466 685 472 696 ‘
521 687 662 733 stum
692 688 882 732 exorat
909 677 960 730 in
991 677 1104 730 haec
1133 677 1324 732 verba:
1370 694 1388 727 ί
1415 674 1656 740 Christe,
1704 675 1896 745 inquit,
1927 674 2088 740 Deus,

463 764 473 794 ί
519 769 610 836 qui
641 767 851 822 occulta
878 766 1155 822 hominum
1183 765 1329 821 Solus
1359 766 1627 835 agnoscis,
1677 765 1924 833 precibus
1948 781 2088 820 nunc

518 859 706 912 adesto
729 857 885 921 meis,
919 855 1050 927 justi
1079 869 1338 911 exercens
1378 870 1603 910 examen
1624 853 1842 922 judicis.
1876 854 2086 909 Etenim

473 963 479 969 '
518 949 662 1018 quod
693 948 823 1003 nulli
842 947 1011 1016 justo,
1037 947 1272 1002 maxime
1303 947 1394 1001 tibi
1420 946 1658 1000 omnium
1682 944 1956 1014 Cognitori
1998 960 2085 999 rc-

457 1041 468 1068 ⁷
516 1055 661 1106 rum,
692 1038 977 1094 veniabilis
999 1037 1238 1093 Chranni
1268 1037 1504 1106 nequitia
1549 1036 1719 1105 possit
1762 1036 1930 1090 videri
1955 1035 2088 1091 satis

458 1146 468 1152 '
515 1139 698 1186 certus
742 1145 886 1196 sum,
929 1129 1054 1184 ideo
1103 1127 1266 1198 quod,
1320 1126 1579 1181 naturalis
1626 1125 1826 1180 oblitus
1853 1125 2085 1196 gratiam

455 1232 461 1242 '
514 1220 749 1290 pietatis,
781 1220 962 1276 hostili
995 1220 1176 1273 animo
1221 1226 1408 1271 contra
1459 1217 1627 1270 vitam
1676 1216 2088 1285 insurrexitpa-

453 1333 456 1336 θ
516 1314 649 1378 tris;
681 1321 736 1367 et
767 1313 931 1382 quod,
968 1310 1156 1365 fraude
1195 1309 1556 1371 machinatus,
1587 1307 1796 1362 occulte
1842 1306 2086 1375 nequivit

454 1414 459 1424 '
511 1403 746 1466 efﬁcere,
771 1403 825 1456 id
854 1415 995 1455 nune
1018 1399 1192 1470 palam
1217 1398 1365 1452 illato
1390 1397 1528 1452 bello
1549 1397 1826 1452 contendit
1845 1395 2081 1464 explere.

453 1503 456 1508 '
513 1494 760 1563 Dumque
788 1491 946 1546 unius
974 1489 1233 1558 decrepiti
1261 1487 1410 1542 senis
1431 1487 1734 1542 accelerare
1756 1486 2083 1555 quazritexi-

453 1594 458 1604 '
515 1585 668 1645 tittm,
703 1598 807 1637 non
860 1582 1124 1636 dubitavit
1179 1579 1338 1634 morti
1376 1593 1642 1648 exponere
1688 1585 1959 1631 tantarum
2005 1577 2083 1630 in-

2199 404 2415 457 modum
2447 417 2462 457 :
2495 422 2514 455 ι
2546 403 2707 470 Veni,
2737 412 2791 458 et
2826 404 3058 474 adimple
3099 404 3252 459 nobis
3297 418 3415 473 quae
3457 418 3631 472 prona
3675 419 3770 458 vo-

2191 491 2398 546 luntate
2435 493 2726 562 promisisti
2766 495 2832 548 de
2860 493 3020 548 Patre
3057 505 3242 547 nostro
3274 493 3553 556 Authimo,
3585 502 3641 546 et
3678 509 3766 547 re-

2189 595 2324 635 voca
2372 597 2494 636 eum
2543 581 2597 636 in
2643 583 2852 651 pristim
2895 584 3094 652 gradus
3142 584 3422 638 honorem.
3459 604 3478 636 ι
3519 583 3602 637 Ad
3649 583 3768 637 haec

2189 669 2469 737 rescripsit
2503 668 2727 740 Vigilius
2756 689 2770 725 :
2807 691 2826 722 ι
2857 672 3036 735 Absit,
3071 671 3278 736 dicens,
3311 673 3414 726 hoc
3455 687 3484 724 a
3522 686 3632 735 me,
3664 672 3766 726 do-

2189 762 2334 816 mina
2365 762 2628 833 Augusta.
2661 765 2815 819 Prius
2857 764 3067 819 locutus
3097 780 3214 819 sum
3246 764 3385 818 male
3412 773 3467 818 et
3499 763 3765 832 insipien-

2188 863 2290 910 ter.
2322 853 2474 910 Nunc
2504 864 2683 910 autem
2719 856 2866 910 nullo
2905 857 3064 912 modo
3109 856 3203 910 tibi
3245 855 3545 919 consentio,
3580 866 3640 908 ut
3679 871 3769 910 re-

2187 959 2373 1000 vocem
2412 946 2684 1001 hominem
2722 948 3029 1002 luereticum
3069 956 3124 1002 et
3165 947 3703 1002 anathematizarunt.
3736 967 3756 999 ι

2186 1035 2304 1102 Quo
2350 1035 2566 1101 audito,
2609 1036 2849 1107 Augusta
2896 1039 3043 1093 misit
3089 1039 3402 1092 Anthimnm
3449 1037 3760 1092 scribonem

2187 1140 2312 1180 cum
2342 1127 2514 1182 valida
2554 1127 2784 1183 militum
2815 1145 2974 1183 manu
3005 1129 3250 1192 Romam,
3274 1129 3593 1198 pt-zecipiens
3618 1128 3667 1181 ei
3697 1142 3764 1182 ac

2185 1214 2370 1270 dicens
2401 1231 2416 1269 :
2448 1235 2466 1268 ι
2501 1217 2788 1287 Vigilium,
2841 1218 3044 1287 inquit,
3100 1218 3399 1272 Romanum
3448 1218 3760 1286 pontificem

2187 1309 2389 1362 nostris
2427 1309 2800 1364 sanctionibus
2846 1310 3124 1374 rebellem,
3160 1310 3500 1364 decernimus
3540 1318 3601 1361 ut
3639 1308 3760 1360 navi

2188 1398 2498 1469 imposutum
2549 1401 2617 1454 ad
2665 1412 2908 1456 nostrum
2954 1401 3142 1456 deduci
3178 1400 3346 1455 facias
3385 1407 3760 1468 conspectum.

2145 1521 2148 1524 ~
2185 1487 2296 1543 Nec
2325 1489 2608 1558 cujuslibet
2639 1491 2863 1545 basilica
2906 1500 3219 1545 sanctorum
3250 1488 3578 1544 defensionis
3605 1488 3655 1541 ei
3688 1488 3764 1542 sit

2186 1577 2587 1646 azljumentum,
2629 1589 2852 1650 excepta
2896 1580 3126 1635 ecclesia
3169 1578 3436 1648 Principis
3481 1576 3762 1648 apostolo-

448 1684 454 1694 '
515 1674 956 1729 numerositatem
1001 1672 1260 1740 gentium.
1317 1670 1385 1724 Et
1432 1679 1578 1724 certe
1628 1669 1885 1740 regnandi
1931 1683 2078 1740 spem
2114 1669 2154 1725 Β
2183 1689 2321 1730 rum.
2361 1695 2380 1730 ι
2420 1677 2730 1745 Anthimus,
2773 1677 2998 1733 Romam
3057 1676 3350 1748 profectus,
3396 1684 3758 1731 memoratum

513 1765 792 1828 dederam,
817 1780 941 1819 cum
973 1763 1157 1817 vivens
1179 1761 1390 1815 tuendae
1419 1761 1470 1814 ei
1495 1759 1800 1830 Aquitaniae
1823 1758 2082 1814 sollicitu-

447 1875 452 1880 ι
513 1856 691 1910 dinem
721 1855 1120 1910 mandaveram.
1153 1851 1260 1907 Sed
1290 1860 1592 1906 morantem
1625 1865 1728 1904 non
1761 1863 1954 1918 passus
1975 1857 2079 1912 est,

513 1960 614 2001 nec
639 1947 973 2015 exspectavit
1003 1958 1250 2014 regnum,
1281 1943 1382 1996 nisi
1430 1941 1718 2011 parricidio
1748 1939 2078 2008 adipiscere-

441 2057 444 2059 λ
512 2044 620 2088 tur.
648 2034 874 2104 Respice
898 2048 1046 2101 ergo,
1081 2032 1322 2095 Domine,
1351 2031 1418 2084 de
1442 2029 1603 2092 cmlo,
1633 2037 1681 2082 et
1701 2028 1882 2096 judica
1905 2027 2068 2093 juste,

440 2133 447 2144 '
514 2122 1023 2193 illudquejudicium
1049 2134 1245 2176 exerce
1274 2119 1415 2188 quod
1441 2127 1628 2173 contra
1652 2116 1912 2179 Absalon,
1939 2115 2076 2183 pa'tri

439 2239 448 2246 -
515 2213 678 2268 David
712 2213 980 2282 quondam
1014 2211 1442 2272 infestissimum,
1483 2208 1793 2262 exercuisti.
1834 2205 1948 2259 Non
1979 2220 2077 2274 ego

439 2323 447 2336 ι
509 2305 726 2372 quidem
758 2303 944 2362 David.
976 2303 1068 2357 sed
1101 2311 1276 2356 tamen
1321 2301 1425 2355 lide
1470 2317 1576 2356 non
1606 2300 1860 2369 degener.
1893 2299 2076 2353 Credi-

510 2395 586 2447 dit
619 2395 706 2448 ille
729 2394 909 2449 mundi
943 2394 1352 2460 Redemptorem
1387 2401 1692 2455 venturum,
1716 2391 1876 2445 credo
1899 2398 1954 2444 et
1975 2405 2074 2460 ego

508 2485 741 2549 venisse,
765 2485 1010 2554 aequique
1035 2483 1292 2537 arbitrum
1313 2482 1489 2536 saeculi
1505 2481 1735 2551 judicem
1761 2479 2020 2534 futurum.
2048 2500 2066 2532 ι

438 2612 447 2622 .
510 2573 603 2629 His
658 2575 918 2630 intentum
968 2574 1217 2644 precibus
1264 2574 1470 2627 audivit
1522 2574 1860 2640 omnipotens
1911 2573 2068 2626 Deus.

435 2697 444 2708 .
508 2661 641 2716 Nam
669 2665 912 2732 superior
941 2662 1080 2717 bello
1107 2662 1300 2727 factus,
1349 2661 1638 2715 Britannos
1687 2674 1857 2728 usque
1889 2661 1954 2714 ad
1984 2675 2068 2714 re-

439 2777 441 2780 i
509 2755 652 2824 fugia
683 2756 924 2818 navium,
960 2767 1096 2822 quas
1125 2753 1192 2806 ad
1220 2755 1317 2807 hos
1363 2768 1491 2807 usus
1530 2762 1872 2821 paraverant,
1903 2761 1982 2816 ut,
2023 2751 2068 2806 si

430 2862 439 2872 '
506 2853 732 2904 adversa
790 2845 1049 2900 bellorum
1095 2846 1293 2907 forent,
1325 2859 1390 2897 eo
1424 2859 1480 2896 se
1511 2841 1839 2905 conferrent,
1887 2856 2069 2910 perse-

433 2957 441 2966 '
505 2950 682 3002 cutus,
717 2937 1002 2990 maximam
1051 2950 1115 2990 ex
1163 2935 1243 2988 eis
1285 2943 1518 3003 stragem
1568 2931 1732 2986 dedit.
1780 2930 2065 2986 Chranuus

445 3057 449 3062 -
505 3041 719 3099 quoque
747 3028 879 3095 ipse,
909 3026 1034 3080 dum
1080 3025 1218 3080 filias
1256 3024 1564 3092 pariterque
1591 3035 1814 3076 uxorem
1851 3021 2071 3091 captivi-
2099 3008 2143 3068 C
2177 3039 2318 3084 ταιι,

437 3160 444 3169 .
507 3119 604 3172 tati
646 3118 946 3172 subducere
976 3115 1154 3185 gestit,
1201 3113 1268 3167 ab
1305 3114 1545 3169 exercitu
1591 3121 1781 3180 captus
1825 3111 2073 3180 patrique

506 3215 879 3277 praesentatus,
923 3205 1078 3274 jussu
1127 3202 1243 3271 ejus
1298 3202 1349 3255 in
1407 3200 1682 3269 cujusdam
1739 3200 2074 3270 pauperculte

434 3326 436 3330 τ
505 3314 634 3353 casa
665 3312 826 3366 super
857 3309 1134 3351 scamnum
1163 3302 1418 3349 extensus
1444 3292 1731 3361 orarioque
1769 3290 2071 3357 sugillatus,

433 3428 438 3431 -
508 3389 704 3443 ibidem
734 3403 854 3442 cum
885 3384 1111 3455 conjuge
1153 3400 1216 3437 ac
1261 3382 1474 3436 ﬁliabus
1517 3382 1624 3451 igni
1654 3388 1737 3435 est
1762 3394 2074 3435 concrema-

427 3524 432 3533 ,
509 3490 611 3528 tllS.
644 3475 755 3528 Iloc
785 3475 942 3527 modo
969 3472 1127 3540 justze
1171 3470 1402 3525 exsolvit
1451 3484 1641 3540 ptenas
1679 3470 1896 3523 ultionis
1944 3469 2073 3522 insi-

507 3568 682 3620 diator
705 3565 897 3635 patris,
923 3563 1020 3636 qui
1036 3577 1092 3617 sc
1113 3563 1258 3616 omni
1284 3570 1634 3615 evacuaVerat
1660 3561 1878 3628 pietate.
1905 3557 2071 3612 Periit

505 3656 720 3724 quidem
762 3670 866 3708 non
902 3653 1134 3723 optando
1165 3653 1407 3720 patribus
1449 3651 1640 3712 ollieio,
1693 3651 1783 3703 sed
1828 3665 1932 3702 nou
1963 3649 2061 3702 dis-

504 3745 828 3800 simulando.
855 3743 950 3797 Cui
997 3743 1084 3796 ille
1133 3750 1397 3811 parceret,
1455 3740 1546 3808 qui
1605 3738 1765 3794 saluti
1813 3749 2066 3808 paternae,

429 3895 432 3900 ,
502 3843 759 3904 quantum
786 3835 836 3886 in
868 3848 925 3886 se
952 3831 1071 3896 fuit,
1103 3847 1206 3884 non
1242 3829 1516 3900 pepercit?
1556 3827 1712 3882 llunc
1759 3828 1940 3898 itaque
1971 3828 2071 3881 im-

429 3963 432 3966 ~
503 3925 783 3997 probitatis
804 3939 911 3978 sua:
935 3924 1091 3978 finem
1125 3923 1411 3976 Citrannus
1441 3921 1662 3976 invenit.

1046 4009 1274 4065 CAPUT
1313 4009 1504 4063 XXXI.

646 4105 720 4159 De
746 4103 1207 4174 Langobardorum
1235 4101 1437 4170 regibus
1462 4110 1508 4155 et
1537 4100 1706 4154 Totila
1737 4099 1924 4156 Col/to.

427 4259 433 4265 _
569 4197 807 4251 Clotario
879 4206 1055 4248 autem
1110 4193 1438 4247 Francorum
1507 4181 2065 4262 tcnentehprincipa-

504 4296 636 4348 tum,
657 4284 1132 4354 Longobardorum
1161 4282 1306 4351 genti
1345 4281 1535 4335 Alboin
1565 4291 1808 4350 praeerat,
1841 4281 1930 4349 qui
1962 4295 2066 4335 non

2180 1779 2396 1835 papam,
2428 1768 2556 1822 dum
2589 1769 2876 1823 missarum
2909 1769 3169 1824 solemnia
3197 1771 3250 1822 in
3289 1767 3527 1821 oratorio
3557 1775 3762 1820 sanctae

2180 1854 2394 1910 Ceciliae
2420 1873 2452 1909 x
2475 1857 2700 1912 Kalend.
2729 1859 3037 1912 Decembris
3063 1858 3365 1912 celebraret
3389 1857 3527 1927 (erat
3558 1856 3760 1925 quippe

2179 1948 2293 2002 dics
2333 1947 2504 2003 festus
2565 1949 2732 2018 ipsius
2775 1963 2948 2004 sacrae
2989 1949 3254 2018 virginis),
3288 1963 3505 2001 munera
3555 1946 3760 2016 p0pulo

2179 2050 2490 2110 erogautem
2543 2039 2719 2094 tenuit
2762 2040 2994 2108 navique
3033 2038 3308 2108 imposuit,
3347 2046 3404 2090 ut
3445 2035 3761 2090 Constanti-

2178 2129 2416 2197 nopolim
2465 2130 2773 2184 deduceret.
2818 2129 2986 2196 Quem
3028 2129 3255 2199 populus
3290 2129 3566 2182 Romanus
3593 2127 3760 2195 proli-

2176 2219 2467 2272 ciscentem
2510 2234 2678 2288 usque
2715 2220 2781 2272 ad
2813 2220 2992 2274 navim
3031 2231 3366 2288 prosecutus,
3413 2218 3656 2287 postulat
3697 2225 3760 2271 ut

2178 2305 2604 2363 benedictionem
2657 2309 2761 2362 illis
2807 2307 2980 2362 daret.
3030 2307 3143 2373 Qua
3195 2308 3422 2373 tradita,
3469 2320 3612 2361 mota
3670 2315 3760 2360 est

2174 2396 2344 2448 navis.
2385 2394 2500 2450 Non
2549 2395 2771 2451 defuere
2815 2407 3022 2460 tamen,
3073 2412 3210 2465 quos
3257 2397 3457 2466 injusta
3505 2396 3756 2467 expulsio

2175 2484 2392 2541 Silverii
2435 2488 2486 2542 in
2525 2488 2709 2542 odium
2761 2489 2927 2558 ipsius
2969 2490 3253 2543 excitaret.
3287 2487 3349 2543 Ili
3392 2489 3598 2558 lapides
3633 2497 3757 2557 post

2173 2576 2346 2643 illum,
2375 2578 2458 2633 vel
2501 2579 2753 2649 qualibet
2791 2579 3016 2633 telorum
3062 2593 3260 2650 genera
3299 2595 3417 2634 sors
3454 2579 3752 2641 obtulerat,

2165 2663 2448 2732 jacientes,
2482 2668 2535 2722 in
2567 2669 2709 2723 hunc
2737 2669 2951 2722 modum
2979 2669 3027 2722 ei
3058 2669 3507 2723 couviciabantur
3537 2686 3551 2722 :
3590 2686 3610 2720 ι
3651 2668 3756 2722 Fa-

2171 2775 2288 2814 mes
2332 2767 2418 2812 tua
2470 2768 2682 2823 tecum,
2727 2760 3030 2814 mortalitas
3079 2769 3167 2814 tua
3205 2769 3401 2814 tecum.
3431 2758 3567 2813 Mala
3601 2762 3748 2812 intu-

2168 2848 2278 2903 listi
2330 2847 2621 2911 Romanis,
2665 2847 2804 2903 mala
2854 2849 3094 2916 reperias
3139 2864 3248 2918 quo
3295 2849 3464 2902 vadis.
3505 2867 3522 2899 ι
3568 2847 3750 2916 Aliqui

2173 2954 2306 2994 sane
2353 2955 2420 2994 ex
2469 2938 2770 2993 fautoribus
2809 2938 2975 3009 ipsius
3016 2939 3294 2994 comitatui
3341 2939 3457 3008 ejus
3504 2937 3751 2992 adha‘sc-

2241 3120 2340 3186 Qui
2385 3134 2480 3188 per
2521 3118 2761 3174 Siciliam
2807 3127 2912 3176 iter
2956 3117 3182 3181 faciens.
3219 3122 3271 3176 in
3315 3121 3536 3176 civitate
3566 3121 3751 3176 Cathi-

2173 3209 2324 3264 nensi
2356 3210 2618 3279 quosdam
2651 3210 2718 3264 ad
2753 3225 2936 3265 sacros
2979 3213 3246 3280 promovit
3283 3214 3520 3277 ordines,
3553 3215 3750 3282 quibus

2174 3296 2384 3350 tuendae
2436 3295 2694 3350 Romana:
2745 3297 2996 3353 Ecclesia:
3047 3299 3315 3370 delegavit
3368 3316 3576 3354 curam.
3633 3302 3750 3370 Ipse

2174 3384 2388 3453 navigio
2415 3382 2936 3454 ConstantinpoIim
2967 3401 3135 3454 usque
3163 3387 3439 3450 devectus,
3483 3388 3551 3440 ab
3581 3387 3749 3457 impe-

2173 3481 2352 3526 ratore
2380 3481 2435 3526 et
2463 3472 2609 3528 clero
2635 3475 2784 3528 urbis
2811 3475 3107 3530 honorifice
3137 3485 3437 3545 susceptus,
3469 3491 3569 3545 per
3595 3477 3749 3532 bien-

2173 3564 2319 3616 nium
2362 3564 2490 3617 inibi
2527 3573 2610 3618 est
2639 3564 2910 3620 detentus.
2949 3567 3277 3635 lmperatorc
3311 3568 3745 3624 communionem

2168 3654 2410 3708 Aulhitni
2440 3655 2507 3709 ab
2541 3670 2606 3708 eo
2643 3655 2894 3724 exigente
2934 3658 3346 3727 cautionemque
3379 3675 3571 3714 manus
3599 3659 3744 3729 ejus,

2170 3758 2276 3812 qua
2325 3743 2377 3797 id
2422 3757 2480 3798 se
2528 3745 2798 3800 facturum
2846 3748 3234 3814 spoponderat,
3280 3747 3636 3814 ostendente,
3677 3751 3745 3804 ad

2173 3835 2275 3888 hoc
2304 3849 2473 3903 usque
2501 3835 2781 3890 altercatio
2811 3838 3075 3905 processit
3111 3846 3170 3892 ut
3197 3838 3401 3892 diceret
3430 3855 3566 3909 papa
3599 3840 3748 3908 Vigi-

2169 3924 2273 3978 lius
2306 3941 2320 3976 :
2359 3943 2379 3978 ι
2417 3924 2525 3994 Ego
2564 3925 2780 3994 quidem
2827 3926 2894 3980 ad
2934 3927 3385 3984 clementissimos
3431 3931 3744 3999 reipublicae

2169 4014 2537 4068 moderatores
2578 4013 2941 4069 Iustinianum
2995 4017 3152 4086 eique
3201 4019 3545 4087 conjunctam
3597 4021 3745 4074 testi-

2171 4103 2310 4157 mavi
2361 4118 2444 4158 me
2487 4105 2698 4159 venisse
2744 4105 3107 4161 Theodoram.
3157 4107 3264 4162 Sed
3309 4109 3643 4164 Diocletiano
3679 4127 3744 4167 ac

2170 4194 2474 4248 Eleutheria
2507 4197 2745 4250 moribus
2787 4197 2960 4264 reperi
2992 4198 3340 4253 crudeliores.
3377 4201 3574 4255 Verum
3615 4202 3742 4270 quia

2169 4282 2417 4337 Christus
2448 4299 2532 4337 me
2561 4286 2711 4338 vobis
2740 4300 2836 4354 pro
2862 4287 3163 4341 commissis
3193 4288 3519 4358 adjudicavit
3549 4306 3742 4359 pecca-

421 4347 433 4430 ί
495 4375 668 4430 multo
695 4341 817 4444 post
848 4383 1086 4442 tempore
1115 4341 1498 4440 Langobardos
1526 4370 1578 4422 in
1611 4369 1940 4422 Pannoniam
1975 4370 2067 4422 de-
2095 4341 2143 4400 D
2173 4371 2260 4432 tis.
2291 4371 2469 4438 patiar
2494 4341 2753 4440 quidquid
2777 4381 2859 4427 est
2890 4341 3277 4442 miserrimum:
3297 4376 3423 4429 dum
3449 4341 3742 4443 vos'jusse-

499 4465 673 4520 duxit.
723 4463 917 4520 Gothis
944 4473 1148 4528 autem,
1194 4462 1285 4532 qui
1335 4461 1538 4515 Italiam
1579 4461 1903 4525 incolebant,
1946 4469 2069 4530 post

433 4599 438 4614 ς
498 4555 774 4626 Withigis,
809 4552 1031 4618 Badula,
1061 4553 1151 4622 qui
1191 4561 1246 4607 et
1284 4550 1454 4606 Totila
1492 4552 1665 4606 dictus
1699 4560 1797 4612 est,
1832 4549 2064 4620 praefuit.

424 4689 429 4712 ί
499 4646 600 4714 Qui
649 4648 716 4700 ad
760 4645 1128 4700 beatissimum
1180 4643 1402 4698 veniens
1447 4640 1659 4698 Patrem
1693 4640 2062 4704 Benedictum,

427 4793 432 4797 .
498 4735 650 4805 cujus
677 4751 838 4808 supra
871 4733 1232 4797 meminimus,
1257 4732 1324 4786 ab
1351 4746 1416 4785 eo
1444 4741 1499 4785 et
1525 4730 1798 4801 arguendo
1828 4745 2066 4784 commo-

455 4889 462 4896 ,
497 4827 663 4888 nitus,
688 4834 744 4880 et
773 4821 1162 4879 commonendo
1183 4836 1212 4874 a
1237 4834 1349 4874 sua:
1374 4818 1708 4874 crudelitatis
1733 4815 2067 4871 immanitaee
2108 4888 2114 4892 _

499 4929 584 4971 est
605 4915 893 4971 emollitos.
919 4912 1015 4967 Cui
1047 4911 1186 4966 idem
1211 4911 1291 4965 vir
1307 4909 1515 4964 Domini
1543 4907 1684 4978 quod
1711 4922 1858 4961 mare
1886 4914 2063 4960 trans-

499 5007 706 5071 iturus,
758 5004 984 5059 Romam
1027 5003 1387 5073 ingressurus,
1422 5013 1476 5052 Ix
1523 4997 1678 5052 annis
1721 5004 2063 5066 regnaturus,

423 5137 431 5151 .
498 5097 708 5170 decimo
737 5104 878 5150 esset
905 5093 1198 5147 moriturus
1228 5089 1492 5160 praedixit.

1035 5179 1260 5236 CAPUT
1299 5175 1508 5232 XXXII.

426 5323 431 5338 ,
501 5272 576 5324 De
618 5270 794 5341 Vigilii
833 5286 984 5340 papa:
1009 5281 1056 5324 at
1090 5268 1373 5324 Tlteodorce
1405 5266 1652 5335 Augusta:
1690 5261 2060 5316 controversia.

573 5361 792 5428 V-igilius
832 5362 993 5416 etiam
1037 5369 1237 5416 sanetae
1267 5359 1523 5413 Romana:
1563 5354 1815 5409 Ecclesiae
1845 5351 2062 5422 pracsul,

2169 4460 2289 4514 ritis
2330 4461 2589 4530 quidquid
2630 4472 2712 4517 est
2758 4465 3231 4520 immanissimum.
3272 4468 3421 4522 llaud
3467 4470 3608 4522 enim
3657 4485 3742 4524 re-

2167 4550 2420 4620 penditur
2473 4552 2684 4606 meritis
2735 4554 2868 4606 meis
2911 4570 3146 4624 congrua
3206 4556 3556 4621 vicissitudo,
3612 4558 3737 4612 dum

2168 4637 2374 4706 majora
2421 4639 2504 4692 Itis
2543 4655 2661 4694 mea
2705 4650 3014 4696 intereantur
3056 4641 3319 4696 facinora.
3362 4644 3571 4698 Matura
3607 4645 3738 4699 ultio

2167 4726 2352 4796 ﬂagitii
2401 4729 2603 4794 subest,
2635 4740 2691 4783 et
2735 4729 2893 4798 digno
2925 4733 3222 4786 convenior
3261 4734 3592 4802 expulsionis
3631 4735 3736 4789 Sil-

2168 4817 2300 4870 verii
2346 4818 2539 4886 pretio.
2587 4817 2768 4886 Neque
2811 4833 2970 4887 porro
3024 4818 3115 4872 Dei
3165 4821 3380 4875 oculum
3427 4832 3536 4878 tam
3586 4823 3731 4891 impii

2168 4905 2500 4961 machinator
2527 4906 2746 4961 sceleris
2767 4908 3040 4976 praeterire
3061 4918 3324 4978 poteram.
3360 4929 3379 4962 ι
3415 4912 3482 4967 Ει
3515 4914 3728 4982 quidam

2168 4995 2509 5050 familiarium
2557 4996 2816 5065 principis
2857 5013 3023 5067 prope
3072 5009 3274 5063 astans,
3303 5001 3516 5071 alapam
3555 5004 3608 5055 in
3654 5002 3728 5054 fa-

2167 5087 2302 5140 ciem
2348 5087 2619 5156 pontificis
2660 5087 2843 5152 dedit,
2889 5087 3112 5144 dicens:
3147 5107 3166 5142 ι
3205 5091 3514 5156 Homicida,
3558 5094 3727 5148 nescis

2167 5177 2250 5230 cui
2287 5175 2560 5245 loqueris?
2605 5176 2686 5231 An
2734 5189 2889 5245 putas
2942 5181 3190 5247 ignorare
3237 5196 3363 5243 nos,
3413 5182 3626 5236 dedisse
3677 5192 3724 5234 te

2166 5271 2376 5338 alapam
2421 5271 2632 5324 notario
2671 5279 2784 5334 tuo,
2813 5271 2904 5339 qui
2943 5281 2998 5324 et
3033 5273 3286 5325 continuo
3315 5271 3512 5325 cecidit
3547 5270 3726 5324 exani-

2113 5347 2116 5353 ’
2162 5360 2288 5422 mis,
2317 5369 2371 5413 et
2411 5358 2578 5412 filium
2615 5359 2790 5414 vidua:
2835 5359 3161 5421 Haslerium,
3193 5365 3275 5414 cui
3325 5369 3542 5428 neptem
3585 5369 3722 5413 tuam
