4044 5428
256 338 365 395 υδο
1321 339 1639 397 HISTORIA
1663 339 1868 394 FRANt

1967 340 2113 397 ιυΜ.
2146 371 2215 383 -
2244 344 2366 396 LIB.
2406 344 2475 404 ιι.
3389 350 3522 404 σειθ.

258 453 502 509 faetione
553 462 640 508 tua
689 453 1033 509 exsiliumin?
1064 474 1080 505 ι
1117 453 1233 521 Quo
1278 455 1365 511 ille
1410 456 1625 522 audito,
1669 454 1832 525 perti-
1860 461 1905 516 Δ
1935 469 2035 513 est.
2073 457 2332 528 Amingus
2379 474 2507 514 vero
2550 458 2674 512 dum
2726 457 2905 514 Widin
2947 460 3241 516 Gothorum
3291 468 3494 530 eomiu,

258 543 420 615 uiuit,
454 540 661 611 solique
704 543 811 595 Deo
842 559 987 613 spem
1021 560 1170 598 suam
1203 544 1561 608 committens,
1590 548 1643 597 in
1690 544 1832 598 basi-

1968 560 2119 603 ontra
2149 548 2422 604 Narsetem
2456 549 2717 605 rebellare
2749 550 2980 619 paranti,
3013 553 3212 609 auxilio
3239 568 3359 611 esse
3393 573 3497 611 non
3524 600 3525 603 η

260 631 425 683 liram
456 642 660 685 sancta:
702 633 1009 701 Euplzeusim
1049 632 1286 699 confugit
1318 634 1593 701 tenuitque
1628 632 1832 687 colum-
1934 640 2226 703 dubitaret,
2252 641 2464 711 utrique
2489 640 2729 696 Narsetis
2760 642 2956 696 virtute
2985 643 3295 700 vincuntur.
3318 646 3496 705 Widin

259 737 389 774 “3m
432 721 633 775 ³¹¹³Γῖεσ
669 722 711 775 Α
759 738 863 790 (Ιίίὶ
906 724 1143 784 εινυιδιιει
1180 724 1302 776 “me
1336 722 1471 777 εοΙῘίὶ
1512 722 1705 791 “Salus
1742 736 1835 790 βοΐ
1936 742 2121 799 captus
2151 730 2607 802 Constantinopoli
2648 732 2946 789 exsiliatur.
2974 734 3265 807 Amingus,
3306 739 3398 809 qui
3449 741 3503 796 ei
3528 784 3533 797 η

260 820 436 864 totam
488 812 824 865 circumduci
876 812 1059 866 urbem
1103 810 1325 880 jubetur
1359 822 1520 882 atque
1557 813 1619 865 ad
1652 825 1837 880 vespe-
1937 821 2135 876 auxilio
2190 836 2310 876 esse
2365 822 2634 885 voluerat,
2684 822 2922 880 Narseus
2974 825 3151 895 gladio
3200 830 3499 897 ρειείιηῖιυν,

260 916 383 952 ram
423 900 699 969 ergastulo
749 900 941 963 claudi,
974 899 1375 967 ubi,modicum
1422 900 1547 969 quid
1587 900 1740 968 panis
1783 906 1839 951 et

1967 913 2150 968 Tertius
2176 929 2385 983 quoque
2410 914 2738 969 Francorum
2764 918 2892 983 dux,
2921 920 3137 975 nomine
3162 920 3500 989 Leutharius,

261 1007 422 1059 aquae
464 992 511 1043 ei
560 993 807 1060 quotidie
854 990 1205 1045 tribuebatur.
1255 989 1599 1045 Postmodum
1645 1004 1837 1060 sugge~

264 1090 423 1134 rente
460 1080 691 1135 Narsete
737 1082 1099 1135 Rontanarum
1142 1082 1373 1149 parlium
1419 1082 1574 1145 duce,
1611 1078 1840 1134 vinculis

263 1175 335 1225 ab
368 1175 695 1242 imperatore
742 1175 948 1228 levatus
987 1189 1049 1227 ac
1084 1173 1243 1226 simul
1274 1189 1393 1227 cum
1430 1173 1574 1227 clero
1608 1187 1704 1225 suo
1735 1170 1841 1224 Ro-

263 1278 409 1313 mam
442 1261 621 1315 redire
653 1262 972 1330 permissus,
1009 1262 1097 1315 ubi
1144 1261 1442 1332 Syracusas
1485 1261 1687 1330 attigit,
1733 1258 1843 1313 cal-

264 1350 373 1403 culi
414 1349 677 1419 languore
730 1350 987 1418 fatigatus
1030 1349 1247 1403 defecit.
1291 1350 1454 1416 Cujus
1493 1364 1691 1417 corpus
1737 1348 1846 1400 lio-

268 1454 411 1491 mam
442 1439 686 1492 delatum
714 1455 778 1493 ac
811 1441 875 1491 ad
906 1449 1149 1491 sanctum
1184 1439 1490 1492 Marcellum
1516 1439 1602 1491 via
1635 1437 1843 1492 Salaria

268 1538 358 1581 est
398 1530 709 1595 humatum,
748 1530 1067 1584 succedente
1112 1530 1159 1584 ei
1205 1528 1420 1616 Pelagio
1464 1528 1519 1584 in
1564 1528 1846 1599 pontiﬁca-

273 1630 413 1677 ιη’
806 1689 1034 1745 CAPUT
1076 1688 1316 1745 xxxnt.

342 1783 414 1834 De
448 1781 635 1835 Romae
677 1799 708 1834 a
748 1781 1215 1856 Totilqobsidione
1243 1790 1290 1856 et
1323 1778 1675 1856 Romanorum
1709 1779 1777 1832 ad
1877 1795 1921 1856 Β

742 1851 1099 1904 Iustinianum
1129 1852 1393 1920 confugio.

346 1939 523 1993 Totila
569 1957 804 2011 quoque,
838 1958 931 1996 rex
971 1942 1299 2007 Gothorum,
1329 1941 1633 2011 deprtedata
1667 1940 1847 1995 Sicilia

276 2048 593 2101 :egre~sus,
647 2035 871 2088 Romam
922 2034 1203 2088 obsidione
1250 2034 1440 2087 cinxit.
1493 2032 1658 2100 Cujus
1707 2033 1853 2087 cives

279 2134 491 2177 tantam
525 2133 651 2179 tunc
677 2124 836 2179 famis
872 2126 1151 2195 penuriam
1188 2126 1331 2193 passi
1368 2134 1491 2178 sunt
1518 2134 1578 2177 ut
1605 2124 1707 2179 cibi
1738 2124 1854 2178 ino-

278 2218 367 2283 pia
417 2217 595 2270 coacti
640 2227 885 2271 natorum
928 2232 1148 2271 suorum
1193 2231 1389 2271 carnes
1430 2217 1590 2271 edere
1634 2215 1850 2270 vellent.

275 2310 467 2365 Fessis
497 2312 701 2365 diutina
734 2326 907 2383 pugna
950 2311 1218 2379 simulque
1255 2311 1431 2366 inedia
1470 2309 1728 2363 Romanis
1758 2324 1855 2363 nec

279 2404 601 2458 valentibus
647 2406 841 2457 mtenia
898 2404 1052 2466 tueri,
1088 2403 1262 2457 Totila
1308 2418 1338 2456 a
1390 2415 1541 2471 parte
1585 2401 1853 2457 llostiensi

279 2496 477 2549 urbem
519 2496 747 2564 irrupit;
783 2496 894 2564 qui,
923 2510 1145 2563 parcere
1190 2495 1371 2563 potius
1398 2494 1655 2548 Romanis
1693 2508 1856 2561 quam

276 2601 376 2639 eos
408 2587 638 2653 perdere
667 2585 890 2649 malens,
919 2602 1014 2655 per
1062 2594 1230 2639 totam
1274 2596 1507 2648 noctem,
1541 2599 1645 2653 qua
1689 2584 1860 2638 victor

280 2678 483 2731 urbem
527 2678 771 2742 intravit,
804 2678 1065 2747 quosdam
1095 2693 1313 2731 suorum
1344 2678 1585 2732 buccinis
1614 2676 1861 2746 clangere

272 2767 438 2836 jubet
468 2784 482 2822 :
519 2787 537 2820 ι
568 2768 635 2823 Ut
660 2771 809 2824 cives
846 2785 904 2824 se
944 2785 971 2822 a
1004 2768 1303 2824 Gothorum
1339 2768 1529 2838 gladiis
1563 2777 1656 2822 aut
1692 2768 1862 2823 δοριθ-

282 2860 386 2913 siis
426 2870 710 2915 tuerentur
758 2869 852 2915 aut
894 2861 1195 2929 quibusque
1242 2860 1415 2914 modis
1460 2859 1791 2914 occulerent.
1837 2878 1855 2911 ο

286 2951 682 3022 liabitavitque
735 2953 1069 3021 aliquantum
1119 2952 1375 3022 temporis
1421 2967 1543 3006 cum
1583 2948 1861 3015 Romanis,

285 3042 416 3113 plus
441 3055 664 3110 paterna
708 3044 908 3113 pietate
936 3043 1081 3097 circa
1119 3058 1212 3099 eos
1238 3058 1364 3098 usus
1393 3058 1552 3112 quam
1583 3041 1861 3113 tyrannica

287 3134 641 3188 crudelitate.
669 3134 813 3188 Hanc
845 3134 940 3199 illi,
966 3144 1022 3188 ut
1049 3136 1396 3198 concedatur,
1427 3134 1594 3188 animi
1622 3133 1867 3203 benigni-
1895 3139 1939 3201 ο

292 3234 486 3282 tatem.
514 3226 604 3293 qui
638 3226 818 3279 nimia:
852 3234 1012 3279 antea
1043 3225 1377 3280 crudelitatis
1401 3226 1698 3287 exstiterat,
1724 3224 1867 3280 beati

293 3317 481 3369 Patris
530 3317 801 3371 Benedicti
849 3318 1029 3387 (quem
1080 3317 1242 3381 olim,
1292 3325 1353 3371 ut
1399 3316 1715 3387 prazdictum
1763 3324 1868 3381 est,

292 3410 573 3479 audierat)
621 3409 845 3463 monitio
884 3409 1133 3463 contulit.
1168 3408 1347 3477 Aliqui
1379 3422 1507 3462 sane
1553 3423 1619 3462 ex
1657 3417 1873 3462 senato-

292 3501 470 3561 ribus,
504 3500 733 3553 Romani
779 3500 1047 3568 quondam
1095 3500 1262 3568 gloria
1313 3500 1563 3561 nominis,
1612 3511 1736 3553 tunc
1779 3515 1873 3552 au-

296 3601 410 3644 tem
443 3592 654 3644 misera:
689 3592 927 3659 reliquia:
955 3592 1183 3645 desertae
1214 3590 1467 3651 civitatis,
1495 3590 1873 3644 Constantino-

296 3682 467 3750 pulitn
515 3681 878 3735 Justinianum
939 3681 1237 3750 principem
1288 3680 1541 3733 adierunt
1582 3680 1871 3749 supplices,

296 3773 423 3826 adv.
445 3786 593 3825 rsum
621 3771 825 3826 Gothos
852 3773 1052 3826 auxilia
1086 3780 1393 3840 poscentes.
1426 3769 1696 3824 Turbatus
1722 3768 1874 3839 gravi

296 3864 495 3918 nuntio
538 3862 740 3927 Cassar,
785 3866 943 3918 rebus
983 3864 1037 3917 in
1086 3861 1347 3929 Hesperia
1394 3861 1573 3914 minus
1616 3874 1875 3929 prospere

296 3955 503 4025 gestis,
558 3952 835 4008 Narsetem
881 3955 1226 4020 eunuchum,
1296 3952 1684 4008 cubiculariqu
1749 3966 1876 4005 vero

298 4064 487 4114 suum,
516 4061 798 4119 expertum
841 4050 962 4106 belli
999 4052 1201 4115 virum,
1241 4049 1386 4103 omni
1419 4048 1623 4102 militia:
1657 4062 1778 4116 qua:
1823 4047 1875 4101 in

301 4140 456 4194 italia
494 4150 614 4195 erat
654 4143 906 4211 praefecit.
953 4142 1043 4196 Ille
1074 4155 1299 4212 propere
1328 4140 1525 4210 (neque
1549 4138 1694 4194 enim
1724 4136 1881 4191 ditl‘e-

302 4233 461 4286 rendi
504 4242 714 4303 tempus
761 4232 1005 4301 dabatur)
1033 4248 1154 4287 cum
1191 4232 1327 4286 lecta
1365 4230 1525 4301 pube,
1562 4228 1881 4283 transmisso

305 4321 708 4377 Mediterraneo
737 4324 874 4378 freto
903 4326 954 4377 in
983 4323 1196 4377 Latium
1243 4322 1544 4384 contendit,
1590 4331 1646 4375 et
1677 4318 1879 4387 junctis

305 4415 409 4467 sibi
444 4414 919 4483 Langobardorum
946 4414 1159 4469 auxiliis
1182 4430 1304 4468 cum
1330 4414 1523 4469 Gothis
1550 4412 1731 4482 przelio
1754 4426 1880 4466 con-

1942 1004 2205 1059 Bucelleni
2253 1021 2561 1075 germanus,
2589 1006 2711 1061 dum
2754 1008 2921 1062 multa
2950 1019 3177 1067 onustus
3210 1015 3387 1081 praeda
3423 1032 3509 1069 reo

1941 1096 2138 1165 pedare
2180 1096 2401 1151 festinat
2450 1097 2515 1151 ad
2559 1099 2794 1167 propria,
2828 1100 2967 1156 inter
3002 1104 3267 1158 Veronam
3296 1120 3357 1160 ac
3390 1108 3509 1159 Tri-

1942 1186 2159 1241 dentum
2196 1187 2348 1255 juxta
2399 1188 2573 1242 lacum
2620 1189 2890 1263 Benacqu
2935 1197 3153 1264 propria
3200 1208 3372 1252 morte
3412 1198 3507 1251 de-

1944 1276 2159 1334 functus
2206 1289 2306 1334 cst.
2358 1280 2555 1335 Habuit
2607 1281 2950 1339 nihilominus
2996 1286 3192 1341 Narses
3236 1297 3509 1342 certamen

1946 1370 2204 1426 adversus
2231 1370 2497 1439 Sisuvald,
2529 1372 2845 1428 Brentorum
2876 1392 3081 1447 regem,
3114 1376 3202 1446 qui
3236 1378 3409 1432 adhuc
3445 1377 3511 1430 do

1947 1458 2264 1514 llcrulorum
2308 1463 2477 1530 stirpe
2524 1473 2886 1529 remanserat,
2924 1482 3057 1535 quos
3091 1482 3272 1521 secum
3318 1467 3371 1520 in
3412 1468 3514 1521 Ita-

1945 1548 2071 1604 liam
2113 1551 2335 1607 veniens
2372 1554 2615 1609 Odoacer
2653 1556 2967 1613 adduxerat.
3014 1559 3173 1614 Solus
3201 1558 3396 1628 quippe
3426 1558 3512 1611 Si-

1949 1640 2136 1694 suvald
2177 1642 2241 1696 de
2284 1643 2601 1699 llerulorum
2644 1656 2803 1715 gente
2834 1650 3124 1705 restiterat.
3158 1650 3292 1705 Huic
3320 1649 3518 1704 Narses

1952 1730 2176 1786 ﬁdeliter
2202 1733 2300 1787 sibi
2329 1736 2559 1806 primum
2590 1738 2880 1794 adltterenti
2908 1741 3075 1796 multa
3102 1740 3359 1797 beneﬁcia
3391 1756 3521 1795 con-

1953 1822 2094 1878 tulit.
2138 1822 2243 1878 Sed
2290 1826 2579 1883 novissime
2624 1830 2855 1898 superbe
2901 1831 3153 1886 rebellem
3197 1840 3251 1885 et
3299 1846 3519 1901 regnum

1952 1913 2175 1968 dilatare
2205 1931 2358 1971 suum
2400 1933 2495 1987 per
2522 1917 2725 1973 italiam
2761 1921 3063 1989 cupientem
3102 1921 3241 1976 bello
3280 1920 3524 1989 superior

1953 2003 2094 2073 cepit
2129 2004 2380 2074 celsaque
2405 2006 2469 2061 de
2498 2007 2647 2063 trabe
2676 2010 2971 2077 suspendit.
3012 2011 3112 2065 llic
3146 2011 3341 2065 Narses
3374 2011 3525 2079 prius

1953 2094 2168 2161 quidem
2213 2096 2540 2151 cartularius
2586 2096 2727 2165 fuit;
2759 2099 2953 2154 deinde
2994 2108 3214 2169 propter
3263 2099 3524 2152 virtutum

1956 2184 2147 2238 merita
2193 2187 2512 2254 patriciatus
2561 2188 2817 2245 honorem
2861 2192 3176 2259 promeruit.
3226 2190 3357 2245 Erat
3399 2204 3528 2243 vero

1956 2275 2037 2329 vir
2067 2277 2357 2346 piissimus,
2390 2280 2645 2351 religione
2686 2281 3003 2347 catholicus,
3029 2282 3080 2337 in
3121 2296 3382 2352 pauperes
3409 2296 3527 2334 mu-

1959 2366 2176 2432 nitieus,
2225 2368 2277 2422 iu
2328 2372 2707 2438 recuperandis
2760 2381 3068 2428 sanctorum
3118 2372 3352 2429 basilicis
3396 2371 3529 2425 satis

1959 2456 2252 2523 studiosus,
2290 2460 2486 2528 vigiliis
2528 2468 2581 2515 et
2627 2462 2961 2517 orationibus
3009 2460 3143 2516 adeo
3189 2461 3422 2515 intentus
3471 2467 3531 2512 ut

1960 2548 2129 2616 magis
2156 2551 2409 2619 precibus
2435 2553 2546 2609 Deo
2565 2552 2801 2625 profusis
2822 2568 2984 2624 quam
3007 2553 3175 2609 armis
3198 2552 3369 2608 victor
3391 2551 3539 2609 foret

1960 2639 2183 2696 bellicis.

2515 2734 2741 2791 CAPUT
2781 2734 2999 2791 XXXV.

2268 2824 2348 2878 De
2369 2825 2557 2880 Alboin
2590 2825 3057 2896 Langobardorum
3088 2842 3222 2895 rege.

2033 2914 2088 2969 ln
2120 2915 2224 2971 illis
2271 2918 2483 2982 diebus,
2514 2918 2707 2974 Alboin
2752 2919 2894 2973 ﬁlius
2925 2918 3118 2974 Aldoiu
3164 2917 3535 2995 Longobardis

1965 3006 2197 3075 praefuit.
2230 3008 2349 3073 llic,
2382 3011 2596 3066 vivente
2618 3012 2791 3066 adhuc
2819 3010 3084 3081 genitore,
3109 3025 3228 3064 cum
3259 3009 3535 3062 Turismo.

1970 3096 2062 3161 do,
2094 3098 2410 3155 Turissendi
2438 3100 2766 3171 Gepidarum
2799 3102 2941 3171 regis
2965 3099 3251 3166 tilio,bello
3273 3097 3531 3154 conﬁixit.

1971 3187 2038 3242 Et
2077 3204 2198 3243 cum
2244 3204 2453 3246 summa
2494 3192 2545 3245 vi
2589 3193 2847 3260 utrinque
2902 3193 3306 3251 decerneretur,
3344 3188 3536 3242 Alboin

1970 3275 2371 3343 Turismodum,
2422 3290 2577 3350 spata
2629 3282 2847 3336 cervice
2885 3289 3041 3334 tenus
3094 3292 3439 3347 percussuro,
3471 3274 3551 3328 ad.

1968 3374 2169 3422 terram
2191 3368 2383 3437 dejecit
2411 3378 2702 3424 mortuum.
2737 3369 2960 3424 Turbati
2983 3367 3197 3436 Gepidi,
3220 3365 3360 3434 quod
3391 3363 3545 3431 regis

1970 3455 2160 3523 ﬁlium,
2187 3474 2283 3528 per
2306 3474 2465 3528 quem
2496 3459 2729 3514 maxima
2755 3475 2819 3513 ex
2842 3466 2994 3528 parte
3018 3456 3255 3525 praelium
3281 3453 3537 3509 substite-

1970 3552 2469 3618 rat,interemptum
2495 3548 2919 3616 conspiciebant,
2944 3545 2995 3598 in
3024 3543 3201 3609 fugam
3227 3542 3366 3596 versi
3390 3548 3536 3594 sunt.

1970 3643 2039 3696 At
2068 3657 2197 3695 vero
2236 3641 2449 3704 Alboin,
2477 3647 2693 3709 patrata
2726 3636 2971 3699 victoria,
3008 3636 3073 3693 ad
3126 3640 3332 3702 patrem
3386 3631 3538 3684 lactus

1973 3733 2151 3787 rediit.
2193 3732 2301 3786 Nec
2329 3730 2497 3785 multo
2532 3738 2656 3800 post
2679 3730 2729 3783 ei
2763 3728 2868 3782 vita
2910 3724 3187 3780 decedenti
3218 3724 3268 3775 in
3317 3737 3537 3789 regnum

1971 3820 2291 3877 substitutus
2320 3828 2423 3876 est.

2512 3904 2737 3960 CAPUT
2776 3900 3012 3957 XXXVI.

1978 3998 2050 4053 De
2079 3998 2287 4055 Cautini
2312 3996 2544 4066 facinore
2595 4007 2639 4048 et
2665 3996 2832 4114 superi
2864 3990 3103 4047 Medardi
3134 3989 3357 4043 transitu
3388 3997 3433 4042 et
3465 4004 3545 4042 se-

2660 4082 2723 4114 nu
2751 4079 2859 4114 cro.

2658 4079 2859 4133 putcro.

2052 4160 2146 4216 llis
2200 4159 2389 4214 diebus
2434 4157 2717 4221 Cautinus,
2758 4156 3013 4209 Arverna:
3070 4151 3219 4206 urbis
3262 4150 3547 4219 episcopus

1980 4267 2091 4306 rem
2126 4249 2421 4304 inauditam
2445 4246 2635 4301 fecisse
2661 4252 3010 4300 memoratur.
3034 4242 3165 4297 Erat
3191 4242 3243 4296 in
3275 4241 3388 4310 ipsa
3417 4239 3550 4297 urbo

1979 4340 2291 4396 Anastasius
2342 4339 2557 4408 quidam
2606 4337 2841 4399 nomine,
2873 4334 3045 4391 ofﬁcio
3079 4349 3207 4389 vero
3244 4333 3548 4402 presbyter,

1984 4431 2249 4500 ingenuus
2300 4442 2516 4497 genere.
2570 4426 2723 4482 Hunc
2772 4425 3087 4494 frequenter
3115 4421 3380 4494 pontifex,
3408 4435 3554 4475 nunc

305 4502 471 4556 ﬂixit.
520 4480 800 4573 Totilaque
841 4519 963 4573 rege
1009 4502 1294 4558 interfecto
1336 4480 1652 4557 Italiaurab
1689 4515 1868 4556 eorum

1986 4480 2257 4590 precibus,
2290 4532 2432 4572 nunc
2467 4516 2626 4571 minis
2669 4513 3021 4584 compellebat
3054 4520 3113 4568 ut
3163 4511 3551 4582 proprietatem

310 4592 680 4647 dominatione
717 4594 933 4662 eripuit.

858 4709 1080 4765 CAPUT
1116 4708 1354 4764 XXXIV.

488 4801 561 4855 De
591 4801 722 4855 bello
746 4801 1021 4855 Bucelleno
1041 4802 1164 4854 duci
1193 4801 1255 4853 ab
1289 4800 1510 4853 Nursele
1534 4800 1701 4853 illato.

383 4892 670 4946 BuCrIleuo
699 4891 866 4945 etiam
897 4892 1015 4946 duci
1047 4890 1247 4945 Narses
1274 4889 1470 4944 bellum
1488 4888 1700 4951 intulit,
1724 4901 1886 4955 quem

314 4984 746 5050 Theodebertus,
779 4999 869 5038 rex
899 4984 1251 5047 Francorum,
1275 4992 1334 5035 ut
1376 4997 1534 5050 supra
1568 4979 1891 5034 memoravi-

315 5090 459 5139 mus,
503 5089 622 5128 cum
670 5074 878 5127 Italiam
924 5073 1226 5135 introisset,
1270 5086 1517 5126 reversus
1561 5071 1628 5125 ad
1671 5068 1891 5132 Gallias,

312 5179 437 5217 cum
462 5165 691 5230 Amingo
720 5162 826 5217 alio
852 5164 978 5218 duce
1006 5163 1074 5217 ad
1107 5176 1226 5216 eam
1250 5160 1635 5228 subjiciendam
1666 5157 1904 5226 relique--

315 5262 421 5307 rat.
473 5253 569 5320 Qui
622 5251 968 5319 Bucellenus,
1028 5254 1360 5319 interempto
1407 5250 1700 5313 Belisario,
1768 5250 1891 5303 dum

311 5359 448 5394 nene
488 5355 655 5394 lotam
701 5343 902 5394 Italiam
953 5342 1351 5394 direptionibus
1394 5351 1629 5394 vastaret
1664 5348 1717 5394 et
1750 5342 1893 5394 reei-

1988 4628 2163 4678 suam,
2196 4627 2359 4683 quam
2399 4625 2495 4680 per
2520 4610 2737 4664 chartas
2781 4606 3026 4676 gloriosa:
3074 4603 3348 4657 memoriae
3387 4600 3559 4654 Chro-

1992 4704 2138 4758 tildis
2175 4702 2377 4771 regina:
2410 4700 2737 4771 possidebat,
2767 4713 2888 4752 cum
2918 4697 3051 4766 ipsis
3096 4692 3303 4747 chartis
3336 4692 3387 4746 ei
3419 4691 3561 4744 dono

1989 4778 2159 4847 daret.
2190 4790 2306 4857 Quo
2320 4789 2570 4845 omnibus
2589 4787 2760 4843 modis
2781 4795 3063 4852 renuente,
3086 4783 3371 4850 episcopus
3392 4796 3421 4833 a
3440 4779 3563 4831 villa

1991 4888 2055 4940 ad
2090 4884 2274 4937 urbem
2302 4881 2588 4935 deductum
2621 4878 2937 4933 custodibus
2974 4875 3168 4945 legavit
3210 4870 3399 4923 inedia
3458 4866 3569 4918 alli-

1994 4974 2264 5035 ciendum,
2301 4971 2353 5024 ni
2377 4969 2543 5040 petita
2575 4965 2889 5035 compleret.
2938 4964 3044 5020 Sed
3097 4959 3183 5013 ille
3229 4956 3365 5010 forti
3399 4955 3578 5010 animo

1996 5064 2302 5127 resistebat,
2337 5064 2520 5117 dicens
2548 5060 2651 5114 sibi
2678 5057 2873 5111 melius
2910 5069 3033 5111 esse
3077 5049 3144 5102 ad
3186 5056 3419 5112 tempus
3448 5042 3587 5094 fame

1995 5156 2131 5212 aﬁiei
2160 5167 2323 5221 quam
2376 5149 2587 5205 traditis
2640 5145 2799 5200 rebus
2846 5143 2988 5197 ﬁlios
3022 5131 3425 5192 exhaeredare.
3473 5130 3601 5181 Erat

1998 5244 2136 5317 apud
2176 5242 2459 5296 basilicam
2487 5236 2659 5292 Cassii
2691 5232 2949 5300 martyris
2968 5232 3183 5298 crypta,
3208 5222 3380 5317 cLiu
3415 5236 3477 5276 ea
3498 5231 3609 5268 sar-

1997 5306 2302 5394 conliagum
2343 5328 2623 5394 cujusdam
2656 5320 2834 5388 magni
2862 5316 3108 5374 hominis
3135 5324 3201 5363 ex
3242 5306 3448 5370 Pario
3479 5321 3617 5361 mar-
