4044 5428
532 263 629 320 691

1535 269 1793 325 AIMOINI
1833 266 2133 326 MONACHI
2171 265 2664 322 rwmacsnsrs
2727 234 2732 238 ’

3651 261 3757 318 692

527 377 834 446 Dominum,
855 379 1104 435 custodes
1127 379 1376 436 inebriati
1401 382 1526 436 vino
1558 392 1839 438 vertuntur
1859 383 1912 436 in
1938 396 2078 437 som-
2108 384 2152 439 Α
2179 379 2298 434 aliis
2323 380 2584 434 coenobiis
2610 389 2916 434 sanctorum
2945 376 3483 433 muniﬁcentissimus
3515 377 3752 434 etStitit.

525 483 675 522 num.
709 469 860 536 Quod
911 468 999 526 ille
1047 470 1366 542 intell’gens,
1398 473 1656 536 brachiis,
1682 489 1800 544 quae
1852 482 2084 528 tantum-

523 558 685 613 modo
715 559 877 613 libera
897 571 1114 631 propter
1129 562 1550 632 magnitudinem
1573 564 1803 632 sepulcri
1825 564 2081 628 habebat,

521 648 831 716 operculum
880 651 946 705 ad
1000 667 1160 706 unam
1209 654 1420 724 impulit
1471 665 1680 723 partem
1738 665 2084 724 reseratoque

521 738 911 807 aliquantulum
934 741 1109 798 loculo
1136 755 1297 815 caput
1322 746 1494 801 erexit
1521 753 1573 800 et
1601 746 1679 800 sic
1724 755 1835 800 toto
1865 757 2083 816 pectore

521 827 723 881 aditum
753 831 1065 899 egrediendi
1100 833 1200 888 sibi
1241 835 1468 903 paravit.
1503 834 1842 889 Gravabatur
1881 845 2078 899 autem,

520 924 578 968 ut
610 917 722 986 ipse
772 921 1112 988 postmodum
1164 925 1414 988 asseruit,
1447 925 1613 980 nimio
1665 925 1854 991 fetore,
1887 928 1976 995 qui
2015 941 2082 980 ex

515 1006 820 1074 putrefacto
849 1011 1133 1064 emanabat
1163 1027 1409 1082 corpore.
1437 1015 1618 1084 Itaque
1644 1015 1890 1084 sepulcro
1923 1015 2076 1080 liber,

517 1095 584 1148 ad
614 1098 811 1151 ostium
834 1109 1034 1170 cryptae
1061 1113 1335 1182 properat.
1397 1105 1624 1160 Ficbant
1670 1106 1814 1159 enim
1861 1106 1974 1161 hcce
2024 1107 2079 1160 in

518 1186 670 1242 initio
709 1191 901 1244 noetis.
947 1190 1098 1256 Quod
1149 1194 1461 1248 obseratum
1514 1187 1788 1250 inveniens
1834 1207 1882 1250 et
1942 1196 2082 1250 inter

516 1279 682 1334 rimas
709 1283 1057 1351 prospiciens,
1091 1284 1236 1339 videt
1266 1285 1534 1341 hominem
1565 1303 1687 1342 cum
1734 1289 1908 1342 securi
1945 1304 2081 1356 prte-

518 1379 840 1425 tereuntem.
873 1371 1026 1427 Ilunc
1050 1372 1153 1427 leni
1191 1389 1412 1430 susurro
1442 1391 1671 1430 evocans
1700 1385 1856 1444 rogat
1885 1385 1942 1431 ut
1968 1377 2080 1432 adi-

516 1471 630 1514 tum
663 1463 840 1516 securi
878 1472 1103 1517 reseret.
1148 1463 1265 1530 Quo
1293 1465 1602 1534 impetrato,
1623 1467 1902 1536 presbyter
1950 1483 2074 1537 pro-

519 1552 762 1622 greditur
789 1552 947 1618 liber,
974 1569 1172 1624 rogans
1195 1556 1369 1609 virum
1395 1572 1461 1611 ne
1497 1559 1560 1611 de
1580 1573 1636 1612 se
1662 1559 1911 1626 cuiquam
1943 1557 2082 1611 indi-

513 1651 760 1704 caret,ac
786 1643 998 1697 demum
1029 1645 1094 1698 ad
1127 1645 1342 1700 domum
1365 1661 1515 1700 suam
1547 1647 1776 1716 indeque
1800 1647 1864 1699 ad
1894 1662 2073 1718 regem

2185 469 2421 537 Indeque
2449 469 2746 524 venationis
2787 469 2960 540 gratia
3015 467 3347 532 exercendae,
3369 465 3524 537 cujus
3553 464 3764 524 studio-

2183 575 2274 614 sos
2302 561 2413 614 fore
2447 561 2686 616 Francos
2712 576 2871 631 supra
2910 560 3273 623 meminimus,
3308 560 3525 615 Cociam
3565 559 3760 615 silvam

2183 647 2478 719 Ingressus,
2507 650 2630 703 dum
2667 665 2827 720 supra
2860 651 3002 702 vires
3028 649 3294 716 corporis,
3326 649 3469 718 quod
3498 659 3762 704 senectus

2183 736 2582 801 debilitaverat,
2609 739 2847 808 indulget
2875 739 3274 803 exercitationi,
3314 739 3496 793 animo
3527 739 3762 794 validior

2182 843 2344 896 quant
2384 843 2634 897 corpore,
2667 829 2982 883 comminuit
3007 844 3220 882 omnem
3254 843 3363 882 sua:
3384 829 3622 897 vigorem
3663 844 3756 882 sa-

2181 919 2308 973 lutis
2329 921 2808 990 aegritudinemque
2841 919 3114 975 contraxit
3141 934 3376 985 gravem.
3410 917 3604 972 Febris
3633 925 3758 972 erat

2179 1011 2495 1074 vehemens,
2526 1011 2770 1065 continui
2807 1027 2870 1064 ac
2917 1011 3033 1064 sine
3087 1009 3190 1062 ulla
3237 1009 3647 1063 intermissione
3675 1008 3758 1062 vi-

2183 1116 2397 1156 scerum
2430 1103 2658 1157 dolores.
2699 1104 2832 1157 Dum
2864 1103 3141 1157 cruciatur
3168 1110 3329 1170 atque
3358 1101 3582 1155 alternis
3613 1100 3752 1154 vici-

2179 1195 2302 1257 bus,
2355 1211 2500 1249 nunc
2551 1195 2740 1264 frigus,
2774 1210 2915 1248 nunc
2964 1194 3114 1248 calor
3160 1195 3401 1247 memlra
3451 1193 3752 1262 exagitant.

2179 1282 2322 1338 Inter
2373 1298 2514 1353 aegra
2566 1285 2796 1354 suspiria
2847 1298 2965 1352 qua:
3010 1298 3162 1338 meas
3235 1282 3591 1352 extorquebat
3647 1281 3754 1336 sibi

2177 1371 2318 1425 male
2343 1372 2554 1426 conscia
2586 1373 2699 1427 lucc
2724 1372 2953 1426 iterabat
2985 1370 3146 1426 verba
3173 1386 3190 1425 :
3219 1389 3237 1421 ‹
3265 1371 3401 1431 Vua,
3434 1385 3559 1433 vua,
3586 1383 3754 1438 quam

2156 1475 2406 1537 ‘magnus
2437 1470 2519 1514 est
2545 1460 2660 1514 Rex
2690 1460 2776 1514 ille
2811 1459 3068 1523 cmlestis,
3097 1459 3189 1528 qui
3227 1459 3304 1512 sic
3336 1457 3588 1512 humiliat
3617 1457 3756 1510 sub-

2178 1551 2334 1605 limes
2367 1560 2522 1605 terrte
2558 1565 2731 1620 reges.
2769 1549 2876 1605 Iste
2909 1565 3031 1604 cum
3073 1551 3143 1603 sit
3173 1547 3494 1603 immortalis
3518 1587 3534 1611 ,
3558 1546 3757 1600 melior

2177 1648 2263 1694 est
2289 1640 2480 1709 quovis
2501 1639 2648 1694 orbis
2678 1647 2946 1694 terrarum
2985 1639 3228 1710 principe
3254 1637 3486 1692 mortali.
3523 1637 3680 1704 Quod
3703 1637 3751 1692 si

515 1731 813 1786 Clotarium
843 1741 1118 1803 properat.
1172 1733 1268 1788 Cui
1317 1750 1439 1789 cum
1494 1751 1712 1790 causam
1766 1747 2075 1792 enarrasset

2180 1731 2391 1796 melior,
2421 1740 2474 1784 et
2504 1731 2774 1801 potentior
2801 1749 2814 1784 :
2843 1740 2896 1786 et
2925 1731 2968 1785 si
2999 1731 3295 1800 potentior,
3321 1745 3451 1802 ergo
3490 1740 3548 1784 et
3581 1730 3755 1784 mise-

512 1837 690 1889 suam,
721 1837 846 1894 rege
875 1838 938 1878 ac
969 1825 1321 1893 optimatibus
1346 1826 1649 1881 dicentibus
1670 1827 1812 1896 quod
1845 1844 1943 1882 nec
1972 1827 2075 1882 IIe-

518 1914 666 1971 rodis
693 1915 776 1970 vel
809 1915 1036 1972 Neronis
1070 1926 1309 1986 tempore
1349 1917 1472 1972 talia
1498 1918 1714 1974 fuerunt
1737 1929 1905 1990 gesta,
1927 1919 2076 1990 jube-

513 2014 602 2058 tur
624 2004 813 2058 adduci
843 2005 1149 2075 episcopus.
1178 2006 1280 2072 Qui
1315 2007 1440 2062 dum
1483 2007 1623 2062 istud
1647 2008 1946 2075 sejussisse
1977 2025 2075 2062 nc-

511 2101 685 2164 garet,
708 2108 737 2147 a
759 2094 1078 2165 presbytero
1095 2095 1375 2150 convictus
1399 2095 1763 2165 confususque
1794 2097 2072 2152 abscessit.

509 2180 801 2253 Presbyter
824 2197 952 2238 vero
985 2197 1071 2238 res
1105 2199 1234 2238 suas
1266 2185 1458 2238 tenuit.
1500 2183 1616 2250 Quo
1662 2194 1920 2254 tempore,
1948 2185 2076 2239 bea-

509 2279 598 2326 tus
625 2271 908 2327 Medardus
951 2273 1376 2329 Vermandensis
1405 2275 1710 2345 episcopus,
1737 2276 1928 2343 plenus
1966 2275 2074 2328 vir-

508 2361 732 2426 tutibus,
764 2361 1016 2433 migravit
1050 2363 1115 2416 ad
1157 2363 1460 2418 Dominum.
1492 2364 1656 2433 Cujus
1704 2381 1903 2436 corpus
1951 2365 2072 2421 Clo-

512 2452 682 2506 larius
713 2467 806 2507 rex
834 2453 1380 2510 honorificentissimo
1407 2456 1706 2511 recondidit
1734 2455 2026 2512 mausoleo.

569 2529 914 2550 “‘W
1036 2545 1262 2602 CAPUT
1299 2547 1560 2604 xxxvu.

509 2654 589 2710 De
618 2655 839 2711 Clotarii
873 2659 1004 2730 regis
1027 2631 1412 2724 donationibus,
1441 2672 1489 2714 et
1513 2637 1614 2731 piis
1641 2662 1898 2732 operibus,
1929 2664 2071 2718 obitu

1088 2746 1150 2783 ac
1178 2732 1488 2785 Itwretlibus.

681 2530 914 2542 ..οε-αυεβα*-

521 2881 533 2893 _
578 2813 720 2869 Idem
745 2831 873 2872 vero
916 2817 1146 2889 inclytus
1195 2835 1284 2874 rex
1318 2821 1650 2876 Francorum
1681 2819 1968 2888 Clotarius,
2003 2823 2070 2876 ad

509 2901 758 2974 suﬂ'ragia
807 2907 1007 2976 egregii
1039 2908 1366 2964 confessoris
1393 2911 1607 2966 Martini
1638 2912 1688 2965 in
1719 2913 1936 2966 tutelam
1968 2914 2068 2968 sibi

508 2994 870 3060 exposcenda,
899 2995 1132 3050 Turonis
1157 2998 1309 3051 abiit.
1334 2996 1530 3052 Multus
1556 2999 1628 3053 ibi
1654 3015 1751 3067 pro
1780 3016 1874 3054 sua
1899 3001 2070 3057 salute

510 3096 835 3152 suorumque
883 3085 1248 3151 peccaminum
1282 3087 1570 3142 abolitione
1601 3088 1809 3143 Domini
1849 3104 1913 3144 ac
1943 3105 2070 3146 sau-
2096 3059 2142 3122 ς·

510 3179 718 3226 rtorum
749 3170 863 3238 ejus
884 3182 1134 3240 precator
1159 3184 1212 3229 et
1237 3175 1553 3232 clarissimis
1581 3178 1738 3234 donis
1767 3179 1938 3234 eidem
1983 3195 2072 3235 sa-

511 3275 605 3316 cro
645 3260 759 3317 loco
788 3261 934 3334 regia
962 3263 1282 3322 liberalitate
1315 3266 1628 3338 impartitis,
1661 3270 1714 3324 in
1745 3271 1979 3325 ditandis
2015 3281 2070 3327 ct

2180 1821 2426 1876 ricordiae
2479 1821 2724 1892 largitor.
2779 1822 2882 1889 Qui
2938 1837 3082 1887 non,
3131 1833 3190 1877 ut
3225 1823 3380 1876 multi
3428 1821 3746 1884 hominum,

2178 1912 2442 1968 mortibus
2476 1913 2778 1968 delectatur
2804 1929 3052 1977 reorum;
3087 1915 3182 1968 sed
3211 1913 3522 1968 misericors
3542 1927 3607 1966 ac
3640 1912 3752 1965 mi-

2177 2013 2387 2058 serator
2413 2005 2784 2074 ptenitentiam
2811 2005 3155 2073 amplectitur
3200 2012 3570 2072 peccatorum.
3599 2002 3754 2057 Illius

2179 2093 2346 2163 igitur
2367 2095 2666 2149 clementia:
2695 2109 2888 2149 munus
2925 2095 3051 2149 totis
3099 2102 3182 2148 est
3208 2094 3570 2164 cx0ptandum
3615 2091 3753 2146 atfe-

2177 2183 2352 2238 ctibus
2379 2185 2548 2253 deque
2573 2185 2688 2254 ejus
2735 2185 3081 2239 miseratione
3112 2200 3387 2255 nunquam
3434 2184 3736 2252 desperan-

2175 2275 2324 2332 dum.
2365 2294 2383 2326 ι
2416 2275 2559 2329 Inter
2599 2277 2696 2330 hos
2735 2283 2898 2345 atque
2941 2275 3249 2346 hujusmodi
3278 2290 3554 2330 sermones
3582 2275 3749 2328 tinem

2175 2365 2381 2435 imperii
2413 2366 2610 2430 edidit,
2641 2381 2836 2435 corpus
2871 2374 3047 2430 terrae,
3081 2381 3302 2435 regnum
3339 2364 3464 2418 filiis
3508 2363 3753 2418 derelin-

2173 2471 2363 2525 quens,
2392 2471 2489 2527 per
2523 2457 2913 2527 quinquaginta
2957 2467 3012 2513 et
3047 2473 3212 2511 unum
3258 2471 3427 2510 annos
3477 2465 3748 2525 potestate

2173 2547 2408 2613 functus,
2446 2557 2703 2617 perpetua
2733 2553 2796 2603 ac
2826 2563 3043 2618 semper
3074 2549 3128 2602 in
3166 2546 3338 2614 majus
3361 2556 3740 2616 augmentata.

2174 2633 2327 2693 Filiis
2350 2641 2500 2709 regni
2525 2640 2830 2696 haeredibus
2853 2639 3156 2708 hujusmodi
3180 2639 3436 2694 vocabula
3465 2655 3481 2701 ς
3511 2637 3747 2708 primus,

2173 2728 2570 2795 Cherebertus;
2597 2745 2847 2800 sequens,
2869 2730 3245 2796 Guntraunus;
3277 2730 3492 2795 tertius,
3520 2728 3746 2798 Chilpe-

2173 2822 2346 2886 ricus;
2376 2831 2620 2890 quartus,
2645 2822 2981 2894 Sigebertus,
3007 2822 3200 2880 vocati.
3253 2821 3614 2890 Sepultusque
3657 2831 3748 2875 est

2173 2912 2228 2967 in
2261 2913 2484 2968 basilica
2526 2912 2713 2969 Sancti
2751 2913 3014 2977 Medartli,
3048 2920 3105 2966 ut
3153 2913 3266 2982 ipse
3306 2912 3573 2980 jusserat;
3623 2925 3748 2980 qua:

2175 3004 2390 3073 triginta
2419 3012 2475 3056 et
2510 3019 2574 3059 eo
2619 3005 2847 3074 amplius
2876 3005 3110 3058 millibus
3139 3005 3208 3058 ab
3249 3019 3314 3058 eo
3350 3003 3488 3067 loco,
3521 3003 3574 3055 in
3631 3018 3748 3071 quo

2177 3094 2338 3149 finem
2395 3095 2517 3149 \ita:
2579 3096 2801 3160 invenit,
2836 3097 3045 3160 aberat,
3090 3109 3284 3164 magno
3333 3093 3595 3162 obsequio
3650 3107 3748 3160 per

2178 3193 2384 3238 tantum
2422 3187 2580 3254 spatii
2617 3186 2880 3242 deductus
2905 3187 3159 3253 filiorum,
3189 3201 3286 3241 seu
3313 3185 3478 3241 etiam
3508 3181 3754 3255 psallen~

2179 3274 2312 3331 tium
2339 3275 2678 3332 clericorum.

1749 3401 1977 3474 Explicit
2002 3405 2132 3461 liber
2171 3405 2452 3463 secundus.

1411 3593 1873 3686 INCIPIT
1948 3597 2307 3688 LIBER
2377 3600 2926 3690 TERTIUS.

1008 3823 1234 3880 CAPUT
1275 3824 1557 3882 PRIMUM.

2176 3828 2338 3882 urbes
2367 3825 2551 3881 Gallia:
2572 3825 2715 3880 haud
2744 3824 2999 3880 mediocri
3028 3839 3243 3894 semper
3270 3821 3457 3880 habita
3487 3822 3630 3879 loco.
3669 3825 3748 3881 De

512 3910 592 3968 De
629 3910 904 3984 Cnilperici
931 3916 1065 3991 regis
1094 3933 1209 3991 cum
1233 3917 1483 3984 fratribus
1513 3919 1887 3988 disceptatione
1920 3935 2077 3991 super
2174 3933 2280 3988 qua
2322 3918 2450 3988 quid
2501 3918 2555 3971 in
2622 3926 2869 3970 veterum
2921 3916 3218 3985 reperimus
3248 3915 3420 3978 libris,
3466 3915 3748 3985 paululum

997 3985 1298 4040 Iucreditate
1331 3997 1569 4055 paterna.

584 4073 804 4142 Sepulto
831 4072 1086 4140 Clotario,
1120 4077 1266 4130 varia
1293 4086 1378 4131 est
1433 4079 1574 4132 inter
1601 4078 1740 4133 filios
1781 4078 1899 4146 ejus
1927 4087 2073 4134 sorte

513 4173 814 4232 regnatum.
861 4165 1135 4236 Siquidem
1180 4167 1515 4238 Cbilpericus
1565 4170 1674 4240 (cui
1707 4171 1847 4225 inter
1874 4171 2072 4224 fratres

509 4269 662 4310 mens
689 4257 1007 4327 promptior)
1039 4274 1142 4313 non
1172 4270 1453 4316 contentus
1481 4277 1600 4315 cum
1625 4263 1835 4316 caneris
1863 4272 2070 4331 partem

509 4359 712 4416 ponere
738 4345 1015 4415 fratribus,
1043 4349 1320 4405 thesauros
1357 4352 1526 4422 patris
1554 4351 1822 4406 Parisiaca
1856 4352 1907 4404 in
1938 4353 2071 4405 urbe

508 4438 819 4494 reconditos
870 4441 1134 4510 rapit,'ac
1160 4442 1384 4498 Francis
1430 4444 1590 4512 (quos
1637 4443 1906 4498 avidiores
1955 4442 2070 4497 fore

514 4530 757 4600 pecuniae
783 4535 1071 4603 persensit)
1101 4535 1274 4604 pretio
1302 4535 1626 4598 sollicitatis,
1659 4536 1796 4604 apud
1839 4549 1932 4588 eos
1985 4550 2070 4589 re~

515 4635 678 4691 gnum
707 4623 956 4693 arripuit.
1001 4625 1200 4681 Verum
1245 4625 1517 4694 conjuncti
1547 4626 1742 4680 fratres
1772 4626 2066 4695 improvida

507 4712 808 4782 irruptione
839 4730 962 4771 eum
988 4731 1017 4770 a
1046 4717 1266 4771 civitate
1291 4717 1665 4771 deturbavcre.
1702 4717 1904 4772 Dehinc
1947 4733 2069 4772 con-

507 4804 800 4861 ditionibus
853 4808 1001 4878 pacis
1045 4809 1469 4862 consentientem
1517 4820 1746 4863 evocant
1793 4817 2068 4879 totumque

506 4894 657 4964 regni
685 4911 882 4966 corpus
908 4898 1296 4967 quadripartita
1319 4899 1558 4953 sectione
1579 4915 1645 4954 ex
1668 4914 1821 4968 aequo
1845 4899 1898 4955 hi
1931 4915 2064 4968 qua-

505 4993 631 5039 tuor
664 4985 864 5042 fratres
889 4989 1215 5056 partiuntur.
1259 4988 1325 5042 Et
1357 4987 1685 5044 Cbereberto
1707 4991 1945 5060 quidem,
1976 4991 2067 5058 qui

2173 4008 2480 4063 intermissa
2521 4022 2577 4063 re
2621 4015 2820 4078 coepta,
2850 4007 2900 4060 in
2933 4007 3167 4062 medium
3198 4005 3556 4076 proferamus.
3605 4006 3741 4059 Cum

2171 4113 2302 4168 gens
2327 4097 2689 4152 Vandalorum
2719 4097 2924 4164 junctis
2953 4097 3055 4152 sibi
3104 4097 3294 4152 Suevis
3323 4104 3377 4151 et
3405 4095 3590 4150 Alanis
3616 4094 3743 4150 Gal—

2172 4188 2268 4242 lias
2294 4187 2668 4257 depopulatum
2695 4189 2772 4243 ire
2795 4188 3190 4250 destinavisset,
3215 4168 3426 4242 Chro‘co
3454 4202 3576 4256 rege
3599 4187 3743 4255 ipso-

2171 4295 2290 4333 rum
2321 4296 2350 4333 a
2376 4291 2547 4333 matre
2569 4295 2663 4334 sua
2705 4281 2965 4349 quaerenti
2995 4281 3122 4349 quid
3152 4279 3401 4334 faciendo
3427 4277 3604 4347 Magni
3644 4292 3744 4332 no-

2170 4386 2291 4425 men
2316 4372 2604 4436 obliueret,
2635 4372 2722 4424 illa
2759 4373 2824 4425 ad
2851 4387 2972 4426 eum
3009 4389 3021 4424 :
3057 4389 3076 4422 ‹
3114 4371 3191 4433 Si,
3215 4371 3406 4438 inquit,
3435 4368 3531 4433 ﬁli,
3560 4367 3737 4421 famo-

2170 4476 2262 4514 sus
2288 4462 2337 4514 in
2368 4461 2497 4513 orbe
2522 4474 2641 4514 esse
2665 4461 2837 4529 cupis,
2864 4475 3178 4528 magnarum
3221 4457 3447 4512 :cditicia
3475 4455 3673 4510 aedium
3702 4469 3733 4507 a

2169 4548 2460 4616 majoribus
2493 4558 2765 4604 exstructa
2789 4551 3006 4605 destrue
3058 4549 3404 4619 egregiasque
3435 4547 3596 4600 urbes
3639 4545 3739 4598 de»

2168 4653 2382 4699 struens
2409 4659 2594 4698 eorum
2628 4644 2831 4698 incolas
2856 4643 3030 4713 gladio
3053 4643 3352 4712 cxstiugue.
3379 4639 3562 4709 Neque
3590 4638 3733 4692 enim

2168 4735 2386 4788 meliora
2415 4735 2685 4804 prioribus
2712 4743 2863 4803 potes
2901 4733 3133 4788 condere
3165 4731 3472 4785 habitacula
3503 4738 3595 4782 aut
3622 4728 3735 4782 bel-

2169 4823 2327 4876 Iando
2351 4807 2584 4876 nominis
2614 4823 2686 4876 tui
2721 4822 2945 4892 gloriam
2975 4821 3203 4889 amplius
3236 4833 3548 4891 propagare.
3587 4835 3604 4867 ι
3631 4815 3731 4870 Cu-

2166 4911 2252 4981 jus
2279 4912 2366 4965 ille
2408 4913 2650 4980 responsi
2685 4928 2790 4967 non
2821 4911 2998 4980 segnis
3029 4918 3312 4963 exsecutor
3333 4908 3537 4962 exstitit
3581 4921 3640 4958 ac
3687 4904 3729 4957 si

2171 5003 2352 5058 divino
2391 5003 2612 5058 oraculo
2659 5019 2764 5058 non
2822 5001 3052 5056 hominis
3095 5014 3225 5054 voce
3268 4999 3468 5052 dictmu
3527 4997 3727 5050 fuisset.

505 5087 560 5130 et
587 5077 868 5134 Aribertus
904 5080 1079 5135 dictus
1105 5088 1210 5144 est,
1235 5080 1563 5135 Parisiorum
1611 5083 1760 5145 urbs,
1795 5085 2063 5152 quondam

2175 5093 2302 5148 Nam
2328 5095 2465 5164 apud
2497 5095 2822 5164 Maguntiam
2844 5105 3005 5162 ponte
3039 5090 3282 5145 Rhenum
3313 5089 3598 5149 transiens,
3621 5086 3727 5156 pri-

507 5168 856 5236 Childeberti,
894 5180 1040 5226 sorte
1070 5173 1343 5240 provenit;
1371 5171 1687 5228 Guntranno
1714 5175 2064 5229 Aurelianen-

509 5259 608 5321 sis,
636 5274 856 5330 regnum
889 5261 1129 5316 videlicet
1151 5261 1475 5326 Clodomiri;
1502 5261 1806 5334 Chilperico
1827 5265 2068 5320 Suessio-

512 5348 694 5400 uensis
721 5349 1026 5420 assignatur
1061 5352 1274 5417 civitas,
1304 5361 1466 5422 caput
1487 5360 1543 5406 et
1567 5352 1679 5420 ipsa
1707 5355 1854 5423 regni
1889 5364 2068 5423 pater-

2173 5202 2262 5241 mo
2317 5186 2484 5253 ipsam
2522 5186 2709 5239 urbem
2763 5182 3144 5238 miserabiliter
3177 5179 3372 5234 delevit
3400 5195 3463 5232 ac
3512 5179 3720 5231 demum

2175 5291 2392 5330 cursum
2435 5275 2643 5328 itineris
2691 5273 2844 5327 Mctis
2896 5270 3132 5327 deﬂexit.
3161 5257 3349 5335 Cujus
3383 5268 3546 5331 muri,
3582 5272 3729 5319 nocte

2175 5383 2296 5428 ante
2343 5367 2484 5420 diem
2536 5367 2797 5420 adventus
2823 5363 2941 5428 ejus
2989 5360 3342 5428 przeccdebat,
3373 5358 3557 5412 divino
3604 5365 3728 5408 nutu
