4044 5428
275 364 379 423 603

1306 365 1622 426 HISTORIA
1661 365 2090 423 FBANCORUM
2140 394 2208 406 --
2232 366 2355 420 LIB.
2386 366 2472 421 ιιι.

3404 365 3506 421 (ἓθδ

280 479 416 532 forte
444 487 504 532 ut
546 476 903 533 infandissimi
934 476 1215 533 homicidae
1256 479 1402 549 justa
1448 478 1841 533 acceleraretur
1871 497 1912 548 Α
1947 480 2115 544 rium,
2167 480 2316 533 mine
2362 480 2744 551 magnitudinis
2790 477 2949 535 simul
3000 486 3053 532 et
3095 477 3508 548 pulchritudinis

277 570 534 640 perditio,
561 585 668 640 quo
695 569 939 624 caelestia
977 578 1261 624 autumans
1305 569 1554 640 opitulari
1588 570 1688 623 sibi
1728 566 1840 622 suf-

281 661 453 732 fragia
487 677 551 715 eo
583 661 937 716 contenderet
964 662 1051 715 ubi
1080 660 1295 717 nefandi
1327 676 1489 716 ausus
1511 660 1705 715 merita
1734 659 1845 714 hie-

282 763 362 807 ret
390 753 673 823 supplicia.
705 752 928 808 Civibus
956 753 1185 822 denique
1216 752 1543 807 Metensibus
1572 766 1742 820 usque
1772 750 1841 804 ad

285 845 709 898 internecionem
739 860 876 914 pene
910 845 1276 914 pessundatis,
1302 846 1543 899 Treviris
1572 852 1844 915 properat.

285 928 556 985 Treverici
585 934 636 985 in
664 934 844 988 arenis
869 935 1101 989 civitatis
1136 936 1383 1004 prmsidio
1413 934 1610 999 locato,
1639 934 1845 989 conati-

281 1024 384 1077 l.us
412 1023 527 1092 ejus
553 1024 892 1079 restiterunt.
920 1026 1161 1081 Chrocus
1188 1025 1426 1080 Treviris
1456 1025 1654 1080 infecto
1680 1040 1847 1095 nego-

285 1114 379 1177 tio,
412 1112 599 1168 Arelas
627 1128 940 1183 expugnare
960 1115 1130 1178 nisus,
1152 1129 1181 1167 a
1207 1115 1439 1183 quodam
1469 1116 1659 1179 milite,
1683 1114 1850 1167 Mario

285 1205 521 1266 nomine,
543 1214 753 1273 captus,
778 1220 877 1274 per
901 1206 1150 1260 civitates
1176 1221 1309 1275 quas
1335 1214 1610 1260 everterat
1635 1206 1849 1268 ductus,

283 1294 457 1363 pcenis
480 1296 827 1350 excruciatus
850 1296 1073 1349 interiit.
1110 1297 1215 1351 Sed
1250 1298 1316 1351 de
1354 1298 1437 1351 his
1459 1298 1591 1352 satis
1624 1297 1850 1351 dictum.

908 1384 1131 1439 CAPUT
1170 1385 1234 1439 ll.

459 1472 536 1526 De
562 1472 894 1538 Chereberto,
914 1475 1003 1543 qui
1031 1485 1077 1528 et
1106 1475 1369 1529 Ariberlus
1391 1476 1560 1530 dictus
1580 1486 1677 1530 est.

356 1560 751 1627 Cberebertus,
801 1564 890 1631 qui
927 1574 980 1617 et
1026 1564 1452 1628 Aribertus,rex
1496 1565 1853 1629 Parisiorum,

285 1650 633 1721 lngobergam
684 1652 837 1706 duxit
898 1667 1136 1707 uxorem.
1204 1653 1340 1709 Huic
1385 1664 1542 1709 erant
1593 1656 1857 1710 ant-illulze

286 1741 424 1793 dum.
451 1741 655 1795 Nomen
691 1743 783 1795 nni
811 1740 1135 1807 Marcovefa,
1167 1743 1337 1798 altera
1365 1746 1657 1799 vocabatur
1686 1744 1858 1799 Mero-

1944 580 2319 638 compactum,
2368 570 2790 643 Hierosolymam
2845 571 3061 624 mittere
3100 569 3389 624 destinavit
3443 572 3508 622 ad

1944 657 2069 714 Iesu
2100 659 2302 715 Christi
2335 661 2542 715 Domini
2577 661 2902 733 sepulcrum.
2930 660 3036 715 Sed
3061 675 3182 714 cum
3223 669 3276 714 et
3302 660 3512 715 itineris

1946 748 2231 804 difﬁcultas
2271 759 2325 805 et
2356 750 2780 806 Sarracenorum
2809 750 2901 820 qui
2947 751 3138 805 eadem
3186 748 3512 803 infestabant

1948 838 2063 895 loca
2096 841 2257 895 timor
2291 856 2357 895 ne
2382 851 2505 895 vota
2540 840 2823 911 perficeret
2848 841 3203 905 obstitissent,
3243 840 3296 893 in
3328 839 3515 893 Basili«

1948 946 2009 985 ca
2042 948 2160 1001 qua:
2190 932 2530 988 Cabiloncnsi
2564 930 2772 1000 adjacet
2793 932 3025 997 civitati,
3050 932 3201 1001 cujus
3224 932 3517 986 condenda:

1951 1022 2065 1091 ipse
2106 1034 2258 1078 actor
2285 1024 2587 1085 exstiterat,
2634 1039 2794 1094 super
2830 1023 3130 1090 sepulcrum
3178 1023 3345 1076 sancti
3380 1021 3516 1074 Mar-

1951 1112 2070 1167 celli
2128 1114 2251 1182 poni
2289 1114 2467 1183 jussit.
2538 1114 2690 1180 Quod
2740 1114 2977 1183 quandiu
3036 1112 3296 1167 tumulum
3349 1113 3519 1166 sancti

1954 1204 2208 1273 martyris
2244 1206 2482 1259 durando
2530 1205 2855 1269 venustavit,
2902 1204 3103 1257 nullum
3144 1204 3196 1256 in
3233 1212 3342 1257 tota
3394 1201 3512 1257 Gal-

1955 1292 2025 1347 lia
2054 1310 2209 1365 Opus,
2231 1296 2374 1365 quod
2403 1296 2453 1350 ei
2481 1294 3113 1365 aaquipararetur,potuit
3134 1294 3381 1348 inveniri.

2564 1388 2788 1445 CAPUT
2829 1386 2915 1442 IV.

1959 1477 2035 1531 De
2061 1476 2317 1548 Sigeberli
2332 1481 2573 1551 conjugio
2589 1497 2704 1534 cum
2726 1479 2907 1533 Brimo
2928 1477 3213 1534 Gothorum
3228 1478 3361 1548 regis
3381 1477 3539 1544 ﬁh‘n-

2028 1574 2195 1628 Porro
2223 1571 2556 1643 Sigcbertus,
2580 1572 2796 1643 cognito
2817 1571 2956 1641 quod
2983 1570 3178 1624 fratres
3204 1572 3273 1623 ob
3294 1568 3524 1622 infausta

1960 1665 2203 1735 cpnjugia
2236 1665 2385 1733 gravi
2413 1662 2758 1732 subjacerent
2799 1662 3106 1732 opprobrio,
3139 1662 3412 1729 Gogonem
3458 1659 3529 1712 ιε.

1962 1765 2142 1823 gatum
2174 1755 2225 1809 iu
2253 1754 2564 1821 llispaniam
2587 1755 2653 1808 ad
2674 1753 3094 1808 Athanahildum
3122 1765 3300 1821 regem
3326 1750 3527 1805 Gotho-

287 1831 429 1885 ﬁdis‘
466 1831 665 1886 “arum
696 1848 879 1888 “more
906 1850 999 1888 τοι
1041 1835 1115 1887 ίι³
1145 1836 1389 1905 ἀεμυτίνθ
1433 1837 1597 1906 cmi)it
1626 1845 1683 1889 υῐ
1724 1851 1858 1889 Um-
1894 1831 1932 1887 Β
1964 1861 2103 1909 rum,
2126 1845 2215 1913 qui
2240 1845 2532 1899 exercitum
2562 1844 2902 1914 imperatoris
2934 1842 3001 1897 ab
3024 1842 3277 1911 llispauia
3317 1839 3528 1910 expule'

286 1937 400 1977 rem
427 1921 650 1990 ejiceret
675 1923 1048 1993 Iugobergam,
1072 1934 1125 1979 et
1147 1939 1238 1979 eas
1258 1927 1444 1981 ambas
1461 1926 1514 1979 iu
1538 1926 1713 1980 locum
1741 1923 1859 1993 ejus

1962 1947 2068 2003 rat,
2090 1937 2253 1991 mittit
2273 1937 2496 2007 petitum
2521 1936 2639 1990 filiae
2659 1936 2820 2000 illius,
2836 1935 3024 1990 Brunze
3046 1931 3531 1998 nomine,nuptias.

287 2012 661 2067 substitueret.
700 2012 803 2066 Pro
831 2028 934 2081 qua
961 2028 1019 2067 re
1049 2029 1079 2068 a
1109 2014 1267 2069 beato
1293 2014 1587 2080 Germano,
1625 2015 1861 2084 praefatae

1971 2028 2133 2095 Quam
2162 2028 2249 2082 ille
2279 2044 2306 2079 a
2339 2036 2491 2097 patre
2534 2042 2652 2082 cum
2681 2027 2863 2081 multis
2892 2026 2993 2081 sibi
3042 2024 3295 2079 traditam
3341 2021 3531 2091 Opibus

286 2103 439 2158 urbis
476 2103 751 2173 episc0po,
794 2104 1121 2173 increpatns,
1148 2120 1247 2160 nec
1274 2116 1573 2172 correctus,
1606 2116 1863 2175 utrasque

286 2214 409 2253 cum
438 2198 573 2262 ﬁlio,
612 2212 769 2267 quem
812 2198 862 2251 ei
908 2214 1009 2251 una
1042 2214 1227 2253 earum
1279 2209 1557 2269 genuerat,
1606 2200 1864 2256 divinitus

287 2307 577 2362 percussas
622 2306 680 2346 se
708 2290 1003 2361 perdidisse
1029 2290 1279 2346 indoluit.
1315 2292 1435 2361 ipse
1477 2308 1713 2362 quoque,
1757 2308 1862 2345 non

287 2391 413 2452 post
443 2382 673 2435 multum
712 2382 989 2451 temporis,
1034 2383 1089 2436 in
1134 2384 1421 2453 Aquitania
1465 2385 1603 2453 apud
1630 2392 1867 2437 castrum

287 2474 475 2529 Blavia
501 2473 628 2527 vita:
652 2472 810 2527 finem
839 2473 1082 2539 sortitus,
1108 2473 1159 2528 in
1186 2473 1409 2529 basilica
1434 2473 1603 2528 sancti
1637 2471 1866 2527 Romani

289 2573 375 2621 est
406 2564 672 2635 sepultus.

905 2656 1130 2713 CAPUT
1167 2656 1254 2711 ΙΙΙ.

654 2749 730 2803 De
752 2748 1045 2804 Guntranni
1067 2750 1239 2803 liberis
1263 2758 1309 2802 et
1339 2750 1515 2818 gestis.

368 2837 724 2893 Guntrannus
752 2848 931 2892 autem
973 2848 1204 2907 quatuor
1236 2837 1374 2891 filios
1399 2852 1465 2890 ex
1502 2834 1731 2889 diversis
1776 2832 1873 2895 ha:

299 2928 426 2982 buit
476 2928 789 2981 concubinis
813 2967 826 2990 ,
860 2942 1084 2995 quarum
1119 2927 1331 2979 nomina
1367 2938 1647 2978 recensere
1679 2936 1870 2991 super-

292 3021 439 3083 sedi,
471 3021 703 3072 maxime
745 3034 866 3072 cum
897 3034 995 3071 nec
1039 3018 1087 3070 ei
1115 3017 1355 3086 legitimo
1385 3016 1583 3071 fuerint
1612 3014 1873 3082 copulata:

293 3108 560 3179 coningio
582 3118 654 3173 et,
678 3124 742 3163 eo
770 3108 943 3161 adhuc
964 3108 1274 3177 superstite,
1308 3123 1431 3159 cum
1449 3114 1698 3173 suscepta
1724 3103 1871 3173 prole

296 3202 600 3255 terminum
646 3200 850 3254 sortitae
899 3199 1009 3253 sint
1053 3199 1196 3252 vitaz.
1250 3199 1371 3251 Fuit
1410 3212 1539 3251 sane
1588 3197 1728 3250 idem
1777 3210 1869 3248 rex
1899 3173 1942 3233 ί)

298 3292 749 3366 s'immebonus,
792 3291 940 3359 pacis
963 3291 1206 3358 aequique
1250 3290 1719 3353 servantissimus;
1771 3288 1873 3346 hoc

300 3382 485 3435 solum
536 3381 666 3432 tanti
711 3380 938 3449 gloriam
981 3380 1079 3437 viri
1134 3379 1481 3433 obnubilante
1512 3381 1653 3433 facto
1706 3378 1870 3445 quod,

298 3470 591 3528 lenociniis
634 3469 884 3527 delinitus
927 3469 1305 3534 meretricum,
1358 3470 1561 3523 licitum
1620 3467 1874 3523 refutavit

301 3559 733 3617 matrimonium.
781 3559 879 3614 llic
915 3560 1142 3629 quadam
1180 3561 1266 3614 die
1295 3573 1545 3616 venatum
1578 3560 1630 3613 in
1684 3558 1875 3613 silvam

300 3651 605 3721 profectus,
633 3650 815 3713 sociis,
844 3661 1002 3720 prout
1033 3666 1119 3705 res
1149 3652 1491 3719 exposcebat,
1518 3651 1623 3704 huc
1647 3650 1878 3718 illucque

300 3740 595 3808 dispersis,
628 3740 740 3809 ipse
768 3755 889 3795 cum
918 3756 1025 3795 uno
1076 3756 1295 3797 suorum
1340 3741 1598 3795 fidissimo
1645 3741 1878 3796 fidelium

302 3832 410 3887 sub
436 3832 630 3885 arbore
651 3831 931 3898 quieturus
954 3833 1171 3898 resedit,
1198 3833 1477 3902 positoque
1516 3835 1567 3887 in
1600 3832 1881 3888 familiaris

301 3921 471 3976 amici
510 3923 714 3990 gremio
752 3922 945 3990 capite,
977 3923 1161 3977 oculos
1202 3924 1425 3991 cupiens
1472 3923 1643 3977 furari
1684 3922 1879 3988 labori,

302 4011 657 4065 obdormivit.
684 4010 750 4064 Et
776 4026 905 4068 ecce
931 4026 995 4066 ex
1018 4026 1111 4067 ore
1132 4012 1459 4078 quiescentis
1483 4013 1643 4082 regis,
1685 4013 1737 4066 in
1771 4026 1886 4067 mo-

302 4102 437 4156 dum
470 4099 696 4167 reptilis,
726 4100 924 4153 animal
950 4116 1248 4171 egressum,
1282 4116 1407 4156 oras
1438 4112 1659 4172 propter
1698 4101 1885 4156 laben-

300 4191 379 4247 tis
409 4188 572 4243 rivuli
598 4204 912 4257 percursare
935 4204 997 4242 ac
1021 4198 1076 4243 ut
1108 4191 1159 4243 in
1187 4180 1684 4259 ulteriorem'ripam
1710 4200 1885 4245 trans-

298 4284 408 4336 iret
463 4289 710 4361 satager
740 4280 918 4348 coepit.
951 4280 1107 4361 Quod
1130 4296 1361 4336 cernens
1389 4282 1497 4347 ille,
1534 4298 1697 4350 super
1732 4281 1887 4350 cujus

301 4384 485 4440 genua
510 4384 605 4422 rex
646 4368 908 4423 cervicem
934 4368 1287 4423 inclinaverat
1320 4386 1499 4435 suam,
1528 4372 1763 4442 gladium
1796 4386 1888 4423 va-

304 4459 435 4526 gina
462 4458 724 4510 nudatum
754 4456 964 4512 lluviolo
989 4460 1351 4526 superposuit,
1384 4468 1439 4513 et
1479 4461 1557 4513 sic
1595 4459 1794 4513 animal
1823 4458 1885 4512 il-

1966 2122 2033 2177 ad
2059 2121 2401 2191 Sigebertum
2444 2122 2708 2192 perducit.
2755 2120 3072 2190 Sigebertus
3121 2132 3264 2182 eam,
3296 2116 3532 2185 eo,quod

1965 2214 2183 2269 Arianae
2212 2214 2394 2269 dedita
2440 2224 2583 2269 esset
2624 2213 2834 2275 haeresi,
2878 2228 2907 2266 a
2948 2210 3227 2267 catholicis
3274 2207 3536 2279 baptizari

1966 2303 2474 2375 Brunit-bildemque
2521 2305 2702 2359 vocari
2742 2302 3057 2372 pnecipiens
3101 2316 3163 2354 ac
3197 2300 3298 2353 fide
3346 2298 3539 2352 instrui

1966 2399 2304 2462 orthodoxa,
2344 2412 2465 2452 cum
2516 2411 2712 2466 magno
2757 2402 3015 2465 apparatu
3063 2391 3337 2461 epularum
3388 2389 3533 2443 duxit

1969 2504 2210 2545 uxorem.
2238 2488 2361 2543 [hec
2384 2497 2441 2541 ut
2465 2488 2517 2542 in
2547 2502 2765 2557 regnum
2782 2485 3095 2540 confirmata
3117 2491 3222 2545 est,
3242 2480 3538 2550 Gogoncm,

1968 2583 2059 2652 qui
2088 2594 2144 2635 se
2174 2580 2241 2633 ab
2271 2576 2542 2646 Hispaniis
2569 2576 2886 2639 abduxerat,
2914 2574 3144 2627 invisum
3192 2570 3343 2640 regni
3390 2567 3534 2636 Sigeo

1970 2675 2124 2728 berto
2152 2670 2298 2725 fecit.
2345 2668 2481 2722 lluic
2532 2666 2761 2733 denique
2803 2664 3026 2733 Gogoni,
3057 2677 3175 2714 cum
3210 2660 3261 2713 iu
3316 2657 3538 2711 infantia

1972 2760 2237 2832 Sigeberti
2280 2773 2469 2813 omnes
2510 2756 2704 2811 Franci
2752 2756 2817 2809 de
2848 2766 3013 2823 regno
3049 2749 3167 2818 ejus
3209 2748 3539 2803 Chrodiuum

1972 2851 2231 2919 majorem
2262 2849 2453 2902 domus
2497 2846 2807 2917 elegissent,
2842 2844 3015 2896 virum
3044 2841 3270 2910 probum
3298 2854 3360 2892 ac
3395 2839 3536 2892 tium

1972 2942 2048 2997 ris
2082 2941 2175 2995 Dei
2204 2940 2441 3009 plenum,
2484 2937 2571 2991 ille
2611 2936 2791 2991 oblato
2818 2935 2977 2990 cessit
3002 2934 3228 2997 honore,
3261 2947 3437 3002 regem
3470 2931 3539 2984 al-

1973 3034 2183 3089 locutus
2224 3032 2277 3085 in
2328 3031 2444 3084 htec
2482 3029 2646 3083 verba
2679 3046 2690 3081 :
2730 3048 2747 3079 ι
2785 3026 3005 3092 Omnes,
3062 3027 3256 3095 inquit,
3304 3024 3542 3078 Francize

1976 3134 2219 3195 potentes
2252 3120 2735 3192 consanguinitatis
2761 3121 2889 3174 mihi
2913 3121 3033 3190 jure
3058 3119 3420 3180 foederantur,
3448 3131 3543 3169 ner

1976 3215 2126 3269 valeo
2145 3213 2319 3283 jurgia
2350 3227 2538 3267 eorum
2573 3220 2814 3281 portare,
2844 3211 2968 3264 dum
3002 3210 3251 3279 quisque,
3289 3222 3406 3261 mea
3440 3206 3545 3259 fre-

1978 3315 2061 3363 tus
2100 3303 2521 3374 pmpinquitate,
2558 3317 2624 3356 eo
2652 3302 2719 3356 ad
2766 3301 3069 3356 nocendum
3102 3299 3257 3353 alteri
3287 3296 3545 3352 efﬁciatur

1977 3396 2274 3465 promptior
2303 3409 2409 3463 quo
2445 3394 2548 3447 mei
2587 3406 2872 3448 censuram
2912 3391 3097 3461 judieii
3141 3406 3248 3444 non
3298 3389 3536 3459 pertime-

1977 3491 2100 3550 scit,
2131 3486 2282 3555 quasi
2322 3484 2577 3538 alIinitate
2617 3484 2984 3553 propinquior.
3029 3482 3137 3536 Sed
3181 3482 3377 3535 bonum
3430 3493 3549 3532 eSse

1977 3577 2243 3640 asseritis,
2285 3575 2556 3645 tequitatis
2588 3574 2804 3637 intuitu,
2846 3574 3005 3628 etiam
3041 3580 3289 3641 parentes
3339 3568 3550 3639 punire.

1978 3667 2111 3733 Quis
2149 3667 2249 3720 hoc
2294 3664 2563 3734 abnegat?
2616 3662 2815 3717 Verum
2867 3663 3070 3732 perpeti
3122 3660 3342 3714 infamia
3390 3660 3541 3713 deno-

1982 3767 2168 3812 tantur
2218 3757 2296 3810 vel
2348 3756 2677 3825 Torquatus,
2730 3754 2896 3808 filium
2952 3769 3049 3823 pro
3098 3758 3407 3819 contempto
3456 3764 3553 3801 ειη)

1982 3857 2245 3918 priecepto
2288 3847 2463 3901 securi
2511 3846 2839 3916 percutiens,
2881 3845 2961 3899 vel
3007 3844 3231 3909 Brutus,
3274 3843 3409 3897 duos
3457 3860 3553 3912 pro

1981 3938 2168 4007 patria:
2196 3936 2442 3992 libertate
2470 3951 2537 3990 ex
2590 3950 2649 3990 se
2689 3942 2845 3990 natos
2885 3934 2999 4005 pari
3048 3934 3206 3989 modo
3260 3932 3549 4003 perimens.

1981 4028 2132 4082 Adeo
2160 4036 2212 4081 ut
2240 4028 2540 4095 prmcipuus
2564 4034 2844 4094 poetarum
2871 4026 2937 4079 de
2965 4040 3028 4078 eo
3052 4024 3121 4078 ita
3146 4021 3421 4091 scripserit
3448 4038 3460 4074 :

2186 4115 2382 4178 infelix,
2407 4114 2940 4179 utcunquenferentuea
2959 4111 3091 4179 facta
3125 4118 3347 4179 nepotes.

2540 4172 2584 4233 .’
2628 4174 2794 4237 (Vino.
2827 4173 3022 4223 Λίηρὶα.
3047 4172 3128 4221 lib.
3154 4175 3220 4233 ιι)

1986 4279 2091 4335 Sed
2119 4290 2250 4343 esto,
2279 4280 2345 4334 sit
2376 4280 2563 4334 melius
2586 4296 2681 4350 pro
2703 4279 3071 4333 misericordia
3107 4291 3269 4346 quam
3297 4292 3392 4345 pro
3432 4293 3554 4331 cru-

1988 4371 2208 4424 delitate
2237 4371 2410 4439 argui.
2445 4370 2515 4426 Ut
2545 4372 2673 4439 quid
2703 4379 2885 4425 autem
2916 4368 3116 4423 frustra
3159 4368 3418 4436 improbis
3461 4370 3558 4421 mi-

1989 4462 2281 4517 sericordia
2335 4464 2681 4533 impenditur,
2724 4462 2850 4516 dum
2898 4461 3102 4516 indulta
3134 4460 3288 4514 venia
3324 4460 3557 4515 insolen-

308 4549 402 4601 lud
439 4548 509 4601 ad
539 4546 766 4600 alteram
806 4550 1158 4603 transmeavit
1192 4560 1421 4619 partem.
1453 4551 1629 4619 Atque
1662 4553 1763 4607 sub
1793 4567 1883 4608 ra-
1914 4523 1961 4581 θ
1986 4553 2156 4625 tiores
2198 4552 2263 4606 ad
2300 4555 2601 4607 exercenda
2634 4552 2835 4622 passim
2878 4551 3009 4606 vitia
3056 4548 3396 4604 efﬁciantur?
3447 4546 3560 4601 Non

309 4640 440 4693 dice
468 4637 754 4711 cujusdam
787 4638 1320 4707 montisingressum,
1346 4649 1466 4709 post
1494 4641 1699 4710 aliquot
1728 4640 1887 4695 rediit

310 4729 571 4782 horarum
596 4726 858 4797 spatiuin,
887 4738 941 4783 et
958 4728 1147 4784 eodem
1179 4738 1341 4800 ponte
1372 4746 1525 4785 usum
1556 4731 1608 4784 in
1639 4746 1699 4784 os
1732 4729 1883 4785 Gun-

313 4818 495 4872 tranni
525 4826 607 4872 est
642 4819 960 4886 ingressum.
1005 4819 1319 4873 Exsurrexit
1365 4832 1481 4882 rex,
1537 4827 1591 4873 et
1635 4818 1884 4873 familiari

312 4925 543 4965 narrans
571 4909 863 4973 somnium,
888 4910 1189 4963 mirabilem
1212 4925 1269 4963 se
1293 4910 1425 4963 dixit
1454 4910 1650 4963 vidisse
1678 4910 1884 4975 visum,

317 5000 607 5067 inquiens:
652 5017 671 5050 ι
707 4998 971 5066 Conspexi
1024 5000 1243 5052 ﬂuvium
1291 5000 1680 5067 permaximum
1725 5008 1889 5068 ponte

318 5089 494 5143 ferreo
539 5098 899 5144 constratum.
947 5090 1049 5143 Per
1077 5104 1239 5157 quem
1271 5096 1632 5151 transvectus,
1666 5088 1887 5157 spelun-

321 5196 436 5210 σινιιῄ
470 5196 518 5210 ιη
558 5196 643 5210 {IIII

655 5180 841 5210 cla-'nm
890 5182 1086 5210 mnnI:a
1136 5180 1319 5210 συιιΙῖηη
1373 5181 1719 5210 ΛΛηοΙῖΙηΙηιγι
1772 5195 1889 5210 tum

1988 4644 2120 4698 mibi
2142 4658 2269 4711 ergo
2290 4644 2586 4713 contingat,
2603 4641 3211 4712 proptertransitoriam
3233 4654 3420 4692 eorum
3443 4653 3563 4707 gra-

1991 4734 2141 4795 tiam,
2164 4742 2380 4785 mtcrnm
2411 4732 2775 4785 damnationis
2802 4732 2984 4786 subire
3009 4729 3352 4785 sententiam.
3384 4748 3401 4780 ›
3439 4728 3567 4782 Post

1991 4822 2106 4876 haec
2135 4822 2323 4885 verba,
2358 4837 2482 4891 rege
2508 4822 2825 4889 cunctisque
2849 4820 3206 4889 optimatibus
3236 4819 3287 4870 in
3330 4817 3444 4884 ejus
3477 4832 3563 4868 ar-

1994 4914 2139 4967 bitrii
2159 4913 2509 4982 dispositione
2544 4914 2867 4967 electionem
2900 4920 3058 4966 tantm
3078 4908 3440 4963 successionis
3472 4922 3566 4974 pu-

1995 5003 2272 5065 nentibus,
2303 5002 2415 5071 ipse
2443 5018 2507 5056 eo
2541 5002 2757 5071 quidem
2805 5001 2899 5055 die
2930 5001 3097 5054 siluit.
3147 4996 3391 5050 Diluculo
3444 5010 3572 5047 vero

1993 5093 2371 5161 subsequentis
2406 5094 2509 5147 diei
2538 5092 2837 5145 matutinus
2873 5100 3224 5154 consurgens,
3258 5084 3573 5137 addomum

1994 5185 2213 5210 t‘----.:.
2254 5200 2368 5208 -....-
2406 5186 2595 5208 ..--!L---
2622 5185 2723 5206 Ls...
2757 5182 2843 5206 ,ιρι
2872 5185 2943 5204 λῖς
2971 5179 3045 5204 ,ημξ

2322 5201 2368 5208 ..ς
2406 5186 2595 5208 ,.--ξι.---
2622 5185 2723 5206 IAM
2757 5182 2843 5206 ιιι-Ι
2872 5185 2943 5204 νηῖἷ
2971 5175 3288 5204 ω..ἶιιιι,1ἶιὶιιῆ
3309 5181 3553 5202 usu-Annona!
