4044 5428
530 379 636 437 €95

1603 370 1858 442 AtttCtSt
1893 383 2192 438 nomen:
2217 371 2711 440 nentxcensrs

3668 383 3781 439 696

531 500 682 570 plum
711 516 780 555 ca
794 498 890 555 teri
919 500 1009 569 qui
1049 481 1273 555 aderant
1303 516 1552 571 proceres
1598 503 1792 572 secuti,
1829 502 2103 574 Gogonem
2127 509 2182 566 Α
2205 501 2338 559 illud
2371 511 2605 580 positum
2646 507 2823 564 oleum
2865 507 3278 571 accendebatur,
3311 522 3360 558 In
3395 515 3595 580 terram
3627 510 3780 564 deci'

537 590 798 660 majorem
823 590 1015 644 domus
1045 589 1500 646 acclamaverunt.
1538 593 1806 652 Strenuus
1827 598 1880 652 in
1912 612 2105 670 geren-

537 681 608 736 do
633 681 935 750 principatu
958 677 1108 748 Gogo
1140 696 1206 735 eo
1233 695 1401 751 usque
1427 691 1511 737 est
1533 684 1748 740 habitus
1772 686 1944 742 donec
1967 685 2102 743 Bru-

452 804 471 820 .
539 769 828 824 nichildem
857 769 924 825 de
949 768 1204 840 Hispania
1227 772 1489 827 arcessire
1512 782 1594 828 est
1627 773 1832 845 jussus.
1873 776 1965 832 llle
1985 777 2102 834 dies

537 861 726 914 mortis
745 858 950 929 Gogoni
976 857 1108 927 fuit,
1148 861 1235 915 cui
1284 863 1596 931 expedierat
1643 863 1833 919 exsilio
1868 873 2102 922 mutasse

533 953 713 1015 sedes.
740 962 1029 1022 antequam
1068 953 1208 1007 hanc
1233 954 1380 1008 omni
1419 953 1595 1008 bellua
1640 956 1996 1011 crudeliorem
2045 957 2098 1010 in

532 1043 835 1099 cervicibus
865 1043 1144 1098 locandam
1190 1045 1447 1101 aveheret
1473 1045 1604 1100 suis.
1637 1045 1879 1116 Namque
1909 1046 2102 1101 Bruni-

531 1131 746 1199 childis,
778 1141 837 1189 ut
881 1133 1220 1206 praelibatum
1263 1144 1365 1199 est.
1419 1137 1570 1207 regio
1610 1138 1777 1206 potita
1829 1136 2097 1208 eonjugio,

534 1224 772 1277 animum
800 1225 942 1295 regis
969 1223 1037 1278 ab
1057 1239 1123 1280 eo
1159 1225 1434 1290 alienans,
1462 1227 1527 1280 ad
1565 1235 1894 1295 postremum
1939 1224 2103 1294 jugu-

440 1341 444 1345 -
523 1313 647 1368 'lare
680 1313 876 1384 coegit.
921 1315 967 1370 A
995 1329 1103 1386 qua
1149 1324 1358 1370 tantum
1410 1317 1628 1371 humani
1659 1317 1935 1387 sanguinis
1969 1316 2102 1372 effu-

534 1421 677 1471 sum,
709 1415 872 1462 tanta:
900 1406 1074 1463 caedes
1097 1415 1232 1463 acta:
1261 1417 1537 1478 potentum
1560 1424 1652 1464 seu
1703 1411 1866 1464 etiam
1915 1423 2100 1480 regum

533 1496 589 1550 in
629 1494 966 1551 Francorum
1015 1511 1179 1566 regno
1211 1505 1352 1562 sunt,
1387 1507 1579 1553 utnon
1611 1499 1881 1554 immerito
1931 1498 2100 1570 sibyl-

537 1588 643 1639 lam
672 1594 796 1640 ante
825 1585 991 1640 multa
1026 1587 1221 1642 saecula
1249 1588 1314 1642 de
1349 1602 1414 1643 ea
1455 1589 1778 1644 vaticinasse
1820 1588 1890 1644 sit
1917 1589 2100 1645 credi-

538 1686 674 1729 tum.
704 1693 722 1725 ι
746 1676 958 1741 Veniet,
983 1676 1080 1743 ait,
1103 1677 1277 1731 Bruna
1302 1679 1366 1732 de
1385 1677 1629 1748 partibus
1655 1676 1947 1746 Hispaniae,
1976 1687 2103 1732 ante

545 1766 702 1836 cujus
725 1778 1072 1836 conspectum
1109 1777 1319 1839 gentes,
1344 1769 1458 1824 sive
1484 1770 1726 1841 gentium
1749 1784 1925 1840 reges,
1953 1770 2101 1840 peri-

2201 602 2384 666 dente,
2421 601 2618 656 duritia
2667 597 2874 670 aufugit
2917 598 3227 667 pavimenti,
3256 609 3310 652 et
3348 599 3426 652 sic
3456 599 3509 652 in
3569 609 3777 655 terram

2199 709 2264 750 ac
2291 694 2337 749 si
2367 695 2419 749 in
2450 693 2686 748 modium
2716 690 2906 745 farina:
2936 699 3017 745 est
3061 690 3326 759 integrum
3356 689 3614 744 deﬁxum.
3650 689 3776 745 Non

2199 784 2440 841 tulerunt
2463 781 2659 837 fratres
2688 791 2835 837 tanto
2861 780 3065 837 scelere
3106 781 3431 835 maculatum
3459 791 3777 834 consortem

2196 886 2318 930 esse
2344 887 2534 938 suum;
2561 873 2653 928 sed
2682 871 2957 940 conjuncti
2983 871 3142 925 simul
3171 885 3336 940 regno
3363 871 3563 939 pellere
3593 871 3776 924 moliti

2197 974 2342 1022 sunt.
2373 964 2524 1033 Quod
2553 965 2855 1026 consilium,
2873 981 2976 1020 non
3027 973 3132 1018 tam
3161 974 3276 1018 astu
3303 961 3773 1031 Chilpericiquam

2198 1056 2316 1130 ipsa
2361 1055 2580 1112 levitate
2622 1071 2728 1128 qua
2775 1067 3015 1125 emptum
3048 1054 3227 1109 fuerat
3248 1094 3267 1120 ,
3310 1053 3634 1123 dissipatum
3665 1061 3777 1108 est.

2596 1204 2599 1206 .
2805 1143 3032 1200 CAPUT
3071 1143 3158 1198 Vl.

2477 1236 2556 1292 De
2579 1233 2856 1306 Chilperici
2877 1236 3002 1306 ﬁliis
3022 1244 3269 1290 eteorum
3306 1236 3481 1305 gestis.

2269 1327 2437 1382 Erant
2480 1324 2786 1394 Chilperico
2815 1335 2926 1380 tres
2956 1325 3045 1379 lilii
3070 1366 3083 1387 ,
3119 1324 3522 1380 Theodcbertus
3547 1368 3563 1389 ,
3593 1324 3777 1380 Mero-

2198 1431 2351 1479 veus,
2374 1414 2690 1479 Clodovens,
2718 1429 2784 1469 ex
2811 1413 3091 1468 Audovera
3111 1414 3291 1482 regina
3313 1413 3570 1482 suscepti.
3595 1413 3776 1479 Quam

2198 1505 2564 1575 Fredegnndis
2587 1496 2774 1559 eodem
2800 1503 3035 1574 perfidiae
3061 1512 3364 1559 commento
3392 1519 3494 1573 qua
3537 1503 3775 1559 Galson-

2200 1605 2308 1652 tam
2340 1597 2442 1650 hac
2468 1596 2533 1650 de
2565 1609 2728 1650 causa
2758 1594 2958 1664 pepulit
2997 1613 3010 1647 :
3040 1594 3398 1662 Chilpericus,
3437 1610 3559 1648 cum
3590 1593 3771 1649 fratre

2201 1687 2481 1759 Sigeberto
2512 1685 2908 1755 expeditionem
2950 1685 3004 1739 in
3035 1683 3275 1740 Saxones
3301 1700 3486 1754 agens,
3527 1685 3780 1740 Audove-

2200 1792 2316 1831 ram
2362 1776 2602 1846 reginam
2644 1775 2785 1830 domi
2818 1773 3110 1842 reliquerat
3155 1772 3276 1828 alvo
3325 1775 3622 1843 gravidam.
3676 1772 3782 1828 Cui

536 1862 690 1917 bunt.
721 1861 839 1933 lpsa
869 1878 996 1918 vero
1015 1862 1254 1918 calcibus
1275 1876 1536 1933 equorum
1565 1863 1804 1933 disrupta
1828 1862 2046 1933 peribit.
2069 1880 2087 1914 ι
2125 1848 2170 1909 Β
2199 1864 2582 1934 Fredegundis,
2621 1871 2806 1930 utpote
2836 1862 3024 1917 ancilla
3054 1877 3121 1917 ex
3153 1861 3267 1930 ejus
3293 1872 3410 1916 orta
3450 1861 3676 1924 familia,
3711 1863 3780 1917 ad

1151 1952 1379 2009 CAPUT
1419 1953 1486 2008 ν.

766 2046 842 2101 De
863 2045 1144 2118 Chilperici
1175 2048 1442 2102 mulierosi
1468 2049 1615 2102 novis
1645 2048 1858 2118 nuptiis.

606 2136 940 2207 Chilpericns
969 2152 1183 2208 quoque
1212 2152 1325 2203 rex,
1349 2138 1632 2192 aemulatus
1651 2146 1704 2191 et
1724 2139 1836 2208 ipse
1858 2137 2098 2203 fratrem,

535 2243 656 2282 cum
688 2227 917 2296 plurimo
942 2236 1138 2297 praeter
1167 2228 1372 2297 regium
1396 2243 1603 2283 morem
1627 2228 1950 2284 feminarum
1984 2229 2099 2282 val-

534 2319 602 2372 lat
617 2329 738 2374 etur
759 2335 940 2390 grege,
962 2335 1081 2388 qum
1106 2321 1214 2390 regi
1240 2330 1455 2390 pmpter
1475 2321 1726 2376 decorem
1753 2323 1922 2390 magis
1940 2338 2102 2393 quam

531 2422 754 2480 propter
801 2411 1134 2467 nobilitatem
1184 2414 1399 2483 generis
1449 2413 1876 2483 copulabantur,
1922 2414 2103 2486 dirigit

535 2503 627 2572 qui
675 2502 1037 2559 Brunichildis
1087 2519 1328 2560 sororem
1379 2514 1506 2560 natu
1561 2507 1821 2576 majorem
1871 2523 1900 2560 a
1950 2516 2104 2575 patre

532 2593 1117 2664 Athanahildo'petant,
1149 2613 1211 2651 ac
1235 2597 1349 2652 vice
1369 2611 1464 2652 sua
1489 2598 1786 2662 spondeant
1812 2597 1960 2672 se.|si
1988 2598 2106 2667 ejus

536 2684 806 2752 potiunda:
831 2683 1058 2739 facultas
1084 2687 1270 2752 detur,
1309 2698 1534 2744 caeteras
1562 2689 1934 2743 abdicaturum
1977 2704 2109 2742 con-

527 2777 705 2845 jnges.
733 2776 970 2842 Quorum
998 2777 1176 2831 verbis
1204 2778 1596 2834 Athanahildus
1618 2778 1877 2834 credulus
1902 2777 2066 2832 filiam
2086 2816 2104 2845 ,

534 2864 848 2922 Galsontam
875 2868 1108 2931 nomine,
1142 2868 1208 2923 ad
1232 2868 1590 2940 Chilpericnm
1617 2871 1881 2935 destinat,
1911 2884 2104 2942 magna

534 2957 759 3013 dilatam
782 2958 922 3012 dote.
953 2959 1081 3027 Qua:
1121 2960 1386 3016 catholico
1414 2963 1849 3031 haptismate.....
1883 2963 1960 3033 (4)
1992 2979 2108 3016 ma-

535 3053 618 3122 gis
634 3062 969 3114 consecrata,
1003 3054 1114 3123 regi
1145 3063 1260 3109 toro
1300 3056 1523 3125 nuptiali
1553 3067 1634 3113 est
1659 3057 1963 3129 conjuncta.
2001 3057 2106 3113 Le-

537 3143 677 3213 gatis
727 3159 858 3198 sane
885 3144 1193 3200 Atanahildi
1245 3148 1390 3216 regis
1430 3150 1796 3218 quaerentibus
1844 3159 1900 3204 ut
1947 3149 2106 3205 tactis

533 3241 846 3286 sanctorum
904 3233 1217 3301 pignoribus
1267 3234 1400 3290 fides
1443 3236 1750 3292 firmaretur
1784 3239 1926 3306 quod
1978 3237 2108 3292 Gal-

535 3333 691 3375 sonta
722 3322 775 3375 in
805 3323 913 3376 vita
939 3337 1032 3376 sua
1064 3324 1201 3378 solio
1231 3325 1377 3393 regni
1410 3340 1512 3380 non
1555 3327 1867 3396 pelleretur,
1892 3327 2109 3397 Chilpe-

537 3411 684 3465 ricus
735 3426 840 3466 non
890 3411 1096 3467 abnuit.
1150 3412 1397 3468 Praebitis
1447 3418 1803 3471 sacramentis
1846 3428 2108 3488 pactaque

536 3516 692 3570 pace,
722 3517 816 3557 eos
842 3503 908 3556 ad
937 3505 1150 3573 propria
1174 3505 1304 3559 sinit
1324 3505 1493 3561 abire.
1529 3505 1653 3568 Sed,
1687 3517 1745 3562 ut
1781 3517 1899 3564 erat
1927 3510 2109 3566 animo

542 3589 701 3652 levis,
741 3589 864 3658 jura
896 3593 1277 3661 prazvaricatus
1301 3605 1383 3649 est
1407 3597 1692 3664 pactionis.
1724 3596 1855 3652 Nam
1904 3599 2107 3655 Frede~

535 3679 746 3748 gnndis,
772 3679 967 3748 conjux
993 3685 1259 3751 quondam
1292 3697 1481 3740 vocata
1511 3685 1798 3756 Chilperici
1837 3691 1998 3761 regis,
2027 3690 2111 3749 of-

535 3768 690 3824 fensa
721 3784 872 3825 novre
918 3782 1096 3841 nuptm
1143 3776 1449 3845 aspectibus
1477 3777 1690 3842 invisis,
1717 3780 1894 3852 exigui
1941 3795 2107 3850 prope

535 3860 797 3929 temporis
831 3860 1117 3917 intervallo
1159 3872 1365 3920 tantum
1405 3867 1653 3922 adulandi
1683 3878 1799 3924 arte
1830 3871 2110 3940 praevaluit

539 3958 598 4003 ut
625 3965 684 4004 se
708 3951 957 4022 conjugio
982 3953 1123 4021 regis
1148 3957 1419 4012 redderet.
1464 3957 1590 4013 lnde
1625 3960 1691 4013 ad
1719 3961 1962 4015 audenda
1992 3979 2111 4016 rna-

529 4040 649 4109 jora
673 4039 943 4109 protervia
975 4043 1217 4098 muliebri
1242 4046 1406 4111 elata,
1428 4047 1644 4102 domina
1666 4063 1724 4104 se
1746 4051 1997 4106 omnibus
2015 4051 2108 4121 qui

537 4128 592 4182 in
623 4130 741 4182 aula
772 4139 928 4186 erant
957 4132 1099 4202 regia
1130 4134 1464 4204 praeferebat,
1507 4141 1955 4211 contumeliisque
2000 4141 2110 4197 alli-

540 4218 1343 4279 cereGalsontamAthanahildi
1366 4227 1680 4296 regisfiliam
1709 4243 1812 4283 non
1838 4231 2105 4286 cessabat.

533 4306 628 4360 Illa
661 4309 858 4363 marito
888 4309 953 4364 de
983 4309 1195 4379 injuriis
1224 4323 1432 4382 questa,
1459 4317 1528 4371 ab
1553 4331 1619 4372 eo
1642 4319 1731 4387 qui
1759 4335 1972 4374 omnem
1992 4320 2107 4390 jam

529 4396 678 4451 circa
700 4397 943 4452 eamdem
973 4401 1314 4455 imminuerat
1354 4402 1626 4470 affectum,
1654 4408 1831 4462 verbis
1859 4408 2106 4463 blandio-

2199 1963 2394 2010 cuncta
2434 1952 2772 2008 descrviebat
2809 1951 2936 2006 vitae
2988 1951 3314 2006 necessaria.
3365 1950 3488 2004 llaec
3521 1951 3782 2006 hortatur

2199 2048 2470 2103 dominam
2509 2054 2569 2100 ut
2610 2055 2789 2100 natam
2838 2043 3068 2114 puellam
3111 2043 3366 2112 perducat
3411 2044 3478 2098 ad
3518 2042 3778 2111 baptismi

2199 2138 2590 2209 gratiam,‘quo
2621 2151 2716 2191 rex
2759 2135 3053 2189 adveniens
3098 2133 3399 2202 gratuletur
3437 2148 3546 2186 non
3599 2131 3780 2186 solum

2201 2237 2384 2282 natam
2416 2225 2519 2281 sibi
2547 2239 2667 2280 esse
2697 2223 2881 2288 filiam,
2925 2222 3019 2276 sed
3058 2221 3220 2274 etiam
3267 2220 3317 2273 in
3345 2219 3566 2275 Christo
3616 2234 3782 2273 rena-

2202 2325 2331 2383 tam.
2356 2316 2517 2371 Paret
2545 2315 2738 2370 mulier
2763 2312 3012 2368 suadenti
3039 2310 3396 2366 meretriculae
3420 2324 3485 2365 eo
3514 2310 3784 2364 attentius

2200 2423 2308 2479 quo
2342 2406 2657 2462 autumabat
2677 2419 2797 2462 eam
2836 2403 2937 2458 sibi
2960 2403 3095 2458 bona
3124 2399 3366 2456 consulta
3411 2400 3561 2454 dare.
3615 2399 3782 2466 Qum-

2203 2499 2343 2553 renti
2375 2496 2567 2552 deinde
2593 2503 2891 2548 matronam
2917 2507 3037 2562 quae
3058 2491 3288 2560 puellam
3315 2489 3613 2558 susciperet
3652 2495 3782 2558 post

2201 2591 2343 2646 sacri
2373 2587 2709 2656 baptismatis
2739 2585 2955 2648 undam,
2980 2581 3256 2652 respondit
3297 2595 3403 2634 non
3436 2594 3592 2648 posse
3625 2579 3782 2632 inve-

2202 2682 2304 2738 niri
2335 2680 2651 2737 nobiliorem
2697 2692 2780 2740 ca,
2809 2691 2927 2745 qum
2957 2672 3116 2740 hujus
3153 2679 3538 2738 exsequeretur
3582 2684 3779 2722 mune-

2205 2776 2279 2831 ris
2317 2771 2595 2843 obsequia.
2631 2768 2725 2823 llis
2750 2780 2962 2836 quoque
2992 2764 3079 2818 illa
3125 2761 3339 2817 credula
3373 2759 3573 2820 verbis,
3607 2757 3777 2811 effici-

2205 2877 2292 2922 tur
2326 2863 2448 2919 filite
2473 2871 2646 2918 mater
2667 2858 2939 2929 spiritalis.
2987 2855 3328 2926 Regredienti
3352 2861 3470 2922 post
3515 2852 3630 2905 haec
3660 2853 3775 2921 regi

2205 2955 2480 3010 itobviam
2518 2949 2882 3020 Frcdegundis
2917 2961 3146 3015 eumque
3186 2944 3271 2999 his
3307 2941 3610 3012 interpellat
3649 2957 3752 2994 ver

2204 3046 2287 3101 bis
2327 3064 2339 3099 :
2386 3062 2406 3098 ι
2438 3043 2606 3110 Quam
2634 3041 2920 3112 gloriosus,
2945 3041 3039 3103 ait,
3071 3045 3294 3107 apparet
3317 3035 3475 3091 hodie
3506 3050 3601 3088 rex
3630 3034 3782 3090 Cbil~

2205 3136 2458 3205 pericns,
2502 3132 2717 3188 rediens
2759 3130 2933 3185 victor
2973 3126 3316 3195 triumphalis
3354 3125 3600 3180 hostibus
3626 3165 3641 3188 ,
3689 3125 3775 3178 cui

2206 3237 2330 3282 nata
2356 3237 2438 3281 est
2462 3226 2590 3289 filia,
2621 3222 3031 3286 Childechinda,
3057 3220 3229 3276 forma
3258 3219 3471 3288 egregia
3502 3217 3770 3286 corporis!

2207 3298 2316 3373 Sed
2346 3316 2479 3386 proh
2507 3315 2688 3368 dolor!
2718 3313 2894 3368 scelus
2916 3313 3017 3367 hac
3044 3321 3240 3365 noctea
3267 3319 3318 3364 te
3343 3309 3777 3380 patrabitur,(t~e-

2205 3407 2513 3477 fugiendum
2550 3404 2786 3475 quidem,
2818 3403 2861 3457 si
2889 3400 3044 3456 vitari
3078 3409 3283 3470 posset,
3303 3415 3368 3453 ne
3406 3398 3626 3475 domina
3655 3412 3775 3452 mea

2205 3495 2488 3552 Audovera
2519 3503 2694 3550 tecum
2724 3500 2929 3548 secreta
2963 3490 3168 3546 subiret
3204 3487 3436 3543 cubiculi
3476 3485 3710 3542 silentia.
3750 3504 3771 3536 ι

2206 3587 2375 3657 llujus
2420 3587 2658 3643 novitate
2704 3584 2970 3640 sermonis
3015 3596 3111 3637 rex
3161 3581 3517 3650 stupefactus,
3553 3593 3773 3632 causam

2206 3680 2469 3750 qntcsivit.
2502 3678 2634 3732 Cum
2664 3678 2943 3744 sileretur,
2973 3673 3156 3730 elicuit
3198 3673 3377 3728 studio
3401 3669 3675 3741 quaerendi
3720 3679 3776 3724 et

2205 3779 2351 3825 motu
2381 3768 2783 3840 indignationis.
2810 3766 2877 3821 Et
2906 3773 3185 3835 comperto
3232 3763 3449 3826 indicio,
3490 3760 3631 3829 quod
3659 3759 3775 3828 ejus

2204 3868 2502 3918 commater
2527 3859 2665 3912 foret
2689 3857 2874 3926 regina
2903 3869 2969 3910 ex
2997 3851 3147 3924 prole
3171 3858 3437 3920 suscepta,
3462 3848 3775 3917 Fredegun-

2205 3951 2256 4007 di
2283 3951 2336 4005 in
2388 3950 2502 4004 hanc
2536 3945 2813 4018 respondit
2856 3945 3069 3999 verba:
3114 3958 3135 3995 ς
3185 3939 3243 3995 Si
3288 3938 3584 3994 Audoverte
3631 3950 3776 3990 nunc

2205 4038 2426 4094 fraudor
2453 4036 2814 4107 amplexibus,
2849 4041 2902 4087 te
2940 4032 3140 4086 sociam
3169 4028 3429 4083 asciscam
3473 4025 3580 4080 mei
3634 4032 3774 4078 stra-

2205 4139 2312 4185 tus.
2341 4148 2361 4182 ›
2393 4128 2460 4185 Et
2489 4126 2792 4197 properanti
2814 4124 2879 4178 ad
2903 4123 3082 4177 aulam
3104 4118 3339 4175 occurrit
3362 4117 3567 4186 regina,
3595 4115 3776 4170 ferens

2205 4223 2260 4276 in
2290 4221 2434 4276 ulnis
2461 4218 2758 4290 parvulam,
2804 4232 2964 4286 quam
2996 4215 3080 4270 bis
3107 4212 3190 4285 (ut
3221 4213 3294 4266 ita
3324 4209 3522 4281 dicam)
3547 4223 3775 4278 genera-

2201 4316 2378 4378 "verat,
2410 4310 2594 4364 filiam.
2622 4309 2701 4363 Ad
2732 4321 2895 4377 quam
2929 4320 3024 4360 rex
3059 4321 3073 4358 :
3107 4321 3128 4355 ι
3159 4299 3478 4364 Nefandam,
3507 4299 3703 4366 inquit,
3741 4311 3774 4352 ο

2206 4402 2408 4472 regina,
2437 4416 2552 4454 rem
2606 4395 2957 4467 perpetrasti,
3000 4405 3056 4450 et
3098 4392 3258 4463 regiae
3301 4389 3773 4445 inconvenientem

536 4485 685 4574 ribus
720 4486 1094 4542 deludebatnr.
1123 4490 1363 4559 Denique
1393 4492 1648 4548 feralibus
1678 4495 1832 4551 furiis
1861 4499 2106 4570 exagita-
2135 4530 2182 4591 Β
2208 4491 2495 4561 majestati.
2553 4487 2663 4544 Nec
2711 4497 2895 4558 potero
2954 4494 3006 4540 te
3055 4485 3258 4538 habere
3289 4481 3602 4580 conjugem,
3651 4493 3771 4579 cum

535 4570 646 4641 tus,
671 4575 964 4644 instigante
992 4577 1362 4649 Fredegunde,
1379 4598 1496 4638 eam
1526 4585 1778 4653 injstratu
1815 4588 2102 4657 quiescen-

533 4671 640 4718 tem
664 4665 1032 4721 crudelissime
1061 4669 1436 4736 strangulavit.
1483 4673 1721 4730 lmmane
1749 4676 1957 4732 facinus
1983 4668 2098 4733 nul-

531 4753 678 4825 lique
715 4767 870 4812 antea
914 4760 1186 4830 cOgnitum
1227 4770 1470 4834 tyranno,
1517 4781 1582 4822 ac
1623 4767 1832 4825 France
1876 4771 2100 4837 homini,

533 4847 769 4901 maxime
820 4849 963 4918 regi!
997 4849 1215 4905 Penitus
1243 4853 1591 4926 incongruum
1621 4857 1901 4931 conjugem
1948 4863 2103 4916 inno-

529 4951 710 5004 cuam,
736 4946 789 4993 et
818 4952 976 5007 quam
1007 4941 1073 4996 ab
1103 4940 1346 4997 hostibus
1370 4955 1578 5014 raptam
1619 4947 1882 5004 vindicari
1932 4950 2100 5018 ferro,

529 5037 624 5083 aut
648 5038 875 5085 mortem
901 5047 998 5100 pro
1018 5046 1080 5086 ea
1108 5042 1360 5101 appetere
1380 5034 1644 5104 decuerit,
1669 5037 1810 5094 hanc
1829 5055 2096 5103 securam,

528 5120 582 5162 in
605 5123 876 5162 nmnmnni
903 5134 1019 5162 lnrn
1034 5124 1316 5162 mulio-stant
1366 5125 1628 5162 cnﬂ'nnoba
1655 5145 1758 5162 σευ-ιη
1781 5129 2092 5162 οιηιληῖοβηθ

2208 4579 2526 4638 commatris
2554 4580 2750 4647 adepta
2783 4577 2858 4632 sis
2883 4589 3100 4629 nomen.
3134 4592 3153 4624 ι
3181 4571 3374 4627 Postea
3405 4570 3655 4638 episcopo
3681 4567 3771 4635 qui

2206 4672 2440 4744 puellam
2468 4670 2836 4740 baptizaverat
2860 4667 2912 4720 in
2943 4665 3192 4721 exsilium
3213 4671 3356 4734 acto,
3389 4659 3629 4730 reginam
3650 4673 3772 4712 cum

2207 4765 2316 4820 ﬁlia
2359 4778 2514 4819 sacro
2535 4762 2822 4830 adopertas
2851 4756 3117 4811 velamine
3153 4752 3485 4809 monasterio
3532 4748 3769 4811 retrusit,

2206 4854 2406 4924 przedia
2464 4867 2531 4907 ac
2586 4849 2876 4904 facultates
2928 4847 3008 4901 eis
3060 4846 3322 4899 tribuens.
3363 4838 3769 4909 Fredegundem

2205 4961 2334 5001 vero
2383 4944 2484 4999 sibi
2528 4941 2819 5012 copulavit.
2862 4937 3053 4992 Incidit
3085 4951 3145 4991 ea
3181 4941 3496 5003 tempestate
3535 4929 3768 4985 necessi-

2205 5043 2288 5089 tas
2309 5031 2558 5102 Sigberto
2583 5029 2714 5098 regi,
2747 5027 2900 5082 fratri
2944 5021 3232 5096 Chilperici
3264 5031 3423 5090 atque
3449 5017 3764 5079 Cuntranni,

2203 5125 2500 5162 οτρνρίιιηη
2553 5119 2804 5162 duntamli
2856 5117 3113 5162 adversus.
3155 5115 3427 5162 Cacanum
3477 5108 3762 5162 principem
