4044 5428
260 328 371 380 (ιῦῖ
403 342 408 346 ‘

267 543 429 590 rum,
463 529 645 583 Remis
687 528 1156 596 opulentissimam
1189 530 1334 600 regni
1371 531 1488 597 ejus
1519 531 1708 584 urbem
1760 530 1861 582 im-

269 618 491 686 prmiso
557 619 758 686 impetu
807 620 1113 690 occupavit.
1165 619 1342 689 Super
1397 619 1604 690 plagam
1653 607 1863 673 fractus

273 708 592 777 Sigebertus
642 708 956 764 Snessionis
995 721 1050 764 et
1095 711 1210 780 ipse
1252 711 1316 765 de
1365 726 1530 778 regno
1571 710 1860 779 Chilperici

269 801 818 870 pervasitcaptmque
861 803 1010 857 urbis
1057 805 1311 872 populum
1343 797 1570 874 imperio
1617 820 1716 858 suo
1761 805 1858 857 ad-

266 890 472 958 jnnxit,
497 903 878 962 repertumque
895 895 1351 958 Theodebertum,
1366 897 1652 965 Chilperici
1671 894 1860 962 lilium,

272 980 533 1034 custodia:
561 983 915 1051 mancipavit.
956 983 1126 1050 Quem
1157 986 1292 1054 patri
1322 985 1526 1054 petenti
1551 966 1863 1039 clementis—

259 1067 418 1146 sime
439 1078 786 1124 muneratum
814 1082 998 1140 postea
1034 1073 1284 1138 reddidit,
1314 1075 1440 1126 dato
1484 1076 1635 1142 prius
1681 1087 1863 1126 sacra-

261 1143 399 1242 inea
412 1168 464 1210 to
493 1174 560 1211 ne
587 1162 718 1229 quid
746 1162 800 1215 in
824 1172 1101 1232 posterutn
1132 1162 1536 1218 Theodebertus
1559 1173 1746 1219 contra
1772 1163 1861 1217 Si-

273 1246 554 1314 gebeitum
587 1249 892 1304 moliretur.
931 1251 1103 1318 Quod,
1134 1254 1493 1321 praepediente
1524 1253 1743 1306 humani
1769 1267 1862 1321 ge—

273 1339 420 1400 neris
441 1340 682 1409 inimicu,
707 1359 814 1398 non
838 1343 928 1396 diu
955 1345 1258 1400 inviolabile
1288 1345 1607 1415 permansit.
1649 1343 1864 1412 Chilpe-

277 1427 421 1481 ricus
475 1445 726 1501 quoque,
773 1433 915 1489 bello
965 1445 1274 1504 superatus,
1321 1435 1662 1490 conditiones
1713 1433 1862 1502 pacis

273 1518 551 1588 amplexus
589 1531 677 1576 est

887 1661 1116 1718 CAPUT
1155 1663 1260 1718 VII.

805 1773 1030 1830 Galliam
1079 1776 1484 1846 irrumpendbns
1509 1794 1539 1829 a
1572 1777 1858 1832 Mnmmolo

954 1845 1194 1915 repulsis.

276 1768 354 1822 De
383 1767 685 1828 Saxonibus

343 1972 619 2041 Saxones,
646 1978 736 2045 qui
772 1978 838 2032 ad
869 1978 1076 2033 italiam
1105 1979 1256 2048 jussu
1290 1980 1650 2038 Theodeberti
1682 1983 1863 2039 senio-

271 2064 347 2118 ris
370 2065 833 2136 demigraverant,
859 2087 981 2126 cum
1014 2072 1331 2144 conjugibus
1359 2091 1422 2128 ac
1443 2076 1628 2130 liberis
1651 2077 1703 2129 in
1733 2076 1860 2132 Gal-

269 2153 370 2208 lias
395 2170 775 2227 prorumpunt.
808 2159 1012 2227 Quibus
1058 2164 1395 2229 Mutnmolus,
1440 2165 1748 2222 Guntranni
1782 2183 1862 2222 re-

269 2243 350 2310 gis
375 2246 664 2311 patricius,
707 2250 919 2304 obviam
950 2267 1204 2321 pergens,
1232 2270 1328 2310 eos
1357 2254 1622 2326 fugaciter
1649 2256 1858 2313 Italiam

271 2344 522 2402 repetere
549 2339 824 2407 compulit.
852 2340 1108 2410 Sequenti
1133 2360 1276 2399 anno
1300 2347 1496 2403 iterum
1523 2347 1769 2405 Saxones
1790 2351 1858 2405 ad

269 2424 604 2482 Rhodanum
633 2445 801 2499 usque
826 2431 1044 2487 ﬂuvimn
1069 2434 1269 2493 Gallias
1289 2437 1586 2508 ingressuri
1612 2456 1861 2496 acceSse-

271 2525 416 2570 runt.
459 2516 786 2576 Murnmolus
825 2537 948 2578 cum
991 2529 1235 2582 exercitu
1273 2544 1371 2584 suo
1417 2530 1630 2595 obvius,
1683 2541 1861 2587 trans-

269 2608 402 2662 itum
427 2609 510 2662 eis
533 2607 770 2666 ﬂuminis
786 2614 1104 2684 denegibat.
1135 2616 1239 2670 Sed
1264 2619 1500 2686 acceptis
1525 2622 1856 2687 muneribus,

269 2713 365 2768 per
401 2700 546 2756 lines
579 2703 727 2771 regni
774 2706 916 2773 quod
948 2707 1198 2762 tuebatur
1228 2711 1543 2764 transeundi
1589 2713 1655 2766 ad
1704 2711 1859 2782 Sige-

267 2789 484 2844 bertam
534 2792 808 2848 licentiam
837 2797 1042 2850 tribuit.
1091 2797 1134 2850 A
1163 2814 1270 2867 quo
1315 2800 1860 2870 suscepti,jubentur

265 2881 521 2949 preprias
551 2883 786 2939 incolere
817 2895 1012 2942 terras.
1037 2887 1154 2954 Quo
1175 2889 1300 2943 dum
1333 2891 1576 2956 tendunt,
1599 2891 1858 2960 plurimos

267 2974 675 3040 negotiatorum
726 2976 777 3029 in
823 2977 1017 3034 itinere
1063 2980 1420 3050 deceperunt,
1459 2984 1583 3038 atris
1629 2983 1858 3040 laminas

269 3063 507 3140 quadarn
540 3076 658 3119 arte
686 3066 752 3119 ad
783 3068 898 3121 auri
944 3056 1132 3139 optimi
1169 3082 1330 3142 atque
1375 3075 1582 3143 probati
1621 3058 1855 3144 speciem

1310 326 1628 384 HISTORIA
1665 319 2112 380 FRANCORUM.
2138 282 2202 358 ὲ-
2235 317 2360 373 LIB.
2390 317 2470 370 ιιι.

265 441 409 492 stica
447 439 707 493 seditione
733 438 1368 508 publicamiuterpolaus
1406 457 1590 509 pacein
1622 440 1860 494 Frauco-
1887 458 1938 517 Α

2572 427 2798 490 CAPLT
2841 427 2925 482 lX.

2239 543 2315 596 De
2344 542 2657 597 Cassiodoro
2686 553 2733 597 ct
2763 543 2882 597 aliis
2923 542 3080 596 claris
3108 542 3254 596 viris.

2030 675 2198 744 Hujus
2259 676 2592 743 temporibus
2644 677 3000 732 Cassiodorus
3045 685 3153 728 tam
3200 674 3252 727 in
3293 672 3540 734 saeculari

1960 785 2122 840 quam
2154 769 2332 820 divina
2360 768 2605 833 scientia,
2646 771 2928 841 Dionysius
2970 767 3136 820 abbas
3170 767 3219 817 in
3267 764 3542 835 paschalis

1960 857 2150 914 calculi
2181 859 2648 926 argumentatione
2688 861 2986 920 mirandus,
3028 855 3336 909 Priscianus
3366 855 3544 907 Cic-sa;

1961 951 2155 1004 rieusis
2184 950 2235 1002 iu
2261 958 2376 1002 arte
2397 948 2784 1012 Grammatice,
2808 949 3004 1002 Arator
3029 947 3078 1000 in
3104 943 3391 1000 exat-audis
3415 958 3544 1011 apo-

1969 1040 2228 1094 stolorum
2259 1039 2480 1091 Actibus
2510 1048 2628 1091 arte
2671 1038 2922 1099 metrica,
2950 1036 3276 1089 claruerunt.
3311 1032 3539 1086 Benedi-

1963 1139 2083 1184 ctus
2112 1145 2326 1198 quoque
2365 1130 2418 1183 in
2459 1129 2667 1183 caelesti
2707 1129 2984 1196 disriplina
3023 1126 3284 1196 placidius
3332 1123 3544 1178 caeteris

1960 1222 2180 1277 effulsit.
2209 1219 2330 1275 llaec
2356 1236 2453 1275 nos
2483 1222 2716 1276 studium
2750 1219 2872 1273 boni
2917 1219 3196 1288 principis,
3229 1215 3308 1268 vel
3356 1229 3542 1276 eorum

1961 1311 2052 1378 qui
2086 1308 2201 1373 ejus
2230 1309 2380 1364 fuere
2409 1310 2764 1378 temporibus,
2798 1309 2979 1361 dicere
3014 1306 3198 1375 paucis
3226 1312 3540 1372 coegerunt.

1961 1402 2113 1456 Nunc
2130 1402 2372 1456 Narsetis
2393 1411 2512 1455 acta
2535 1400 2809 1455 succincte
2834 1397 3287 1466 perstringamus,
3317 1405 3374 1447 ut
3398 1404 3545 1463 post~

1961 1494 2179 1548 modmn
2209 1494 2470 1548 continuo
2494 1492 2657 1546 ductu
2693 1490 2957 1544 inchoaue
2989 1496 3270 1544 percurrat
3297 1483 3545 1540 Historia

1961 1587 2116 1639 ordo.

2584 1720 2811 1776 CAPUT
2854 1720 2918 1775 X.

2369 1857 2444 1911 De
2474 1855 2716 1909 Nurselis
2743 1853 2952 1924 inclytis
2976 1863 3151 1922 gestis.

2034 1991 2236 2047 Narses
2264 1991 2446 2060 itaque
2474 1989 2806 2044 multimodis
2836 1988 3241 2058 subjugatarum
3280 1986 3545 2056 gloriosus

1962 2083 2249 2152 triumphis
2303 2082 2608 2143 nationum,
2645 2081 2820 2135 civica
2871 2079 3100 2149 insignis
3135 2093 3359 2142 corona,
3389 2093 3540 2130 sum-

1962 2189 2064 2230 ma:
2098 2187 2194 2242 per
2221 2172 2430 2226 Italiam
2458 2170 2731 2238 :equitatis
2766 2167 3052 2233 exercebat
3097 2168 3240 2236 jura.
3300 2165 3403 2219 Sed
3462 2165 3547 2219 his

1960 2266 2124 2320 rebus
2143 2263 2245 2317 sibi
2275 2261 2415 2332 apud
2448 2262 2721 2329 improbos
2744 2269 2999 2328 expertus
3025 2267 3108 2311 est
3153 2257 3403 2311 nocuisse
3453 2271 3549 2323 po-

1961 2356 2066 2410 tius
2095 2337 2348 2408 invidiam
2377 2368 2536 2421 quam
2561 2351 2698 2419 apud
2718 2349 2914 2418 probos
2943 2347 3107 2401 fuisse
3135 2349 3384 2416 gratiam.
3413 2343 3543 2397 Nam

1959 2461 2082 2499 cmn
2112 2461 2208 2514 p'o
2239 2443 2534 2498 liberandis
2562 2442 2771 2496 civibus
2797 2441 2988 2494 mortis
3029 2455 3085 2493 se
3118 2437 3417 2493 discrimini
3447 2453 3547 2491 sm-

1959 2536 2180 2606 pissiute
2211 2535 2528 2598 obtulisset,
2561 2532 3068 2602 circumpositarmn
3124 2544 3250 2580 vero
3301 2527 3543 2596 gentium

1960 2627 2013 2681 in
2041 2642 2099 2680 se
2130 2625 2253 2680 odia
2277 2626 2657 2688 excitavisset,
2688 2633 2837 2677 tanta
2868 2639 2896 2676 a
2939 2621 3198 2675 Romanis
3235 2617 3455 2688 pertulit
3487 2627 3545 2671 ut

1960 2717 2081 2786 plus
2126 2727 2245 2786 post
2276 2716 2474 2772 bellum
2505 2733 2533 2770 a
2565 2715 2678 2770 suis
2710 2731 2872 2784 quam
2913 2714 2963 2767 in
3018 2714 3134 2781 ipso
3162 2711 3299 2765 bello
3346 2710 3413 2763 ab
3445 2709 3539 2762 ho-

1959 2807 2130 2860 stibus
2163 2808 2384 2874 periculi
2411 2807 2463 2860 in
2495 2821 2614 2860 sese
2653 2815 2912 2875 expertus
2954 2803 3043 2858 sit.
3076 2802 3545 2870 lmpleveruntque

1961 2900 2186 2954 Romani
2217 2899 2427 2954 facinus
2468 2901 2859 2954 exsecrandum
2887 2907 2945 2951 ut
2989 2913 3147 2966 quem
3178 2904 3543 2973 protectorem

1959 3007 2070 3045 sua:
2120 2991 2310 3045 salutis
2360 2991 2662 3045 habuerant
2715 3004 2837 3043 eum
2880 2998 3006 3042 ante
3058 2985 3292 3041 tribunal
3337 2984 3542 3052 judicis

1959 3082 2124 3136 etiam
2181 3081 2458 3134 absentem
2509 3095 2768 3134 accusare
2819 3094 2924 3131 non
2975 3077 3384 3131 erubescerent.
3432 3074 3541 3128 Nec

268 3154 549 3246 coloratas
597 3159 967 3214 venundautes
1040 3178 1342 3232 aurumque
1389 3181 1487 3234 pro
1548 3167 1722 3234 pretio
1767 3182 1857 3221 ea-
1883 3187 1927 3246 ε
1961 3184 2156 3224 novum
2196 3169 2338 3239 apud
2366 3183 2460 3222 eos
2490 3169 2591 3222 hoc
2614 3182 2784 3237 genus
2815 3165 2999 3244 ﬂagitii
3030 3165 3150 3218 fuit.
3183 3164 3390 3231 Quippe
3425 3161 3543 3244 Sci-

266 3243 522 3296 runnlem
569 3246 914 3315 accipientes.
971 3250 1082 3306 llac
1122 3253 1189 3308 de
1232 3270 1292 3308 re
1324 3256 1476 3309 multi
1526 3265 1856 3313 mercatores

269 3333 337 3383 ad
369 3331 568 3400 inepize
597 3335 792 3389 malum
829 3353 884 3392 se
910 3339 1190 3397 devolutos
1219 3359 1343 3399 sero
1384 3346 1692 3403 doluerunt.
1745 3348 1853 3405 Sed

269 3420 522 3486 Saxones
569 3425 942 3486 fraudulentia:
995 3448 1104 3488 sure
1153 3451 1340 3504 pcenas
1389 3448 1599 3494 matura
1652 3439 1856 3494 ultione

265 3510 511 3568 luerunt.
543 3514 675 3570 Nam
711 3533 742 3572 a
779 3518 967 3576 Suevis
989 3524 1215 3593 aliisque
1243 3527 1572 3590 nationibus,
1606 3544 1727 3596 quae
1758 3545 1852 3599 pa-

270 3605 434 3658 triam
458 3620 648 3660 eorum
681 3622 1056 3678 pervaserant,
1092 3624 1238 3668 terna
1263 3617 1378 3670 acie
1397 3621 1659 3687 superati,
1689 3621 1757 3673 ad
1781 3635 1851 3674 xx

263 3695 438 3749 millia
468 3713 686 3753 suorum
715 3700 884 3756 ferme
904 3704 1273 3777 interemptis,
1308 3709 1498 3780 reliqui
1529 3712 1858 3768 conditioni-

257 3785 364 3841 bus
397 3788 658 3857 hostium,
690 3792 815 3847 licet
837 3794 1009 3859 inviti,
1040 3809 1353 3865 paruerunt.

854 3925 1082 3982 CAPUT
1126 3927 1255 3984 Vlll.

548 4033 624 4089 De
653 4035 954 4092 Iustiniano
985 4049 1031 4092 et
1062 4039 1271 4097 Jus:ino
1298 4042 1564 4110 Augustis.

325 4166 690 4234 Justinianus,
717 4184 783 4226 eo
813 4172 864 4226 in
896 4180 1158 4242 tempore,
1191 4186 1472 4247 postquam
1503 4178 1725 4248 triginta
1752 4180 1848 4235 tri-

256 4258 362 4313 bus
390 4260 551 4313 anuis
574 4261 852 4331 imperium
886 4265 1026 4321 felici
1057 4270 1194 4321 rexit
1221 4278 1384 4332 sorte,
1416 4279 1692 4339 sceptrum
1719 4287 1842 4326 cum

257 4364 470 4403 corona
496 4354 640 4420 regni
667 4353 876 4410 .Iustino
909 4359 1126 4427 reliquit
1153 4361 1370 4414 minori.
1401 4360 1526 4414 Fuit
1545 4356 1727 4417 autem
1751 4362 1844 4418 ιιι-

259 4441 537 4494 stinianus
563 4443 642 4496 vir
672 4443 776 4499 fide
804 4449 1118 4510 catholicus.
1145 4450 1340 4518 pietate
1363 4451 1592 4520 insignis
1611 4455 1837 4521 aequita-

1961 3263 2051 3330 pio
2081 3261 2249 3328 major
2283 3261 2554 3331 quondam
2605 3260 2893 3314 Africanus
2927 3241 3157 3313 devictae
3196 3241 3542 3324 Carthaginis

1957 3353 2273 3408 nobilitatus
2311 3353 2557 3420 tropwis,
2582 3353 2649 3406 ab
2679 3353 2887 3423 ingrata
2917 3351 3016 3414 sibi
3058 3351 3189 3402 urbe
3229 3348 3398 3400 [iiuna
3443 3345 3536 3399 diu

1955 3444 2231 3508 exsulans,
2261 3443 2312 3497 in
2359 3442 2506 3512 agris
2537 3443 2650 3496 suis
2679 3442 2870 3496 morbo
2902 3438 3064 3496 simul
3095 3447 3150 3492 et
3196 3436 3413 3491 tristitia
3446 3435 3542 3489 de-

1953 3536 2104 3592 fecit.
2157 3536 2308 3590 Alter
2356 3551 2573 3605 quoque
2620 3534 2908 3588 Africanus
2969 3533 3189 3602 Scipio.
3241 3529 3540 3600 superioris

1953 3628 2094 3682 haud
2121 3627 2354 3696 ignobile
2379 3642 2549 3696 genus
2575 3624 2863 3695 Scipionis,
2894 3633 3013 3693 post
3045 3621 3401 3688 perdomitam
3448 3619 3539 3673 Li-

1951 3716 2109 3786 byam
2134 3731 2356 3770 causam
2390 3717 2649 3770 adversus
2684 3725 3001 3769 accusantes
3032 3714 3085 3767 in
3127 3722 3316 3766 senatu
3352 3712 3534 3764 dicere

1950 3816 2172 3874 coactus
2209 3806 2349 3873 quod
2370 3805 2472 3858 sibi
2519 3819 2615 3872 pro
2658 3804 2830 3872 patria
2860 3802 3127 3856 laboranti
3163 3803 3230 3854 ab
3272 3800 3536 3869 improbis

1948 3907 2003 3949 et
2028 3895 2252 3963 ingratis
2280 3894 2588 3947 denuntiari
2617 3895 2976 3963 cognovisset,
3001 3892 3175 3946 medio
3202 3891 3532 3962 subsequen-

1951 3988 2018 4040 tis
2046 3989 2219 4041 noctis
2251 3997 2518 4056 tempore,
2551 3989 2618 4040 ab
2644 3987 2852 4042 aemulis
2904 3989 2954 4040 in
3003 3986 3250 4052 cubiculo
3301 3995 3530 4061 necatus

1947 4089 2053 4134 est.
2085 4080 2259 4134 Simili
2295 4080 2451 4134 modo
2476 4090 2665 4141 contra
2693 4081 2839 4144 hunc
2873 4079 3151 4134 Narseleiu
3189 4072 3378 4131 relatio
3425 4078 3537 4132 llo-

1949 4187 2232 4225 manorum
2258 4172 2326 4223 ad
2358 4170 2626 4225 Justiuum
2675 4171 2934 4224 cucurrit.
2961 4170 3254 4241 principem
3301 4184 3364 4223 ac
3408 4167 3526 4235 ejus

1929 4263 2230 4332 ——coujttgem
2253 4261 2536 4331 Sephiam,
2565 4276 2688 4330 quer
2701 4262 2956 4330 elantium
2983 4281 3014 4316 ιι
3042 4261 3115 4314 hil
3139 4261 3242 4315 sibi
3273 4260 3522 4318 collatum

1933 4357 2212 4411 libertatis
2243 4355 2471 4410 devictis
2499 4354 2710 4419 Gothis,
2737 4354 2934 4424 quibus
2958 4356 3145 4408 tetrior
3167 4355 3404 4423 supersit
3431 4357 3526 4409 do-

1947 4449 2148 4512 minus,
2177 4449 2459 4519 eunuchus
2491 4447 2700 4502 scilicet
2750 4445 2969 4500 Narses.
3019 4445 3225 4510 Quibus
3267 4447 3524 4514 cognitis,

241 4529 448 4598 tisque
472 4529 643 4585 cultor
676 4536 940 4604 egregius.
977 4537 1213 4608 Ideoque
1259 4540 1308 4593 ei
1347 4544 1530 4597 omnia
1579 4559 1840 4614 coopera-
1870 4542 1916 4600 υ
1943 4541 2128 4596 Caesar
2171 4539 2250 4592 ira
2280 4539 2645 4593 exardescens
2670 4552 3042 4592 successorem
3074 4536 3288 4590 Narseti
3320 4536 3526 4608 Longi-4

259 4621 464 4677 bantur
488 4621 540 4675 in
572 4623 787 4678 bonum.
819 4627 918 4692 Qui
945 4641 1001 4682 et
1028 4630 1164 4685 bella
1209 4631 1387 4686 civilia
1435 4648 1694 4703 prospere
1744 4651 1841 4704 per

260 4715 449 4767 varios
472 4715 635 4771 duces
659 4727 714 4771 et
739 4721 969 4775 maxime
1000 4738 1095 4791 per
1123 4722 1439 4779 Bclisarinm
1478 4726 1668 4796 gessit,
1699 4738 1753 4782 et
1782 4731 1836 4783 in

259 4806 440 4859 causis
469 4806 716 4862 civilibus
759 4815 1251 4883 componendisque
1302 4815 1508 4886 legibus
1560 4819 1836 4874 merificus

259 4896 488 4949 exstitit.
521 4895 603 4950 0b
655 4913 872 4954 causam
922 4904 1081 4957 etiam
1115 4905 1547 4961 multimodarum
1576 4909 1835 4964 victoria-

261 5002 400 5050 rum,
427 4999 484 5042 ut
511 4987 915 5058 Alemanuicus,
949 4996 1228 5061 Gothicus,
1267 4999 1546 5065 Alanicus,
1577 5003 1834 5059 Vandali-

261 5094 351 5132 cus
373 5079 1069 5155 Africanusquediceretur,
1094 5089 1292 5142 habere
1309 5093 1594 5160 agnomina
1614 5097 1835 5152 meruit.

258 5169 530 5227 Exstruxit
545 5190 765 5243 quoque
790 5177 923 5231 idem
938 5181 1184 5249 princeps
1207 5181 1344 5236 intra
1361 5186 1544 5240 urbem
1566 5185 1805 5243 Constau
1828 5223 1837 5232 ι

261 5260 528 5329 tinopolim
565 5261 785 5317 Christo
813 5264 917 5320 Deo
948 5269 1061 5337 (qui
1089 5278 1173 5322 est
1199 5274 1459 5340 sapientia
1499 5275 1594 5329 Dei
1632 5273 1831 5347 Patris)

262 5352 504 5384 'nmn'nm
523 5373 538 5384 ο
557 5353 704 5384 ίιιιΛιΙ
727 5352 908 5384 ρ-ΜΑΛ
931 5359 1190 5384 ..ΑληιιηΙΑ
1218 5359 1285 5384 ΙΙ..
1303 5363 1370 5384 ..3η
1389 5380 1430 5384 _-
1463 5366 1494 5384 Π
1515 5382 1518 5383 ν
1543 5382 1562 5383 Ὗ
1579 5365 1632 5384 L9
1689 5381 1716 5383 η

1945 4649 2074 4688 num
2105 4632 2303 4686 direxit
2333 4631 2663 4702 praefectum.
2703 4629 2856 4695 Quod
2903 4631 2992 4686 ubi
3036 4627 3234 4684 Nat-ses
3281 4631 3525 4700 agnovit,

1941 4725 2014 4779 ita
2055 4723 2257 4778 dixisse
2287 4715 2460 4778 fertur
2491 4740 2502 4774 :
2547 4741 2565 4772 ε
2603 4721 2658 4775 Si
2696 4721 2866 4785 male,
2901 4722 3095 4791 inquit,
3130 4722 3213 4789 egi
3245 4737 3368 4776 cum
3413 4722 3524 4788 Ro-

1946 4819 2138 4878 manis,
2161 4819 2320 4886 digna
2353 4817 2506 4870 factis
2538 4816 2795 4885 recipiatn
2825 4817 2978 4871 meis.
3013 4815 3068 4868 Si
3108 4829 3236 4868 vero
3278 4814 3439 4875 bona,
3469 4822 3525 4870 et

1943 4911 1988 4964 si
2042 4910 2266 4963 reddere
2310 4910 2496 4963 volunt
2539 4908 2759 4972 similia,
2809 4917 2868 4961 ut
2902 4907 3044 4976 quid
3099 4905 3525 4968 calumniantur,

1940 5007 2159 5055 silentes
2178 5000 2343 5068 capiti
2387 5016 2505 5054 meo
2547 4999 2679 5053 falsa
2709 4996 3051 5052 testimonia?
3089 5014 3108 5047 ι
3144 4993 3314 5048 Tanta
3342 5002 3524 5046 autem

1945 5085 2265 5159 indignatio,
2301 5093 2570 5162 praecipue
2611 5092 2901 5158 Augustae,
2931 5091 3193 5142 adversus
3229 5085 3528 5152 ,Narsetem

1939 5185 2171 5240 excitata
2221 5193 2308 5238 est
2356 5195 2414 5238 ut
2443 5186 2584 5238 inter
2607 5192 2803 5238 caetera
2837 5183 2984 5251 (quia
3032 5177 3316 5231 eunuchus
3361 5175 3526 5244 erat),

1942 5273 2205 5342 injnrioso
2252 5276 2388 5328 satis
2417 5287 2670 5328 sermone
2706 5271 3016 5328 mandaret,
3049 5264 3253 5318 debere
3299 5279 3424 5320 eum
3475 5263 3528 5316 in

2228 5364 2270 5384 Ω,
2303 5367 2383 5383 ηιη
2407 5381 2442 5383 ﬂ,
2463 5382 2542 5383 ,,,,,
2579 5370 2799 5384 ..-·..σ.η.ι.
2830 5359 3070 5384 -.ξονέἌῘ-ιιιη
3118 5353 3368 5384 ...πίῃσθα-οη
3425 5368 3528 5384 ..Λ-1
