4044 5428
542 358 650 416 699

1601 357 1855 418 AIMOINI
1895 361 2196 420 MONACIH
2233 362 2726 428 FLORIACENSIS

3670 372 3779 432 70‘)
3826 380 3835 387 ’

543 470 657 529 Nec
685 469 946 555 promissa
973 481 1233 540 moratus,
1266 474 1330 529 ad
1358 473 1548 533 Alboin
1583 492 1762 547 regem
1805 475 2109 548 Longobar-
2140 490 2183 544 Α
2213 481 2502 537 nasterium
2531 480 2717 539 Sancti
2743 478 2993 552 Martini,
3040 487 3180 557 quod
3225 481 3357 543 Lata
3399 484 3623 551 dicitur,
3651 488 3784 543 dum

543 565 732 618 dorum
769 552 956 630 mittit,
982 565 1073 634 qui
1102 564 1394 622 Pannoniae
1440 570 1759 640 paupertina
1803 585 1928 623 rura
1958 571 2109 624 dese-

544 669 689 718 rere,
730 664 786 710 et
810 654 875 709 ad
919 655 1126 710 Italiam
1171 656 1287 712 solo
1325 659 1544 715 uberem
1592 675 1714 716 eum
1765 660 2113 715 hortarentur

546 745 801 800 transire.
832 744 933 812 Qui
990 747 1193 801 monita
1233 764 1338 804 non
1380 761 1717 822 aspernatus,
1750 767 1875 807 cum
1918 762 2113 806 cuncto

546 848 645 889 suo
672 836 868 905 populo
895 850 1188 907 eorumque
1209 839 1525 909 supellectili
1567 841 1880 910 Hesperiam
1927 856 2114 912 prope-

544 935 650 980 rat.
694 925 893 981 Narses
937 936 1117 993 autem
1149 931 1284 984 urbe
1333 931 1575 987 Romana
1608 932 1810 995 relicta,
1841 931 2111 1002 Neapolim

543 1017 711 1070 venit.
751 1016 921 1084 Quem
949 1019 1268 1088 subsecutus
1310 1037 1442 1093 papa
1484 1022 1739 1087 Joannes,
1780 1024 1868 1092 qui
1898 1023 2114 1094 Pelagio

498 1124 504 1130 ·
540 1117 901 1175 successerat,
943 1109 1168 1166 Romam
1199 1114 1374 1169 redire
1403 1118 1626 1185 rogavit.
1665 1118 1782 1186 Quo
1807 1119 2112 1186 impetrato.

543 1200 762 1269 utrique
784 1202 1016 1271 regressi
1046 1212 1189 1257 sunt.
1224 1205 1287 1258 Et
1315 1208 1690 1263 sanctissimus
1714 1209 1926 1278 quidem
1952 1208 2113 1264 Joan-

542 1307 641 1347 nes
664 1307 770 1347 non
812 1293 904 1349 diu
934 1296 1254 1365 supervixit.
1297 1297 1502 1356 Narses
1541 1316 1670 1356 vero
1700 1310 1823 1371 post
1863 1301 2112 1371 aliquan-

544 1394 658 1441 tum
688 1389 948 1458 temporis
962 1389 1242 1447 defunctus
1259 1402 1360 1459 est,
1390 1410 1694 1467 corpusque
1720 1396 1837 1464 ejus
1861 1398 1913 1451 in
1938 1396 2115 1453 loculo

540 1479 797 1548 plumbeo
848 1482 1084 1551 positum
1132 1484 1659 1559 Constantinopolim
1701 1505 1821 1545 cum
1862 1490 2116 1546 omnibus

544 1574 817 1631 thesauris
847 1574 966 1643 ejus
991 1585 1075 1632 est
1111 1578 1372 1634 delatum.
1403 1581 1532 1649 Sed,
1561 1592 1620 1638 ut
1644 1584 1913 1655 promissa
1939 1584 2118 1640 solva-

544 1683 686 1736 mus,
718 1667 966 1726 Historiae
987 1680 1071 1727 est
1099 1672 1231 1727 ordo
1257 1676 1599 1741 repetendus.

1150 1758 1375 1817 CAPUT
1425 1762 1515 1819 XI;

635 1846 715 1904 De
749 1848 946 1906 Chunis
969 1867 1061 1907 seu
1090 1853 1347 1908 Arnribus
1375 1854 1605 1911 Galliam
1633 1857 2014 1912 iuvadentibus.

538 2006 543 2009 _
612 1936 924 2010 Chuni,qui
972 1949 1027 1996 et
1082 1943 1314 2008 Avares,
1349 1954 1509 2014 rupto
1562 1944 1764 2002 fmtlere
1802 1950 1945 2017 quod
1996 1963 2118 2003 cum

542 2040 669 2097 rege
692 2026 1025 2085 Francorum
1056 2030 1337 2100 Sigeberto
1367 2036 1768 2106 pepigerant.in
1800 2036 2118 2108 imparatam

543 2114 853 2172 seGalliam
911 2118 1223 2177 infundunt.
1283 2121 1430 2189 Quos
1482 2139 1604 2179 cum
1651 2124 1743 2179 ille
1796 2134 2120 2196 congregato

542 2208 781 2262 exercitu
819 2208 960 2265 bello
985 2211 1238 2281 excipere
1268 2214 1668 2279 deSIinavisset,
1695 2215 1865 2271 Chnni
1900 2216 2122 2286 magicis

542 2293 775 2361 artibus,
801 2297 1114 2368 priusquam
1154 2302 1221 2355 ad
1265 2318 1457 2357 manus
1473 2304 1768 2368 veniretur,
1796 2306 2118 2374 quibusdam

539 2386 1009 2456 pbantasmatihus
1031 2388 1270 2446 Francos
1318 2393 1740 2463 perterrefactos
1769 2393 1953 2465 fugere
1976 2411 2123 2450 com-

541 2474 813 2544 pulerunt.
863 2476 978 2533 Rex
1000 2478 1132 2548 ipse,
1175 2479 1376 2536 frustra
1429 2484 1683 2539 resistere
1735 2494 1978 2545 conatus.
2029 2501 2121 2541 ca-

541 2567 710 2636 pitur.
746 2567 851 2623 Sed
898 2572 1199 2640 prudentiae
1236 2587 1346 2628 suae
1391 2582 1511 2629 astu
1563 2574 1760 2631 oblatis
1810 2578 2122 2634 muneribus

543 2654 843 2711 honoriﬁce
895 2660 963 2713 ad
1013 2676 1142 2716 suos
1194 2662 1372 2717 redire
1423 2665 1738 2733 permissus,
1761 2680 1949 2735 pacem
1999 2682 2120 2723 cum

543 2743 749 2801 Chunis
780 2746 832 2801 in
874 2746 1141 2818 reliquum
1171 2751 1417 2806 stabilem
1450 2751 1707 2809 firmavit.
1747 2753 1858 2809 Nec
1890 2756 2124 2825 praetulit

541 2836 735 2892 mortis
781 2840 1157 2909 compendium
1210 2842 1410 2908 saluti,
1462 2844 1832 2901 condemnans
1894 2845 1949 2901 itt
2019 2847 2122 2903 hoc

543 2926 690 2983 facto
736 2943 961 3000 pravum
1014 2930 1196 2988 Crassi
1246 2935 1497 3001 Romani,
1550 2937 1820 3006 quondam
1867 2939 2120 3003 consulis,

545 3020 851 3086 consilium,
882 3022 997 3091 qui,
1029 3033 1086 3076 ut
1115 3024 1346 3081 dedecus
1374 3027 1654 3082 servitutis
1686 3028 1961 3093 evaderet,
2012 3044 2117 3083 non

545 3109 780 3178 pretium
810 3110 1076 3179 hostibus,
1110 3114 1202 3168 sed
1246 3114 1347 3170 sibi
1385 3115 1663 3171 interitum
1698 3118 1930 3186 paravit.
1963 3116 2119 3183 Nam,

547 3199 674 3255 dum
704 3200 845 3258 forte
888 3213 1076 3258 contra
1115 3204 1354 3261 Thraces
1400 3222 1665 3279 pugnans,
1715 3210 1870 3264 cmsls
1902 3225 2120 3268 suorum

547 3283 787 3370 millibus
812 3292 866 3348 in
895 3303 1215 3364 potestatem
1257 3296 1491 3351 hostium
1536 3298 1859 3365 devenisset,
1891 3315 1958 3354 ne
1982 3300 2122 3354 ludi—

547 3382 727 3436 brium
759 3383 995 3459 initnicis
1032 3386 1195 3451 foret,
1220 3387 1453 3455 virgam,
1479 3404 1583 3456 qua
1631 3389 1696 3443 ad
1739 3390 2122 3446 stimulandum

548 3488 747 3543 equum
776 3474 1050 3542 utebatur,
1088 3476 1142 3531 in
1173 3476 1388 3531 oculum
1414 3478 1640 3534 Thracis
1666 3494 1723 3533 se
1753 3482 1988 3535 tenentis
2023 3481 2125 3535 im-

548 3563 713 3633 pegit.
743 3562 1033 3629 Barbarus,
1066 3564 1251 3621 dolore
1276 3566 1461 3636 iraque
1491 3569 1748 3636 percitus,
1780 3568 1922 3623 latus
1943 3569 2122 3624 Crassi

550 3652 728 3723 gladio
763 3654 1243 3726 transverberavit.
1292 3653 1491 3724 Sicque
1536 3655 1621 3710 vir
1653 3657 1835 3727 magni
1889 3658 2124 3711 nominis

549 3740 713 3797 simul
748 3734 805 3798 et
855 3741 1222 3811 fortitudinis,
1272 3743 1397 3800 dum
1447 3745 1651 3800 devitat
1702 3746 1843 3815 quod
1902 3744 2125 3801 fortuito

550 3830 678 3889 casu
699 3834 813 3889 sive
839 3833 1103 3889 beneﬂcio
1134 3828 1304 3891 hastis
1334 3835 1497 3890 etiam
1543 3845 1725 3907 posset
1748 3830 1997 3903 evadere,
2044 3837 2126 3891 iu-

551 3924 683 3979 cidit
713 3924 768 3980 in
798 3924 1051 3980 mortem
1075 3940 1239 3996 quam
1270 3925 1477 3980 illatam
1505 3941 1606 3982 nec
1642 3926 1831 3981 volens
1869 3926 2124 3982 adversa-

529 4008 665 4070 rius
692 4024 869 4086 potest
895 4023 1165 4070 avertere.
1206 4036 1209 4039 ν
2094 4024 2097 4031 ·

528 4112 539 4121 “
1144 4103 1372 4161 CAPUT
1403 4105 1518 4161 XII.

830 4199 908 4253 De
929 4197 1172 4254 Clodovet'
1200 4199 1375 4269 gestis,
1426 4208 1474 4252 et
1503 4194 1822 4252 Gemit-(mni.

621 4288 700 4344 Eo
726 4297 966 4359 tempore
1005 4289 1324 4355 Clodoveus,
1372 4288 1663 4359 Chilperici
1715 4288 1873 4355 tilias,
1920 4287 2129 4343 Burde-

552 4378 825 4447 galensem
859 4380 1002 4450 (qua:
1028 4380 1094 4435 ad
1120 4395 1343 4451 regnum
1375 4378 1640 4450 Sigeberti
1668 4379 1995 4450 pertinebat)
2035 4393 2126 4432 ur-

553 4466 677 4523 bem
733 4469 950 4525 invasit.
996 4471 1171 4539 Super
1228 4484 1389 4538 quem
1443 4466 1685 4536 Sigulfus
1733 4469 1849 4529 dux
1893 4468 2122 4536 partium

2210 571 2426 641 quidam
2459 573 2673 630 hostilis
2722 575 2954 645 agminis
3003 578 3287 633 tenderent
3330 578 3637 648 vellentque
3678 579 3786 634 flu—

2209 664 2353 717 vium
2375 665 2466 735 qui
2495 665 2833 722 interlluehat
2878 670 3132 734 transire,
3178 670 3549 725 clamaverunt
3596 687 3785 726 mona-

2211 752 2320 815 chi,
2350 753 2591 809 dicentes
2618 773 2633 808 :
2689 774 2710 807 ‹
2767 756 2962 819 Nolite,
2995 774 3027 811 ο
3052 759 3293 821 barbari.
3321 759 3488 815 nolite
3519 760 3649 816 huic
3674 778 3783 817 cm-

2212 843 2370 898 nohio
2399 845 2582 900 Sancti
2629 845 2843 902 Martini
2878 846 3100 915 injurias
3129 848 3352 906 inferre.
3380 870 3398 903 ι
3431 851 3545 907 Hoc
3573 854 3781 920 audito,

2211 933 2427 1001 quidam
2457 935 2731 990 redierunt
2777 939 3082 1005 compuncti
3119 941 3282 995 corde
3323 953 3646 998 retrorsum.
3686 942 3784 998 Vi-

2213 1022 2342 1092 ginti
2376 1030 2554 1078 tamen
2592 1041 2659 1081 ex
2712 1026 2842 1094 ipsis
2870 1043 3092 1084 ascensa
3119 1032 3245 1085 navi
3270 1029 3465 1087 ﬂumen
3495 1042 3785 1091 transeun‘

2215 1120 2314 1175 tes,
2341 1114 2496 1169 caesis
2522 1116 2824 1183 monachis,
2851 1121 3238 1174 monasterium
3261 1120 3560 1192 infringunt
3587 1139 3803 1195 resque-

2213 1201 2472 1272 diripiunt
2496 1205 2758 1276 factisque
2787 1209 3018 1265 sarcinis
3045 1212 3222 1267 navim
3245 1224 3511 1283 repetunt.
3539 1217 3649 1274 Sed
3675 1236 3786 1275 non

2214 1291 2385 1347 defuit
2422 1294 2565 1349 beati
2622 1296 2946 1354 confessoris
2991 1301 3180 1357 virtus.
3241 1301 3373 1360 Nam
3424 1306 3659 1375 ingressi
3699 1310 3787 1363 al-

2215 1397 2396 1449 ventu,
2424 1387 2641 1443 amissis
2666 1389 2850 1453 remis,
2897 1390 3022 1445 dum
3062 1393 3346 1450 hastilibus
3386 1399 3567 1453 navim
3601 1399 3792 1470 impel—

2216 1472 2354 1540 lunt,
2387 1475 2476 1529 illa
2506 1478 2605 1533 sub
2642 1479 2864 1547 pedibus
2914 1497 3088 1537 mersa
3134 1494 3235 1540 est.
3266 1486 3368 1555 Ipsi
3399 1501 3554 1554 vero,
3582 1489 3791 1546 lanceis

2217 1563 2412 1616 conﬁxi
2440 1565 2574 1631 suis,
2603 1566 2654 1619 in
2693 1567 3018 1636 profundum
3046 1570 3383 1640 delabuntur,
3432 1590 3543 1630 uno
3577 1586 3805 1633 tantunr

2216 1653 2505 1721 superstite
2532 1654 2623 1725 qui
2661 1656 2774 1712 haec
2814 1671 2908 1714 eos
2936 1660 3186 1718 deserere
3212 1663 3551 1721 hortabatur.
3599 1668 3793 1724 Mona-

2219 1743 2305 1797 chi
2338 1760 2465 1800 vero
2493 1761 2587 1803 eos
2628 1764 2821 1819 resque
2863 1767 2990 1807 suas
3033 1753 3186 1822 aquis
3224 1756 3479 1826 eripiunt,
3512 1759 3663 1828 ipsos
3702 1774 3792 1814 se-

2140 1837 2188 1897 ];
2217 1834 2460 1904 pulturae,
2490 1852 2578 1891 res
2607 1847 2786 1893 autem
2821 1843 3148 1897 monasterio
3192 1842 3505 1902 inferentes.
3534 1847 3801 1919 Talisqne

2220 1932 2347 1980 tunc
2371 1926 2775 1984 Theodebertus
2808 1931 3147 2001 Aquitanicis
3179 1933 3327 1989 visus
3363 1944 3419 1989 et
3437 1935 3801 2002 Christianis,

2216 2016 2391 2087 qualis
2418 2008 2690 2087 quondam
2716 2021 3084 2078 Diocletianus
3118 2026 3405 2082 catholicis
3420 2027 3489 2081 .iu
3523 2036 3643 2083 toto
3663 2033 3797 2085 orte

2219 2109 2544 2164 constitutis.
2571 2111 2874 2181 Congressu
2928 2113 3167 2169 Pictavis
3206 2116 3466 2174 adversus
3510 2119 3795 2176 Gundoal-

2216 2199 2345 2253 dum
2362 2202 2549 2255 ducem
2572 2201 2776 2266 habito,
2790 2202 3077 2260 universas
3088 2219 3223 2274 pene
3237 2205 3352 2273 ejus
3373 2208 3559 2278 copias
3570 2209 3799 2266 delevit.
3834 2224 3837 2225 '

2219 2285 2330 2343 Nec
2352 2288 2691 2359 Cltilperieus
2723 2291 2950 2361 quievit,
2981 2294 3076 2362 qui
3108 2294 3283 2350 fratri
3334 2294 3623 2366 Sigeberto
3658 2298 3801 2354 ludi-

2218 2376 2339 2431 brio
2368 2392 2500 2433 suos
2536 2378 2704 2434 fuisse
2744 2381 3021 2437 exercitus
3066 2382 3469 2454 indignabatur.
3514 2383 3638 2441 Non
3670 2402 3801 2442 eon-

2222 2473 2403 2522 tentus
2433 2469 2578 2523 enim
2612 2468 2706 2523 lilii
2748 2470 3041 2539 triumpho,
3075 2485 3198 2525 eum
3231 2485 3422 2543 magna
3453 2479 3511 2527 et
3558 2474 3676 2543 ipse
3706 2491 3801 2531 ve-

2220 2559 2377 2615 niens
2405 2575 2563 2615 manu
2585 2559 2931 2631 Campaniam
2955 2561 3307 2633 depopulatus
3330 2575 3413 2620 est
3440 2564 3795 2623 Remensem.

2218 2648 2537 2722 Sigebertus
2575 2660 2757 2707 tamen
2807 2668 2916 2708 non
2969 2667 3359 2724 usquequaque
3411 2656 3625 2712 otiosus
3673 2657 3800 2724 fuit,

2220 2757 2322 2797 nec
2348 2741 2518 2798 multa
2546 2742 2638 2798 diu
2677 2744 2827 2815 regni
2856 2744 2936 2800 sui
2966 2759 3156 2816 passus
3197 2746 3475 2816 dispendia
3506 2756 3613 2804 est.
3640 2747 3800 2815 Nam,

2222 2835 2433 2892 insidiis
2452 2827 2759 2907 opportune
2804 2837 3013 2902 locatis,
3043 2853 3260 2894 omnem
3289 2842 3593 2897 exercitum
3620 2843 3804 2898 Theo-

2220 2925 2424 2980 deberti
2457 2941 2581 2981 cum
2614 2927 2729 2996 ipso
2753 2927 2982 2982 attrivit.
3012 2927 3134 2994 Qui,
3165 2929 3289 2983 dum
3320 2929 3551 2986 evadere
3582 2933 3802 2997 nititur,

2221 3030 2250 3069 a
2291 3016 2518 3071 cohorte
2541 3017 2685 3085 regia
2717 3032 3008 3087 oppressus
3038 3019 3323 3073 occiditur.
3355 3019 3564 3090 Corpus
3586 3023 3708 3091 ejus
3733 3024 3803 3077 ab

2218 3106 2501 3176 Arnulphe
2523 3108 2953 3164 ducecollectum
2977 3117 3034 3164 et
3061 3110 3126 3164 ad
3151 3110 3519 3181 Engolismam'
3537 3115 3800 3178 delatum,

2149 3189 2192 3249 C
2225 3197 2421 3251 ibidem
2463 3208 2547 3253 est
2585 3198 2888 3253 humatum.
2920 3199 3140 3265 Deinde,
3176 3203 3524 3273 congregatis
3554 3205 3806 3272 superio-

2220 3288 2371 3343 ribus
2413 3282 2638 3344 Francis
2665 3289 2986 3354 Austrasiis,
3034 3291 3263 3346 collecto
3304 3293 3467 3346 etiam
3526 3297 3802 3349 sociorum

2220 3379 2550 3449 adjumento,
2591 3389 2777 3434 contra
2807 3380 3028 3436 fratrem
3051 3381 3221 3436 aciem
3253 3382 3456 3453 dirigit.
3497 3383 3606 3439 Sed
3635 3386 3805 3441 inter-

2221 3469 2561 3524 currentibus
2596 3469 2807 3537 legatis,
2850 3484 2957 3539 pax
2984 3470 3256 3526 convenit.
3286 3470 3415 3525 lude
3441 3486 3473 3526 e
3521 3476 3801 3529 communi

2221 3572 2484 3614 consensu
2509 3558 2915 3626 expeditionem
2968 3559 3021 3613 in
3075 3558 3455 3613 Guutrannum
3484 3576 3647 3615 suum
3699 3562 3803 3616 fra-

2224 3655 2361 3702 trem
2389 3647 2712 3717 Burgundiae
2746 3662 2924 3717 regem
2959 3656 3149 3718 agunt.
3195 3647 3514 3716 Sigebertus
3542 3649 3805 3705 Arvernis

2221 3738 2427 3792 civibus
2457 3736 2676 3792 mandat
2731 3737 2923 3792 Arelas
2961 3753 3029 3793 ex
3074 3738 3348 3807 insperato
3374 3739 3652 3793 invadant.
3685 3739 3804 3806 Quo

2221 3832 2931 3901 praecognitoﬁuntrannus
2952 3847 3049 3899 per
3073 3832 3434 3888 internuntios
3459 3833 3805 3888 Arelatenses

2222 3925 2289 3980 de
2314 3926 2548 3980 adventu
2597 3927 2831 3981 hostium
2866 3937 3043 3981 certos
3072 3926 3219 3982 facit.
3264 3927 3364 3991 llli,
3409 3929 3808 3997 prznoccupatis

2224 4014 2539 4069 insidiarum
2567 4015 2699 4069 locis
2721 4015 2856 4069 duce
2886 4014 3064 4079 Celso,
3094 4030 3190 4070 eos
3220 4015 3310 4085 qui
3356 4031 3414 4070 se
3456 4014 3803 4070 interfectum

2223 4102 2857 4158 venerant‘interliciunt.
2879 4101 3227 4159 Guntrannus
3250 4119 3485 4176 quoque,
3510 4106 3809 4159 contractis

2223 4193 2577 4262 undecunque
2617 4193 2859 4258 viribus,
2901 4194 3113 4248 obviam
3141 4203 3327 4263 .parat
3380 4194 3458 4247 ire
3515 4192 3807 4253 fratribus.

2222 4284 2465 4352 Cumque
2490 4293 2667 4338 castra
2700 4283 2753 4337 in
2786 4283 2903 4338 loco
2941 4284 3033 4352 qui
3065 4283 3312 4338 Viriacus
3334 4283 3532 4337 dicitur
3574 4283 3805 4347 fixisset,

2227 4371 2496 4427 residente
2545 4373 2830 4444 Sigebcrto
2883 4373 3024 4451 apud
3100 4374 3439 4437 Archiacum,
3499 4373 3809 4443 Chilperico

2226 4461 2519 4516 identidem
2565 4478 2631 4518 eo
2672 4462 2774 4517 loci
2818 4478 2924 4531 quo
2983 4463 3262 4518 duodecim
3304 4472 3493 4532 pontes
3537 4463 3809 4533 Sequanae

508 4582 509 4585 η
555 4544 824 4628 Sigeberti
846 4535 1453 4623 irruens,-eum—exinde
1473 4535 1699 4627 expulit,
1729 4572 1793 4611 ac
1821 4535 1985 4611 veluti
2011 4571 2127 4611 cer-
2156 4535 2204 4593 Π
2230 4552 2628 4629 superimpositi
2688 4552 2860 4607 fuisse
2897 4553 3240 4633 referuntur,
3259 4555 3625 4610 mediantibus
3669 4556 3813 4625 opti-

553 4661 680 4702 vum
727 4662 839 4718 prae
869 4662 929 4702 se
976 4657 1181 4718 ageret,
1200 4644 1277 4702 ad
1324 4647 1542 4718 propria
1577 4645 1772 4700 festiue
1822 4644 2130 4713 regredien-

532 4747 684 4804 ‘tem,
707 4739 951 4794 buccinis
976 4739 1293 4805 insonando,
1325 4753 1494 4809 usque
1514 4739 1580 4793 ad
1613 4737 1814 4809 refugio
1842 4737 2129 4792 Parisiacae

538 4828 790 4884 civitatis
826 4829 1120 4885 insectatus
1148 4840 1250 4886 est.
1292 4829 1415 4896 Quo
1457 4832 1759 4900 comperto.
1786 4828 2130 4897 Cltilpericus

552 4918 980 4976 Theodebertum
1029 4921 1256 4975 alterum
1280 4936 1348 4977 ex
1377 4921 1523 4988 filiis,
1561 4922 1654 4991 qui
1691 4920 1973 4992 Sigcberto
2020 4920 2130 4988 pri-

552 5011 676 5065 dem
702 5007 981 5082 iuraverat
1007 5012 1312 5069 nullatenus
1350 5028 1409 5069 se
1435 5012 1487 5067 ei
1514 5013 1845 5078 nociturum,
1879 5013 1931 5066 iu
1986 5010 2128 5066 Neu-

552 5101 743 5136 :lriam
794 5103 859 5136 ml
912 5103 1253 5136 nnnnnnnﬂnn
1296 5102 1461 5136 nonI-ac
1516 5118 1636 5136 num
1688 5102 1840 5136 funi-ni
1878 5101 2131 5136 οιιιιῗόηιω

2234 4641 2336 4695 mis
2388 4641 2692 4711 quibusque
2744 4642 3027 4711 prudentia
3075 4642 3209 4699 viris
3256 4644 3662 4713 quibusmoris
3724 4653 3808 4698 est

2233 4743 2446 4799 semper
2477 4729 2692 4797 regibus
2731 4731 2971 4801 praebere
3000 4732 3245 4797 consilia,
3280 4731 3333 4786 hi
3379 4742 3488 4787 tres
3534 4732 3733 4788 fratres
3755 4734 3806 4787 in

2235 4834 2398 4874 unum
2465 4830 2665 4875 coeunt
2731 4819 2924 4876 foedus.
2981 4823 3183 4877 Trecas
3227 4824 3519 4889 deindein
3567 4825 3807 4879 oratorio

2218 4907 2422 4968 Sancti
2444 4906 2577 4977 Lupi
2607 4909 2822 4964 dextras
2843 4908 3148 4978 jungentes,
3172 4911 3487 4982 Sigebertus
3509 4929 3629 4968 cum
3657 4913 3809 4969 Chil-

2231 4998 2438 5066 perico,
2472 4995 2848 5064 jusjurandum
2890 4997 3211 5076 Gnntranno
3255 5000 3604 5068 praebuerunt
3650 4996 3806 5052 nilse

2231 5085 2458 5136 ulterius
2482 5086 2741 5136 adversus
2768 5102 2890 5136 eum
2923 5088 3189 5136 hostiliter
3226 5099 3465 5136 πίπτεις-
3501 5090 3696 5136 Eadem
3723 5087 3806 5136 eis
