4044 5428
203 280 351 336 7οι

1276 285 1597 344 ιιιδτοιιιι
1631 238 2191 339 rasamenta:
2231 276 2357 331 Ltu.
2394 275 2477 329 ιιι.

3396 261 3500 315 7ιῖ

210 405 509 463 oportere
538 412 661 451 eum
695 409 789 453 aut
832 416 899 455 ex
945 403 1164 472 proprio
1192 403 1460 471 stipendia
1491 400 1595 457 illis
1615 395 1822 466 largiri,
1851 400 1904 459 Α
1929 400 2113 457 ruunt,
2135 390 2344 461 levique
2366 387 2575 457 negotio
2596 384 2934 440 membratim
2965 389 3140 437 sectos
3169 380 3301 434 duos
3320 377 3502 432 delent

207 498 343 542 aut
392 489 670 558 publicum
723 491 1094 546 demonstrare
1168 494 1323 563 cujus
1374 494 1536 546 rebus
1588 489 1827 541 ditentur

204 579 655 646 adversarium;
688 597 747 636 se
777 583 1013 649 interim,
1047 584 1171 638 dum
1205 599 1356 655 reges
1383 583 1526 637 inter
1554 595 1613 636 se
1642 591 1827 649 pacem

208 670 524 723 venditant
565 680 659 725 aut
707 672 1043 738 inimicitias,
1090 676 1244 743 quasi
1292 672 1679 734 mercenarios,
1727 668 1827 722 ha-

208 755 354 810 beri
383 770 710 827 queruntur,
735 763 802 814 ad
831 763 1065 831 pericula
1096 765 1322 831 primos,
1350 764 1415 816 ad
1455 764 1716 815 honorem
1745 757 1829 812 vel

209 848 464 913 pnnmia
499 850 739 905 ultimos.
779 852 887 907 Nec
915 864 1103 908 contra
1148 853 1522 909 Guntrannum
1549 868 1607 906 se
1630 866 1825 919 quere-

211 934 346 989 iam
378 940 671 1007 cujuslibet
695 940 1008 998 offensionis
1032 946 1366 1013 praetendere
1398 944 1532 998 velle
1564 942 1824 1005 fatentur,

210 1044 361 1082 cum
389 1046 496 1099 quo
524 1030 1013 1104 Sigebertusjustze
1041 1037 1270 1090 firmarit
1306 1037 1510 1090 fin-dera
1535 1034 1823 1104 paetiouis,

213 1118 332 1171 sed
359 1120 413 1173 in
458 1119 827 1191 Chilpericum
870 1127 1072 1179 veteris
1114 1125 1409 1181 inimititite
1452 1125 1826 1179 recordatione

211 1217 565 1262 cunctorum
596 1211 723 1265 odia
756 1214 1133 1271 exardescere.
1178 1214 1329 1267 Illum
1372 1230 1492 1268 esse
1542 1230 1609 1267 ex
1645 1214 1828 1267 multis

212 1311 426 1359 unum,
453 1299 611 1368 cujus
633 1301 745 1353 vita
776 1302 1008 1372 ingrata,
1039 1320 1184 1357 mors
1204 1303 1342 1358 foret
1365 1304 1616 1357 omnibus
1648 1311 1825 1372 grata.

213 1385 332 1441 llis
367 1390 536 1458 igitur
565 1407 792 1446 suorqu
842 1396 1279 1461 persuasionibus
1314 1404 1536 1450 coactus
1570 1395 1822 1464 Sigeber-

214 1487 347 1539 tus.
382 1480 606 1537 fratrem
643 1486 893 1554 persequi
919 1490 1144 1552 statuit;
1175 1488 1289 1557 qui,
1322 1488 1395 1541 nil
1426 1487 1531 1540 tale
1559 1494 1823 1548 metuens,

214 1568 499 1635 majorem
550 1583 826 1628 excrettus
877 1586 1085 1644 partem
1135 1577 1202 1630 ad
1248 1576 1474 1630 hiberna
1521 1574 1822 1631 dimiserat.

216 1666 375 1728 Ipse,
424 1674 652 1733 accepto
708 1666 958 1722 fraternae
1005 1666 1379 1723 insectationis
1441 1668 1655 1731 nuntio,
1699 1680 1820 1720 cum

1932 484 2096 536 viros.
2138 481 2473 550 Chilpericus
2527 477 2652 531 dum
2696 474 2878 545 egredi
2932 471 3246 527 formidaret
3279 478 3331 523 et
3370 468 3499 537 quid

1929 571 2216 626 accidisset
2247 572 2538 639 ignoraret,
2566 566 2856 620 accedente
2881 564 2948 618 ad
2979 578 3036 617 se
3056 562 3281 631 conjuge
3302 558 3497 613 Frede-

1929 664 2125 734 guude,
2153 662 2425 716 interiisse
2469 661 2693 713 fratrem
2718 668 2777 713 ut
2798 658 3081 726 comperit,
3109 656 3175 709 ad
3200 669 3348 722 spem
3378 653 3499 705 vita:

1928 764 1982 809 ct
2007 755 2197 809 salutis
2230 754 2468 807 animum
2496 753 2647 821 quasi
2680 753 2747 806 ab
2787 751 2976 805 inferis
3016 750 3248 803 reduxit.
3291 746 3344 800 lu
3378 762 3499 799 cra-

1928 847 2128 899 stinum
2156 861 2406 916 egressus
2431 846 2638 906 urbem,
2661 843 3005 897 redeuntibus
3032 842 3083 895 iu
3108 841 3334 910 gratiam
3359 838 3500 891 Nett-

1926 938 2160 1000 strasiis,
2217 938 2308 1005 qui
2371 936 2437 989 ad
2506 934 2842 1003 Sigebertum
2895 934 2963 986 ab
3022 948 3086 986 eo
3135 930 3498 988 desciverant,

1927 1043 2121 1097 corpus
2152 1028 2334 1082 fratris
2370 1028 2421 1081 in
2460 1027 2604 1089 villa,
2646 1026 2729 1079 cui
2777 1026 3038 1080 Lambrus
3062 1040 3253 1077 nomen
3284 1030 3385 1085 est,
3415 1036 3503 1073 se-

1926 1120 2080 1190 peliri
2110 1120 2401 1173 mandavit.
2446 1119 2597 1184 Quod
2636 1117 2974 1186 postmodum
3005 1132 3032 1168 a
3081 1112 3499 1168 fidelibus-obla-

1931 1220 2061 1273 tum,
2087 1220 2141 1263 et
2185 1210 2235 1262 in
2271 1209 2499 1263 ecclesia
2535 1208 2718 1262 Sancti
2749 1206 2983 1259 Medardi
3015 1206 3320 1260 Suessionis
3342 1204 3495 1273 juxta

1928 1313 2136 1371 patrem
2191 1302 2485 1357 Clotarium
2533 1310 2613 1356 est
2661 1301 2964 1355 humatum.
3005 1298 3272 1370 Regnavit
3318 1305 3496 1351 autem

1927 1395 2084 1448 annis
2111 1410 2229 1447 xm.

2516 1480 2741 1540 CAPUT
2780 1484 2914 1538 XIII.

2108 1575 2180 1629 De
2218 1574 2514 1630 Fortunato
2563 1579 2798 1648 episcopo
2836 1587 2884 1631 et
2923 1578 3037 1645 ejus
3076 1575 3317 1628 scientia.

2000 1666 2127 1735 Ejus
2182 1676 2426 1737 tempore
2474 1668 2820 1729 Fortunatus,
2855 1667 2946 1735 qui
2988 1667 3041 1719 in
3087 1662 3351 1717 rhetorica
3387 1674 3500 1713 mc-

214 1752 425 1817 paucis
452 1754 732 1822 equitibus
777 1755 1082 1811 Tornacum
1127 1759 1315 1813 urbem
1364 1756 1625 1825 confugit.
1652 1754 1821 1821 Quem
1854 1755 1899 1814 Β
1931 1759 2173 1828 tricaque
2217 1770 2334 1813 arte
2380 1757 2623 1813 famosus
2675 1759 2997 1821 habebatur,
3041 1756 3109 1810 ab
3155 1753 3411 1822 llesperia
3443 1754 3497 1806 iu

215 1840 582 1909 subsequens
644 1844 962 1914 Sigebertus
1016 1845 1346 1901 Parisiorum
1402 1847 1680 1915 ingressus
1744 1853 1827 1899 est

155 1949 171 1955 ε
214 1931 443 1985 urbem.
472 1932 572 1987 Cui
625 1948 915 1990 occurrens
943 1947 1161 1991 sanctus
1190 1936 1494 1992 Germanus
1533 1936 1773 2006 pontifex
1805 1951 1821 1989 :

218 2038 242 2071 ι
284 2020 371 2086 Si,
433 2022 635 2092 inquit,
690 2025 987 2080 fraternum
1035 2037 1295 2083 cruentus
1343 2029 1496 2098 cupis
1545 2028 1824 2082 effundere

218 2114 751 2184 Sanguinem,juxta
776 2116 1070 2172 Psalmistae
1093 2134 1301 2183 vocem,
1337 2135 1455 2174 eam
1481 2135 1641 2188 quam
1666 2117 1823 2172 fratri

216 2216 395 2270 paras
437 2202 651 2259 foveam
689 2206 780 2260 tibi
804 2208 1103 2276 experieris
1132 2218 1398 2277 paratam,
1426 2208 1825 2279 fratricidaeque

216 2307 338 2347 non
397 2296 710 2363 privaberis
760 2298 1045 2362 vocabulo,
1074 2315 1199 2354 cum
1256 2299 1505 2354 voluntas
1554 2300 1665 2370 ipsa
1714 2316 1820 2355 non

217 2394 429 2439 careat
453 2387 739 2456 supplicio.
768 2406 787 2437 ι
818 2388 943 2443 Haec
970 2389 1059 2444 ille
1088 2389 1241 2460 quasi
1274 2389 1343 2444 ab
1364 2391 1619 2459 episcopo
1655 2394 1824 2460 parti-

218 2476 333 2530 bus
360 2474 559 2532 fratris
592 2477 803 2533 favente
848 2479 990 2533 dicta
1020 2490 1375 2550 aspernatus,
1406 2483 1677 2553 cogitabat
1706 2499 1819 2538 cm-

216 2578 321 2641 pta
352 2571 644 2638 perficere.
684 2571 749 2626 Et
779 2573 998 2626 veniens
1031 2574 1082 2626 in
1125 2573 1329 2637 villam,
1371 2575 1457 2628 cui
1498 2575 1818 2630 vocabulum

219 2668 311 2714 est
342 2658 689 2713 Victoriacus
739 2660 856 2731 [al.,
893 2660 1175 2733 Victoria],
1221 2661 1441 2716 offendit
1470 2662 1541 2715 ibi
1586 2664 1818 2717 validam

219 2749 291 2801 de
322 2763 503 2817 regno
542 2747 830 2819 Chilperici
879 2767 1099 2805 manum
1152 2751 1588 2807 Neustrasiorum
1642 2754 1820 2821 specie

220 2853 285 2892 se
325 2840 380 2892 ei
426 2840 645 2896 tradere
684 2840 996 2895 volentium.
1039 2842 1163 2909 Qui,
1204 2843 1322 2897 viso
1376 2859 1524 2911 rege,
1572 2845 1813 2900 certatim

222 2929 293 2982 ad
323 2944 456 2983 eum
495 2931 791 2997 venientes,
835 2932 1023 2986 ditioni
1052 2950 1109 2987 se
1129 2932 1244 3002 ejus
1284 2935 1537 2989 subdunt.
1567 2934 1675 2990 Nec
1700 2936 1821 3004 qui-

224 3023 366 3077 libet
415 3023 617 3078 ducum
668 3033 757 3079 aut
793 3040 1078 3096 procerum
1129 3027 1278 3097 regni
1330 3026 1665 3082 Francorum
1695 3043 1817 3083 cum

1926 1848 2131 1903 Gallias
2163 1849 2452 1911 transiens,
2482 1848 2719 1903 Pictavis
2745 1849 3029 1918 episcopus
3055 1847 3359 1901 ordinatur.
3400 1845 3498 1901 llic

1925 1941 2218 1995 multorum
2247 1942 2387 1995 vitas
2418 1941 2762 2009 passionesve
2786 1950 3119 2002 sanctorum,
3151 1938 3347 2007 partim
3373 1951 3499 2005 pro-

1923 2048 2000 2093 sa,
2028 2033 2222 2100 partim
2249 2040 2423 2084 metro
2450 2031 2769 2099 composuit.
2802 2030 2881 2083 Ad
2911 2030 3115 2082 amicos
3145 2042 3358 2096 quoque
3390 2026 3499 2079 sin-

1924 2122 2046 2191 gula
2075 2122 2303 2175 disticha
2337 2122 2555 2191 elegans
2580 2130 2764 2174 orator
2812 2119 3154 2187 conscripsit.
3189 2115 3338 2172 Unde
3361 2132 3499 2185 prte-

1924 2214 2035 2267 falo
2064 2213 2175 2284 regi
2226 2213 2525 2281 elegiacum
2573 2212 2719 2266 misit
2763 2226 3006 2273 carmen,
3047 2207 3423 2277 congratularis
3447 2206 3496 2261 ci

1925 2302 1976 2356 in
2035 2302 2237 2369 nuptiis
2289 2301 2671 2355 Bruuichildis.
2724 2299 2876 2367 Quod
2917 2299 3163 2367 equidem
3210 2311 3328 2366 ego,
3373 2310 3497 2349 cum

1924 2409 2042 2448 sors
2086 2394 2290 2448 librum
2344 2394 2410 2447 ad
2439 2394 2680 2447 diversos
2712 2391 2779 2445 ab
2817 2405 2880 2444 eo
2904 2390 3004 2443 sibi
3041 2388 3336 2441 familiares
3368 2402 3497 2440 con-

1922 2485 2181 2554 scriptum
2224 2486 2473 2539 manibus
2526 2483 2793 2537 intulisset
2843 2480 2998 2543 meis,
3029 2478 3128 2548 legi
3156 2488 3318 2548 atque
3356 2478 3496 2530 ineo

1924 2576 2306 2630 facunditatem
2334 2575 2456 2639 viri,
2490 2575 2808 2642 dulcemque
2839 2570 3210 2625 affabilitatctn
3235 2568 3369 2622 satis
3399 2570 3494 2621 ad-

1923 2672 2152 2725 miratus
2182 2686 2321 2725 sum.

2508 2760 2733 2815 CAPUT
2771 2758 2909 2815 XIV.

2028 2853 2106 2906 De
2127 2850 2490 2905 Brunicltildis
2519 2852 2572 2905 in
2608 2850 2959 2905 conservanda
2988 2847 3132 2917 prole
3154 2844 3385 2899 solertia.

1992 2944 2282 2999 Interfecto
2345 2952 2524 2997 autem
2578 2944 2680 2997 hoc
2738 2942 2896 2995 modo
2936 2939 3241 3008 Sigeberto,
3267 2943 3494 2989 mutatio

1926 3034 2064 3090 farta
2105 3043 2207 3098 est,
2253 3032 2437 3088 multis
2483 3031 2829 3085 familiarium
2873 3030 2988 3098 ejus
3023 3026 3314 3081 amicitiam
3351 3023 3493 3078 Chil-

226 3113 548 3184 Chilperico
587 3116 807 3172 relictus
853 3128 957 3181 est,
990 3128 1216 3188 excepto
1262 3119 1565 3183 Ansoaldo;
1588 3120 1680 3189 qui
1710 3119 1817 3173 for-
1846 3113 1890 3173 C
1924 3124 2093 3193 periei
2127 3123 2524 3192 expetentibus.
2554 3122 2722 3177 Porro
2748 3118 3132 3181 Brunichildis,
3156 3132 3315 3187 quam
3336 3113 3492 3183 Sige-

228 3215 423 3260 tunam
455 3208 600 3277 regis
626 3209 803 3263 etiam
843 3211 896 3265 in
938 3211 1184 3265 adversis
1215 3212 1401 3265 maluit
1432 3228 1537 3265 non
1567 3214 1817 3268 deserere

228 3312 399 3367 quam
432 3300 757 3367 promissam
790 3302 1040 3357 violando
1090 3303 1525 3372 fidemfproditor
1567 3320 1687 3358 esse
1734 3305 1816 3358 vel

230 3387 364 3441 dici.
394 3387 585 3445 Tantis
627 3389 788 3459 igitur
822 3391 1136 3459 Sigebertus
1177 3393 1409 3447 vallatus
1440 3394 1670 3448 militum
1724 3410 1815 3448 ea-

234 3482 430 3544 tervis,
462 3491 689 3536 cunctas
730 3484 890 3538 urbes
931 3486 1081 3553 regni
1130 3482 1422 3554 Chilperici
1458 3486 1688 3553 imperio
1719 3502 1818 3539 suo

232 3570 511 3638 adjunxit.
552 3571 681 3628 lude
722 3588 1038 3644 progressus
1068 3576 1119 3629 in
1156 3577 1366 3641 urbem,
1393 3577 1479 3631 cui
1510 3576 1815 3632 Tornacum

232 3676 433 3716 nomen
471 3672 578 3728 est,
611 3662 831 3718 fratrem
875 3665 1157 3720 obsidione
1186 3668 1377 3721 cinxit.
1420 3668 1521 3734 Qui
1554 3682 1613 3723 se
1636 3670 1817 3738 urgeri

232 3753 581 3823 conspiciens
631 3754 865 3810 haerebat
914 3756 1126 3811 consilii
1171 3760 1408 3813 incertus
1426 3774 1530 3828 qua
1561 3760 1644 3813 via
1690 3775 1819 3815 con-

230 3837 420 3911 jugem
450 3857 516 3897 ac
554 3843 715 3908 filios,
761 3860 894 3914 quos
923 3862 1107 3901 secum
1150 3849 1349 3903 ibidem
1397 3850 1689 3903 adveniens
1724 3851 1818 3903 de-

233 3931 493 3995 duxerat,
526 3934 765 4002 periculo
818 3936 1102 3991 eximeret.
1168 3936 1274 3992 Sed
1334 3938 1551 4004 mulier,
1607 3940 1817 3993 artibus

234 4022 355 4076 viro
402 4023 565 4093 longe
610 4025 874 4093 callidior,
905 4028 1042 4082 duos
1101 4032 1363 4084 subornat
1408 4031 1571 4097 viros,
1622 4031 1816 4100 quibus

233 4113 467 4167 audacia
506 4123 877 4184 contemptum
928 4118 1119 4173 mortis
1160 4120 1459 4174 invexerat.
1495 4120 1601 4175 llos
1634 4123 1815 4175 horta-

236 4212 325 4257 tur
391 4216 683 4276 monetque
730 4207 1070 4278 Sigebertum
1116 4211 1312 4266 adeant
1362 4227 1615 4281 eumque,
1656 4228 1715 4267 se
1760 4222 1815 4267 ut

236 4294 527 4351 Dominum
562 4298 794 4354 adorare
833 4300 1171 4367 simulantes,
1207 4302 1541 4357 interimant.
1590 4303 1743 4370 Quod
1769 4306 1813 4360 si

234 4384 498 4451 efficiant,
519 4385 869 4444 evadentibus
895 4393 1138 4460 praemia,
1167 4393 1505 4461 interemptis
1527 4410 1654 4449 vero
1683 4411 1813 4449 cou-

1920 3216 2126 3275 bertus,
2172 3214 2298 3267 dum
2326 3230 2354 3267 a
2382 3215 2703 3282 pervasione
2744 3213 2954 3266 urbium
2985 3212 3182 3264 rediret
3232 3209 3496 3262 fraterna-

1920 3324 2056 3368 rum,
2088 3307 2331 3360 Parisius
2360 3308 2460 3361 sibi
2489 3322 2777 3361 occurrere
2826 3306 3074 3374 imperat,
3104 3303 3156 3355 in
3189 3302 3372 3354 eadem
3403 3300 3496 3353 de-

1918 3414 2048 3466 gens
2080 3398 2321 3461 civitate,
2358 3414 2486 3451 nece
2530 3398 2626 3451 viri
2662 3405 2961 3465 comperta,
2992 3391 3289 3448 ﬂuctuabat
3312 3389 3494 3443 animo

1918 3488 2153 3555 qualiter
2191 3504 2247 3541 se
2274 3504 2535 3555 suamque
2566 3488 2773 3556 prolem
2812 3488 2881 3541 ab
2904 3484 3205 3543 imminenti
3228 3482 3496 3544 liberaret

1919 3577 2161 3631 interitu.
2214 3577 2364 3631 Tunc
2414 3576 2763 3631 Gundoaldus
2798 3574 2902 3628 dux
2935 3582 3211 3642 arreptqu
3244 3584 3493 3639 puerum,

1918 3666 2327 3720 Childebertnm
2392 3667 2631 3727 nomine,
2665 3681 2761 3733 per
2786 3664 3080 3719 fenestram
3116 3662 3166 3714 in
3192 3670 3373 3730 sporta
3402 3659 3493 3713 de-

1917 3754 2154 3824 positum
2200 3756 2415 3809 cuidam
2472 3754 2706 3807 fidelium
2754 3768 2973 3807 suorum
3029 3750 3212 3814 tradit,
3259 3757 3319 3802 ut
3368 3763 3492 3802 eunt

1916 3850 2076 3903 Metis
2122 3850 2421 3902 exhiberet.
2448 3847 2620 3913 Quem
2668 3847 2795 3900 inibi
2827 3846 3175 3916 perductum,
3218 3842 3493 3896 adnitente

1915 3938 2259 3999 Gundoaldo,
2288 3939 2354 3991 de
2394 3953 2500 4006 quo
2536 3937 2921 4004 praemisimus,
2961 3934 3199 3989 universi
3228 3931 3489 3987 Austrasii

1918 4033 1970 4085 in
1998 4047 2220 4100 regnum
2245 4029 2538 4084 sublimant
2563 4029 2752 4095 patris.
2779 4027 3178 4081 Bruttichildem
3201 4039 3367 4081 onere
3393 4022 3488 4076 filii

1919 4121 2145 4174 levatam
2190 4120 2356 4173 altera
2414 4117 2619 4172 invadit
2666 4134 2815 4171 cura.
2864 4117 2996 4170 Nam
3029 4115 3246 4170 sibimet
3278 4113 3487 4169 timenti

1890 4225 2016 4265 nec
2062 4225 2285 4265 somnus
2336 4208 2529 4273 oculis,
2588 4223 2686 4262 nec
2715 4207 2896 4261 animo
2933 4206 3086 4275 quies
3114 4206 3362 4260 dabatur.
3390 4203 3487 4257 Cui

1914 4303 2014 4357 etsi
2054 4302 2303 4357 voluntas
2330 4300 2640 4355 discedendi
2680 4308 2819 4363 erat,
2865 4298 3094 4352 facultas
3115 4297 3321 4350 deerat.
3347 4296 3493 4349 Tau-

1917 4396 1985 4449 tis
2035 4410 2163 4463 ergo
2213 4409 2400 4463 pressa
2458 4392 2936 4456 sollicitudinibus,
2998 4407 3027 4444 a
3077 4388 3490 4459 superveniente

237 4477 456 4549 dignam
510 4481 868 4551 sepulturam,
900 4483 1375 4554 eleemosynasque
1414 4487 1478 4538 ad
1511 4486 1624 4541 loca
1689 4503 1813 4540 san-
1842 4460 1889 4518 D
1920 4486 2226 4556 Chilperico
2270 4485 2666 4553 Rothomagum
2706 4485 2756 4537 in
2788 4484 3035 4537 exsiliunt
3062 4481 3315 4535 truditur.
3348 4478 3488 4534 The-

235 4578 451 4622 ctorum
480 4584 576 4639 pro
607 4571 878 4647 oblatione
907 4574 1037 4627 tanti
1084 4575 1338 4629 facinoris
1373 4591 1430 4629 se
1457 4577 1809 4645 praebituram

235 4657 483 4723 spondet.
517 4658 593 4712 llli
638 4660 769 4712 nihil
814 4662 1006 4716 morati
1042 4672 1308 4733 praecepto
1352 4666 1713 4733 satisfaciunt,
1745 4683 1811 4722 ac

236 4754 425 4806 urbem
466 4755 671 4823 egressi
727 4757 792 4811 ad
836 4768 1014 4813 castra
1065 4760 1483 4830 progrediuntur
1546 4762 1791 4817 hostium.

236 4842 378 4896 Nihil
410 4846 537 4902 viris
577 4846 853 4908 audacius,
901 4848 974 4902 nil
1021 4850 1314 4904 terribilius
1337 4864 1402 4904 eo
1424 4850 1562 4905 bello
1596 4852 1648 4904 in
1682 4852 1809 4907 hos-

239 4940 343 4987 tem
368 4949 437 4988 ex
460 4937 595 4991 urbe
619 4937 902 5006 processit.
942 4938 998 4993 In
1036 4942 1270 4996 medium
1318 4956 1553 5012 namque
1618 4942 1810 4996 adver-

237 5026 503 5080 sariorum
548 5036 874 5097 proruentes
926 5045 1030 5085 non
1085 5030 1507 5099 trepidaverunt,
1551 5048 1658 5087 non
1717 5049 1809 5087 re-

239 5126 646 5186 tractaverunt;
710 5122 803 5177 sed
855 5130 1107 5195 tanquam
1167 5123 1518 5180 familiarium
1581 5139 1803 5180 suorum

240 5213 524 5268 consortiis
570 5214 999 5281 immoraremur,
1023 5232 1129 5272 non
1155 5225 1279 5270 ante
1314 5218 1667 5272 remeandum
1714 5232 1808 5284 pu-

241 5311 422 5355 tarunt
444 5318 606 5372 quam
651 5303 1063 5363 circumVentum
1092 5324 1122 5360 a
1162 5306 1420 5361 lateribus
1448 5323 1652 5377 regem,
1687 5309 1805 5362 cul-

243 5391 375 5428 lauit:
405 5392 569 5428 Iulos-4|
606 5391 861 5428 faunos-Inc
920 5397 1315 5428 ηΛΓη-ιιιῖοοῖηιηη
1349 5399 1464 5428 ιιιηηῖ
1504 5398 1622 5428 ...ΑΛ

295 5408 375 5428 ΞΙΙΕ
406 5408 569 5428 I‘Ilnl‘ﬂ
606 5408 861 5428 Inllllﬂlllﬂﬂ
920 5408 1315 5428 nar.‘n.liacln\m
1349 5408 1464 5428 nnni
1504 5408 1780 5428 Innnlnrnu‘l

1918 4580 2061 4633 sauri
2086 4579 2203 4648 ejus
2230 4579 2424 4647 opibus
2454 4576 2744 4645 Chilperici
2798 4576 3020 4640 sociati;
3056 4574 3177 4628 lilia:
3203 4572 3394 4627 Meldis
3423 4572 3486 4626 ad

1916 4672 2325 4726 custodiendum
2360 4670 2541 4723 missa:
2566 4677 2709 4721 sunt;
2872 4724 2875 4727 γ

2444 4790 2445 4793 η
2517 4758 2739 4814 CAPUT
2780 4757 2895 4812 XV.

2166 4853 2243 4907 De
2272 4851 2497 4906 Merorei
2527 4860 2571 4904 el
2608 4850 2833 4904 aliorum
2860 4865 3038 4919 regum
3068 4847 3241 4916 gestis.

1988 4945 2266 5000 Meroveus
2292 4945 2458 4997 etiam
2492 4943 2689 4997 missus
2723 4959 2750 4994 a
2778 4951 2932 5011 patre
2960 4937 3298 5003 Chilperico,
3334 4946 3398 4993 ut
3423 4938 3501 4993 ci-

1916 5038 2133 5101 vitates,
2163 5051 2282 5105 qua:
2307 5032 2515 5088 flumini
2547 5032 2753 5101 Ligeris
2777 5028 3115 5100 adjacent,ad
3139 5041 3299 5078 suam
3319 5038 3507 5086 trans—

1914 5129 2138 5184 duceret
2191 5135 2425 5195 partem,
2473 5125 2767 5195 postposito
2798 5122 2969 5189 patris
2996 5123 3295 5185 prrecepto,
3324 5119 3514 5176 Ceno.

1912 5218 2128 5274 mannis
2152 5202 2460 5281 contendit,
2508 5230 2572 5267 ac
2594 5215 2639 5267 si
2676 5220 2905 5267 matrem
2938 5221 3092 5261 suam
3122 5205 3519 5279 Audoveram,

1912 5326 2033 5380 qua:
2060 5309 2261 5363 ibidem
2318 5305 2621 5367 exsulabat,
2667 5302 3006 5355 visitaturus.
3042 5296 3169 5349 lude
3196 5293 3527 5359 Rothoma-

1914 5418 2034 5428 ...ην-
2072 5400 2338 5428 οηηιηρῖηηη
2412 5398 2475 5428 ru!
2513 5392 2912 5428 Πνηηῖιιιιῖιεῖρηὶ
2959 5388 3123 5428 ινρηίι.
3172 5400 3437 5428 ρῖὶηὶηηιι
3474 5400 3525 5428 ζη
