4044 5428
555 326 662 430 ’τρὰ

1640 371 1873 428 ΑιδιοΝι
1899 350 2199 426 nossent
2227 354 2723 428 FLORIACENSIS
2760 359 2769 367 ’

3685 357 3805 413 7οε

556 483 834 540 basilicam
865 464 1037 541 sancti
1066 484 1278 541 Martini
1304 501 1465 555 super
1504 501 1686 539 muros
1713 484 1948 554 praefatae
1973 483 2123 537 urbis
2154 488 2195 543 Α
2224 481 2362 551 apud
2392 480 2565 551 ipsum
2604 480 2723 552 plus
2752 479 2870 547 fuit,
2901 493 3059 550 quam
3090 477 3180 534 illa
3207 475 3368 545 regis,
3394 486 3502 530 vox
3524 483 3796 544 pauperis.

557 561 1144 643 ligneisconstructmn
1175 573 1369 627 tabulis
1414 584 1540 628 sunt
1573 574 1820 643 ingressi.
1860 573 2125 643 lrritaque

559 661 784 717 fuissent
811 663 1098 733 Cltilpet'ici
1134 673 1589 718 tenlamentorum
1635 664 1883 726 exordia,
1910 663 2013 717 nisi
2038 676 2129 717 sa-

558 762 840 806 cramento
890 752 1264 820 spopondisset
1307 770 1321 806 :
1373 752 1443 806 Se.
1471 768 1566 807 eos
1604 754 1824 805 minime
1847 763 2126 822 separatu-

558 838 701 905 rum,
730 841 837 895 imo
859 843 1208 910 permittente
1248 841 1357 897 Deo
1385 843 1557 913 magis
1584 844 1977 911 copulatorum.
2009 842 2126 910 Quo

558 930 634 984 illi
662 932 964 996 credentes,
1007 933 1073 987 ad
1115 948 1237 987 eum
1276 935 1569 1005 progressi,
1618 937 1768 992 etab
1805 949 1871 989 eo
1900 949 2127 1005 appara-

556 1020 786 1075 tioribus
847 1022 1020 1092 epulis
1068 1038 1166 1092 per
1210 1022 1430 1087 biduum
1483 1033 1610 1079 sunt
1642 1024 1899 1095 suscepti.
1941 1025 2127 1081 'l‘ertio

557 1115 645 1168 die
691 1113 970 1184 'prol‘ectus
1024 1132 1206 1171 secum
1254 1116 1473 1171 abducit
1503 1117 1693 1181 lilium,
1721 1118 2126 1186 parvipendcns

557 1205 698 1271 quod
731 1205 954 1259 dederat
974 1204 1373 1275 jusjurandum.
1402 1200 1607 1261 illorum
1631 1208 1880 1276 egregius
1906 1222 2124 1272 censor,

557 1295 648 1362 qui
695 1294 940 1349 illicitum
994 1296 1046 1350 in
1086 1295 1194 1349 lilio
1236 1297 1518 1352 damnaret
1577 1297 1977 1352 matrimonium
2026 1308 2127 1350 nec

559 1381 799 1437 futurum
856 1398 956 1456 pro
1002 1387 1240 1456 perjurio
1280 1403 1444 1457 super
1471 1402 1530 1442 se
1579 1388 1673 1443 Dei
1724 1387 2129 1458 pertimesceret

552 1479 837 1549 jmtieium.
879 1479 1077 1535 Verum
1107 1483 1197 1536 ille
1225 1483 1343 1553 plus
1388 1484 1660 1538 metuebat
1689 1494 1905 1539 versuta
1934 1483 2129 1537 Bruni-

558 1570 754 1626 chiltlis
785 1572 1020 1642 ingenia,
1056 1588 1124 1628 ne
1163 1572 1330 1627 ﬁlium
1382 1574 1645 1629 imbueret
1683 1575 1931 1644 perﬁdia,
1963 1591 2126 1646 quam

561 1660 1053 1731 imlignaretur'pro
1079 1663 1274 1719 divina:
1296 1663 1429 1735 legis
1452 1664 1596 1719 illata
1625 1664 1841 1733 injuria.

632 1751 944 1807 Revertenti
969 1755 1093 1809 imle
1119 1755 1399 1810 nuntiatur
1420 1772 1674 1826 proceres
1695 1757 2004 1826 Campania:
2024 1738 2129 1814 Re-

2298 568 2450 623 Tunc
2502 584 2716 639 quoque
2770 568 3110 638 Chilperieus
3172 565 3499 634 legationem
3560 561 3804 628 suscepit.

2226 657 2557 714 Childeherti
2598 660 2859 726 iunioris,
2904 657 3111 727 nepotis
3162 655 3266 718 sui,
3301 653 3538 732 petentis
3562 659 3803 705 mtrem

2226 764 2381 803 suam
2413 749 2516 803 sibi
2546 749 2695 804 reddi
2727 748 3142 803 ltruuichildem.
3180 745 3343 815 Cujus
3364 742 3455 798 ille
3475 757 3583 796 non
3610 756 3801 812 asper-

2226 849 2387 893 natus
2412 854 2621 909 preces,
2648 854 2767 897 eam
2791 853 2916 893 cum
2944 851 3167 893 munere
3187 835 3336 905 pacis
3359 831 3609 905 poscenti
3637 832 3799 886 remi-

2226 928 2299 983 sit
2328 928 2460 985 lilio.

2798 1015 3028 1072 CAPUT
3065 1014 3226 1070 XVII.

2581 1109 2659 1166 De
2681 1126 2857 1181 regum
2886 1109 3240 1178 Hispanorum
3270 1105 3442 1161 rebus.

2296 1200 2658 1255 Athanahildo
2680 1212 2859 1255 autem
2888 1214 3013 1270 rege
3037 1197 3304 1269 Hivpanize
3325 1196 3606 1261 defuncto,
3622 1193 3794 1249 Leuva

2224 1305 2347 1345 cum
2402 1289 2675 1361 Levigildo
2721 1289 2885 1343 fratre
2940 1304 3165 1359 regnum
3211 1294 3517 1341 assumunt.
3589 1285 3798 1338 Mortuo

2227 1379 2428 1446 Leuva,
2452 1380 2755 1450 Levigildus
2777 1380 3046 1450 integrum
3065 1378 3334 1446 Hispania!
3352 1391 3578 1446 regnum
3602 1373 3787 1437 tenuit,

2229 1470 2432 1525 habens
2472 1468 2840 1525 Gadsuindam
2879 1469 3120 1523 matrem
3148 1464 3513 1520 Brunicbildis
3558 1477 3795 1517 uxorem.

2227 1557 2381 1627 Apud
2428 1558 2809 1629 Longobardos
2859 1557 3087 1624 Alboin,
3141 1558 3207 1612 de
3263 1553 3795 1626 quopra‘misimus,

2229 1648 2504 1716 regnabat.
2535 1648 2635 1715 Qui
2664 1649 2895 1703 maxima
2919 1663 2985 1701 ex
3022 1655 3174 1717 parte
3202 1646 3370 1700 italite
3398 1644 3634 1699 urbibus
3666 1642 3802 1712 poti-

2231 1749 2342 1803 tus,
2375 1755 2500 1795 suos
2531 1741 2582 1795 in
2610 1741 2689 1795 eis
2715 1739 2939 1806 statuit;
2965 1739 3258 1800 Romanos,
3290 1750 3428 1807 quos
3459 1735 3547 1790 vel
3570 1734 3801 1788 maxime

560 1846 762 1901 mensis
805 1845 1254 1904 Snessionensem
1301 1850 1402 1906 sibi
1431 1850 1773 1921 prnipuissc
1795 1852 2002 1905 urbem.
2025 1852 2127 1919 Qui

2239 1830 2576 1885 adversarios
2624 1829 2953 1899 patiebatur,
3003 1826 3226 1897 expulit.
3260 1825 3361 1881 llic
3384 1824 3687 1888 civitatem,
3720 1824 3803 1878 cui

560 1941 837 2005 continuo,
864 1943 1037 2012 raptis
1059 1944 1249 2012 copiis,
1290 1946 1505 2000 eosdem
1537 1947 1654 2000 acie
1703 1962 1966 2015 superans
1996 1948 2133 2003 mul-

564 2041 646 2087 tos
676 2034 929 2089 nobilium
962 2037 1231 2092 interemit
1258 2047 1576 2107 captamque
1609 2025 1881 2094 civitatem
1902 2039 2011 2107 juri
2035 2056 2133 2097 suo

562 2128 814 2184 restituit.
850 2129 1175 2185 Clodoveum
1213 2146 1341 2186 vero
1390 2132 1556 2186 lilium
1588 2133 1819 2187 Turonis
1842 2133 2043 2204 dirigit,
2077 2142 2136 2190 ut

560 2236 615 2280 et
663 2228 1067 2299 Petrogoricum
1106 2222 1579 2299 Aginnensemiue
1623 2246 1817 2300 pagum
1875 2232 1980 2287 sibi
2013 2235 2136 2290 sub-

556 2322 711 2393 jiciat
744 2324 926 2388 edicit,
952 2324 1143 2393 juncto
1165 2324 1215 2379 ei
1243 2325 1381 2379 duce
1406 2324 1705 2391 Desiderio,
1734 2335 1793 2378 ut
1826 2326 1944 2394 ejus
1985 2328 2133 2384 frue-

567 2404 729 2473 retur.
755 2419 806 2472 in
854 2420 1065 2475 cunctis
1108 2420 1647 2495 incommoditatibus
1686 2420 1949 2476 subsidio.
1989 2423 2136 2491 Quos

565 2516 908 2580 Mummolus,
941 2516 1246 2572 Guntranni
1277 2498 1556 2586 patricius,
1584 2516 1799 2570 obviam
1830 2531 1950 2571 cum
1972 2532 2134 2573 exer-

564 2612 673 2667 citu
705 2627 1042 2683 progressus,
1072 2611 1270 2667 devicit
1301 2611 1610 2685 fugavitque
1633 2624 1739 2685 non
1769 2611 1887 2666 sine
1902 2612 2135 2669 maximo

563 2720 784 2759 suorum
806 2705 1152 2760 detrimento.
1188 2705 1319 2760 Nam
1351 2706 1417 2760 de
1447 2684 1697 2759 exercitui
1729 2702 1846 2771 ejus
1874 2706 2138 2777 quinqua-

563 2798 710 2867 ginta
764 2798 933 2853 millia
962 2808 1088 2853 sunt
1117 2814 1279 2862 caesa,
1325 2814 1448 2854 cum
1480 2814 1509 2851 a
1540 2806 1692 2868 parte
1721 2798 1981 2865 hostium,
2011 2800 2140 2856 licet

564 2886 921 2950 devictorum,
969 2904 1074 2942 non
1143 2890 1244 2963 nisi
1268 2872 1472 2959 :viginti
1506 2886 1670 2940 millia
1710 2886 1812 2941 sint
1843 2896 2136 2956 prostrata.

563 2978 772 3034 Exinde
813 2980 1150 3049 Chilpericus
1197 2982 1371 3039 lilium
1421 2979 1731 3035 Meroveum
1759 3020 1774 3047 ,
1826 2988 2136 3053 suspectum

564 3072 696 3133 doli,
729 3075 872 3143 quod
922 3085 1106 3143 partes
1141 3074 1507 3133 Brunichildis
1551 3073 1787 3141 fulciret,
1847 3078 2137 3157 instigante

564 3179 802 3219 noverca
852 3165 1222 3242 Fredeguntle,
1245 3188 1398 3227 coma
1444 3179 1716 3225 attonsum
1753 3186 1815 3225 ac
1860 3171 1912 3225 in
1951 3187 2135 3241 mona-
2164 3172 2209 3234 C

565 3260 734 3314 sterio
780 3257 1053 3323 Aninsoue
1094 3264 1398 3328 detrusum,
1430 3263 1597 3333 jussit
1632 3261 1877 3318 ordinari
1915 3264 2143 3334 presby-

570 3358 770 3409 ωηιτιιρ

1090 3504 1091 3507 η
1152 3441 1379 3498 CAPUT
1417 3440 1560 3496 XVI.

639 3555 717 3611 De
749 3556 858 3611 divi
893 3555 1143 3611 Germani
1179 3559 1402 3628 episcopi
1440 3559 1687 3621 transitu,
1726 3556 2004 3612 sanctitate
2024 3568 2074 3611 et

1217 3627 1508 3684 miraculis.

557 3754 565 3758 μ
641 3715 844 3772 Eodem
881 3726 1123 3786 tempore
1151 3718 1533 3772 sanctissimus
1568 3725 1625 3772 et
1654 3731 1782 3771 vere
1810 3716 1922 3770 Deo
1949 3715 2144 3785 dignus

571 3810 899 3873 Germanus,
937 3811 1270 3866 Parisiorum
1328 3811 1635 3878 episcopus,
1674 3808 1928 3877 migravit
1951 3810 2018 3864 ad
2045 3808 2145 3863 Do-

573 3905 797 3958 minum.
847 3905 1009 3972 Cujus
1047 3916 1255 3974 corpus
1288 3907 1341 3960 in
1368 3906 1634 3959 'oratorio
1665 3903 1849 3957 Sancti
1879 3902 2144 3959 Vincentii

572 4005 653 4051 est
700 3996 992 4063 sepultura.
1043 3997 1180 4065 Quid
1220 4008 1402 4053 autem
1443 3996 1767 4050 Fortunatus
1797 3994 1863 4049 tle
1885 3994 1990 4049 hoc
2018 3994 2151 4050 bea-

574 4095 787 4149 tissimo
816 4096 1109 4164 scripserit
1125 4097 1261 4161 viro,
1293 4110 1400 4148 non
1424 4091 1853 4163 praetermittam.
1878 4088 2149 4156 Quadam,

575 4190 772 4258 inquit,
822 4190 941 4244 vice
973 4187 1524 4259 'prmceltentissimus
1572 4200 1708 4249 rex,
1763 4183 2152 4240 Cbildebertus

575 4281 779 4353 senior,
805 4295 927 4335 cum
959 4283 1007 4334 ei
1045 4280 1337 4335 direxisset
1364 4295 1459 4333 sex
1496 4277 1663 4332 millia
1691 4275 1986 4332 solidorum
2017 4290 2155 4345 pau-

577 4370 795 4437 peribus
824 4371 1118 4438 eroganda.
1162 4370 1477 4439 expendeus
1534 4368 1638 4423 tria
1666 4365 1834 4421 millia
1862 4367 2154 4422 revertitur

578 4464 644 4514 ad
672 4463 952 4519 palatium.
985 4465 1457 4535 interrogatusque
1496 4478 1525 4516 a
1563 4477 1689 4533 rege
1729 4463 1773 4517 si
1806 4463 1985 4518 adhuc
2009 4463 2150 4518 resi—

2234 1926 2478 1982 Ticinum
2525 1940 2719 1982 nomen
2748 1934 2852 1990 est,
2883 1941 3003 1995 qua:
3018 1925 3134 1979 alio
3179 1921 3441 1978 vocabulo
3486 1919 3658 1990 Papia
3682 1917 3808 1971 dicio

2236 2027 2350 2085 tur,
2388 2028 2626 2088 perires
2674 2034 2844 2073 annos
2874 2019 3146 2082 obsidens,
3187 2017 3399 2071 tandem
3448 2012 3618 2082 cepit.
3647 2008 3810 2078 Cujus

2233 2123 2356 2163 cum
2388 2108 2610 2172 incolas,
2661 2115 2847 2176 utpote
2870 2121 3135 2177 paganus,
3165 2106 3288 2175 quia
3324 2101 3673 2159 Christianos
3692 2109 3810 2150 esse

2235 2206 2582 2269 cognoverat,
2628 2198 2810 2269 gladio
2855 2198 3019 2253 ferire
3064 2196 3461 2258 destinavisset,
3490 2206 3673 2261 equus
3696 2190 3813 2259 ejus

2237 2289 2290 2343 in
2341 2290 2518 2344 medio
2570 2299 2738 2360 porta:
2777 2290 3005 2357 corruit.
3051 2288 3150 2356 Qui
3182 2287 3486 2342 calcaribus
3515 2280 3808 2351 impulsus,

2234 2379 2468 2437 fustibus
2494 2398 2690 2447 czesus,
2716 2383 2864 2438 nullo
2892 2384 3048 2437 modo
3071 2381 3211 2451 adigi
3250 2380 3463 2450 poterat
3488 2378 3558 2432 ad
3582 2390 3813 2446 surgen-

2236 2469 2385 2525 dum.
2419 2470 2659 2526 Tandem
2696 2470 3112 2543 suggerentibus
3139 2469 3324 2523 suisin
3364 2466 3690 2537 religionem
3720 2478 3814 2518 rex

2196 2584 2199 2589 ·
2236 2577 2550 2630 conversus,
2574 2563 2731 2636 fregit
2760 2565 2901 2635 quod
2930 2565 2997 2620 de
3020 2579 3154 2619 nece
3181 2562 3620 2618 Christianorum
3648 2571 3813 2612 vove-

2236 2670 2321 2715 rat
2348 2669 2557 2715 votum.
2600 2658 2738 2714 lluic
2764 2656 2866 2711 l‘uit
2886 2663 3053 2724 nupta
3076 2653 3363 2709 Clodsinda
3395 2649 3620 2706 Clotarii
3646 2647 3817 2702 Frau-

2237 2765 2421 2805 corum
2456 2749 2597 2818 regis
2633 2747 2761 2802 lilia.
2783 2746 2901 2813 Qua
2945 2743 3225 2807 defuncta,-
3249 2739 3653 2796 Rosemundam
3673 2735 3819 2793 Chao

2238 2839 2483 2894 nimundi
2508 2838 2834 2912 Gepidorum
2867 2836 3011 2910 regis
3048 2842 3229 2894 natam
3262 2830 3470 2899 accepit
3495 2827 3816 2897 conjugem;

2237 2929 2390 3001 cujus
2418 2931 2533 3004 ipse
2574 2933 2773 2987 dudmn
2814 2930 3159 2985 interfecerat
3203 2933 3433 2994 patrem.
3462 2921 3659 2991 Aqua.
3690 2931 3815 2972 cum

2236 3024 2411 3081 tribus
2447 3032 2503 3080 et
2543 3036 2610 3077 eo
2639 3020 2872 3092 amplius
2911 3018 3070 3072 annis
3110 3016 3164 3070 in
3199 3013 3348 3069 Italia
3399 3026 3563 3081 super
3601 3009 3821 3076 Longo-

2242 3115 2439 3169 bardos
2485 3120 2781 3181 regnasset,
2808 3110 2860 3164 in
2901 3107 3189 3162 vindictam
3222 3112 3462 3173 pateram
3490 3100 3644 3155 necis
3670 3098 3823 3153 dede-

2242 3205 2582 3261 curosissima
2609 3204 2962 3270 interemptus
2994 3206 3076 3252 est
3105 3204 3296 3250 morte.
3322 3193 3387 3247 Et
3413 3192 3500 3246 vir
3520 3188 3821 3245 bellicosis-

2240 3299 2411 3352 simus
2433 3308 2764 3362 summaeque
2798 3289 3055 3349 audaciae,
3088 3287 3246 3341 unius
3283 3280 3615 3339 muliercula:
3641 3279 3820 3334 consi—

2241 3390 2315 3443 lio
2364 3388 2525 3459 periit
2553 3402 2568 3452 ;
2601 3386 2693 3456 qui
2722 3400 2820 3454 per
2849 3393 2924 3436 tot
2953 3380 3188 3436 hostium
3233 3387 3441 3445 strages
3478 3373 3622 3429 bello
3651 3371 3823 3426 fatuo-

2243 3481 2493 3536 sissimas
2520 3477 2746 3534 exstitit.
2791 3476 2857 3529 Et
2899 3472 2985 3528 illa
3015 3471 3232 3541 quidem
3272 3476 3435 3523 tanta:
3464 3462 3823 3519 immanitatis

2245 3571 2423 3627 debita
2454 3572 2554 3625 luit
2574 3574 2842 3623 maturato
2886 3564 3165 3634 supplicia.
3198 3559 3326 3615 Nam
3359 3559 3486 3613 dum
3516 3554 3821 3626 corrupturi

2243 3680 2366 3729 suo,
2421 3662 2728 3719 Helmecbis
2756 3661 2992 3725 nomine,
3024 3665 3183 3727 quem
3212 3656 3327 3724 ipsa
3371 3652 3424 3707 in
3456 3664 3650 3705 necem
3678 3649 3822 3720 regis

2245 3761 2576 3817 armaverat,
2629 3750 2970 3823 postmodum
3016 3763 3048 3803 e
3082 3746 3274 3802 balneo
3304 3740 3607 3813 egredienti
3629 3738 3824 3794 veneni

2243 3848 2525 3917 poculum,
2547 3844 2689 3914 quod
2718 3842 2954 3899 salutare
2996 3837 3273 3895 asserebat
3301 3849 3440 3899 esse,
3470 3830 3823 3902 perrexisset.

2234 3938 2337 3994 ille
2365 3937 2547 4006 agnito
2568 3933 2905 3990 mortiferum
2928 3932 3178 3985 haustum
3209 3943 3268 3982 se
3286 3924 3510 3989 bibisse,
3536 3920 3826 3991 evagiuato

2248 4028 2427 4099 gladio
2449 4042 2567 4083 eam
2590 4025 2732 4096 quod
2764 4023 3030 4092 reliquum
3054 4028 3168 4075 erat
3197 4018 3381 4073 bibere
3400 4015 3598 4082 coegit.
3626 4012 3827 4079 Sicque

2250 4117 2617 4175 nefandissimi
2649 4115 2929 4171 homicidae
2951 4113 3108 4183 justo:
3143 4109 3405 4164 {actorum
3450 4119 3673 4160 suorum
3703 4103 3828 4158 sub-

2246 4213 2468 4285 jacuere
2520 4209 2793 4264 vindictze.
2845 4205 2915 4260 At
2944 4216 3072 4256 vero
3098 4208 3218 4270 post
3258 4197 3471 4261 Alboin,
3501 4210 3627 4249 cum
3655 4190 3824 4261 Cleph

2254 4306 2623 4363 nobilissimus
2649 4299 3151 4373 Langobardorum,
3179 4310 3321 4350 anno
3350 4307 3458 4348 uno
3478 4301 3533 4345 et
3556 4305 3654 4345 sex
3681 4303 3830 4343 meu-

2255 4401 2428 4467 sibus,
2481 4397 2744 4454 tenuisset
2771 4392 3152 4462 principatum,
3199 4386 3378 4439 denuo
3415 4384 3581 4437 duces
3609 4379 3667 4432 in
3689 4377 3829 4432 Lou-

2257 4494 2390 4563 guba
2400 4491 2617 4545 rdorum
2640 4493 2798 4558 gente
2813 4481 3074 4538 decennio
3089 4492 3210 4534 crca
3220 4475 3255 4529 ti
3282 4480 3422 4529 sunt.
3452 4472 3520 4524 Et
3544 4467 3831 4563 unusquis-

579 4554 734 4652 df’ml
779 4557 920 4652 (1⁸³9⁸³
973 4558 1253 4652 tribum?“
1289 4553 1565 4652 έθδνθξξίίίι
1612 4551 1955 4605 me‘nemem
1990 4566 2142 4652 ,νῶθ’
2179 4551 2357 4652 une
2403 4580 2597 4634 ducum
2642 4551 2795 4630 suam
2844 4572 3061 4642 regebat
3085 4567 3379 4622 civitatem.
3411 4561 3454 4616 E
3515 4560 3717 4629 quibus
3737 4554 3831 4611 ali—

579 4645 614 4698 d
639 4661 725 4700 sse
747 4661 843 4700 nec
867 4648 1139 4700 invenisse
1163 4646 1347 4715 inopes
1367 4644 1565 4714 quibus
1598 4652 1766 4699 totum
1795 4645 2148 4712 expenderet.

579 4742 678 4797 Cui
703 4756 795 4797 rex
830 4759 845 4796 :
878 4761 897 4793 ι
935 4742 1177 4805 Domine,
1202 4739 1555 4810 iuquit,dona
1577 4739 1721 4808 quod
1751 4738 1970 4792 restitit.
1998 4737 2155 4803 Nam,

581 4838 797 4891 Christo
826 4837 1108 4907 largiente,
1138 4835 1279 4904 quod
1310 4835 1543 4890 donetur
1591 4848 1697 4886 non
1729 4830 1933 4886 deﬁcit.
1976 4850 1994 4884 ι
2021 4832 2159 4887 luct-

582 4934 721 4989 dens
746 4938 981 5002 namque
1024 4949 1115 4987 rex
1150 4945 1313 4985 aurea
1344 4927 1613 4992 missoria,
1645 4935 1702 4981 et
1728 4922 1981 4995 argentea
2010 4940 2158 4979 com-

586 5028 833 5081 minuens
864 5042 1014 5090 vasa,
1041 5023 1303 5094 quidquid
1357 5022 1590 5092 primum
1626 5020 1863 5075 habebat
1886 5019 2052 5073 dabat
2079 5033 2162 5072 sa-

1141 5128 1150 5132 -
1201 5117 1238 5132 ﬂ
1310 5128 1320 5132 -

2261 4642 2449 4740 quanti
2500 4665 2704 4722 Gallias
2740 4659 3014 4734 praedandi
3070 4654 3322 4725 cupidine
3367 4658 3636 4740 petentes,
3695 4642 3831 4740 apud

2262 4736 2599 4817 provinciam
2648 4769 2771 4810 cum
2818 4752 3010 4808 Amata
3055 4746 3301 4818 patricio,
3353 4738 3584 4811 quiregi
3614 4736 3833 4808 parebat

2263 4853 2608 4912 Guntranno,
2655 4843 2795 4899 bello
2849 4840 3161 4907 conﬂigunt.
3197 4835 3472 4900 Factaque
3506 4829 3576 4883 de
3599 4828 3835 4895 Burgun-

2264 4941 2516 4996 dionibus
2528 4936 2762 4992 maxima
2783 4940 2986 5000 strage,
3004 4928 3178 4997 ipsum
3200 4926 3390 4979 ducem
3422 4922 3830 4975 interemerunt.

2263 5031 2413 5098 Quod
2440 5029 2790 5084 Guntrannus
2813 5020 3067 5077 audiens,
3092 5022 3317 5071 evocato
3353 5011 3420 5065 ad
3448 5025 3508 5065 se
3540 5003 3822 5098 blummob

2400 5125 2409 5132 .
2457 5126 2468 5132 .
2568 5111 2778 5132 ρ⁸“ιι,-ιξ-
2807 5109 2920 5132 -.ξ-,ιι
2975 5104 3293 5132 ,ιι-..ξηζηιηο
3338 5100 3385 5132 ﬁ:
3634 5106 3831 5132 N'nm-
