4044 5428
162 216 286 271 73:,
1236 211 1553 268 HISTORIA
1587 202 2037 262 ruas-conon.
2066 234 2137 243 —
2158 204 2284 259 LIB.
2329 207 2418 264 ιιι,
3372 217 3474 270 706

163 338 401 394 strum,
454 329 506 383 in
557 328 754 384 finibus
806 325 967 381 Italiae
993 327 1178 391 situm,
1232 324 1519 380 debellavit
1543 322 1779 392 etcepit.
1812 329 1858 387 Α
1888 328 2031 375 crtus
2060 322 2128 375 ab
2167 337 2234 376 eo
2284 338 2484 378 missus
2516 308 2713 381 Persas
2741 329 3117 398 potentissime
3160 331 3472 397 debellavit,

164 419 375 487 Quam
429 421 499 474 ob
543 437 784 483 Causam,
813 436 995 474 comes
1042 419 1522 487 Longobardorum
1572 416 1779 486 ltagilo,

161 511 436 577 Anagnis
476 512 722 567 veniens,
760 510 1101 577 depraidatus
1133 520 1237 570 est,
1270 517 1324 560 et
1356 510 1421 559 ad
1452 522 1546 559 sua
1583 504 1779 557 reverti

164 599 485 665 festinans,
516 600 585 653 ab
615 601 776 654 obvio
806 601 910 653 sibi
963 601 1097 653 duce
1130 598 1484 661 Francorum,
1514 596 1783 649 Chrauni-

163 691 301 745 chis
331 693 577 758 nomine,
608 692 915 760 perimitur.

756 779 985 835 CAPUT
1025 777 1206 832 XVIII.

586 870 688 923 lDe
712 870 911 923 Justini
947 871 1170 922 minoris
1194 868 1370 937 gestis.

168 1019 177 1025 .
244 957 369 1011 Per
389 958 503 1011 lucc
527 967 773 1027 tempora
802 960 941 1026 apud
968 955 1513 1025 Constantinopolim,
1543 962 1596 1007 ut
1620 969 1781 1022 supra

164 1048 578 1117 praemisimus,
627 1046 875 1102 Justinus
924 1051 1100 1100 minor
1141 1048 1419 1116 regnabat,
1471 1050 1522 1100 in
1574 1055 1779 1098 tantum

166 1144 411 1196 avariltB
434 1144 649 1197 deditus
672 1152 729 1196 ut
760 1156 914 1195 arcas
939 1144 1142 1194 ferreas
1170 1126 1284 1192 fieri
1315 1139 1549 1208 juberet,
1580 1138 1630 1189 in
1663 1138 1775 1205 qui-

166 1232 275 1285 bus
306 1246 377 1285 ea
410 1248 533 1299 quae
550 1232 794 1300 rapiebat
815 1232 931 1283 auri
959 1231 1154 1283 talenta
1182 1240 1517 1298 congereret.
1539 1229 1633 1281 llic
1656 1242 1778 1281 cum

164 1339 195 1375 a
224 1324 443 1377 divinis
491 1325 764 1377 mandatis
819 1339 1003 1376 aurem
1060 1321 1240 1375 cordis
1287 1333 1579 1379 averteret,
1628 1319 1779 1388 justo

166 1415 268 1469 Dei
327 1416 539 1481 judicio
567 1432 756 1469 alueus
795 1415 1019 1468 effectus
1049 1425 1149 1469 est.
1188 1413 1311 1467 Post
1348 1416 1459 1467 hzec
1490 1412 1777 1483 Tyberium

164 1505 457 1559 Caesarem
518 1507 776 1569 adscivit,
812 1506 903 1573 qui
941 1508 1058 1572 ejus
1094 1505 1378 1573 imperium
1427 1506 1774 1573 gubernaret,

170 1596 467 1651 hominem
510 1601 740 1665 justum,
775 1598 983 1655 utilem,
1012 1596 1523 1665 eleemosynarinm,
1556 1596 1774 1662 sapien-

169 1693 304 1743 tein,
369 1686 428 1739 in
480 1687 704 1755 juuiciis
764 1703 1003 1754 aequum,
1055 1687 1106 1737 in
1170 1686 1413 1738 VICUII'iIS
1464 1686 1668 1738 clartnn
1721 1696 1775 1738 et
1811 1688 1849 1742 Il

167 1774 345 1843 (quod
402 1775 489 1829 his
534 1777 786 1830 omnibus
826 1778 1212 1846 supereminet)
1245 1776 1586 1829 verissimum
1619 1778 1776 1830 Chri-

164 1866 446 1917 stianum.
496 1864 667 1934 Igitur
704 1865 950 1919 Justinus
983 1880 1104 1919 cum
1157 1866 1406 1917 undecim
1456 1866 1774 1934 imperasset

167 1960 362 2022 annis,
418 1961 711 2012 amentiam
760 1961 1009 2020 tandem,
1063 1974 1224 2027 quam
1271 1960 1593 2020 incurrerat,
1649 1976 1772 2011 cum

164 2050 283 2103 vita
320 2049 525 2103 ﬁnivit.
556 2050 699 2103 Bella
732 2066 884 2113 sane,
913 2064 1030 2117 qua:
1056 2066 1149 2117 per
1180 2049 1455 2101 Narsetcm
1484 2050 1770 2117 patricium

166 2140 373 2195 Gothis
402 2143 484 2195 vel
514 2142 738 2195 Francis
765 2142 905 2193 illata
932 2158 1179 2211 superius
1206 2157 1303 2210 per
1326 2144 1770 2209 :‘inticipatinnem

165 2229 440 2288 diximus,
486 2228 778 2282 Justiniani
806 2232 1021 2298 quidetu
1075 2229 1407 2299 temporibus
1453 2235 1770 2301 coepta,se.l

168 2320 269 2374 sub
292 2320 523 2375 Justino
558 2322 847 2374 terminata
877 2332 1018 2374 sunt.

766 2411 990 2465 CAPUT
1050 2412 1189 2465 XIX.

381 2504 461 2558 De
506 2504 717 2557 Tiberio
744 2504 1086 2558 Constantino
1116 2516 1163 2557 et
1194 2506 1309 2574 ejus
1333 2507 1569 2574 imperio.

237 2592 469 2647 Mortuo
500 2593 749 2655 Justino,
778 2595 1026 2648 Tiberius
1071 2594 1459 2650 Constantinus
1491 2597 1766 2651 Romano—

170 2699 289 2736 rum
316 2698 512 2752 regum
538 2684 1021 2752 quinquagesimus
1043 2688 1268 2754 sumpsit
1311 2688 1615 2754 imperium.
1646 2688 1763 2752 llic,

174 2783 231 2827 ut
260 2777 523 2844 superius
552 2776 813 2837 diximus,
845 2776 945 2829 sub
969 2773 1184 2829 .Iustiuo
1222 2777 1397 2830 adhuc
1427 2778 1610 2830 Cesar
1642 2795 1762 2831 eum

172 2866 574 2934 rempublicam
611 2878 819 2935 regeret
848 2879 903 2920 et
935 2868 1131 2922 multas
1161 2870 1346 2938 egenis
1385 2873 1762 2941 eleemosynas

173 2967 445 3025 erogaret,
481 2972 733 3024 magnam
772 2957 819 3010 ei
846 2959 1104 3012 Dominus
1137 2960 1254 3013 auri
1310 2963 1524 3027 copiam
1555 2962 1760 3014 submi-

173 3047 448 3103 nistravit.
497 3045 636 3100 Nam
678 3048 1025 3103 deambulans
1075 3066 1171 3119 per
1220 3051 1502 3120 palatium,
1550 3054 1682 3107 vidit
1711 3055 1761 3106 in

174 3137 491 3202 pavimento
534 3137 729 3191 domus
771 3139 1003 3191 tabulam
1036 3155 1419 3203 marmoream,
1469 3142 1764 3196 Dominica:

175 3227 350 3279 crucis
377 3227 589 3279 vexillo
616 3228 951 3296 insignitum,
983 3239 1035 3281 et
1066 3231 1140 3282 ait
1171 3250 1177 3280 ;
1212 3247 1230 3279 t
1265 3232 1494 3285 Crucem
1531 3233 1762 3296 Domini,

175 3333 271 3384 qua
302 3328 499 3385 pectus
535 3319 880 3386 frontemque
910 3321 1119 3372 munire
1143 3320 1425 3385 debemus,
1455 3322 1686 3392 indignis
1710 3332 1768 3376 ut

176 3409 300 3477 quid
339 3410 579 3478 pedibus
615 3411 1034 3464 concaleamus?
1078 3430 1097 3461 ›
1132 3412 1196 3465 Ει
1237 3414 1397 3465 simul
1446 3429 1567 3467 cum
1603 3418 1767 3469 verbo

171 3499 328 3567 jussit
371 3502 632 3555 eamdem
683 3502 919 3555 tabulam
963 3502 1165 3577 auferri
1203 3521 1232 3556 a
1282 3506 1610 3573 pavimento.
1646 3507 1760 3573 Qua

176 3602 370 3656 amota,
428 3594 714 3661 reperiunt
756 3602 812 3647 et
838 3593 998 3647 aliam
1031 3594 1191 3647 simili
1235 3596 1512 3663 signaculo
1544 3613 1765 3665 expres-

175 3696 307 3736 sam.
341 3684 482 3738 Post
533 3685 670 3738 hanc
704 3700 918 3755 quoque
960 3685 1237 3754 reperiunt
1275 3696 1326 3739 et
1360 3688 1598 3741 tertiam.
1636 3689 1765 3754 Qui-

175 3775 270 3829 bus
299 3776 529 3840 ablatis,
582 3777 973 3831 ἱηεεδιίιηίιοιιίε
1024 3778 1225 3846 diuque
1259 3779 1562 3833 occultatus
1603 3781 1654 3833 in
1684 3781 1763 3833 lit-

175 3880 286 3919 cem
308 3867 597 3937 profertur
627 3866 931 3921 thesaurus.
960 3869 1132 3935 Quem
1156 3868 1426 3934 Tiberius,
1447 3872 1601 3941 juxta
1626 3889 1759 3927 con-

177 3967 385 4011 suetum
416 3958 520 4011 sibi
566 3974 792 4022 morem,
827 3962 1154 4030 pauperibus
1200 3966 1463 4032 erogavit.
1517 3965 1761 4025 Narsetis

176 4061 388 4118 quoque
415 4050 731 4104 thesaurum
773 4052 823 4105 in
855 4056 1089 4121 quadam
1129 4053 1292 4108 Italia:
1318 4056 1452 4110 urbe
1488 4067 1631 4111 terra
1666 4063 1761 4114 dc-

178 4137 406 4202 fossum,
436 4142 668 4209 quodam
695 4142 967 4211 decrepito
999 4144 1270 4200 indicante
1298 4163 1426 4202 sene
1454 4150 1755 4218 inventum,

178 4230 225 4281 in
259 4230 445 4284 simile
474 4231 751 4285 distribuit
780 4250 933 4302 opus.
964 4231 1166 4303 Sophia
1199 4252 1327 4290 vero
1360 4240 1624 4309 Augusta,
1657 4243 1758 4296 im-

177 4336 385 4376 memor
416 4321 791 4391 promissionis
816 4340 974 4392 quam
1008 4323 1227 4379 Tiberio
1271 4325 1505 4393 fecerat,
1536 4344 1658 4383 eum
1688 4333 1755 4387 ab

1889 413 2172 479 victorque
2232 416 2544 483 regrediens
2617 427 2821 472 tantam
2875 423 3069 489 prmda:
3113 428 3306 478 molem
3348 442 3471 480 cum

1900 502 2087 570 viginti
2127 506 2329 573 pariter
2369 508 2673 575 elephantis
2709 511 2936 566 abduxit
2972 525 3028 567 ut
3063 516 3312 572 humana:
3352 533 3469 573 cre-

1890 595 2110 650 deretur
2165 612 2323 663 posse
2370 598 2616 654 sufﬁcere
2670 605 2972 672 cupiditati.

2482 730 2711 787 CAPUT
2754 733 2871 788 XX.

1993 816 2069 871 De
2095 817 2471 874 Britannorum
2522 827 2672 877 rebus
2698 837 2743 878 ει
2772 826 3071 882 Guntranni
3097 831 3352 899 facinore.

1955 909 2089 964 Dutn
2146 913 2260 967 haec
2331 916 2383 967 itt
2445 915 2684 971 Orientis
2750 932 3014 988 geruntur
3072 926 3349 993 partibus,
3410 927 3462 981 in

1885 1000 2180 1059 Britanniis
2237 1007 2352 1059 hinc
2408 1018 2527 1060 acta
2578 1019 2719 1063 sunt.
2777 1011 3071 1067 Maeli-avus
3116 1027 3171 1069 et
3234 1017 3464 1073 Bodicus

1885 1092 1974 1144 illo
2003 1102 2243 1161 tempore
2267 1098 2494 1149 comites
2522 1098 2798 1151 Britonum
2829 1113 3015 1167 erant;
3043 1105 3132 1174 qui
3164 1107 3459 1161 amicitiam

1885 1196 2122 1239 mutuam
2174 1192 2530 1243 sacramentis
2598 1193 2906 1247 adinvicem
2934 1195 3097 1264 {datis
3126 1196 3457 1266 junxerunt.

1884 1272 2091 1327 Mortuo
2130 1276 2349 1341 Bodico,
2390 1278 2678 1335 Macliavns
2711 1282 2879 1336 tilium
2917 1284 3032 1351 ejus
3061 1284 3457 1344 Theodericum

1882 1368 1949 1419 de
1974 1382 2134 1435 regno
2154 1369 2441 1422 Dritamiiie
2470 1371 2698 1440 expulit.
2728 1374 3132 1439 'l’lteodoricus,
3168 1380 3457 1448 resumptis

1882 1458 2109 1520 viribus,
2144 1460 2463 1515 Maelianum
2514 1480 2636 1517 cum
2679 1465 2788 1519 filio
2815 1467 2952 1537 ejus,
3001 1467 3169 1524 Jacob
3220 1471 3455 1533 nomine,

1882 1551 2152 1603 interfecit
2181 1564 2569 1624 paternumque
2609 1558 2984 1613 Increditatem
3028 1560 3251 1627 reet-pit.
3288 1560 3458 1612 Varo-

1880 1658 1975 1695 cus
2002 1642 2245 1695 Marbavi
2299 1646 2439 1700 tilius
2464 1648 2601 1715 patri
2634 1649 2684 1701 in
2711 1652 2968 1703 comitatu
2998 1653 3261 1705 succedit.
3308 1650 3459 1706 Tunc

1879 1751 2092 1802 quoque
2120 1734 2493 1803 Guntrannus,
2529 1755 2618 1791 rex
2669 1739 3025 1806 Francorum,
3074 1744 3208 1797 duos
3237 1745 3456 1812 Magna-

1876 1827 2043 1878 eliarii
2076 1830 2250 1881 soceri
2276 1830 2546 1897 quondam
2576 1832 2659 1883 sui
2688 1832 2826 1885 filios
2858 1832 3149 1898 interemit,
3176 1833 3458 1887 facultates

1874 1934 2061 1969 eorum
2088 1922 2215 1973 tisco
2239 1922 2550 1986 sulijiciens.
2590 1924 2794 1977 Dehinc
2823 1926 3111 1978 subsecuta
3142 1940 3289 1978 mors
3318 1926 3453 1978 duo-

1878 2025 1992 2061 rum
2024 2012 2253 2063 liliorum
2288 2014 2455 2080 ipsius
2479 2023 2579 2065 est.
2622 2016 2962 2083 Quapropter
2990 2014 3347 2068 Guntrannus
3385 2014 3456 2068 li-

1878 2100 2020 2152 beris
2042 2106 2287 2162 orbatus,
2320 2104 2729 2155 Cliitdebertnm
2768 2120 2927 2157 suum
2984 2120 3051 2157 ex
3095 2106 3265 2158 fratre
3303 2104 3457 2174 Sige-

1873 2188 2029 2241 bet‘lo
2052 2201 2298 2258 ticpulcitt
2329 2193 2602 2259 adoptavit
2627 2193 2678 2244 itt
2699 2192 2891 2247 lilium.

2461 2324 2688 2378 CAPUT
2729 2325 2871 2380 XXI.

2070 2411 2147 2464 De
2186 2412 2461 2481 Chilperici
2487 2418 2539 2466 iu
2571 2414 2947 2470 Prwlextatum
2970 2419 3253 2476 simultate.

1941 2503 2278 2571 Chilpericus
2337 2506 2509 2559 frater
2561 2507 2711 2574 ejus,
2770 2511 2909 2565 alter
2950 2526 3043 2566 rex
3093 2511 3449 2581 Francorum,

1868 2592 2256 2647 Pl'xtcxtatuttt
2290 2595 2777 2665 ltotliomagensem
2800 2602 3113 2670 eipscopum
3139 2605 3336 2661 exsilio
3356 2608 3452 2662 de-

1869 2687 2115 2747 stinavit,
2148 2700 2213 2738 eo
2235 2690 2402 2753 quod,
2429 2691 2658 2742 consilio
2681 2690 3049 2748 Bruuichildis
3076 2698 3276 2766 regina:
3299 2714 3447 2765 usus,

1868 2776 2093 2829 insidias
2116 2778 2214 2844 ipsi
2243 2793 2466 2846 parasse
2497 2780 2791 2834 diceretur.
2822 2781 3103 2839 Meroveus
3154 2801 3281 2840 vero
3307 2789 3451 2844 (ilius

1866 2869 2004 2935 ejus,
2051 2884 2210 2935 quem
2278 2882 2617 2925 tonsutatum
2677 2890 2742 2928 ac
2789 2878 3119 2951 monasterio
3167 2881 3448 2937 detrusum

1867 2975 1897 3010 a
1975 2969 2131 3027 patre
2220 2960 2387 3015 fuisse
2459 2966 2921 3031 memoravimus,
3000 2968 3199 3023 iterum
3277 2971 3450 3027 laicus

1794 3063 1835 3121 (ς
1868 3048 2116 3102 edicitur.
2183 3050 2317 3105 Nam
2374 3070 2404 3106 a
2457 3054 2781 3111 Gnntranno
2853 3059 3036 3124 duce,
3088 3062 3155 3114 de
3204 3078 3312 3131 quo
3361 3080 3449 3119 se-

1874 3159 2047 3211 quens
2097 3160 2276 3199 sermo
2338 3148 2492 3216 plura
2568 3152 2843 3214 narrabit,
2904 3167 3002 3221 per
3064 3154 3271 3224 legatos
3334 3157 3447 3213 sol-

1869 3233 2126 3299 licitatus,
2152 3252 2181 3288 a
2215 3238 2548 3292 monasterio
2572 3255 2826 3309 egressus
2856 3252 2908 3297 et
2935 3260 2964 3296 a
3000 3244 3227 3299 Gaileno
3246 3262 3345 3301 suo
3367 3247 3448 3302 fa-

1869 3325 2065 3378 miliari
2099 3337 2245 3381 veste
2294 3329 2472 3381 laicali
2520 3330 2760 3397 indutus,
2815 3334 2881 3387 ad
2928 3337 3215 3391 ecclesiam
3261 3338 3446 3395 Sancti

1867 3414 2082 3469 Martini
2137 3418 2374 3473 Turonis
2429 3430 2488 3472 ut
2540 3422 2878 3492 confugeret,
2926 3438 3009 3481 est
3038 3429 3321 3498 impulsus.
3364 3434 3449 3488 Ad

1866 3508 2006 3561 banc
2049 3509 2282 3579 denique
2328 3522 2380 3567 et
2423 3514 2535 3581 ipse
2574 3514 2890 3570 Guntranus
2943 3520 3278 3589 confugerat,
3334 3537 3450 3577 me-

1868 3608 2024 3654 tuens
2058 3602 2235 3655 minas
2268 3604 2410 3673 regis
2438 3604 2758 3674 Cbilperici,
2786 3624 2851 3662 eo
2880 3612 3021 3678 quod
3056 3612 3332 3666 diceretur
3387 3614 3450 3668 fi-

1865 3692 1993 3746 lium
2021 3694 2138 3763 ejus
2167 3692 2601 3749 Tlieodcbertum
2630 3698 2682 3750 in
2707 3699 2848 3753 bello
2871 3703 3121 3768 superius
3143 3715 3447 3761 memorato

1864 3786 2222 3839 interemisse.
2282 3786 2624 3857 Quapropter
2677 3790 3016 3860 Chilpericus
3071 3793 3445 3853 Ruccolenum

1863 3880 2150 3947 quemdam
2177 3880 2412 3934 Turonis
2442 3882 2715 3936 direxerat
2745 3884 2989 3953 quicum
3018 3888 3215 3943 exinde
3249 3890 3297 3943 vi
3320 3890 3446 3944 abs-

1864 3972 2121 4024 traheret.
2163 3970 2504 4025 Rnccolenns
2534 3971 2768 4028 Turonis
2811 3979 3036 4033 veniens
3072 3979 3233 4035 beato
3261 3984 3444 4051 ponti-

1863 4058 1946 4112 fici
1976 4067 2103 4113 tunc
2141 4059 2405 4129 Gregorio
2431 4063 2708 4116 mandavit
2738 4078 2794 4117 ut
2818 4065 3196 4123 Guutraunum
3234 4086 3263 4124 a
3296 4073 3444 4127 basi-

1859 4147 1962 4200 lica
2011 4159 2197 4202 sancta
2262 4151 2578 4218 expelleret.
2645 4154 2797 4219 Quod
2853 4157 2899 4210 si
2960 4173 3119 4228 agere
3175 4161 3441 4230 differret,

1860 4240 2021 4293 sciret
2047 4255 2170 4294 eum
2205 4256 2327 4294 cum
2374 4242 2551 4296 Valida
2584 4260 2745 4297 manu
2778 4258 3059 4302 venturmn
3091 4258 3147 4303 et
3186 4252 3298 4307 haec
3337 4256 3441 4309 im-

1860 4331 2153 4399 pleturum.
2212 4332 2444 4387 Sanctus
2491 4344 2670 4387 autent
2713 4338 2941 4393 antistes
2975 4343 3294 4408 respondit:
3330 4345 3443 4401 Hoc

179 4408 405 4479 imperio
442 4428 718 4466 removere
761 4414 1235 4485 Justinianumque
1264 4417 1461 4471 Justini
1504 4433 1751 4489 nepotem
1790 4405 1835 4461 ί)
1862 4439 2141 4491 nunquam
2194 4422 2365 4479 fuisse
2420 4426 2660 4492 factum,
2714 4446 2812 4484 nec
2851 4447 2880 4484 a
2910 4446 2969 4486 se
2996 4435 3107 4487 ullo
3134 4438 3293 4491 modo
3321 4453 3445 4493 esse

179 4500 871 4556 substitueremoliebatur.
916 4504 1067 4569 Quod
1115 4504 1417 4573 Imperator
1456 4526 1754 4577 agnoscens

180 4592 477 4662 Augustam
515 4594 768 4647 custodia:
823 4596 1183 4663 mancipavit;
1220 4595 1589 4654 Jusrinianum
1634 4619 1755 4657 ver-

181 4681 257 4736 bis
302 4682 651 4751 objurgatum
717 4684 1088 4738 blandioribus
1155 4695 1305 4740 tanto
1363 4689 1415 4741 in
1475 4701 1753 4757 posterum

181 4786 360 4827 amore
392 4774 579 4827 dilexit
623 4782 680 4827 ut
714 4774 878 4827 tiliam
906 4790 1059 4828 suam
1103 4774 1213 4830 lilio
1238 4776 1358 4844 ejus
1408 4782 1754 4847 promitteret

182 4877 239 4917 ac
262 4866 380 4917 tilio
420 4879 517 4918 suo
566 4864 727 4919 tiliam
759 4865 878 4934 ejus
921 4866 1237 4920 sociaudam
1275 4882 1610 4937 exposceret.
1647 4876 1753 4929 Sed

1862 4513 2186 4569 faciendum.
2227 4516 2444 4570 Interim
2509 4521 2674 4573 miser
2732 4522 2859 4575 dum
2911 4525 3127 4578 domum
3176 4530 3445 4597 ecclesia),

1860 4608 1913 4659 in
1942 4622 2047 4675 qua
2081 4608 2475 4677 liospitabatur,
2505 4611 2784 4667 destruere
2819 4631 2924 4669 non
2968 4617 3242 4683 formidat,
3295 4626 3449 4694 regio

1857 4709 2139 4765 correptus
2172 4701 2380 4762 morbo,
2411 4700 2480 4752 ab
2508 4702 2786 4757 basilicam
2817 4711 2987 4760 sancti
3012 4708 3226 4761 Martini
3258 4712 3451 4768 defer—

1859 4796 1968 4851 tur,
1994 4789 2078 4840 ubi
2104 4788 2179 4841 nil
2212 4790 2431 4843 medela:
2453 4793 2694 4859 adeptus,
2730 4810 2836 4848 non
2866 4808 2985 4865 post
3006 4800 3203 4851 multos
3227 4801 3349 4856 dies
3376 4814 3464 4862 est

1862 4879 2168 4933 defunctus.
2204 4878 2375 4934 Porro
2404 4881 2689 4937 Merovens
2731 4886 2799 4938 ad
2848 4889 3192 4957 saepedictam
3221 4896 3472 4953 veniens

182 4953 283 5007 lucc
316 4969 407 5006 res
431 4969 533 5022 qua
562 4954 628 5009 de
649 4970 812 5010 causa
845 4955 1108 5009 incertum
1147 4965 1231 5009 cst
1250 4972 1349 5011 cur
1370 4978 1475 5014 non
1503 4966 1754 5032 pervenit

183 5044 239 5095 ad
261 5042 537 5097 eﬂ'ectum.
567 5046 646 5099 Ad
689 5047 831 5100 hunc
880 5043 1240 5115 Chilpericus,
1268 5063 1363 5101 rex
1392 5049 1749 5120 Francorum,

182 5147 294 5189 suos
326 5135 568 5205 dirigens
614 5136 837 5209 legatos,
868 5139 1034 5194 multa
1060 5138 1131 5192 ab
1174 5153 1240 5192 eo
1284 5153 1623 5211 ornamenta,
1653 5162 1754 5198 au-

186 5237 291 5279 reos
326 5227 497 5281 etiam
524 5230 1130 5311 singularum°suscepit
1162 5229 1440 5298 librarum,
1485 5238 1751 5293 habentes

184 5319 242 5371 ab
289 5334 406 5375 una
452 5330 600 5389 parte
656 5303 880 5393 effigiem
929 5320 1282 5392 imperatoris
1343 5332 1395 5376 ct
1459 5329 1510 5382 in
1542 5328 1754 5384 circulo

1859 4974 2168 5036 ecelcsiam,
2216 4985 2520 5028 memorato
2558 4977 2817 5045 pontifice
2866 4981 3056 5033 missas
3108 4979 3482 5054 celebrante,

1858 5066 2158 5133 petiiteum
2182 5065 2423 5137 eulogias
2463 5068 2567 5123 sibi
2605 5069 2755 5122 dare.
2782 5069 2905 5134 Quo
2938 5077 3243 5135 recusante,
3280 5081 3494 5144 mina-

1860 5166 1945 5209 tus
1985 5164 2071 5208 est
2105 5170 2163 5208 se
2194 5158 2458 5222 quosdam
2483 5158 2550 5212 de
2573 5158 2770 5228 populo
2815 5158 3154 5219 interimere,
3188 5174 3509 5235 quoniam

1842 5240 1972 5299 sine
1996 5244 2203 5315 judicio
2233 5248 2575 5301 sacerdotum
2608 5262 2731 5302 eum
2764 5249 3155 5302 communione
3181 5252 3375 5315 priva
3392 5278 3514 5325 rel.

1859 5339 2012 5393 Tunc
2061 5338 2301 5406 pontifex
2332 5340 2574 5408 eulogias
2610 5338 2833 5407 quidem
2869 5342 2917 5394 ei
2947 5340 3114 5400 dedit,
3152 5343 3269 5410 regi
3357 5370 3521 5420 vero
