4044 5428
635 241 740 298 ῗΟἹ

1690 242 1945 299 AIMOINI
1989 241 2286 299 MONACIII
2326 243 2816 300 FLOIIIACENSIS

637 366 845 421 Direxn
874 374 1051 421 autem
1078 366 1142 418 ad
1168 365 1522 425 sacerdotem,
1556 371 1613 415 ut
1652 362 1927 415 inimicum
1956 378 2109 415 suum
2133 362 2198 416 de
2294 361 2614 430 capiendum
2642 365 2756 415 fore
2786 361 3109 431 intelligens,
3147 361 3349 416 veritus
3371 340 3459 427 ne,
3489 363 3532 417 si
3562 364 3627 417 ad
3657 374 3875 433 patrem

636 458 862 513 ecclesia
886 458 1197 526 expelleret.
1254 454 1358 507 Sed
1410 468 1475 507 eo
1518 452 1816 516 diﬂ'erente,
1867 451 2196 520 Cltilpericus

636 552 928 605 exercitum
951 546 1274 601 commoveri
1304 545 1572 614 prmi-epit.
1599 543 1749 608 Quod
1779 543 2003 595 audiens
2029 542 2199 594 Mero-

636 654 766 693 veus
786 654 815 690 a
843 638 1061 691 basilica
1085 636 1267 705 egredi
1296 634 1479 688 voluit.
1516 632 1797 685 Leudastis
1821 646 1949 684 vero
1971 630 2201 683 Turoni-

636 743 732 799 cus
758 741 942 781 comes
970 740 1163 794 pueros
1189 724 1326 793 ejus,
1369 723 1460 792 qui
1498 738 1593 791 pro
1648 719 1972 774 necessariis
2020 718 2197 771 causis

636 817 689 870 in
746 816 922 868 villam
982 816 1180 877 ierant,
1230 816 1475 882 peremit.
1530 811 1865 879 Quapropter
1900 810 2196 871 Meroveus,

608 906 912 959 adnitente
958 906 1306 965 Guntrauno,
1337 902 1650 955 lllarilellum
1684 901 1948 953 medicum
1995 914 2024 951 a
2074 913 2198 966 rege

636 996 938 1049 venientem
972 996 1165 1058 lenuit,
1192 994 1481 1060 ablatoque
1503 1008 1634 1044 auro
1679 1006 1741 1044 ac
1805 999 2031 1059 argento
2058 988 2198 1056 quod

635 1084 861 1148 ferebat,
892 1098 1017 1138 eum
1047 1084 1234 1151 utique
1276 1082 1583 1143 occidisset,
1627 1082 1731 1134 nisi
1779 1081 1868 1134 ille
1914 1080 2198 1133 ecclesiam

633 1177 943 1245 expetisset.
969 1176 1176 1229 [nterea
1226 1175 1352 1228 dum
1382 1174 1444 1227 de
1474 1183 1625 1241 patre
1666 1187 1729 1225 ac
1763 1186 1993 1225 noverca
2022 1170 2199 1224 Mero-

633 1282 765 1321 veus
796 1267 960 1321 multa
995 1266 1307 1335 loqueretur
1338 1264 1600 1329 facinora,
1632 1265 1861 1333 quadam
1890 1264 1974 1317 die
1998 1262 2200 1331 Grego-

633 1358 771 1411 rium
796 1358 1104 1426 episc0pum
1138 1359 1204 1411 ad
1242 1356 1543 1410 convivium
1588 1355 1844 1418 invitans,
1905 1362 2057 1422 rogat
2105 1352 2205 1404 ali-

638 1444 768 1511 quid
800 1446 865 1497 ad
905 1444 1315 1497 aedificationem
1348 1443 1470 1509 legi.
1521 1441 1673 1495 Tunc
1703 1442 1949 1504 antistes,
1989 1447 2204 1508 arrepto

634 1533 938 1587 Salomonis
962 1534 1115 1596 libro,
1144 1535 1282 1586 hunc
1314 1533 1543 1601 prinmm
1570 1531 1892 1585 versiculum
1920 1531 2119 1585 invenit
2141 1544 2204 1583 ac

631 1621 759 1692 legit
789 1639 801 1673 :
843 1621 1083 1685 Oculum,
1114 1622 1201 1687 qui
1232 1632 1501 1673 aversatur
1529 1631 1745 1689 patrem,
1785 1621 2036 1687 e/fodiant
2076 1630 2195 1669 eum

2306 452 2615 517 duceretur,
2665 468 2856 522 graves
2901 452 2966 505 de
3012 467 3071 506 se
3116 466 3303 521 poenas
3352 454 3525 516 daret,
3578 453 3873 508 Gailenum

2300 547 2581 611 quemdam
2604 544 2703 595 sibi
2735 542 3057 595 familiarem
3098 544 3323 611 rogavit,
3352 552 3411 596 ut
3448 557 3506 596 se
3540 544 3719 612 gladio
3750 560 3877 611 per-

2299 640 2529 684 cuteret.
2560 633 2605 683 A
2659 646 2763 699 quo
2793 632 2967 685 cultro
2992 646 3087 700 per
3107 633 3328 696 viscera,
3348 633 3605 701 trajectus
3638 634 3875 688 interiit.

2300 721 2577 785 Gailenus,
2604 723 2866 775 truncatis
2894 723 3141 776 manibus
3171 738 3234 775 ac
3256 724 3503 791 pedibus,
3534 723 3766 778 naribus
3797 725 3871 777 si-

2303 810 2409 863 tunl
2452 820 2505 864 et
2549 812 2789 875 auribus,
2850 814 3074 880 turpiter
3114 813 3277 865 vitam
3334 813 3526 867 finivit.
3578 813 3711 867 Post
3760 815 3875 867 hac

2302 898 2509 953 Sanson
2558 902 2698 955 ﬁlius
2725 902 3015 969 Cbilperici
3060 912 3307 957 mortuus
3358 914 3463 957 est.
3511 904 3675 970 Cujus
3710 904 3876 959 funus

2301 1004 2423 1040 cum
2462 990 2623 1042 nimia
2672 990 3058 1044 lamentatione
3090 992 3228 1045 idem
3281 1008 3373 1045 rex
3412 1002 3735 1060 prosecutus
3772 1004 3877 1047 est.

2301 1075 2378 1129 Eo
2410 1091 2551 1131 anno
2577 1077 2738 1131 stella
2770 1078 2822 1130 in
2854 1077 3030 1132 medio
3055 1078 3192 1133 luna:
3227 1078 3436 1149 fulgens
3460 1080 3573 1134 visa
3612 1091 3721 1134 est.

2854 1187 3077 1241 CAPUT
3115 1188 3302 1242 XXIV.

2303 1271 2379 1326 De
2414 1270 2967 1328 Cuntranni-Bosonis
2983 1277 3192 1342 ﬁliabus
3221 1278 3406 1329 virtute
3427 1278 3594 1344 patris
3616 1277 3873 1344 liberatis,

2711 1345 3035 1413 stt/fragatur:
3057 1347 3173 1397 diro
3200 1345 3448 1398 Mttrlitto.

2375 1434 2601 1499 Quidam
2628 1437 3031 1504 potentissimus
3060 1450 3340 1505 procerum
3372 1436 3687 1505 Cbilperici,
3710 1437 3868 1492 Gun-

2307 1525 2706 1580 trannus-Boso
2734 1543 2839 1580 uno
2869 1528 3084 1581 nomine
3121 1529 3199 1583 sic
3228 1530 3425 1593 dictus,
3466 1531 3683 1584 relectis
3712 1533 3766 1585 in
3794 1549 3878 1586 ec-

2307 1616 2469 1668 clesia
2517 1618 2691 1670 sancti
2717 1617 2899 1670 Hilarii
2932 1618 3141 1671 ﬁliabus
3172 1620 3306 1681 suis,
3348 1620 3414 1671 ad
3462 1619 3875 1676 Cbildebertum

638 1711 775 1761 corvi
799 1710 861 1761 de
890 1709 1201 1761 torrentibus
1237 1706 1419 1776 (Prov.
1454 1710 1601 1777 xxx).
1631 1708 1694 1760 Et
1726 1708 1839 1760 htec
1868 1708 2082 1774 quidem
2118 1707 2205 1759 ille
2239 1707 2279 1763 Β
2311 1707 2543 1761 transiit.
2570 1707 2725 1761 Anno
2762 1724 2887 1761 vero
2913 1710 3069 1761 tertio
3088 1711 3233 1779 regni
3263 1708 3593 1764 Cbildeberti
3620 1712 3875 1780 junioris,

632 1816 737 1853 non
756 1800 1014 1853 intellexit
1035 1840 1050 1863 ,
1079 1800 1301 1853 antistes
1326 1815 1451 1852 vero
1478 1800 1705 1852 miratus
1732 1808 1836 1864 est,
1866 1798 2203 1866 redargutio-

642 1889 726 1944 nis
756 1889 858 1942 sibi
886 1890 1043 1943 verba
1070 1890 1240 1959 prima
1270 1891 1593 1944 occurrisse.

1206 1981 1429 2037 CAPUT
1470 1980 1635 2034 XXII.

827 2073 899 2127 De
928 2073 1239 2127 Cuntranno
1264 2072 1629 2141 Pytltonissam
1665 2069 2010 2123 consultante.

701 2162 830 2217 Post
857 2163 1184 2217 btee'direxit
1214 2162 1562 2214 Guntrannus
1598 2160 1662 2213 ad
1682 2160 1973 2230 gntulierem
2005 2159 2205 2230 Pytho-

644 2252 868 2313 nissam,
904 2268 1022 2321 qua:
1051 2252 1098 2305 ei
1124 2252 1412 2319 aliquando
1436 2266 1539 2303 non
1570 2249 1742 2304 solum
1776 2264 1997 2313 annum,
2029 2249 2121 2301 sed
2151 2258 2205 2302 et

633 2341 772 2394 diem
818 2350 871 2395 et
920 2341 1107 2393 horam
1166 2355 1271 2407 qua
1301 2338 1651 2392 Cbaribertus
1687 2353 1777 2391 rex
1833 2338 2029 2398 obiret,
2068 2351 2203 2405 prae-

634 2431 868 2493 dixerat,
900 2438 1095 2482 uteam
1135 2444 1293 2498 super
1338 2437 1482 2481 statu
1534 2428 1893 2495 interrogaret
1943 2440 2058 2477 suo.
2106 2425 2200 2477 Cui

612 2520 722 2573 .itla
746 2519 859 2573 htec
890 2519 1098 2572 remisit
1130 2519 1377 2571 mandata
1410 2532 1421 2567 :
1452 2534 1469 2565 ι
1504 2516 1635 2579 Hoc,
1675 2515 1868 2583 inquit,
1894 2528 2033 2565 anno
2063 2512 2203 2565 Chil-

630 2614 811 2682 perico
833 2612 1104 2676 defuncto,
1121 2610 1417 2676 Meroveus,
1440 2610 1660 2663 devictis
1684 2608 1957 2674 fratribus,
1985 2623 2205 2677 regnum

637 2703 889 2771 accipiet,
974 2711 1130 2769 teque
1198 2701 1385 2755 ducetn
1439 2702 1753 2753 constituet.
1804 2698 1921 2763 Quo
1978 2713 2201 2751 munere

632 2795 1002 2863 quinquennio
1033 2794 1267 2857 functus,
1302 2794 1531 2863 septimo
1562 2793 1809 2847 ellicieris
1836 2792 2139 2860 cpisc0pus.
2181 2810 2197 2841 ι

707 2886 819 2941 lloc
856 2887 941 2939 ille
986 2887 1235 2955 episc0po
1273 2885 1533 2952 Gregorio
1571 2884 1783 2947 retulit,
1818 2892 1871 2936 et
1906 2883 1973 2935 ab
2010 2897 2074 2935 eo
2106 2883 2205 2935 hoc

634 2988 949 3043 responsum
981 2975 1187 3042 accepit
1214 2990 1228 3028 :
1280 2991 1297 3023 ‹
1331 2973 1433 3026 Ista
1463 2972 1632 3040 magis
1660 2986 1689 3023 a
1717 2972 1826 3023 Deo
1849 2986 2007 3038 quam
2040 2986 2069 3023 a
2091 2970 2206 3022 dia-

2308 1798 2396 1864 qni
2430 1809 2545 1851 erat
2575 1798 2860 1867 Cbilperici
2891 1810 2943 1853 et
2970 1800 3273 1854 Guntranni
3306 1804 3569 1870 septimus
3608 1804 3872 1865 decimus,

2303 1887 2654 1941 Guntrannus
2682 1888 2819 1942 Boso
2849 1890 2983 1942 tilias
3014 1906 3140 1943 suas
3170 1890 3405 1944 Pictavis
3429 1890 3647 1944 auferre
3671 1890 3874 1953 volens,

2304 1977 2655 2029 Dracolemun
2696 1980 3004 2046 quemdam,
3064 1980 3165 2033 sibi
3223 1980 3639 2034 infestissimum
3710 1994 3874 2049 seque

2303 2080 2737 2137 persequentem,
2768 2080 2873 2124 uta
2904 2088 2961 2125 se
2986 2083 3324 2126 averteretur
3363 2075 3622 2143 precibus
3650 2088 3716 2126 ac
3758 2089 3874 2125 mu-

2302 2160 2522 2213 neribus
2544 2159 2759 2215 flectere
2782 2162 3073 2215 nitebatur.
3107 2162 3454 2226 Dracolenus,
3480 2172 3671 2216 uterat
3699 2172 3874 2214 mente

2302 2250 2492 2313 elatus,
2539 2251 2764 2319 superbe
2796 2254 3090 2321 respondit,
3139 2268 3387 2306 asserens
3441 2269 3499 2306 se
3548 2252 3871 2310 funiculum,

2304 2355 2408 2406 quo
2448 2340 2582 2395 alios
2629 2340 2883 2409 deceptos
2934 2344 3159 2410 perdere
3191 2343 3417 2404 solebat,
3474 2353 3729 2411 paratum
3780 2342 3870 2395 ha-

2306 2431 2455 2494 bere,
2478 2441 2535 2484 ut
2583 2447 2646 2486 eo
2674 2432 3052 2486 Guntrannnm
3077 2434 3393 2489 involveret.
3428 2433 3543 2488 Non
3581 2433 3873 2488 tulitGut;-

2307 2528 2532 2574 trannus
2581 2522 2809 2589 superba
2833 2521 3147 2590 jactantem,
3176 2522 3268 2576 sed
3319 2537 3512 2575 manus
3565 2522 3792 2576 elevans
3817 2522 3866 2575 in

2305 2609 2521 2675 coelum,
2552 2612 2792 2680 prodigia
2817 2610 3104 2666 facientem
3132 2612 3401 2666 invocavit
3426 2613 3721 2666 Dominum
3744 2612 3793 2665 et
3816 2620 3867 2663 ut

2311 2702 2409 2755 s‘bi
2452 2717 2547 2772 per
2591 2702 3029 2757 intercessionem
3068 2704 3210 2757 beati
3260 2703 3471 2757 Martini
3516 2704 3869 2757 misereretur

2305 2795 2497 2846 oravit.
2532 2793 2869 2860 Congressus
2905 2804 3091 2849 contra
3115 2796 3507 2859 adversarium,
3532 2794 3723 2848 fauces
3744 2809 3865 2847 con-

2306 2880 2549 2932 tumacize
2579 2882 2741 2933 verba
2774 2881 3049 2949 profantes
3072 2892 3233 2937 conto
3265 2883 3553 2936 transfodit
3574 2882 3871 2936 elevatutn-

2306 2986 2408 3037 que
2431 2986 2460 3023 e
2486 2970 2614 3023 sella
2643 2972 2965 3039 equitatoria
2991 2974 3186 3041 dejecit
3213 2975 3518 3027 exanimem
3544 2974 3614 3026 ad
3642 2982 3861 3026 terrain.

634 3060 1334 3131 bolo_erqnirjdebuisseut.
1361 3081 1377 3113 ι
1411 3060 1787 3114 Verumtamen
1819 3058 2200 3127 Fredegundis,
2232 3043 2273 3099 Ε
2310 3059 2417 3112 llue
2448 3071 2640 3114 eventu
2668 3060 2806 3117 felici
2836 3079 2982 3126 usus,
3012 3064 3346 3120 translatasa
3368 3065 3721 3120 Pictavorum
3746 3066 3871 3117 urbe

608 3166 751 3220 qua:
805 3151 1011 3206 occulte
1051 3151 1365 3206 Guntranno
1420 3150 1635 3202 favebat
1691 3157 1911 3217 pmptcr
1976 3156 2201 3199 mortem

636 3240 993 3296 'l‘heodeberti
1025 3243 1153 3310 (non
1181 3242 1323 3295 enim
1354 3240 1532 3293 fuerat
1566 3254 1629 3291 ex
1652 3254 1714 3291 ea
1742 3240 1942 3304 natus),
1961 3237 2107 3289 misit
2136 3237 2203 3288 ad

635 3339 845 3383 eumut
892 3329 1140 3384 Meroveo
1190 3331 1443 3383 suaderet
1499 3330 1677 3399 egredi
1732 3329 1799 3381 ab
1843 3328 2089 3381 ecclesia.
2116 3327 2203 3381 Ille

635 3432 830 3492 prtesto
858 3430 1053 3489 putans
1083 3421 1197 3475 fore
1241 3435 1612 3489 percussores,
1658 3434 1763 3472 non
1816 3418 2053 3481 distulit;
2108 3417 2202 3469 sed

636 3512 711 3566 nil
739 3511 786 3565 ei
821 3510 1019 3564 nocuit.
1046 3511 1269 3563 Demum
1300 3510 1640 3579 Chilpericus
1693 3524 1790 3578 per
1817 3509 2102 3562 diaconum
2136 3507 2202 3560 ad

635 3601 941 3671 sepulcrum
998 3604 1170 3656 sancti
1232 3601 1446 3655 Martini
1500 3602 1632 3655 duas
1684 3600 1848 3653 mittit
1907 3599 2198 3664 chartulas,

636 3709 864 3763 quarum
888 3708 993 3746 una
1040 3694 1427 3749 continebatut
1450 3691 1550 3746 sibi
1582 3692 1841 3745 divinitus
1866 3692 1916 3744 in
1938 3692 2201 3760 alia,qua:

630 3794 751 3839 erat
777 3800 967 3847 vacua,
996 3786 1385 3855 rescriberetur
1431 3784 1476 3837 si
1508 3782 1645 3835 foret
1689 3783 1770 3835 fas
1822 3780 2199 3835 Guntrannnm

634 3892 664 3930 a
695 3876 890 3945 templo
918 3876 1151 3930 extrahi.
1184 3874 1470 3938 Diaconos,
1504 3874 1681 3927 triduo
1714 3882 2056 3941 exspectans,
2087 3873 2203 3925 ina-

636 3968 767 4020 nisa
803 3981 1058 4034 responso
1095 3965 1373 4018 abscessit.
1410 3964 1511 4017 Sed
1544 3964 1911 4025 Guntrannus,
1943 3960 2202 4015 venienti-

634 4057 735 4111 bus
763 4057 922 4127 regiis
950 4057 1148 4119 missis,
1172 4055 1345 4123 palam
1397 4054 1587 4106 altaris
1612 4068 1733 4105 eum
1767 4060 2107 4105 sacramento
2135 4051 2197 4102 li-

635 4146 971 4214 dejussorem
1004 4145 1173 4207 dedit,
1206 4142 1478 4210 jactanter
1509 4142 1777 4210 pollicitus
1826 4156 2099 4209 nunquam
2142 4155 2201 4193 se

637 4236 807 4288 inscio
835 4248 959 4304 rege
993 4233 1247 4301 templum
1271 4247 1635 4300 egressurum.

1180 4320 1404 4376 CM’UT
1446 4320 1631 4373 XXIII.

741 4411 818 4463 De
848 4410 1086 4463 Meroreo
1118 4410 1389 4483 oratulum
1415 4427 1445 4461 a
1476 4408 1622 4460 libris
1658 4406 1845 4459 divinis
1867 4416 2088 4474 petente.

710 4499 945 4554 Tandem
971 4499 1266 4561 Meroveus,
1296 4498 1606 4565 postpositis
1633 4496 1962 4565 I‘ytbonissa:
1979 4512 2199 4565 respon-

637 4592 730 4653 sis,
766 4606 859 4660 per
890 4590 1122 4642 triduum
1147 4588 1392 4658 vigilans,
1422 4588 1475 4640 in
1509 4587 1705 4640 divinis
1746 4587 1847 4639 hoc
1873 4600 2192 4654 responsum

637 4680 791 4733 libris
820 4677 1047 4745 accepit.
1076 4675 1131 4728 In
1170 4676 1372 4751 Regum
1404 4676 1621 4743 quidem
1649 4691 1661 4727 :
1697 4674 1774 4726 Eo
1801 4675 1959 4742 quod,
1992 4674 2190 4742 inquit,

639 4768 916 4839 reliquistis
947 4767 1224 4820 Dominum
1250 4766 1417 4819 Deum
1440 4776 1688 4826 vestrum,
1706 4764 1923 4815 tradidit
1949 4779 2033 4815 vos
2058 4762 2192 4816 Deut

638 4862 692 4913 in
722 4874 906 4911 manus
931 4856 1258 4909 inimicorum
1282 4850 1589 4907 vestrorum.
1614 4853 1669 4905 In
1689 4852 1953 4905 Psalterio
1979 4860 2191 4905 autem:

642 4952 887 5020 Dejecisti
919 4966 1025 5012 eos,
1074 4948 1198 4999 dum
1251 4946 1601 4998 allevareutur
1655 4940 1836 5010 (l’sul.
1884 4946 2087 5010 Lxxn).
2140 4940 2197 4995 In

639 5041 925 5110 Evangelio
961 5054 1115 5091 vero:
1144 5037 1299 5090 Sciis
1321 5035 1441 5104 quia
1467 5044 1579 5101 post
1606 5032 1817 5082 biduum
1852 5029 2056 5083 Pascha
2084 5031 2196 5097 ﬁet,

642 5138 742 5182 etc.
771 5128 984 5197 (Matth.
1016 5129 1183 5192 xxvi).
1212 5122 1304 5176 Ilis
1327 5121 1413 5173 ille
1444 5121 1572 5172 visis
1597 5117 1751 5181 ﬂens,
1776 5119 1839 5169 ad
1862 5119 2034 5171 smcti
2059 5118 2198 5171 Mar-

644 5217 1003 5285 tiui_tumbam
1033 5232 1152 5268 cum
1185 5210 1494 5281 quingentis
1521 5218 1659 5262 eteo
1688 5209 1915 5276 amplius
1946 5209 2199 5274 viris,as—

643 5317 853 5372 sumpto
894 5318 1106 5373 quoque
1137 5302 1456 5355 Guntranno
1488 5298 1642 5361 duce,
1688 5298 1956 5361 discessit,
2001 5307 2053 5349 et
2102 5314 2198 5366 per

655 5396 678 5428 Δ
697 5396 1127 5428 ΙῖρὲἶΛιΙΛιεηηιηιηι
1186 5396 1373 5428 nrlnnn
1440 5390 1662 5428 niuinnp
1692 5398 1869 5428 nnctrn
1942 5392 2161 5428 vnninnc

2224 4368 2272 4427 D

2309 3150 2445 3203 tilias
2472 3152 2691 3207 deduxit
2714 3168 2822 3223 quo
2860 3155 3054 3208 voluit.

2873 3244 3097 3299 CAPUT
3135 3244 3299 3299 XXV.

2506 3333 2583 3386 Dc
2615 3333 2946 3389 Pictavorum
2976 3334 3355 3405 Britonumque
3381 3335 3677 3390 discordia.

2374 3421 2739 3474 Pictavienses
2767 3437 2979 3491 quoque
3008 3422 3395 3493 etBagasseni,
3453 3425 3541 3493 qui
3581 3441 3727 3479 nunc
3777 3427 3869 3481 Ar-

2303 3511 2517 3565 basseni
2550 3511 2822 3575 dicuntur,
2856 3509 3129 3577 conjuncti
3159 3513 3666 3582 Andegavensibus,
3695 3514 3869 3569 Varo-

2304 3615 2424 3653 cnm
2481 3598 2731 3651 comitem
2782 3598 3059 3652 Britonum
3096 3601 3376 3668 repentino
3423 3600 3628 3668 impetu
3692 3602 3872 3669 oppri-

2305 3705 2453 3744 mere
2488 3688 2867 3741 moliebantur.
2900 3688 3140 3754 Quorum
3182 3690 3440 3758 przevenit
3498 3690 3734 3743 insidias
3765 3690 3868 3742 Va-

2305 3793 2481 3839 rocus,
2532 3778 2677 3830 circa
2726 3777 2957 3831 medium
2996 3778 3173 3831 noctis
3226 3792 3389 3847 super
3433 3790 3526 3830 eos
3558 3776 3778 3831 irruens
3817 3784 3871 3830 et

2303 3869 2595 3922 maximam
2630 3880 2694 3918 ex
2724 3868 2805 3920 eis
2858 3876 3095 3935 stragem
3143 3866 3366 3921 faciens.
3408 3867 3591 3921 Tertia
3627 3881 3759 3920 vero
3789 3866 3870 3920 die

2304 3973 2427 4011 cum
2476 3958 2703 4010 ducibus
2735 3956 3025 4024 Cltilperiri
3056 3955 3232 4009 ftedus
3256 3956 3474 4025 pepigit,
3522 3956 3662 4008 dans
3707 3956 3869 4008 filium

2303 4063 2458 4100 suum
2484 4048 2726 4100 obsidem
2751 4055 2805 4099 et
2841 4062 2962 4114 qua:
2985 4054 3295 4114 pervaserat
3318 4048 3567 4100 reddens.
3607 4046 3870 4100 Venetam

2306 4150 2519 4204 quoque
2548 4138 2733 4189 urbem
2758 4151 2818 4190 ea
2858 4136 3166 4190 conditione
3194 4134 3389 4188 refudit
3422 4144 3478 4188 ut
3505 4135 3549 4188 si
3579 4150 3648 4187 ex
3699 4134 3868 4201 gratia

2305 4226 2449 4294 regis
2475 4240 2594 4277 eam
2626 4234 2815 4277 tenere
2844 4234 3160 4287 mereretur,
3192 4224 3391 4277 tributa
3438 4223 3733 4293 quotannis
3771 4222 3872 4276 sol-

2304 4332 2431 4370 vere
2483 4330 2586 4369 non
2641 4325 2960 4369 moraretur.
3016 4315 3305 4383 Aliquanto
3359 4325 3537 4368 autem
3595 4312 3873 4380 interjecto

2302 4416 2540 4474 tempore
2566 4421 2594 4458 a
2637 4405 2738 4459 fide
2771 4396 3368 4468 desciscens,vEunium
3399 4403 3670 4458 Venetica:
3722 4402 3868 4458 urbis

2296 4496 2607 4562 episcopum
2639 4494 2707 4546 ad
2734 4509 2913 4563 regem
2957 4494 3162 4563 dirigit,
3193 4510 3291 4564 pro
3318 4494 3639 4562 quibusdam
3685 4494 3865 4549 causis

2301 4598 2559 4651 responsa
2599 4581 2852 4635 laturum.
2906 4581 3074 4647 Quem
3104 4597 3195 4635 rex
3243 4598 3366 4636 cum
3408 4582 3487 4635 ira
3521 4582 3869 4653 objurgatunt

2299 4672 2498 4727 direxit
2536 4673 2587 4725 in
2612 4671 2883 4725 exsilium.

2725 4781 2952 4837 CAPUT
2992 4782 3177 4845 XXVI,
3218 4782 3431 4836 XXVII.

2300 4871 2378 4926 De
2406 4871 2686 4942 Cltilpcrici
2708 4874 2761 4925 in
2795 4873 3170 4927 l’ra'textatum
3208 4876 3505 4941 episcopum
3541 4876 3870 4928 accusatione

2725 4955 2771 4995 et
2800 4942 3109 4996 Prwtextati
3130 4946 3458 5011 purgatione.

2376 5033 2470 5086 llis
2492 5034 2564 5086 ita
2592 5034 2774 5101 gestis,
2802 5034 3139 5104 Cbilpcricus
3164 5050 3254 5087 rev
3285 5043 3614 5103 congregato
3633 5036 3861 5090 concilio

2310 5121 2626 5191 pontiﬁcum
2652 5122 2705 5174 itt
2734 5122 2960 5175 ecclesia
3001 5121 3182 5175 Sancti
3214 5120 3352 5174 Petri
3382 5122 3673 5177 Parisiaca:
3697 5125 3865 5187 urbis,

2304 5212 2687 5267 Prmtextatum
2704 5211 3191 5281 Itothomagensem
3228 5213 3539 5281 episcopum
3567 5214 3738 5283 (cujus
3755 5214 3864 5283 jam

2308 5302 2671 5369 meminimus)
2704 5300 2892 5355 exsilio
2920 5311 3249 5364 revocatum,
3292 5300 3555 5353 ineorum
3582 5303 3863 5370 praesentia

2302 5408 2422 5428 num
2456 5401 2554 5428 han
2609 5392 2952 5428 nommulinnn
2988 5390 3230 5428 nvhilnril
3280 5390 3497 5428 dionlnc-
3535 5408 3553 5428 ι
3584 5389 3839 5428 Πηαηιτία

3777 248 3877 303 708

3939 5378 3949 5405 ι
