4044 5428
188 328 191 331 .
221 287 334 340 709

1201 282 1514 339 HISTORIA
1557 272 2019 332 FRANCOBUM.
2074 302 2127 312 —-
2163 272 2294 327 LIB.
2330 272 2418 326 lll.

3380 284 3481 340 7M

219 394 425 448 falsum
480 394 584 449 sibi
623 395 858 465 pastoris
888 410 1084 450 nomen
1124 403 1370 464 usurpat,
1413 384 1803 462 conjurationis
1831 389 1877 446 Α
1908 397 2023 448 v33,
2058 382 2186 436 mihi
2238 405 2335 444 cur
2390 392 2663 462 denegas?
2704 391 2839 459 Sed,
2897 404 2954 449 ιιι
3006 396 3177 461 video,
3213 400 3483 468 perversis

217 497 419 540 contra
452 503 539 542 me
570 486 727 542 factae
759 497 1057 553 auctorem,
1088 491 1260 551 sacris
1286 504 1393 543 non
1425 486 1807 543 contradicens

231 576 541 629 cauonibus
560 617 575 639 ,
600 587 796 631 vestrae
832 577 1120 631 andientia:
1150 587 1498 647 repracscuto.
1535 596 1554 628 ι
1589 575 1656 629 Et
1685 590 1811 628 cou-

228 679 427 719 versus
450 667 515 720 ad
540 666 925 721 Praetextatum
952 667 1441 737 Rothomagensem
1466 667 1805 733 episcopum:

235 774 256 806 ι
298 756 366 810 Ut
390 759 554 825 quid,
585 758 694 823 ait,
740 773 773 812 ο
811 759 1093 829 episcopo,
1134 774 1354 813 munera
1391 756 1586 826 populo
1623 764 1811 810 contra

232 862 415 899 meant
432 851 670 917 erogasti
686 850 950 905 salutem?
970 850 1156 917 Quave
1176 850 1241 903 de
1262 865 1423 903 causa
1448 848 1611 900 lilium
1634 860 1809 899 meum

221 934 545 992 Meroveum
572 956 694 993 cum
719 957 885 994 uxore
899 942 1074 1011 patrui
1091 940 1451 1007 conjunxisti?
1472 938 1582 992 Non
1600 939 1810 1006 ignora-

225 1028 331 1079 bas
355 1027 489 1094 quid
504 1026 570 1079 de
592 1028 696 1083 hac
721 1044 882 1082 causa
908 1044 1049 1083 sacri
1074 1026 1609 1083 sancianteauones?
1637 1026 1815 1091 Quare

229 1129 420 1173 autem
454 1120 530 1173 ita
563 1121 730 1175 lilium
763 1122 1023 1176 adversus
1046 1133 1255 1191 patrem
1284 1124 1510 1175 armasti
1541 1137 1720 1183 suum,
1755 1130 1816 1175 ut

226 1208 325 1261 ille
344 1211 551 1277 pariter
565 1227 687 1265 cum
724 1212 828 1265 vita
861 1228 1083 1280 regnum
1115 1212 1273 1265 vellet
1300 1213 1514 1281 eripere
1544 1212 1762 1265 meum?
1793 1232 1809 1262 ι

202 1295 534 1371 Postquam
585 1316 716 1355 vero
746 1316 837 1353 rcx
881 1302 1048 1365 siluit,
1078 1300 1297 1365 Franci,
1324 1304 1419 1371 qui
1471 1318 1579 1371 pne
1609 1301 1815 1356 foribus

226 1390 454 1443 stabant
482 1388 797 1452 frementes,
825 1392 962 1445 ostia
996 1392 1231 1447 basilica:
1254 1392 1543 1463 effringere
1570 1394 1813 1448 niteban-

224 1488 342 1541 tur,
381 1489 438 1533 ut
489 1482 791 1535 antistitem
843 1484 1018 1551 poenis
1050 1484 1365 1538 subderent.
1416 1486 1521 1539 Sed
1551 1502 1665 1551 rex,
1698 1487 1814 1541 hmc

223 1569 348 1623 ﬁeri
373 1572 694 1639 prohibens,
725 1572 1048 1627 Praetextato
1077 1576 1285 1644 copiam
1316 1576 1579 1647 purgandi
1610 1577 1815 1630 tribuit.

223 1658 484 1728 Cumque
514 1661 604 1715 ille
631 1662 840 1730 objecta
876 1662 1166 1728 refelleret,
1215 1666 1432 1734 quidam
1469 1665 1586 1719 falsi
1646 1675 1811 1720 testes

1912 481 2209 545 censentis,
2236 490 2291 535 et
2340 482 2593 551 impletur
2650 482 2703 537 iu
2758 493 2808 538 te
2855 484 3073 556 vulgare
3113 489 3481 557 proverbium,

1910 570 2052 638 quod
2091 568 2297 624 Corvus
2334 572 2478 625 corvi
2525 572 2741 626 oculum
2775 588 2879 627 non
2911 585 3083 629 eruet.
3124 597 3143 627 ι
3182 576 3279 631 Cui
3306 593 3488 633 sacer-

1913 662 2039 715 dos:
2075 680 2092 710 ι
2137 660 2284 724 Mihi,
2320 661 2516 728 inquit,
2545 678 2577 715 o
2602 676 2717 725 rex,
2743 664 3049 732 aequitatem
3068 665 3337 721 desereuti
3369 683 3489 722 cor-

1914 758 2157 820 reptores
2192 760 2349 804 erunt
2376 750 2549 804 multi.
2605 750 2679 805 Te
2709 762 2886 807 autem
2922 753 3324 824 delinquentem
3368 756 3491 827 quis

1914 842 2193 909 corripiet,
2222 841 2320 894 uisi
2357 841 2444 894 ille
2474 842 2563 909 qui
2596 857 2653 896 se
2681 842 2883 897 fatetur
2904 847 3278 914 peccaminum
3303 847 3482 901 vindi-

1916 934 2070 983 cem?
2100 932 2437 1000 Quapropter
2467 932 2509 983 si
2545 947 2663 995 nos,
2706 942 2757 987 te
2788 934 2853 985 de
2892 934 3104 1003 justitia
3140 952 3489 992 commonen-

1919 1028 2021 1082 tes,
2062 1019 2249 1071 audire
2300 1020 2714 1088 contempseris,
2747 1020 2864 1089 plus
2894 1038 2923 1074 a
2955 1022 3066 1077 Deo
3087 1040 3249 1092 quam
3282 1040 3310 1077 a
3338 1024 3494 1078 nobis

1919 1112 2393 1165 condemnaberis.
2430 1130 2446 1161 ι
2483 1112 2561 1163 Ad
2587 1112 2698 1165 htec
2728 1128 2851 1166 rex:
2888 1131 2906 1163 t
2937 1114 3090 1185 Apud
3113 1116 3248 1171 alios
3276 1132 3494 1187 semper

1911 1201 2137 1270 justitia:
2169 1216 2391 1255 causam
2423 1201 2664 1264 obtineo,
2706 1204 2847 1270 apud
2878 1212 2931 1257 te
2964 1222 3259 1275 nunquam.
3298 1208 3493 1262 Verum

1918 1292 2294 1362 egoOptimam
2330 1293 2506 1345 inveni
2533 1292 2751 1346 ultionis
2779 1308 2909 1347 mea:
2936 1298 3239 1351 materiam.
3271 1298 3501 1353 Persua-

1918 1397 1978 1435 so
2030 1398 2263 1452 n.unque
2309 1383 2581 1436 Turouico
2630 1383 2847 1452 populo,
2896 1393 2954 1437 ut
3009 1385 3207 1441 clamet
3258 1388 3359 1442 sibi
3389 1404 3419 1442 a
3451 1398 3499 1443 te

1918 1473 2189 1541 mquitatis
2232 1471 2357 1539 jura
2412 1472 2692 1542 denegari,
2735 1488 2834 1544 ego
2878 1491 3095 1544 quoque
3148 1478 3496 1546 proelamabo

1921 1577 2029 1623 me,
2080 1562 2170 1630 qui
2216 1562 2382 1615 etiam
2434 1561 2583 1630 regia
2636 1562 2809 1631 polleo
2852 1564 3137 1634 dignitate,
3190 1567 3265 1619 nil
3315 1582 3502 1622 eorum

1922 1667 2041 1720 quae
2085 1652 2185 1721 ipsi
2228 1652 2502 1720 postulant
2550 1668 2579 1704 a
2625 1662 2676 1705 te
2729 1668 2888 1721 posse
2937 1657 3256 1723 promereri.
3308 1657 3375 1710 Et
3424 1658 3504 1711 sic

224 1763 528 1822 surgentes
571 1754 1047 1810 calumniabantur
1078 1772 1105 1810 a
1141 1758 1398 1824 pontifice
1450 1758 1549 1811 sibi
1586 1773 1812 1811 munera

1923 1751 2040 1794 orto
2084 1743 2370 1795 adversum
2414 1750 2464 1795 te
2516 1742 2837 1811 populorum
2871 1744 3019 1812 odio,
3058 1745 3241 1813 injusti
3286 1748 3507 1803 nomine

229 1844 383 1907 data,
425 1853 487 1897 ut
516 1861 697 1915 regem
739 1846 863 1900 dolo
897 1847 1207 1916 perderent.
1256 1849 1462 1915 Quibus
1493 1851 1807 1919 episcopus:

234 1953 250 1982 ι
288 1934 347 1987 In
381 1934 512 2000 hoc,
536 1937 733 2007 inquit,
767 1953 929 1991 veros
954 1953 1047 1991 vos
1071 1954 1190 1992 esse
1220 1939 1504 2001 confirmo,
1533 1940 1673 2007 quod
1696 1954 1804 1993 mu-

228 2032 461 2077 aeratos
491 2039 588 2078 vos
614 2041 642 2079 a
678 2041 763 2080 me
811 2026 926 2079 fore
958 2024 1219 2080 fatemini.
1252 2028 1388 2092 Quid
1439 2028 1581 2081 enim
1616 2028 1813 2081 vestris

227 2114 442 2167 ditatus
472 2116 631 2170 donis
662 2117 804 2169 aliud
829 2132 1066 2188 agerem,
1096 2119 1199 2172 nisi
1229 2129 1285 2171 ut
1325 2135 1421 2187 par
1447 2135 1544 2187 pro
1583 2121 1699 2188 pari
1730 2134 1813 2172 re-

224 2204 475 2257 ferrem?
505 2206 656 2272 Quod
686 2222 813 2260 vero
859 2207 993 2261 falso
1020 2207 1353 2276 confingitis,
1388 2222 1473 2260 me
1523 2208 1662 2260 mala
1699 2208 1810 2277 regi

225 2297 613 2349 machinatum
642 2311 785 2360 esse,
828 2298 879 2351 id
907 2298 1161 2351 omnibus
1200 2297 1374 2350 modis
1408 2297 1603 2350 falsum
1647 2306 1748 2352 est.
1789 2317 1808 2350 ι

228 2383 357 2438 llaec
386 2400 457 2438 eo
482 2388 721 2448 dicente,
764 2403 859 2443 rex
902 2389 1119 2457 quidem
1154 2388 1205 2441 in
1244 2388 1447 2457 regiam
1500 2402 1558 2440 se
1590 2390 1811 2456 recepit,

226 2473 512 2541 episcopis
534 2484 710 2528 autem
748 2476 801 2529 in
842 2476 1000 2528 domo
1025 2475 1269 2529 ecclesia:
1302 2476 1688 2541 residentibus,
1721 2478 1814 2531 ad-

226 2563 463 2617 veniens
502 2564 651 2619 Elius
682 2566 1095 2619 archidiaconus
1118 2565 1188 2619 Pa
1202 2566 1442 2619 risiensis
1468 2566 1539 2619 ita
1571 2582 1663 2620 eos
1684 2568 1817 2621 allo-

224 2655 453 2723 quitur:
496 2674 515 2705 ς
555 2653 723 2718 Nunc,
756 2656 1027 2725 inquiens,
1058 2666 1138 2711 est
1162 2667 1392 2725 tempus,
1420 2673 1454 2712 o
1483 2660 1813 2713 sanctissimi

227 2746 578 2809 sacerdotes,
605 2762 709 2815 quo
732 2758 823 2801 aut
850 2764 948 2816 pro
983 2757 1159 2803 vestra
1191 2749 1521 2818 magnanimi
1563 2759 1818 2803 constan-

231 2836 304 2887 tia
338 2836 749 2905 glorificemini,
790 2848 883 2892 aut
910 2854 1008 2907 pro
1057 2839 1357 2908 dejectione
1386 2849 1440 2893 et
1485 2840 1815 2894 contumelia

228 2926 429 2981 fratris
463 2943 529 2982 ac
571 2930 873 3000 coepiscopi
921 2932 1109 2993 vestri,
1148 2932 1481 3001 contemptui
1538 2933 1591 2985 in
1631 2942 1816 3003 poste-

231 3035 383 3081 rum,
412 3020 458 3073 si
519 3022 822 3086 tacueritis,
878 3022 1201 3076 habeamini.
1237 3042 1255 3075 ι
1300 3024 1453 3079 Tunc
1471 3020 1682 3079 etete'ris
1739 3034 1820 3078 ta-

1915 1832 2275 1886 dcnotaheris.
2317 1851 2335 1882 »
2381 1831 2876 1901 Econtt':t_'pontifex
2902 1837 3204 1902 respondit:
3240 1854 3259 1887 ι
3297 1835 3353 1890 Si
3382 1837 3501 1907 qui-

1916 1924 2037 1975 dem
2088 1922 2188 1975 sim
2259 1916 2523 1989 injustus,
2576 1923 2629 1976 id
2696 1922 2808 1977 Deo
2863 1924 3036 1993 magis
3089 1940 3251 1993 quam
3303 1937 3493 1981 notum

1916 2022 2020 2065 est.
2054 2011 2133 2065 Ttt
2175 2028 2304 2065 vero
2352 2016 2397 2066 si
2433 2023 2617 2067 nostra
2657 2016 2969 2084 aspernaris
3025 2018 3253 2081 monita,
3313 2034 3499 2073 sacros

1915 2120 2066 2158 sume
2093 2120 2348 2170 canones,
2376 2115 2447 2169 et,
2478 2107 2561 2161 his
2595 2107 2786 2161 saltem
2819 2111 3199 2174 consentiens,
3237 2110 3383 2178 justa
3416 2112 3509 2167 de-

1916 2212 2098 2250 ccrne.
2136 2216 2154 2248 ι
2186 2199 2320 2251 Ἰίιιιι
2354 2199 2568 2253 demum
2603 2216 2694 2254 rex
2724 2202 2962 2255 animum
2993 2203 3275 2269 antistitis,
3306 2214 3363 2257 ut
3391 2213 3511 2259 erat

1916 2289 2162 2352 callidus,
2218 2291 2321 2344 hoc
2366 2292 2522 2345 modo
2560 2292 2795 2346 mulcere
2821 2295 3006 2362 erepit.
3050 2294 3182 2348 Erat
3214 2304 3393 2349 autem
3423 2310 3517 2350 co-

1917 2396 2032 2432 ram
2062 2381 2142 2434 eis
2180 2397 2361 2435 mensa
2394 2383 2656 2451 panisque
2703 2384 3100 2453 superpositus,
3128 2400 3251 2438 cum
3284 2385 3513 2440 diversis

1916 2469 2156 2525 ferculis.
2188 2472 2276 2526 Ait
2301 2488 2428 2542 ergo
2461 2489 2553 2527 rex
2590 2474 2657 2527 ad
2688 2474 3021 2529 sacerdotem
3057 2489 3070 2527 :
3110 2494 3125 2525 ι
3164 2476 3261 2537 En,
3315 2476 3512 2545 inquit,

1918 2560 2181 2616 ferculum
2222 2563 2295 2617 tui
2347 2565 2519 2633 gratia
2547 2565 2755 2633 paravi,
2802 2565 2854 2619 in
2893 2581 3001 2635 quo
3031 2567 3106 2619 nil
3156 2567 3301 2621 aliud
3351 2583 3514 2636 quam

1916 2653 2063 2706 cicer
2105 2669 2403 2722 carnesque
2439 2656 2783 2708 continentur
2820 2656 3140 2709 volatilium.
3174 2656 3334 2711 Utere
3365 2672 3511 2711 nunc

1917 2760 1981 2799 eo
2010 2744 2180 2798 libens
2210 2760 2439 2799 mecum.
2476 2764 2494 2796 ›
2526 2745 2691 2799 Beato
2727 2746 3121 2815 veroGregorio
3152 2748 3515 2816 respondente

1919 2835 2061 2904 quod
2085 2835 2238 2888 cibus
2271 2834 2319 2888 ei
2353 2834 2560 2903 gratior
2596 2844 2739 2889 esset
2768 2835 2947 2889 facere
2969 2835 3302 2891 voluntatem
3332 2836 3521 2899 Patris

1920 2927 2001 2981 sui
2031 2926 2122 2996 qui
2172 2927 2224 2980 in
2256 2926 2406 2981 caelis
2432 2936 2532 2989 est,
2566 2936 2620 2981 et
2646 2943 2673 2979 a
2699 2928 2828 2997 rege
2872 2936 3089 2996 petente
3130 2938 3188 2982 ut
3218 2930 3517 2998 sponderet

1923 3033 2019 3070 rex
2051 3018 2181 3071 nihil
2226 3033 2284 3072 se
2315 3030 2508 3072 contra
2535 3033 2775 3073 canones
2803 3029 3073 3083 acturum,
3109 3019 3333 3074 elevatis
3361 3020 3514 3076 Cltili

228 3113 493 3167 cautibus
552 3112 717 3183 (quod
758 3122 1064 3169 metuerem
1121 3116 1323 3185 regina;
1371 3115 1635 3182 furorem,
1668 3117 1823 3187 cuius
1852 3094 1899 3158 C
1930 3109 2143 3180 pericus
2188 3110 2437 3163 manibus
2466 3109 2670 3178 juravit
2696 3125 2791 3179 per
2820 3110 3103 3165 Viventem
3144 3112 3198 3166 in
3222 3111 3416 3167 saecula
3459 3126 3520 3168 se

237 3202 514 3257 instinctu
544 3193 647 3258 is'ia
672 3204 1026 3275 gerebantur)
1062 3214 1115 3259 et
1136 3206 1360 3277 digitum
1390 3207 1471 3261 ori
1513 3224 1611 3261 suo
1636 3223 1825 3277 super-

233 3296 597 3366 ponentibus,
630 3296 925 3367 Gregorius
966 3297 1310 3353 Turonorum
1353 3300 1583 3354 antistes
1622 3302 1704 3356 sic
1734 3318 1825 3356 or-

238 3403 339 3443 sus
379 3397 466 3443 est
496 3388 669 3459 loqui:
707 3408 723 3440 ι
755 3389 980 3459 Oportet
1016 3405 1135 3455 nos,
1164 3389 1361 3446 fratres
1398 3393 1733 3458 chariSsimi,
1775 3402 1829 3447 et

240 3478 489 3531 maxime
520 3492 612 3533 eos
633 3479 722 3548 qui
746 3479 1005 3549 principis
1027 3479 1278 3532 fruuntur
1298 3479 1665 3535 familiaritate
1687 3482 1830 3535 salu-

243 3566 369 3619 bria
397 3566 446 3619 ei
470 3582 757 3636 suggerere
782 3568 1028 3633 consilia,
1052 3583 1119 3622 ne
1144 3567 1302 3635 forte,
1333 3569 1411 3623 ira
1434 3571 1693 3634 devictus,
1710 3572 1829 3639 plus

238 3654 395 3723 justo
427 3658 480 3712 in
519 3659 854 3713 sacerdotem
886 3660 1097 3714 Domini
1129 3672 1533 3715 commoveatur
1557 3672 1611 3715 et
1636 3679 1664 3715 a
1700 3663 1827 3727 Deo,

242 3749 618 3803 innocentium
664 3749 860 3817 ultore,
907 3752 1128 3819 gravius
1178 3752 1452 3819 puniatur.
1495 3771 1512 3803 ι
1553 3751 1661 3806 Illis
1699 3767 1831 3821 quo-

242 3855 358 3908 que
394 3857 494 3895 nec
538 3841 603 3895 ad
641 3841 743 3896 ista
768 3842 1236 3912 respondentibus,
1267 3843 1546 3913 subjunin
1573 3843 1827 3897 antistes:

244 3948 269 3979 ι
306 3929 565 3985 Cavenda
610 3931 787 3993 nobis,
827 3930 1155 3985 sanctissimi
1188 3931 1409 3995 Patres,
1448 3931 1539 3985 illa
1572 3932 1832 3987 terribilis

243 4017 470 4072 Domini
501 4019 853 4073 comminatio
880 4029 985 4083 est,
1019 4034 1182 4088 quam
1210 4036 1307 4090 per
1336 4021 1659 4090 prophetam
1693 4037 1833 4090 pra:-

244 4111 555 4164 nuntiavit:
585 4112 643 4164 Si
668 4127 766 4175 me,
792 4112 1060 4181 inquiens,
1085 4113 1286 4166 dicente
1316 4113 1384 4165 ad
1406 4114 1623 4181 impium
1649 4128 1665 4163 :
1695 4112 1832 4165 Illor-

244 4213 296 4256 le
330 4203 599 4265 morieris,
635 4219 740 4255 non
768 4206 1162 4258 annunliaveris
1189 4207 1259 4267 ei,
1291 4206 1601 4273 sanguinem
1627 4206 1743 4275 ejus
1770 4206 1833 4258 de

244 4309 416 4345 manu
444 4303 535 4345 tua
558 4293 817 4362 requiram
848 4293 1064 4362 (Ezeclt.
1092 4296 1196 4365 ιιι).
1225 4295 1332 4350 Nos
1358 4296 1558 4365 itaque,
1591 4297 1680 4362 qui
1714 4311 1834 4365 spe—

245 4384 537 4438 culatores
560 4383 611 4437 in
642 4384 802 4438 domo
828 4385 916 4439 Dei
947 4400 1133 4439 sumus
1154 4386 1339 4456 positi,
1366 4401 1472 4439 non
1502 4385 1832 4455 negligamns

249 4476 365 4545 regi
392 4474 633 4544 pericula
663 4476 952 4531 ostendere
981 4490 1101 4542 sua,
1119 4486 1193 4541 et,
1220 4478 1264 4531 si
1286 4492 1509 4531 necesse
1535 4477 1622 4539 sit,
1650 4490 1832 4530 exem-

250 4564 359 4631 plis
387 4564 459 4617 ad
479 4564 903 4633 resipisceudum
932 4576 1279 4633 provocetur,
1304 4565 1541 4635 qualiter
1566 4566 1832 4620 Maximus

253 4656 579 4725 imperator,
605 4657 821 4710 beatum
846 4656 1137 4710 Martinum
1196 4658 1377 4726 impiis
1427 4658 1833 4711 communicare

1929 3198 2145 3253 decreta
2176 3208 2488 3253 sanctorum
2524 3198 2744 3253 Patrum
2778 3215 2884 3254 non
2924 3209 3413 3272 transgressurum.
3460 3203 3518 3257 ln

1928 3289 2225 3343 crastinum
2258 3307 2409 3356 vero,
2441 3309 2637 3349 aurora
2672 3294 2986 3364 incipiente,
3016 3297 3175 3367 legati
3212 3295 3521 3368 Fredegun-

1928 3378 2013 3433 dis
2044 3380 2243 3451 reginae
2293 3382 2358 3435 ad
2412 3384 2704 3455 hospitium
2747 3390 3029 3442 memorati
3063 3388 3334 3458 pontificis
3360 3403 3529 3443 vene-

1930 3481 2079 3538 runt,
2110 3483 2413 3541 poscentes,
2457 3487 2511 3532 et
2541 3480 2674 3537 duas
2721 3483 2889 3536 libras
2920 3480 3130 3550 argenti
3170 3494 3270 3548 pro
3300 3494 3529 3533 munere

1928 3564 2237 3631 offerentes,
2269 3577 2328 3621 ut
2374 3570 2428 3623 in
2464 3571 2818 3640 dejectionem
2850 3574 3160 3630 Prtetextati
3189 3574 3529 3628 consentiret

1929 3657 2139 3710 omteris
2160 3657 2451 3730 episcopis.
2480 3663 2903 3723 Dicebanteuim
2933 3665 3162 3720 aliorqu
3196 3680 3253 3718 se
3277 3664 3528 3718 volunta-

1933 3752 2037 3797 tem
2071 3748 2351 3815 probatam
2404 3752 2626 3810 habere.
2679 3758 2770 3811 Illo
2819 3759 3001 3824 itaque
3048 3764 3331 3809 recusante
3373 3765 3448 3820 et,
3480 3758 3525 3811 si

1930 3838 2031 3891 sibi
2063 3840 2207 3894 mille
2239 3841 2389 3895 libra:
2416 3846 2695 3912 darentur,
2726 3849 2871 3903 nullo
2902 3848 3060 3901 modo
3090 3846 3357 3900 assentire
3388 3848 3529 3903 velle

1933 3950 1991 3988 se
2009 3945 2305 3998 asserente,
2329 3934 2536 4005 illisque
2561 3941 2729 4009 magis
2758 3941 3107 4005 instantibus,
3130 3938 3345 3992 tandem
3368 3940 3527 4008 polli-

1933 4033 2073 4086 citus
2101 4039 2183 4083 est
2208 4031 2259 4083 in
2285 4031 2520 4084 decretis
2546 4047 2811 4086 canonum
2839 4031 3098 4090 fratribus
3120 4037 3233 4091 suis
3259 4052 3318 4090 se
3344 4052 3535 4092 asseu-

1934 4138 2049 4177 sum
2077 4121 2448 4189 praebiturum.
2481 4120 2649 4181 Tunc,
2683 4121 2786 4176 illis
2815 4137 2934 4191 qua:
2959 4126 3215 4192 petebant
3244 4141 3301 4179 se
3349 4127 3522 4196 impe-

1936 4223 2110 4266 trasse
2133 4210 2450 4280 putantibus
2466 4223 2519 4264 et
2543 4212 2746 4280 gratias
2768 4214 2975 4280 agendo
3006 4214 3403 4278 recedentibus,
3428 4217 3524 4271 ad-

1933 4312 2199 4359 venerunt
2226 4303 2443 4371 quidam
2467 4304 2776 4358 sacerdotes
2804 4304 3002 4358 similia
3029 4314 3293 4375 petentes.
3319 4307 3526 4374 Quibus

1937 4397 2162 4452 antistes
2179 4397 2367 4449 eadem
2386 4413 2505 4464 qum
2532 4398 2805 4463 prioribus
2825 4396 3057 4451 reddidit
3082 4411 3363 4465 responsa.
3391 4399 3537 4453 Con-

1937 4493 2278 4547 venientihus
2305 4499 2484 4545 autem
2510 4489 2562 4543 iu
2591 4491 2879 4544 concilium
2911 4488 3202 4559 episcopis,
3233 4490 3529 4546 adveniens

1935 4580 2275 4650 Chilpericus
2307 4596 2398 4635 rex
2429 4580 2505 4633 ait
2538 4580 2643 4634 illis
2673 4581 2938 4650 reperisse
2968 4595 3027 4634 se
3068 4580 3120 4632 in
3158 4578 3396 4635 decretis
3437 4598 3529 4636 ca-

1934 4686 2132 4723 nonum
2153 4691 2169 4720 ι
2189 4671 2331 4739 quod
2355 4668 2641 4737 episcopus
2662 4669 2784 4722 furti
2809 4669 3078 4724 obnoxius
3108 4667 3277 4721 sacris
3305 4668 3538 4726 deberet

252 4744 610 4813 compellens,
635 4745 861 4815 imperio
883 4747 1067 4816 pulsus
1096 4749 1185 4813 sit,
1215 4749 1298 4800 vel
1342 4748 1705 4813 Clodontirus,
1740 4764 1830 4802 sa-

255 4836 471 4889 cerdoti
518 4836 676 4892 Avito
718 4853 822 4891 non
853 4838 1173 4903 obaudiens,
1199 4840 1491 4893 interierit.
1528 4858 1547 4891 ι

325 4924 578 4994 Cumque
605 4944 703 4982 nec
730 4938 853 4982 tunc
879 4929 1093 4997 quidem
1139 4930 1337 4999 aliquis
1363 4946 1549 4985 eorum
1578 4946 1837 4999 responsa

258 5021 606 5090 praebuisset,
638 5023 801 5094 aliqui
826 5023 1137 5081 adulatoria:
1169 5026 1303 5079 artis
1340 5028 1449 5096 regi
1477 5029 1838 5084 denuntiave-

1276 5122 1385 5138 .-.ηδ
1433 5133 1521 5138 -η-
1554 5135 1581 5137 η
1622 5117 1797 5138 1‘--__,_

1930 4760 2129 4827 privari
2158 4759 2456 4813 ordinibus.
2491 4776 2509 4808 ι
2545 4757 2674 4811 Erat
2712 4759 2855 4811 enim
2898 4776 2989 4813 rex
3028 4760 3226 4813 l'tteris
3263 4763 3542 4816 eruditus.

1940 4848 2185 4915 Cumque
2213 4846 2500 4915 pontifices
2530 4855 2836 4913 quwrercnt
2863 4851 2986 4914 quis
3013 4866 3198 4904 eorum
3238 4847 3372 4901 furti
3408 4848 3551 4902 insi—

1943 4937 2261 4999 mularetur,
2294 4951 2386 4989 rex
2409 4934 2582 4988 dixit:
2614 4957 2630 4986 ι
2663 4935 2802 4988 Num
2828 4939 2982 4992 obliti
3004 4938 3369 5004 estislquanta
3398 4937 3562 4995 vobis

1943 5036 2299 5091 ostenderim,
2336 5042 2457 5097 qua:
2483 5026 2843 5083 Prattextatus
2872 5031 3005 5082 mihi
3039 5027 3182 5080 furto
3206 5023 3512 5085 abstulit?
3550 5042 3568 5074 ι

264 5121 389 5138 ..ο-ι.
418 5112 617 5138 *δι”-..ιιι-
647 5115 689 5138 an:
748 5114 1075 5138 “ns-0:..-Ag..-
1127 5115 1385 5138 _.-—:—I-_.A
1433 5133 1521 5138 -x--
1554 5135 1581 5137 κῃ
1622 5117 1729 5138 β---
1749 5135 1797 5137 υς

1952 5124 1989 5138 ιι
2190 5132 2199 5136 -
2320 5134 2325 5135 γ
2378 5128 2418 5136 γ.
2840 5134 2845 5135 ,
2894 5121 2964 5134 ιι·
3066 5132 3073 5133 κ
3108 5115 3163 5133 Α-
3202 5126 3330 5134 ---ρ
