4044 5428
509 303 612 357 τιι

506 416 589 472 "mi
624 379 747 477 rex:
776 403 1048 462 reminisci
1091 399 1255 461 valet,
1290 395 1334 468 si
1375 393 1647 462 dignatttr,

510 523 550 559 -a
575 474 914 566 Rotltoinago
953 494 1236 547 abeuntem
1261 485 1544 554 plerasque
1575 478 1820 534 sarcinas
1849 475 1900 528 in
1926 474 2104 526 diver-

509 598 599 650 ‘sis
642 590 924 660 speciebus
975 583 1103 636 mihi
1151 581 1554 634 commendasse
1601 580 1676 634 ct,
1729 578 1847 638 post
1889 560 2106 631 aliquod

527 657 760 750 tempus,
791 677 969 730 missis
998 671 1178 741 pueris
1223 685 1316 722 eas
1345 683 1374 718 a
1403 680 1488 718 me
1539 662 1819 730 repetisse.
1865 657 2108 722 Cumque

507 789 625 845 'ego
655 789 719 826 ex
745 773 848 824 hac
893 783 948 820 re
977 777 1120 818 tuam
1157 760 1548 815 consuluissem
1579 754 1930 810 voluntatem,
1979 763 2111 816 prie-

525 836 697 934 ('éptis
734 861 1030 916 obaudiens
1060 857 1184 919 tuis,
1217 867 1377 905 unam
1414 851 1491 902 eis
1537 846 1831 905 sarcinam,
1872 856 1936 893 eo
1967 836 2109 906 quod

512 933 758 1026 ‘amplius
789 953 926 1008 ferre
962 967 1065 1004 non
1095 949 1353 1006 valerent,
1393 938 1716 995 contradidi.
1761 933 2114 989 Venientibus

510 1019 725 1102 ‘itertnn
758 1059 818 1096 ac
851 1041 1024 1099 tertio,
1053 1053 1118 1091 ex
1151 1048 1235 1089 ttta
1265 1033 1506 1101 jussione
1537 1037 1729 1082 caetera
1779 1021 2002 1084 reddidi,
2035 1019 2112 1073 di-

513 1138 690 1188 cente
720 1119 1119 1201 magniﬁcentia
1148 1138 1234 1178 ttta
1263 1123 1392 1176 mihi
1422 1131 1479 1172 ut
1524 1136 1554 1172 a
1595 1135 1678 1170 me
1702 1133 1763 1170 ea
1813 1112 2114 1181 rejiceretn,

518 1235 603 1277 'ne
632 1239 728 1291 pio
755 1222 839 1275 bis
865 1221 941 1272 ira
967 1219 1107 1270 inter
1137 1231 1230 1268 vos
1262 1215 1454 1266 iterum
1489 1208 1851 1278 repullularet.
1884 1203 1975 1256 lla:
1999 1202 2118 1253 dua:

512 1325 741 1369 ’tantum
788 1313 1012 1366 sarcinae
1038 1309 1175 1377 apud
1219 1322 1302 1358 me
1333 1311 1729 1356 remanserunt.
1779 1299 1928 1352 Nunc
1955 1295 2119 1365 igitur

516 1404 692 1468 'Cujus
719 1402 843 1455 furti
869 1417 952 1454 me
981 1399 1161 1468 arguis
1183 1398 1294 1450 fore
1317 1392 1640 1449 obnoxium?
1671 1410 1690 1442 ι
1725 1391 1817 1444 Cui
1845 1386 2122 1456 respondit

541 1511 636 1548 rex
671 1512 682 1546 :
726 1513 742 1542 ι
772 1491 827 1544 Si
856 1491 968 1543 haec
1019 1489 1089 1541 ita
1135 1502 1194 1540 se
1226 1486 1423 1539 habent
1455 1493 1507 1536 ct
1537 1482 1789 1534 custodiae
1829 1493 1991 1530 causa
2021 1478 2120 1529 ista

519 1583 848 1651 suscepisti,
881 1595 976 1633 cur
1010 1579 1230 1630 limbum
1276 1574 1455 1627 aureis
1491 1573 1754 1625 intextum
1786 1569 1888 1622 lilis
1931 1565 2125 1620 exinde

518 1677 760 1744 ‘rapiens
805 1671 1025 1726 secuisti
1054 1682 1105 1723 et
1135 1683 1278 1729 eum,
1327 1682 1424 1734 pro
1466 1667 1632 1718 nostri
1665 1661 1988 1730 dejectione,
2042 1660 2126 1712 his

519 1766 741 1832 ‘quibus
785 1763 877 1815 tibi
927 1761 1126 1830 placuit
1173 1755 1532 1812 distribuisii?
1569 1773 1586 1804 ι
1631 1751 1781 1806 Tunc
1828 1752 2121 1805 sacerdos:

554 1877 572 1910 ι
607 1858 686 1910 Ad
719 1857 816 1909 ista
843 1854 975 1922 jam,
1004 1851 1198 1920 inquit,
1222 1847 1385 1902 semel
1416 1847 1551 1912 dixi,
1579 1856 1634 1900 et
1659 1859 1800 1898 nunc
1826 1844 2020 1896 iterum
2042 1840 2127 1893 di—

537 1949 634 2010 ‘co,
670 1961 752 1998 me
790 1959 894 1996 non
921 1943 988 1996 ob
1019 1941 1160 1993 aliud
1185 1941 1288 1993 illis
1315 1940 1415 1992 ista
1445 1937 1694 2006 largitum
1726 1934 1892 1986 fuisse
1940 1931 2040 1984 nisi
2073 1937 2132 1982 tit

531 2053 736 2092 'eorum
795 2032 1105 2088 muneribus
1148 2031 1278 2084 mihi
1314 2044 1588 2084 concesms
1646 2040 1829 2094 parem
1871 2021 2129 2075 referrem

551 2128 800 2194 gratiam.
828 2123 895 2176 Ut
919 2137 1064 2181 vero,
1100 2121 1330 2188 propriis
1353 2116 1740 2177 deﬁcientibus,
1774 2129 1841 2167 ex
1867 2125 2142 2168 commen.

525 2216 693 2270 datis
723 2214 898 2281 aliqua
925 2226 1332 2281 przesuinerem,
1364 2208 1685 2262 ceuﬁdentia
1713 2221 1899 2259 ausum
1925 2202 2136 2262 uibuit.

550 2320 618 2360 eo
645 2307 786 2375 quod
829 2304 1124 2365 Merovcus,
1157 2303 1309 2372 Cujus
1333 2301 1418 2354 illa
1446 2298 1752 2368 cunjngium
1779 2299 2137 2367 cxpetiverat,

529 2413 620 2451 ex
655 2407 704 2451 te
733 2396 1027 2450 carnaliter
1057 2400 1288 2464 genitus.
1340 2393 1469 2446 milii
1503 2394 1555 2446 in
1585 2392 1847 2461 baptismo
1883 2390 2140 2459 spiritalis

531 2498 697 2542 esset
745 2488 908 2541 ﬁlius.
949 2505 967 2537 ι
1013 2485 1460 2538 Animadvertens
1487 2482 1821 2550 (Iliilpericus
1852 2481 2142 2534 Prmtexta-

533 2601 536 2606 -
559 2586 668 2629 tum
687 2578 787 2630 hoc
809 2577 965 2628 modo
985 2590 1090 2628 non
1115 2588 1269 2642 posse
1285 2586 1473 2639 supera
1483 2573 1547 2634 ri,
1564 2571 1749 2624 relicto
1762 2570 1972 2624 concilii
2001 2571 2140 2637 loco,

555 2681 622 2719 ac
653 2665 964 2719 convocaLis
992 2663 1311 2732 quibusdam
1342 2661 1439 2713 sibi
1476 2660 1839 2722 adulantibus,
1883 2661 1955 2713 ait
1987 2659 2090 2713 illis
2125 2678 2140 2712 :

565 2775 583 2806 ι
625 2755 833 2810 Victum
883 2769 965 2806 me
1012 2753 1193 2805 verbis
1239 2751 1474 2820 episeopi
1533 2751 1725 2813 l‘ateor,
1757 2758 1813 2803 et
1848 2765 1974 2803 vera
2020 2764 2142 2804 eum

530 2885 532 2888 μ
562 2847 810 2916 prosequi
839 2844 970 2898 scio.
1019 2843 1124 2897 Sed
1159 2852 1218 2896 ut
1267 2841 1602 2910 Fredegundi
1657 2840 1857 2908 regium
1894 2840 2142 2903 satisﬁat,

565 2923 636 2993 ite
670 2957 731 2993 ac
761 2955 824 2993 ex
876 2949 1051 2991 vestra
1083 2937 1235 3008 quasi
1274 2952 1500 3006 persona
1533 2935 1818 2990 consilium
1863 2935 1910 2990 ei
1956 2935 2146 2988 dantes

1603 275 1862 334 AISIOINI
1887 266 2191 328 MONACIII
2220 252 2711 320 FLORIACENSIS
3671 237 3710 288 ’ἵ
3731 233 3804 287 ῚΞ

1698 383 2097 440 Brunicliildem
2125 388 2175 444 Α
2202 372 2464 426 antistes:
2504 387 2522 421 ι
2559 366 2721 432 Audi,
2748 362 2917 418 frater
2943 369 2998 416 et
3023 357 3291 429 quondam
3314 353 3645 423 coepiscope,
3673 354 3803 444 nisi

2206 466 2350 534 regis
2379 458 2744 531 promerueris
2773 453 3022 524 gratiam,
3055 459 3238 505 nostra
3283 465 3389 503 non
3435 446 3631 516 poteris
3675 439 3804 496 frui

2207 555 2484 610 societate.
2523 570 2542 600 ι
2574 548 2702 602 Post
2735 549 2848 599 haec
2887 544 3092 612 rogavit
3116 540 3454 608 Cliilperieus
3485 537 3804 606 pontiﬁces.

2209 654 2270 700 ut
2295 654 2386 697 aut
2408 643 2570 696 vestis
2593 637 2898 693 Praetextati
2935 629 3300 693 scinderetur,
3332 641 3423 682 aut
3460 630 3808 683 centesimus

2209 750 2432 794 octavus
2449 734 2687 803 psalmus
2709 729 2820 799 (qui
2845 725 3248 780 maledictiones
3268 721 3637 776 lscariotlticas
3658 734 3809 772 con-

2212 825 2367 895 tinet)
2397 839 2559 892 super
2585 838 2704 876 cum
2732 819 3072 880 recitaretur,
3107 814 3190 867 vel
3221 820 3368 867 certe
3401 811 3806 878 inperpetuum

2213 919 2591 975 communione
2627 915 2950 984 privaretur.
2979 907 3085 963 Sed
3130 903 3476 976 pontificibus
3508 903 3606 954 hoc
3632 912 3810 966 agere

2217 1005 2590 1065 recusantibus
2633 1013 2685 1056 et
2719 1003 2950 1056 maxime
2997 997 3258 1067 Gregorio
3298 994 3599 1051 Turonensi
3645 990 3810 1043 reni-

2218 1111 2383 1162 tente,
2415 1099 2483 1152 ab
2513 1094 2738 1150 ecclesia
2775 1093 3131 1147 Prwtextatus
3176 1088 3392 1160 pellitur
3422 1101 3486 1139 ac
3539 1083 3811 1139 custodis

2224 1189 2474 1244 traditur.
2511 1187 2584 1239 De
2631 1200 2734 1254 qua
2778 1183 2904 1234 dtnn
2945 1179 3129 1251 fugere
3176 1188 3334 1233 noctu
3381 1177 3664 1238 niteretur,
3692 1187 3814 1226 cae-

2221 1292 2441 1345 susque,
2471 1277 2522 1328 in
2558 1273 2724 1327 insula
2767 1273 2997 1341 quadam
3043 1269 3224 1333 maris,
3267 1284 3388 1336 qum
3419 1267 3625 1322 civitati
3651 1268 3816 1336 adja‘

2222 1378 2307 1423 cel
2335 1364 2685 1428 Constantiana,
2717 1363 2770 1416 in
2802 1362 3048 1416 exsiliunt
3081 1360 3369 1429 relegatur.

2766 1489 2994 1546 CAPUT
3031 1489 3267 1544 XXVIII.

2206 1578 2304 1641 De
2334 1583 2631 1639 Cuntranni
2678 1581 3114 1650 Burgundionum
3160 1582 3293 1650 regis
3320 1579 3390 1634 ad
3415 1577 3814 1634 Cliildebertum

2891 1651 3144 1704 oratione.

2303 1767 2470 1822 Porro
2492 1764 2842 1820 Guntranuus
2869 1775 2961 1814 res
2997 1759 3434 1830 Burgundionum
3462 1759 3817 1814 Childelierto

2232 1860 2346 1928 regi
2397 1857 2820 1914 Austrasiorum,
2869 1851 3048 1920 nepoti
3097 1866 3218 1912 suo.
3272 1859 3332 1904 tit
3380 1851 3646 1918 paciﬁcus
3691 1864 3815 1903 cum

2224 1931 2545 2018 proceritas
2578 1947 2724 2014 regni
2758 1944 2839 1996 sui
2872 1952 2937 1995 au
2983 1952 3220 2011 pontem,
3266 1955 3422 2008 quem
3448 1940 3704 1993 Petreum
3734 1942 3819 1993 dio

2235 2049 2383 2100 cunt,
2411 2035 2512 2090 sibi
2547 2043 2856 2088 orem-reret
2886 2047 2935 2084 ιιι
2959 2032 3177 2084 :ndavit.
3207 2029 3263 2083 Iit
3292 2030 3444 2098 cujus
3476 2029 3818 2082 :ld\‘0llit'ﬂ!l5

2235 2127 2568 2198 amplexibus
2593 2113 2679 2178 ditt
2714 2123 2937 2177 immora
2966 2137 3048 2184 us,
3079 2120 3342 2176 universis
3365 2137 3431 2172 au
3458 2120 3715 2173 Zieutibus
3736 2119 3816 2172 sic

2231 2231 2320 2278 OSt
2349 2220 2555 2273 locutus
2586 2235 2601 2270 :
2637 2237 2654 2268 ι
2693 2215 2898 2278 Evenit,
2929 2214 3059 2268 meis
3079 2212 3439 2282 prmpedientil
3461 2225 3528 2264 us
3559 2223 3628 2278 [ο
3664 2212 3816 2270 tatis,

2237 2321 2295 2366 ut
2320 2325 2382 2364 ex
2414 2325 2499 2364 me
2525 2308 2721 2378 genitis
2746 2319 2988 2360 carerent
3025 2304 3166 2358 liiis.
3203 2302 3355 2358 Unde
3396 2321 3424 2353 ιι
3451 2301 3553 2364 ibi,
3588 2300 3821 2368 propriis

2230 2401 2427 2472 orbato
2469 2397 2788 2459 lliBl‘L'dllJllS,
2841 2409 3060 2449 necesse
3103 2402 3185 2447 est
3233 2408 3394 2460 quaeri
3413 2405 3476 2447 re
3505 2403 3741 2444 extrui:
3775 2406 3815 2448 s.

2240 2489 2436 2558 quibus
2461 2497 2643 2555 partos
2673 2484 2969 2552 relinquam
3000 2483 3300 2536 thesauros.
3336 2479 3495 2549 Optin
3520 2494 3615 2533 uin
3646 2479 3824 2546 itaque

2235 2575 2469 2649 judicavi
2499 2584 2572 2638 te,
2603 2574 2747 2627 omni
2775 2574 3008 2626 humana
3034 2586 3196 2626 carne
3222 2571 3351 2624 mihi
3384 2571 3608 2624 citarier
3635 2584 3823 2638 nepos,

2241 2668 2600 2728 Cbilleberte,
2634 2665 2862 2734 eligere,
2892 2666 2982 2734 qtti
3027 2673 3082 2718 et
3130 2665 3233 2717 mei
3275 2679 3559 2719 successor
3585 2667 3736 2734 regni
3776 2674 3828 2718 et

2233 2744 2550 2826 congregati
2572 2770 2721 2808 esses
2756 2769 3030 2824 possessor
3059 2755 3318 2809 thesauri.
3347 2754 3694 2824 Quapropter
3721 2771 3829 2808 ma-

2245 2856 2390 2912 neat,
2413 2862 2531 2907 oro,
2555 2861 2675 2911 qtun
2707 2845 2844 2896 inter
2887 2851 3092 2913 patrem
3121 2859 3184 2898 ac
3225 2844 3389 2897 lilium
3418 2845 3578 2899 debet
3608 2861 3832 2901 uasere

2246 2938 2481 2994 dilectio.
2513 2935 2659 2991 Unus
2683 2951 2779 2989 nos
2806 2944 3046 3004 protegat
3076 2936 3322 3004 clypeus,
3358 2952 3460 2989 una
3499 2946 3632 2990 cont
3662 2953 3696 2991 a
3743 2939 3832 2990 ad-

549 3030 765 3083 dicite:
803 3043 825 3078 ι
862 3027 981 3112 sti.
1005 3027 1128 3096 quia
1159 3029 1406 3102 dominus
1436 3036 1622 3079 noster
1661 3025 2018 3095 Cliilperieus,
2053 3040 2143 3078 rex
2175 3059 2222 3120 ϐ
2249 3038 2531 3084 versantes
2563 3036 2779 3082 tueatur
2817 3027 2998 3090 hasta;
3030 3034 3084 3078 et
3112 3027 3179 3078 ab
3206 3027 3380 3082 hedie-
3399 3044 3467 3082 no
3492 3040 3547 3083 et
3573 3031 3836 3098 deinceps

568 3122 878 3175 misericors
899 3108 992 3174 est
1021 3129 1075 3173 et
1103 3119 1363 3173 confessis
1409 3119 1516 3172 cito
1550 3118 1799 3185 ignoscit.
1848 3116 1994 3170 Vade
2021 3132 2148 3186 ergo

566 3223 624 3266 et
653 3223 997 3281 prosternere
1037 3211 1260 3279 pedibus
1302 3209 1416 3278 ejus
1448 3209 1816 3277 conﬁtereque
1848 3219 1897 3261 te
1925 3209 1977 3261 iu
2025 3223 2147 3260 eum

547 3318 852 3371 peccasse,
881 3318 944 3354 ac
974 3301 1258 3355 confestim
1289 3301 1528 3366 indulget
1559 3298 1674 3352 tibi.
1704 3318 1722 3349 ι
1760 3297 1966 3364 Quibus
2001 3295 2151 3365 iussa

573 3391 999 3461 perlicientibus,
1030 3392 1283 3444 seductus
1312 3398 1395 3442 est
1429 3388 1790 3442 Praetextatus
1835 3403 2020 3442 eormn
2055 3389 2149 3442 do-

543 3502 547 3508 ε
573 3483 642 3537 lis
668 3484 757 3551 qui
785 3497 843 3536 se
873 3497 1086 3550 quoque
1111 3483 1502 3551 pellieebantur
1523 3483 1684 3549 pedes
1711 3481 1851 3550 regis
1878 3479 2153 3534 deoscula-

576 3583 746 3635 turos,
787 3583 846 3625 ut
892 3574 940 3626 ei
998 3575 1318 3641 ignoscet-it.
1369 3569 1628 3640 Sequenti
1676 3571 1763 3624 die
1797 3569 2156 3624 residentllms

549 3666 844 3735 episcopis
875 3666 925 3718 in
969 3665 1221 3726 concilio,
1275 3664 1608 3732 Cliilpcricus
1654 3679 1772 3717 cum
1828 3664 2155 3718 Praetextato

581 3760 774 3812 iterato
823 3757 1074 3810 altercari
1121 3757 1306 3824 cmpit,
1357 3756 1635 3808 dicensu
1691 3755 1746 3808 Si
1795 3771 2013 3808 munera
2059 3770 2156 3824 pro

550 3871 554 3879 ι
582 3848 899 3902 muneribus
938 3847 1259 3908 retribuisti,
1291 3856 1630 3900 sacramenta
1673 3861 1771 3914 pro
1806 3854 1958 3913 parte
1985 3843 2156 3896 Mero-

579 3938 666 3991 vci
695 3950 883 3992 contra
939 3953 1110 3991 meam
1163 3938 1390 3990 salutem
1424 3951 1521 3990 cur
1565 3935 1822 4000 exegisti?
1857 3953 1874 3984 ι
1923 3932 2002 3987 Ad
2044 3934 2161 3988 haec

583 4029 842 4081 sacerdos
889 4027 1210 4095 reSpondit:
1270 4046 1288 4078 ι
1345 4027 1554 4080 Innotui
1608 4023 1909 4079 celsitudini
1966 4033 2160 4077 vestrae

567 4115 891 4170 .Meroveum
924 4131 1008 4167 me
1037 4131 1100 4168 ex
1137 4115 1352 4169 lavacro
1397 4113 1699 4182 suscepisse
1739 4111 1981 4166 salutari.
2015 4112 2158 4164 Ideo-

587 4221 691 4272 que
735 4209 778 4258 si
810 4205 1046 4258 facultas
1090 4204 1297 4265 fuisset,
1328 4206 1488 4258 etiam
1541 4203 1788 4271 angelum
1841 4200 2051 4255 Domini
2108 4201 2159 4253 in

589 4296 709 4362 ejus
730 4311 1036 4351 cvm-assem
1086 4297 1366 4348 auxilium.
1399 4315 1416 4344 ι
1458 4295 1595 4360 Quid
1623 4293 1808 4361 plura?
1830 4291 2164 4360 .prOCedente

557 4434 567 4440 .
591 4384 801 4453 longius
827 4385 1194 4446 altercatione,
1223 4385 1578 4438 Praetextatus
1605 4385 1668 4437 ad
1694 4384 1854 4452 pedes
1886 4381 2027 4450 regis
2046 4395 2161 4434 cor-

596 4476 723 4536 ruit,
772 4475 1053 4528 clamans:
1090 4493 1106 4524 ι
1145 4475 1416 4538 Miserere,
1459 4474 1875 4530 clementissime
1920 4487 2031 4533 rex,
2065 4471 2164 4524 lto-

597 4567 824 4627 micidm,
861 4568 950 4634 qui
980 4575 1031 4620 te
1073 4581 1238 4635 regno
1285 4567 1480 4634 pellere
1525 4565 1663 4620 volui
1697 4573 1750 4618 et
1802 4565 1965 4617 lilium
2019 4572 2166 4616 tuntn

601 4657 692 4710 tibi
722 4657 1068 4710 substituere.
1112 4675 1130 4707 ι
1179 4656 1301 4710 Ilzec
1343 4671 1408 4712 eo
1456 4656 1726 4724 loquente,
1778 4663 2078 4724 prostratus
2115 4663 2172 4708 et

600 4747 714 4814 ipse
743 4761 832 4798 rex
869 4747 1087 4814 pedibus
1112 4746 1340 4800 ahorum
1373 4747 1735 4810 sacerdotum,
1766 4746 1854 4813 qui
1885 4745 1937 4798 in
1969 4744 2171 4814 synodo

579 4837 930 4898 residebant,
959 4836 1173 4889 aiebat:
1209 4855 1228 4886 σ
1260 4837 1472 4898 Audite,
1497 4836 1820 4890 sanctissimi
1845 4834 2170 4898 sacerdotes,

571 4924 1041 4996 .nefandissinmm
1087 4940 1236 4978 reum
1281 4925 1615 4980 exsecrabile
1667 4925 1871 4979 crimen
1913 4922 2175 4977 conﬁtcn-

606 5021 735 5065 tem.
775 5031 794 5063 ι
835 5011 1216 5068 Verumtamen
1255 5013 1599 5082 pontiﬁcibus
1634 5029 1663 5067 a
1695 5023 1836 5068 terra
1864 5028 2042 5083 regem
2069 5012 2180 5066 cleo

605 5105 878 5167 vautilms,
903 5105 1067 5173 jussit
1088 5121 1178 5159 rex
1205 5104 1588 5158 Praetextatum
1626 5106 1692 5159 ab
1719 5104 1946 5159 ecclesia
1975 5103 2178 5174 egredi-

606 5191 725 5261 Ipse
759 5202 938 5247 autem
984 5193 1036 5246 in
1068 5195 1271 5264 regiam
1317 5208 1377 5248 se
1408 5194 1628 5262 recepit,
1662 5195 1880 5246 mittens
1917 5193 1984 5245 ad
2019 5206 2181 5262 syno-

611 5284 734 5346 dum
781 5284 1038 5351 quosdam
1085 5299 1344 5348 canones,
1384 5286 1578 5353 quibus
1609 5294 1728 5338 erat
1765 5296 2005 5336 annexus
2052 5297 2184 5350 qua-

585 5372 788 5428 .ternio
815 5387 1007 5428 novus.
1029 5375 1311 5428 continens
1337 5375 1448 5428 bare
1479 5392 1493 5428 :
1533 5393 1553 5424 ι
1592 5373 1903 5428 Enisconus.
1929 5371 1982 5424 in
2008 5371 2181 5425 homi-

2255 3121 2376 3174 talis
2404 3122 2546 3174 inter
2575 3133 2672 3172 nos
2712 3118 2950 3171 Charitas
2973 3127 3306 3185 parmaneat,
3337 3128 3392 3170 ut
3440 3120 3483 3172 si
3513 3123 3682 3172 dante
3730 3121 3835 3173 Deo

2253 3209 2392 3264 ﬁlios
2442 3221 2816 3277 procreavero,
2875 3215 2926 3257 te
2971 3213 3149 3256 tamen
3181 3218 3209 3254 a
3241 3203 3364 3269 jure
3410 3221 3512 3260 non
3548 3223 3834 3262 secernatn

2251 3298 2616 3355 Itaireditario.
2657 3315 2676 3346 ι
2720 3295 2812 3349 llis
2855 3294 3014 3347 dictis
3039 3303 3093 3347 et
3138 3295 3451 3363 proceribus
3498 3297 3833 3352 Cliildeberti

2252 3403 2350 3459 pro
2381 3403 2442 3442 eo
2471 3387 2877 3454 spondentibus,
2905 3404 2968 3441 eo
2995 3387 3133 3454 quod
3161 3387 3272 3454 ipse
3302 3403 3430 3455 puer
3453 3389 3632 3441 adhuc
3668 3399 3833 3450 esset,

2254 3479 2410 3534 simul
2453 3480 2779 3549 prandentes
2825 3491 2880 3533 et
2910 3497 2968 3534 se
3015 3483 3329 3536 muneribus
3367 3485 3720 3545 honorantes,
3769 3489 3837 3535 ad

2255 3586 2351 3623 sua
2395 3580 2519 3624 sunt
2569 3571 2791 3625 reversi.
2823 3570 3202 3627 Verumtamen
3251 3573 3451 3641 legatos
3499 3575 3716 3642 utrique
3771 3573 3837 3626 ad

2255 3662 2615 3731 Chilpericum
2647 3678 2822 3729 regem
2857 3663 3136 3723 miserunt,
3163 3664 3542 3717 denuntiantes
3574 3673 3744 3716 utaut
3773 3678 3837 3717 ea

2243 3744 2376 3824 qua:
2413 3755 2478 3808 de
2509 3769 2694 3809 eorum
2733 3769 2897 3824 regno
2952 3763 3260 3822 pervaserat
3306 3756 3576 3816 redderet,
3635 3765 3728 3807 ant
3782 3769 3840 3807 se

2259 3845 2324 3899 ad
2351 3845 2471 3899 belli
2501 3845 2796 3899 certamina
2835 3855 3182 3914 prmpararet.
3241 3845 3389 3911 Quod
3419 3845 3506 3898 ille
3555 3856 3686 3900 tunc
3716 3848 3840 3912 qui-

2249 3935 2378 4016 _dem
2418 3935 2691 4006 despectui
2721 3936 2926 3990 habuit.
2954 3935 3070 4000 Quo
3114 3948 3351 4004 tempore
3391 3937 3615 3991 sinister
3660 3938 3840 4007 populi

2261 4040 2448 4079 rumor
2475 4027 2734 4080 adversus
2776 4023 3052 4079 Salonium
3084 4036 3138 4080 et
3178 4027 3526 4097 Sagittarimn
3557 4030 3844 4099 cpiscopus

2261 4119 2514 4171 surrexit.
2544 4117 2649 4171 llos
2671 4129 2889 4173 sanctus
2927 4119 3162 4174 Nicetius
3187 4121 3558 4186 Lugdunensis
3581 4124 3843 4187 antistes,

2260 4209 2548 4270 enutritus,
2568 4208 2797 4274 primum
2825 4208 3037 4275 quidem
3059 4208 3310 4275 diacunii,
3330 4210 3521 4264 deinde.
3545 4214 3844 4266 sacerdotii

2263 4311 2357 4350 eos
2379 4297 2633 4365 gradibus
2661 4296 2953 4363 insignivit.
2984 4297 3049 4349 Et
3088 4296 3362 4350 Salonium
3406 4299 3624 4366 quidem
3677 4301 3847 4354 Ehre-

2264 4384 2411 4451 duni.
2460 4384 2806 4451 Sag'ttariutn
2857 4401 2982 4439 vero
3018 4388 3158 4454 apud
3208 4386 3502 4455 Vapingum
3558 4389 3850 4458 episcopos

2266 4474 2512 4531 instituit.
2544 4475 2618 4528 Illi
2662 4491 2788 4528 vero
2835 4492 2936 4529 non
2973 4474 3115 4528 velut
3159 4477 3390 4544 episcopi
3423 4476 3664 4544 religioni
3717 4492 3850 4547 ope«

2267 4580 2383 4618 ram
2415 4565 2632 4625 dabant,
2665 4567 2755 4618 sel
2783 4574 3034 4631 tanquam
3062 4565 3273 4634 tyranni
3307 4565 3630 4630 homicidiis,
3665 4581 3848 4621 rerum

2271 4656 2568 4710 alienarum
2620 4655 3050 4723 pervasionibtts,
3101 4655 3378 4709 adulteriis
3419 4671 3634 4725 quoque
3687 4674 3850 4712 vaca-

2272 4745 2423 4800 bant.
2450 4744 2512 4797 Ει
2543 4744 2595 4796 in
2635 4754 2838 4796 tantum
2867 4758 3050 4797 eorum
3094 4745 3331 4798 extrevit
3359 4745 3564 4798 maltia
3601 4755 3659 4798 ut
3689 4761 3853 4813 super

2277 4834 2547 4889 Victorem
2577 4830 2943 4885 Tricassinnm
2980 4834 3296 4892 antistitem,
3333 4833 3561 4886 natalitii
3591 4837 3674 4886 sui
3706 4834 3849 4888 diem

2282 4922 2476 4978 festum
2509 4933 2776 4991 agentem,
2804 4936 2925 4975 cum
2948 4922 3166 4975 cohorte
3189 4922 3311 4976 irrit.
3334 4932 3451 4977 ntes
3475 4923 3714 4987 uilitari,
3737 4923 3854 4991 ejus

2281 5014 2601 5066 vestimenta
2645 5011 2973 5074 scindentes,
3004 5009 3233 5065 famulos
3262 5026 3427 5066 caesos
3455 5011 3724 5079 fugantes,
3753 5029 3853 5082 ap-

2283 5114 2528 5174 paratum
2565 5103 2773 5173 prandii
2803 5118 3016 5157 omnem
3041 5113 3294 5173 raperent
3317 5114 3369 5159 et
3391 5105 3567 5172 ipsum
3598 5119 3723 5159 cum
3751 5107 3854 5158 hac

2287 5192 2611 5248 contumelia
2632 5195 2803 5247 solum
2837 5193 3219 5261 relinquerent.
3247 5194 3358 5261 Qua
3385 5209 3546 5248 causa
3589 5195 3656 5248 ad
3695 5208 3856 5248 aures

2287 5284 2584 5340 Guntranni
2619 5285 2758 5353 regis
2782 5283 2980 5347 delata,
3007 5299 3074 5336 ex
3103 5283 3217 5351 ejus
3241 5287 3390 5354 jussu
3413 5285 3634 5332 collecta
3657 5295 3734 5330 ρει
3769 5301 3857 5355 cy-

2284 5375 2455 5426 nodus
2481 5373 2618 5428 apud
2643 5371 2981 5428 Lugdunum.
3014 5388 3118 5428 nua
3149 5375 3466 5428 priesidente
3495 5384 3683 5428 saneto
3707 5373 3858 5428 Niceo
