4044 5428
203 325 297 392 113

1239 323 1554 392 HISTORIA
1591 324 2038 391 FRANCORUM.
2067 366 2136 374 --
2175 325 2304 389 LIB.
2348 326 2433 390 Ill.

3361 328 3466 396 ’ΤΗ

201 461 313 498 nem
377 443 612 512 profecti
666 454 814 498 sunt.
865 444 964 498 Cui
1016 445 1425 514 persuadentes,
1475 459 1535 498 se
1587 447 1781 515 injuste
1809 455 1858 511 Α
1886 460 1916 498 a
1954 444 2274 502 Guntranno
2317 449 2453 502 duce
2504 462 2568 502 eo
2608 464 2712 517 quo
2752 447 2984 505 diximus
3022 449 3338 509 interfectus
3380 467 3466 509 est

198 538 496 596 damnatos,
523 537 727 606 scripta
752 535 868 606 ejus
890 539 955 590 ad
980 553 1158 607 regem
1183 538 1515 604 detulerunt,
1535 536 1780 606 jubeulia

195 636 248 677 ut
273 625 383 679 suis
407 626 837 680 restituerentur
869 629 1022 682 locis.
1075 631 1219 692 Quos
1251 645 1365 694 rex,
1391 629 1570 683 verbis
1613 630 1785 683 corri-

195 719 352 784 piens,
408 717 477 770 ad
521 717 773 786 proprias
793 719 958 787 jussit
990 720 1152 772 urbes
1202 719 1397 771 redire.
1430 718 1499 771 At
1531 718 1628 780 illi,
1660 735 1780 773 cum

192 808 394 861 Victore
443 809 668 876 quidem
695 825 881 878 pacem
922 810 1206 875 facientes,
1237 811 1482 864 homines
1506 813 1594 880 qui
1624 814 1671 866 ci
1699 814 1782 866 iu-

186 897 342 964 jurias
365 900 749 966 irrugaverant
777 902 1096 956 direxcruut
1140 911 1198 956 ut
1227 907 1340 972 ipse
1365 920 1416 956 III
1445 919 1524 957 ets
1557 902 1781 958 ulcisce-

191 1001 340 1044 retur.
388 990 493 1057 Qui
537 992 803 1047 Dominici
842 995 1092 1064 przrcepti
1123 1009 1351 1058 Il'IeIIIOI',
1395 1010 1500 1048 non
1549 995 1780 1050 reddens

191 1081 314 1132 mala
337 1097 435 1148 pro
467 1083 655 1145 malis,
687 1083 884 1138 illtesos
908 1085 1114 1140 dimisit
1144 1085 1209 1138 ad
1251 1087 1491 1155 propria.
1525 1086 1778 1144 Salonius

189 1170 400 1241 denique
426 1181 481 1226 et
516 1172 870 1243 Sagittarius,
903 1177 1154 1245 pessimis
1195 1178 1434 1248 quotidie
1461 1178 1780 1247 adjicientes

189 1263 377 1330 pejora,
421 1264 476 1316 iu
525 1267 949 1336 expeditionem,
1002 1285 1161 1336 quam
1216 1268 1538 1324 Iquunqus
1589 1287 1654 1325 co
1697 1283 1775 1326 tra

190 1353 562 1424 Langobardos
613 1358 746 1427 egit.
799 1371 1107 1429 pergentes,
1167 1360 1332 1414 tnulta
1391 1373 1775 1432 perpetrarunt

189 1444 478 1499 homicidia.
514 1446 576 1500 In
603 1448 813 1503 civibus
841 1451 956 1520 pari
1007 1451 1167 1504 modo
1209 1451 1324 1508 suis
1367 1453 1440 1507 ita
1481 1455 1776 1509 crudeliter

189 1536 465 1590 seviebaut
509 1547 574 1591 ut
622 1539 818 1593 multos
849 1556 1018 1610 usque
1049 1541 1115 1595 ad
1147 1541 1464 1599 effusionem
1494 1547 1775 1616 sanguinis

189 1626 462 1681 caederent.
499 1627 659 1697 Quod
697 1631 783 1685 ubi
817 1633 926 1702 regi
965 1632 1287 1690 Guntranuo
1315 1637 1620 1690 nuntiatum
1665 1647 1772 1701 est,

190 1729 268 1768 eos
289 1718 532 1772 exhiberi
563 1721 840 1790 praecepit.
872 1737 901 1774 a
933 1724 1220 1791 prtesentia
1252 1734 1434 1780 tamen
1482 1743 1576 1780 sua
1603 1743 1774 1796 usque

192 1806 248 1857 ad
270 1807 602 1862 audientiam
632 1811 923 1866 sustinere.
959 1812 1069 1867 Iloc
1114 1812 1438 1882 Sagittarius
1463 1817 1598 1872 adeo
1636 1818 1771 1872 indi-

189 1912 275 1964 gne
301 1898 417 1969 tulit
453 1908 516 1953 ut
553 1901 622 1954 de
665 1917 790 1970 rege
822 1903 1038 1974 indigna
1086 1903 1333 1974 loquens,
1383 1906 1598 1976 publice
1645 1923 1772 1978 pro-

190 1989 466 2045 clamaret:
523 2011 542 2042 ι
583 1991 752 2048 Filios
803 1996 945 2066 regis
996 2012 1102 2050 non
1153 1996 1269 2052 fore
1316 2010 1655 2069 regnaturos,
1706 2016 1772 2056 eo

189 2083 310 2149 quod
338 2091 516 2136 mater
555 2099 742 2139 eorum
781 2102 846 2141 ex
879 2087 1240 2157 Magnacharii
1269 2089 1458 2144 fuisset
1487 2090 1706 2145 familia.
1746 2113 1764 2142 ι

191 2169 333 2226 Erant
355 2189 594 2243 namque
621 2177 799 2232 adhuc
844 2178 936 2231 lilii
976 2181 1119 2250 regis
1153 2183 1493 2250 superstites.
1543 2181 1770 2252 Propter

189 2259 273 2316 hoc
298 2279 383 2316 rex
413 2265 493 2318 ira
519 2278 846 2334 commotus,
877 2284 1047 2339 equos
1094 2284 1282 2326 eorum
1313 2282 1367 2326 et
1411 2282 1607 2328 cuncta
1648 2291 1768 2344 qua:

191 2351 434 2410 habebant
464 2358 701 2413 abstulit
728 2371 781 2415 et
823 2361 970 2430 ipsos
1015 2363 1066 2416 in
1101 2363 1311 2420 duobus
1345 2367 1692 2422 monasteriis
1737 2385 1766 2423 a

198 2462 247 2498 se
269 2449 443 2516 procul
471 2451 666 2506 divisis
690 2456 1066 2521 paenitentiam
1093 2471 1252 2527 agere
1280 2459 1582 2524 constituit,
1613 2476 1766 2514 man-

193 2537 303 2592 dans
326 2543 854 2612 propriisjudicibus
886 2547 1092 2601 circum
1134 2564 1197 2602 ea
1228 2547 1347 2612 loca
1378 2551 1687 2607 constitutis
1708 2561 1767 2608 ut

193 2640 268 2680 eos
291 2644 404 2683 cum
429 2647 646 2686 summa
683 2644 1018 2691 armatorum
1053 2640 1262 2693 cautela
1309 2641 1668 2708 custodirent,
1697 2659 1766 2698 ne

196 2714 314 2773 forte
339 2722 706 2779 elaberentur.
757 2726 908 2782 Tunc
939 2729 1079 2784 forte
1119 2731 1334 2787 seniore
1366 2749 1431 2787 ex
1465 2735 1591 2790 [iliis
1622 2736 1767 2803 regis

195 2819 476 2879 aegrotante,
522 2816 844 2872 accedentes
873 2820 1092 2887 quidam
1148 2821 1497 2879 familiarium
1531 2825 1648 2895 ejus
1695 2829 1764 2883 ad

195 2908 316 2962 cum,
345 2913 634 2956 suaserunt
672 2914 728 2956 ut
761 2906 1016 2974 praefatos
1062 2911 1348 2982 episcopus
1393 2915 1459 2968 ad
1513 2917 1763 2986 proprias

193 2981 377 3050 iuberet
418 2994 633 3064 regredi
687 2996 1000 3054 Ecclesias:
1042 3017 1110 3056 ne
1157 3001 1408 3060 fortassis
1457 3007 1527 3062 ob
1572 3023 1760 3063 eorum

196 3075 566 3137 damnationem
595 3085 669 3138 ira
695 3085 787 3140 Dei
815 3103 975 3156 super
997 3092 1214 3148 dutnum
1241 3095 1581 3154 incumberet
1608 3101 1756 3170 prin-

197 3165 321 3234 cipis.
335 3169 577 3242 Cumque
593 3192 686 3230 rex
703 3179 868 3247 petita
887 3194 992 3234 non
1007 3183 1305 3251 abnuisset,
1326 3186 1579 3246 Salonius
1597 3165 1650 3245 et
1667 3192 1761 3247 Sa-

195 3257 408 3323 gittarius
422 3268 665 3334 regressi
678 3271 742 3323 ad
757 3285 877 3335 sua,
897 3281 1004 3326 tam
1017 3275 1248 3333 eximios
1263 3288 1467 3335 sancta:
1482 3283 1762 3352 religionis

196 3348 398 3407 cultores
424 3368 482 3408 se
519 3361 876 3416 ostendebant
908 3373 964 3416 ut
986 3369 1231 3435 quotidie
1257 3379 1425 3424 totum
1468 3388 1535 3427 ex
1565 3348 1759 3430 o-rdiuc

198 3438 491 3502 Psalterium
520 3450 817 3518 recitando,
851 3471 1126 3527 nunquam
1149 3474 1178 3513 a
1221 3462 1518 3531 psalmodia
1545 3479 1621 3519 ce:
1639 3481 1760 3520 sure

196 3529 498 3589 tiderentur.
536 3538 636 3604 Qui
681 3548 860 3598 tamen
895 3557 1020 3614 post
1065 3529 1342 3616 paululum
1390 3552 1455 3606 ad
1505 3569 1660 3608 suum
1705 3556 1756 3611 in

199 3626 376 3676 tantum
400 3629 604 3681 reversi
628 3641 753 3686 sunt
777 3637 1037 3690 vomitum
1057 3649 1112 3692 ut
1137 3638 1480 3700 fornicationi
1509 3655 1564 3700 et
1585 3647 1758 3702 ebrie-

199 3711 276 3765 tati
313 3714 690 3787 inservientes,
718 3724 846 3780 dum
897 3729 1082 3784 clerici
1139 3735 1434 3790 matutinos
1467 3737 1758 3804 psallerent

200 3799 415 3874 hymnos,
456 3811 559 3879 ipsi
602 3814 776 3871 adhuc
828 3818 885 3873 in
921 3822 1174 3878 convivio
1201 3826 1356 3894 positi
1395 3829 1519 3882 vina
1547 3829 1756 3899 ﬂagita-

202 3904 317 3946 rent.
366 3896 658 3970 Incipiente
697 3921 821 3961 vero
875 3923 1108 3976 aurora,
1139 3914 1458 3970 circumdati
1505 3896 1756 3978 mollibus

201 3994 344 4052 usque
392 3991 457 4043 ad
511 3994 722 4048 tertiam
771 3998 875 4054 diei
916 4001 1131 4057 horam.
1151 4019 1400 4060 somnum
1447 4009 1750 4079 capiebant.

201 4072 408 4146 Curaque
435 4082 485 4135 in
521 4084 717 4142 talibus
739 4103 1105 4161 versarentur,
1128 4097 1297 4152 Deum
1326 4109 1447 4168 post
1475 4072 1621 4171 terga
1653 4119 1753 4171 p0-

203 4175 384 4236 nentes,
421 4174 519 4244 ipsi
543 4191 753 4248 quoque
796 4198 824 4235 a
852 4183 962 4240 Deo
1005 4189 1290 4257 postpositi
1340 4191 1477 4245 iram
1527 4194 1645 4262 ejus
1673 4195 1752 4249 in-

204 4265 475 4326 currerunt,
512 4275 567 4317 ut
595 4266 646 4320 in
679 4273 1030 4339 sequentibus
1058 4277 1572 4336 demonstrabimus.

726 4360 955 4416 CAPUT
987 4363 1180 4420 XXIX.

1885 537 2064 591 modo.

1955 628 2220 693 Britanni,
2254 645 2319 686 eo
2344 641 2605 702 tempore,
2633 636 2868 704 graviter
2897 636 3170 708 regionem
3200 641 3467 696 rastaudu

1883 719 2238 787 Redonicatn,
2270 724 2336 776 ad
2365 726 2564 789 vicum,
2602 727 2691 796 qui
2727 729 2998 784 Cornutus
3041 732 3263 798 dicitur,
3299 736 3452 789 adre

1883 819 2099 864 nerunt.
2132 812 2333 866 Contra
2359 829 2497 884 quos
2528 816 2820 873 Bibolenus
2843 820 2948 873 dux
2977 821 3170 877 missus
3200 824 3468 880 recedenv

1883 909 1963 954 tes
1994 901 2269 956 insecutus
2295 913 2408 969 est;
2443 904 2888 981 Britanniamque
2911 911 3055 967 ferro
3079 925 3132 970 et
3151 917 3272 986 igne
3295 918 3458 987 depu-

1881 993 2118 1062 pulatur.
2153 994 2263 1049 Ilac
2296 996 2431 1051 adeo
2471 996 2760 1056 Britannos
2789 1004 2842 1056 in
2875 1004 3131 1073 majorem
3166 1012 3463 1064 commovit

1881 1081 2215 1137 iracundiam
2249 1095 2305 1138 ut
2329 1089 2574 1155 sequenti
2605 1106 2745 1146 anno
2770 1110 2874 1147 non
2903 1096 3074 1151 solum
3099 1098 3459 1164 Redouic'anu

1879 1185 2065 1228 verum
2110 1185 2164 1228 et
2206 1176 2558 1233 Nanneticam
2600 1182 2917 1238 infestat-ent
2960 1191 3312 1257 provinciam.
3353 1189 3459 1259 Qui

1881 1272 2082 1327 tamen,
2114 1265 2306 1336 legatis
2329 1267 2525 1324 Felicis
2550 1270 2832 1328 Nanuctici
2859 1278 3090 1347 episcopi
3118 1283 3464 1337 emendatioa

1877 1368 2000 1406 nem
2025 1355 2267 1424 polliciti,
2301 1360 2587 1421 mcmlaces
2615 1361 2851 1417 fuerunt.

2444 1452 2672 1509 CAPUT
2709 1453 2877 1511 XXX.

1969 1533 2043 1588 De
2068 1538 2345 1596 violatione
2374 1543 2552 1612 templi
2578 1543 2893 1616 Dionysiam’
2921 1560 2967 1603 et
3005 1556 3353 1621 reparatione;

1946 1627 2037 1682 Illo
2069 1639 2334 1700 tempore.
2364 1635 2557 1689 mulier
2582 1639 2850 1707 quasdam,
2883 1657 2911 1695 a
2936 1643 3148 1700 zelante
3172 1647 3288 1702 viro
3315 1638 3460 1718 apud

1875 1712 2115 1772 Parisius
2159 1721 2302 1790 quod
2343 1723 2584 1779 adultera
2626 1738 2771 1783 esset
2811 1730 3076 1801 impetita,
3129 1738 3254 1791 dum
3297 1712 3461 1808 opem

1803 1793 1847 1851 Β
1874 1807 2100 1874 petisset
2144 1825 2174 1863 a
2222 1812 2336 1865 suis
2359 1815 2691 1883 parentibus,
2739 1827 2794 1873 et
2830 1820 2930 1886 illi,
2965 1837 3084 1877 eam
3113 1793 3459 1883 innocentem

1872 1897 2180 1965 credentes,
2211 1914 2613 1960 sacramentum
2652 1924 2752 1978 pro
2780 1925 2842 1965 ea
2867 1913 2984 1967 viro
3016 1917 3095 1970 vel
3118 1917 3243 1986 ejus
3263 1936 3464 1990 part-ne

1873 1987 2015 2042 tibus
2043 2004 2208 2058 super
2245 1993 2552 2060 sepulcrum
2581 1999 2756 2053 sancti
2791 2000 3030 2073 Dionysii
3069 1987 3343 2072 fecissent,
3384 2013 3463 2063 alr

1872 2076 1954 2128 eis
2014 2079 2158 2146 quod
2208 2078 2581 2148 perjurasseut
2637 2087 2911 2160 redarguti
2964 2104 3110 2147 sunt.
3172 2096 3239 2150 Et
3289 2107 3459 2153 causa

1871 2180 2043 2235 usque
2067 2168 2134 2222 ad
2157 2167 2398 2240 jurgium
2425 2188 2835 2246 prorumpente,
2864 2196 2984 2235 cum
3011 2195 3233 2254 propter
3259 2187 3461 2243 nobilia

1874 2266 2035 2312 tatem
2065 2274 2252 2315 eorum
2281 2264 2459 2333 (erant
2485 2266 2628 2321 enim
2653 2271 2813 2338 primi
2843 2273 2892 2325 in
2921 2274 3121 2341 palatio
3145 2279 3289 2348 regis
3307 2279 3450 2334 Chil-

1869 2348 2060 2419 perici)
2090 2362 2281 2406 neutra
2313 2370 2439 2422 pars
2465 2357 2619 2412 alteri
2646 2360 2879 2425 cederet,
2911 2366 3103 2433 gladiis
3136 2384 3194 2423 se
3221 2370 3456 2425 invicem

1867 2441 2235 2506 percutieutes
2269 2461 2482 2502 sacram
2514 2449 2794 2506 basilicam
2833 2459 3093 2527 sanguine
3117 2461 3456 2531 polluerunt;

1867 2529 2075 2586 Interea
2114 2535 2342 2592 ecclesia
2381 2541 2499 2594 sine
2538 2542 2730 2599 officiis
2777 2561 3030 2604 tuanente
3069 2553 3290 2622 divinis,
3322 2559 3457 2612 dum

1867 2621 1982 2678 haec
2007 2625 2074 2679 ad
2104 2641 2282 2698 regem
2315 2631 2488 2686 delata
2518 2633 2766 2701 fuissent,
2799 2638 3178 2701 interminatus
3213 2621 3293 2702 cst
3331 2651 3458 2703 uulv

1866 2709 1932 2766 Iis
1980 2728 2170 2769 eorum
2217 2735 2438 2787 prorsus
2481 2721 2596 2779 fore
2642 2726 2986 2797 benevolum,
3017 2735 3189 2790 donec
3237 2736 3458 2806 Raguev

1866 2805 2052 2858 mundi
2083 2805 2343 2865 Parisiaci
2369 2813 2648 2880 antistitis,
2680 2817 2732 2872 in
2756 2819 2909 2889 cujus
2934 2821 3156 2880 dioecesi
3182 2828 3297 2885 hate
3324 2805 3446 2886 acta

1866 2893 2102 2963 fuerant,
2153 2903 2595 2962 reconciliatione
2643 2910 2856 2965 veniam
2905 2926 3268 2973 mererentur.
3301 2920 3458 2988 Quos

1865 2987 2174 3058 episcopus,
2213 2991 2421 3048 facinus
2463 2998 2810 3066 confitentes,
2859 3004 3176 3072 paenitentia
3222 2987 3451 3077 indicta,

1865 3083 2228 3138 communioni
2261 3087 2494 3142 restituit
2525 3089 2919 3164 ecclesiamque
2951 3098 3340 3156 reconciliavit.

2425 3179 2654 3235 CAPUT
2693 3183 2886 3239 XXXI.

1969 3259 2045 3315 De
2073 3259 2298 3319 Nantini
2328 3260 2743 3338 Engoiismensis
2782 3287 2947 3330 morte
2975 3273 3335 3346 formidanda.

1933 3348 2084 3406 Tunc
2144 3356 2400 3424 temporis
2461 3357 2731 3418 Nantinus
2788 3363 3215 3436 Engolismensis
3262 3385 3455 3426 comes

1860 3439 2164 3510 bujusmodi
2213 3461 2280 3500 ex
2326 3464 2487 3504 causa
2538 3469 2758 3523 gravem
2816 3459 3074 3515 dii-initus
3121 3472 3207 3518 est
3253 3482 3453 3535 passus

1861 3533 2052 3587 mortis
2088 3549 2302 3604 ptenam
2333 3556 2346 3592 :
2384 3539 2758 3600 Maracharius
2790 3552 3090 3608 avunculus
3117 3553 3233 3622 ejus
3253 3533 3449 3612 comie

1864 3631 1974 3676 tatu
2004 3627 2272 3692 praedicta:
2300 3631 2449 3687 urbis
2475 3634 2564 3688 diu
2595 3639 2821 3706 potitus,
2850 3641 2916 3695 ad
2944 3642 3261 3701 clericatum
3286 3663 3452 3705 acce-r

1859 3714 2011 3779 dens,
2045 3726 2165 3784 post
2193 3736 2298 3773 non
2324 3723 2548 3779 multum
2584 3737 2795 3799 tempus
2823 3735 3108 3804 episcopus
3134 3749 3218 3794 est
3241 3730 3444 3799 factus,

1858 3803 2029 3872 Quem
2061 3825 2181 3864 cum
2210 3812 2506 3870 adversarii
2536 3818 2675 3884 ejus,
2707 3822 2949 3880 immisso
2981 3828 3032 3880 in
3062 3831 3239 3899 capite
3275 3837 3449 3904 piscis

1857 3912 2102 3962 veneno,
2154 3902 2539 3962 uefandissime
2582 3923 2867 3967 necassent
2906 3955 2921 3980 ,
2977 3933 3084 3973 non
3139 3922 3230 3977 diu
3273 3902 3443 3982 laetati

1857 3997 2003 4070 sunt.
2051 3990 2186 4045 Nam
2233 3993 2577 4066 Frontonius,
2618 4000 2773 4070 cujus
2812 4007 3038 4064 consilio
3087 4011 3192 4067 hoc
3248 4030 3448 4087 perpe-r

1858 4088 2058 4133 tratum
2097 4091 2178 4136 est
2212 4085 2411 4151 scelus,
2445 4105 2551 4143 uno
2593 4101 2802 4148 tantum
2831 4112 2976 4152 anno
3013 4113 3134 4170 post
3163 4119 3289 4162 eum
3314 4085 3443 4164 fune

1854 4181 1974 4227 ctus
2010 4182 2093 4228 est
2131 4177 2460 4248 episcopatu.
2492 4181 2735 4253 Cumque
2760 4187 2808 4241 ei
2846 4188 3128 4250 Heraelius
3155 4195 3440 4272 Burdegaa

1854 4260 2018 4316 Icnsis
2044 4267 2330 4337 presbyter
2359 4272 2735 4342 successisset,
2765 4293 2794 4331 a
2835 4278 3093 4350 Nautiuo,
3117 4290 3208 4358 qui
3239 4293 3314 4346 ob
3337 4260 3436 4348 vul-

1853 4355 2160 4411 cisceudam
2187 4363 2436 4417 avunculi
2474 4375 2700 4422 mortem
2729 4375 3044 4430 comitatum
3071 4392 3101 4432 a
3128 4355 3259 4450 rege
3286 4399 3434 4442 emca

204 4429 265 4486 De
297 4433 562 4534 Cltilperici
613 4448 665 4500 in
719 4449 1019 4534 Ennodiupt
1067 4467 1384 4534 crateresque
1432 4463 1747 4519 Cliildeberti

2966 4429 2969 4430 ν
3033 4429 3042 4430 ,
3076 4429 3100 4432 ,.
3129 4429 3252 4450 --ν
3288 4429 3406 4442 -..ω

1868 4453 1974 4506 'at,
2027 4449 2346 4516 gravissime
2394 4452 2811 4527 increpabatur,
2873 4468 3014 4534 quod
3055 4475 3304 4529 avunculi
3349 4481 3436 4532 sui

1263 4511 1272 4512 κ
1325 4511 1375 4513 Π-
1439 4511 1744 4519 νν,γ,ν,,,,,,,
2029 4511 2054 4516 -
2546 4511 2559 4524 ι
2631 4511 2635 4512 ν
2694 4511 2765 4515 εν-
2796 4511 2811 4527 1
2875 4511 3014 4534 *ιν-νι·
3055 4511 3304 4529 *ιν-ιιιυυιι
3349 4511 3436 4532 διον

390 4511 618 4578 {autores
647 4523 844 4573 swvitia
873 4535 918 4576 et
943 4525 1008 4578 de
1033 4537 1176 4579 motu
1213 4511 1514 4584 Britonum.
1777 4511 1820 4534 υ
1852 4535 2226 4593 interfectores
2273 4556 2456 4598 secum
2498 4549 2772 4605 retineret.
2807 4553 2985 4619 Quare
3018 4559 3071 4612 in
3115 4562 3291 4630 majus
3315 4583 3445 4623 ere;

390 4600 545 4630 lini...“
585 4605 749 4630 I‘I.2l-.,
777 4611 915 4630 ηξμη
966 4613 1024 4630 n—
1068 4626 1077 4630 _
1470 4623 1478 4630 .
1598 4625 1608 4630 -

2059 4591 2069 4592 ί
2112 4591 2150 4592 ﬂ
2176 4591 2220 4593 "
2274 4591 2456 4598 “’⁷“”““’
2498 4591 2772 4605 ’ν”“¹ν¹ν“⁸
2808 4591 2984 4619 “nul”
3018 4591 3071 4612 ΙΙΙ
3115 4591 3291 4630 ηιίιμιδ

262 4591 341 4649 His
364 4599 919 4677 diebus,Cltilprt‘icus
966 4613 1240 4670 Pictavam
1270 4623 1505 4686 pervasit
1531 4625 1741 4689 urbem,
1847 4637 2032 4680 scentc
2064 4635 2458 4699 centrovcrsia,
2495 4651 2679 4693 eomes
2711 4643 2861 4698 villas
2887 4647 3132 4703 ecclesia:
3165 4653 3234 4706 ab
3261 4672 3441 4712 avunv'
3528 4664 3536 4710 .1

262 4682 466 4712 iclum“...
507 4709 584 4712 _,__
823 4700 833 4710 .
954 4703 964 4712 .
991 4704 1002 4712 .
1043 4703 1073 4712 ..
1216 4705 1264 4712 ..-
1295 4708 1324 4712 .-
1351 4709 1362 4712 -
1403 4710 1409 4712 ,

1270 4679 1285 4686 '
1727 4679 1740 4689 '
2017 4679 2022 4680 ⁷
2071 4679 2250 4684 ’⁷’“⁷“⁷
2297 4679 2458 4699 ’““””“Ρ
2497 4679 2679 4693 “"""’"
2718 4679 2861 4698 "una
2887 4679 3132 4703 υιιιῦδιυυ
3165 4679 3234 4706 ill)
3261 4679 3436 4712 υνυηι
3528 4693 3536 4710 τ

206 4679 467 4757 fidelesque
504 4697 709 4761 nepotis
755 4700 876 4765 sui,
917 4703 1166 4759 videlicet
1207 4705 1533 4765 Childebet'ti
1581 4715 1739 4781 regis,
1846 4718 1968 4773 culo
2013 4733 2112 4790 per
2158 4733 2542 4782 testamentqu
2594 4732 2808 4789 relictas
2854 4741 3128 4808 pervasit,
3177 4759 3446 4805 asserens.
3525 4749 3539 4813 ι.

207 4782 304 4813 t‘ttm
347 4776 579 4813 [fumum
611 4787 740 4813 .t..,...
807 4791 868 4813 ..ι
916 4792 1022 4813 ._:-__
1175 4807 1185 4813 .
1241 4799 1252 4813 .
1373 4798 1383 4808 ο
1432 4801 1463 4813 ..
1655 4803 1666 4813 .
1706 4805 1714 4813 .

1641 4776 1666 4781 “”
1727 4776 1733 4778 ⁷
2013 4776 2029 4790 ⁸
2189 4776 2278 4778 "H
2320 4776 2542 4782 """""'
2595 4776 2808 4789 "’"““"
2855 4776 2939 4806 [ιιι
2963 4776 3128 4808 ναῦιῑ,
3177 4776 3443 4805 α-δδυιῦιιυ·

207 4782 305 4904 Eum
346 4776 579 4836 Ennodio
609 4787 760 4850 duce.
805 4791 873 4845 ab
910 4792 1025 4861 ejus
1066 4807 1192 4849 sunt
1239 4798 1549 4856 hominibus
1579 4803 1736 4871 pulsi.
1844 4815 1986 4879 quod
2045 4830 2154 4869 non
2199 4816 2422 4871 deberet
2465 4836 2527 4874 ea
2581 4833 2764 4880 tenere
2813 4837 3157 4896 testamenta,
3197 4851 3443 4904 quorum:

244 4866 443 4904 “mulina
493 4872 668 4904 ἰιηη..η
719 4881 906 4904 A..,.:t:..
958 4892 1135 4904 ..-ημηλ
1213 4886 1235 4904 ι·
1281 4902 1291 4904 ,
1341 4888 1372 4904 ι.
1421 4891 1473 4904 Α..
1616 4893 1640 4904 ι.

229 4856 240 4869 ι
936 4855 953 4861 -
1579 4855 1592 4871 ι
1845 4855 1986 4879 -ι--νιι
2045 4855 2153 4869 --νιι
2199 4855 2422 4871 ιιυυυιυι
2465 4855 2527 4874 u-
2581 4855 2764 4880 ncnc-.5
2813 4855 3157 4896 tessatucntu,
3197 4855 3443 4904 quorum!

208 4855 444 4923 Lunodius
493 4872 668 4942 itaque
716 4881 910 4934 exsilio
958 4892 1161 4951 trusus,
1210 4886 1559 4946 facultatibus
1611 4893 1741 4947 fisco
1845 4911 2073 4957 testator
2115 4907 2182 4958 ab
2225 4905 2343 4973 eius
2382 4908 2562 4964 fuerat
2607 4915 2821 4971 clericis
2879 4921 3256 4991 interemptus.
3301 4926 3448 4986 Post

213 4951 363 4991 Kllll'lnl
374 4959 411 4991 ιο
481 4975 591 4991 nnnl
624 4983 684 4991 Α..
698 4987 721 4991 -,
735 4985 818 4991 ---.-
856 4989 876 4991 μ
897 4989 910 4991 _
929 4984 939 4991 .
980 4975 990 4986 ⁸
1101 4986 1111 4991 -
1213 4978 1223 4988 ο
1370 4980 1380 4991 Ι
1407 4982 1434 4991 ι.

1850 4951 2062 4957 """"'
2115 4951 2179 4958 ""
2227 4951 2343 4973 νΙ“”“’
2382 4951 2562 4964 ⁸“ν⁸“¹¹“’
2607 4951 2821 4971 *νη-’³⁸1Λῦ
2879 4951 3256 4991 ηιιΰιειυγιυδ.
3301 4951 3448 4986 Γοςυι

213 4951 414 5078 :ubactis
437 5002 450 5024 ,
479 4975 597 5031 post
623 4983 822 5024 annum
853 4975 1042 5042 patria:
1063 4986 1113 5030 et
1146 4978 1258 5031 suis
1287 4980 1528 5037 redditus
1550 4994 1632 5039 est
1657 5001 1740 5038 re-
1845 4993 1958 5046 hare
2002 4997 2297 5051 crudeliori
2345 5007 2707 5062 exardescens
2757 5011 3036 5065 iracundia
3063 5053 3076 5074 ,
3127 5015 3453 5078 interfectis

241 5056 288 5078 nc
333 5047 492 5078 nam...
526 5067 692 5078 ..-Αηη
732 5061 768 5078 η
829 5065 839 5078 .
913 5065 922 5075 .
964 5067 976 5078 .
1030 5066 1097 5078 Α..
1279 5070 1310 5078 ..
1445 5074 1489 5078 A,
1522 5077 1547 5078 η
1659 5076 1665 5078 .

854 5039 868 5042 ⁷
1845 5039 1957 5046 ”““’“
2005 5039 2051 5048 ν’
2069 5039 2297 5051 """""’"
2346 5039 2707 5062 V‘“'“Va\-C||D
2757 5039 3036 5065 IlﬂllllIUl'd
3063 5053 3076 5074 ν
3127 5039 3453 5078 ηιιυιιεςιις

210 5039 306 5172 1:05.
333 5047 495 5107 Dacco
523 5067 699 5113 autem
729 5061 976 5120 Gadarici
1024 5066 1188 5130 filius,
1217 5070 1406 5126 relicto
1433 5074 1742 5146 Chilperico
1840 5085 2004 5138 etiam
2031 5087 2356 5156 quibusdam
2389 5093 2560 5160 Iaicis,
2585 5112 2746 5152 unum
2779 5115 2840 5154 ex
2870 5102 3203 5170 presbyteris
3237 5105 3454 5172 lancem

213 5148 310 5172 lum
340 5143 519 5172 ..ι.;,...,.
548 5163 830 5172 -.-η----μμ
932 5159 966 5172 η
1145 5159 1156 5172 ι
1316 5163 1326 5172 .
1545 5170 1552 5172 .
1605 5169 1634 5172 Α-

1553 5133 1568 5146 ,
1846 5133 2004 5138 τηρ-η
2034 5133 2356 5156 ·ι“···ν“’··’“·“¹“⁵
2389 5133 2560 5160 ιιι-νισι
2587 5133 2610 5150 υ

213 5133 310 5190 dum
340 5143 520 5215 ubique
548 5163 900 5222 vagaretur,a
929 5159 1270 5214 Draecoleno
1295 5163 1554 5224 duce.aui
1585 5169 1727 5222 dice-
1842 5173 2202 5224 vulneratum-
2259 5179 2393 5224 dum.
2440 5185 2610 5224 militio

2661 5188 2860 5224 rivus-nl
2934 5194 3192 5224 cut-mnu“.
3237 5211 3306 5224 η-
