4044 5428
563 317 671 374 7Ιῦ

1591 293 1844 384 iniciat
1868 328 2168 389 MONACHI
2209 333 2701 395 FLORIACENSIS

3722 334 3829 404 7t6

569 431 995 502 interpellarent,
1025 434 1296 504 pollicitus
1323 451 1382 490 se
1409 451 1495 504 res
1523 438 1772 494 ecclesia:
1802 441 2137 496 redditurum
2172 456 2212 508 Α
2247 462 2401 511 rum,
2457 463 2485 502 a
2535 449 2690 505 nobis
2743 448 2941 520 injuste
2977 465 3382 522 oppressorum,
3435 455 3599 511 morti
3647 460 3825 514 reddi-

567 534 618 577 ct
677 525 813 576 mala
871 540 992 594 quae
1037 526 1378 582 commiserat
1421 529 1854 586 emendaturum.
1903 533 2143 589 Antistes

565 631 716 682 vero,
755 616 1065 686 rogantibus
1117 633 1361 673 annuens
1407 619 1689 686 fratribus,
1737 638 1860 678 eum
1901 640 2140 679 commu-

566 708 710 760 nioni
742 708 996 762 restituit.
1028 707 1132 762 Sed
1161 724 1343 765 comes
1373 712 1438 766 ad
1466 712 1833 783 Engolismam
1866 731 2137 780 reversus,

564 799 752 850 domos
787 812 922 866 quas
949 809 1263 867 pervaserat
1292 801 1581 868 destruxit,
1611 803 1799 858 dicens
1827 819 1841 858 :
1881 823 1898 855 ‹
1937 803 1993 859 Si
2027 807 2140 860 haec

562 887 794 942 ecclesia
839 888 1050 958 recipit,
1081 889 1270 944 saltem
1299 891 1512 945 deserta
1555 892 1918 948 im'euiautur.
1956 913 1973 947 ι
2007 895 2138 964 Epi-

559 992 754 1045 scopus
782 992 932 1044 sane,
974 979 1057 1033 his
1101 979 1322 1045 auditis,
1352 980 1546 1035 iterum
1595 986 1974 1040 communione
2015 1003 2135 1041 eum

558 1067 778 1137 privans
804 1073 910 1124 vita
934 1071 1182 1126 decessit.
1206 1069 1472 1127 Nantinus
1499 1090 1712 1143 quoque
1749 1091 1779 1128 a
1819 1077 2135 1132 buibusdam

558 1160 824 1230 episcopis
849 1163 1072 1230 pecunia
1099 1163 1365 1233 corruptis
1390 1167 1758 1221 communioni
1791 1169 2052 1235 redditus,
2084 1171 2134 1224 in

557 1251 806 1302 morbum
845 1250 1053 1304 incidit.
1092 1250 1224 1306 Cum
1268 1266 1396 1306 vero
1445 1253 1618 1308 valida
1673 1257 2008 1312 cruciaretur
2052 1257 2134 1313 fe-

554 1359 650 1411 hrc
683 1401 697 1422 ,
742 1360 1007 1414 clamabat
1068 1378 1080 1413 :
1148 1379 1166 1412 σ
1235 1361 1375 1417 [Icul
1423 1363 1556 1418 heu!
1597 1379 1717 1434 qua)
1759 1374 2022 1422 tormenta
2067 1369 2134 1423 ab

557 1452 807 1505 llcraclio
838 1453 978 1506 illata
1013 1454 1224 1521 patior!
1259 1455 1379 1524 Ipse
1411 1472 1496 1510 me
1535 1473 1676 1512 nunc
1707 1460 1938 1524 cruciat,
1965 1460 2132 1530 ipsius

553 1541 676 1607 igne
705 1556 1011 1596 consumor.
1044 1541 1269 1598 Mortem
1303 1554 1450 1614 peto,
1483 1560 1547 1599 ne
1577 1547 1668 1599 ditt
1701 1547 1837 1602 male
1869 1550 2064 1603 vivam.
2106 1570 2124 1602 ι

551 1629 608 1682 lu
641 1631 723 1684 his
752 1631 970 1686 vocibus
1009 1634 1336 1688 constitutus
1371 1636 1598 1691 interiit.
1636 1637 1876 1692 Audiaut
1907 1639 2007 1693 ista
2037 1641 2130 1709 qui

550 1724 949 1788 sacerdotibus,
993 1723 1074 1778 vel
1109 1725 1220 1779 Deo
1257 1725 1462 1779 servire
1509 1727 1871 1797 cupientibus,
1903 1726 2129 1795 injurias

2243 537 2371 591 dere
2424 541 2718 608 proximos.
2772 541 3037 598 Pteniteat
3105 560 3202 599 nos
3266 544 3480 600 tandem
3534 546 3824 617 aliquando

2242 628 2505 685 malorum
2567 648 2685 701 qme
2742 635 3037 705 gessimus;
3090 646 3146 691 et
3204 639 3452 694 conversi
3523 640 3592 694 ad
3648 641 3828 696 Domi-

2241 736 2402 786 umn,
2459 724 2774 793 placabilem
2823 742 2944 780 eum
2996 744 3157 798 super
3191 737 3429 782 nostram
3469 729 3831 800 imploremus

2241 811 2357 866 fore
2420 814 2702 868 malitiam.
2768 816 2952 886 Neque
2996 819 3170 882 cnim,
3226 821 3475 888 quamvis
3538 822 3820 891 indignos.

2240 902 2339 956 sibi
2380 905 2649 975 supplices
2695 908 3064 972 aversabitur,
3119 909 3245 979 quia
3284 920 3369 965 est
3419 912 3735 966 misericors
3771 923 3824 965 rt

2239 994 2542 1049 miserator.
2591 998 2946 1054 incendamus
2996 999 3161 1069 igitur
3210 1001 3427 1071 iniquas
3492 1003 3823 1073 descriptio-

2239 1099 2356 1150 nes,
2396 1095 2450 1140 et
2483 1103 2621 1157 quas
2656 1089 2721 1143 ad
2753 1092 3154 1159 oppressionem
3195 1093 3579 1149 constituimus
3625 1109 3823 1164 panpe-

2239 1189 2388 1241 rum,
2439 1178 2503 1230 ad
2562 1189 2802 1233 nostram
2868 1190 3285 1253 nostrorumque
3341 1184 3624 1239 deleamus
3681 1187 3830 1239 saluo

2240 1271 2364 1317 tem.
2414 1265 2554 1320 Nihil
2606 1277 2690 1322 est
2737 1267 2876 1337 quod
2918 1272 3202 1326 timeamus
3231 1313 3244 1337 ,
3286 1273 3330 1328 si
3381 1289 3509 1328 vere
3562 1275 3827 1344 pteniteao

2236 1355 2537 1423 mus,quasi
2565 1359 2771 1426 passuri
2793 1360 2995 1428 gravia,
3015 1362 3104 1430 qui
3131 1363 3448 1432 pertulimus
3473 1365 3824 1431 gravissima.

2235 1443 2372 1509 Quid
2411 1447 2552 1500 enim
2598 1449 2702 1517 pati
2734 1459 2908 1518 potest
2956 1453 3172 1520 gravius
3221 1467 3384 1520 quam
3429 1462 3486 1506 ut
3533 1455 3826 1508 amittatur

2232 1535 2375 1602 quod
2404 1545 2485 1590 est
2511 1536 2762 1591 charius?
2789 1539 2929 1605 Quid
2965 1556 3092 1594 vero
3126 1543 3281 1595 nobis
3319 1543 3514 1611 poterit
3544 1558 3671 1598 esse
3698 1545 3822 1598 dul-

2233 1624 2348 1679 cius
2375 1641 2535 1695 quam
2562 1637 2814 1683 natorum
2846 1630 3107 1686 allectus?
3134 1632 3342 1698 Quibus
3386 1649 3550 1703 porro
3599 1651 3699 1705 per
3747 1641 3826 1692 tot

2232 1728 2494 1769 annorum
2529 1717 2798 1772 curricula
2827 1729 3015 1788 partos
3059 1736 3399 1778 reservamus
3428 1726 3738 1788 thesauros,
3775 1727 3824 1780 si

553 1813 813 1882 irrogant.
841 1786 1146 1885 intelligant
1174 1811 1341 1868 Deuzn
1372 1829 1492 1869 esse
1519 1786 1785 1870 vindicem
1817 1786 2010 1886 injuste
2034 1835 2122 1889 op-

2232 1806 2609 1874 praemittimus
2648 1807 2922 1870 hatredes,
2956 1827 3094 1880 quos
3140 1822 3523 1880 optaveramus
3551 1814 3666 1868 fieri
3695 1830 3824 1869 suc-

546 1918 883 1974 presserunt.

1110 1994 1337 2050 CAPUT
1369 1995 1583 2050 XXXII.

628 2085 706 2137 De
731 2082 1010 2155 Cliilperici
1037 2101 1130 2156 per
1158 2084 1552 2157 Fredegandem
1582 2087 1635 2142 in
1660 2104 1782 2142 suos
1810 2090 2035 2143 sa’vitia.

618 2173 954 2245 Chilpericus
978 2177 1142 2230 etiam
1170 2192 1286 2243 rex,
1319 2188 1639 2248 suggerente
1663 2177 2016 2248 Fredegunde
2043 2194 2125 2234 rc-

545 2268 694 2335 gina,
717 2268 1207 2338 proscriptionibus
1229 2270 1561 2340 gravissimis
1589 2271 1842 2341 populum
1871 2272 1975 2326 sibi
1999 2259 2123 2336 sub;

540 2356 744 2426 jectum
775 2367 1012 2414 attercre
1036 2360 1225 2429 cmpit.
1250 2359 1366 2426 Qua
1403 2361 1468 2415 de
1498 2376 1660 2415 causa
1693 2361 1841 2415 multi
1874 2376 1904 2415 e
1945 2361 2121 2431 plebe,

545 2451 786 2506 nativum
819 2452 1185 2523 relinquentes
1215 2452 1408 2517 solum,
1442 2453 1748 2508 maluerunt
1777 2453 1990 2510 exsules
2022 2454 2122 2508 n04

536 2557 638 2596 vas
683 2557 926 2612 quaerere
971 2543 1131 2598 sedes
1176 2559 1337 2612 quam
1388 2546 1594 2615 patrios
1644 2545 1930 2600 incolendo
1985 2546 2123 2603 lines

541 2633 744 2702 injusto
775 2648 934 2689 ruere
977 2635 1077 2690 sub
1107 2649 1274 2690 onere
1309 2635 1516 2691 tributi.
1562 2637 1705 2690 Inter
1739 2646 1933 2692 caetera
1967 2653 2121 2692 nam-

537 2741 646 2794 que
673 2741 794 2795 qua:
815 2725 1148 2796 cogebantur
1168 2727 1378 2783 solvere
1405 2723 1645 2784 liberiori
1673 2730 1836 2784 etiam
1868 2730 1970 2785 orti
1997 2746 2123 2801 pro-

540 2815 720 2882 genie,
752 2831 783 2869 e
815 2825 955 2869 terra
988 2816 1204 2886 prepria
1249 2817 1393 2871 culta
1436 2816 1620 2872 labore
1662 2819 1978 2888 amphoram
2012 2818 2121 2874 vini

533 2906 702 2976 regis:
758 2905 1061 2961 inferebant
1115 2922 1335 2962 mensae.
1397 2907 1611 2964 Marcus
1673 2909 2118 2976 referendarius,

533 2998 669 3054 huic
701 2998 909 3052 muneri
953 2998 1277 3068 praepositus
1301 3038 1314 3062 ,
1347 3007 1409 3052 ut
1437 3009 1662 3055 cunctas
1689 3000 1995 3070 Aquitaniae
2027 3017 2121 3055 ur-

543 3091 674 3152 bes,
705 3102 827 3157 quae
863 3087 929 3143 ad
973 3101 1197 3158 regnum
1233 3087 1524 3157 Cbiiperici
1561 3090 1831 3160 respicere
1866 3092 2122 3148 videban-

544 3193 652 3246 tur,
685 3180 753 3235 ad
792 3181 909 3236 haec
950 3181 1204 3236 solvenda
1235 3181 1414 3238 verbis
1459 3183 1542 3237 vel
1589 3184 1752 3238 minis
1783 3185 2056 3250 invitaret,
2090 3200 2122 3240 a

520 3273 924 3329 .J.emowicinis
961 3273 1224 3329 seditione
1269 3281 1387 3327 orta
1420 3273 1729 3344 jugulatur;
1767 3285 1821 3328 et
1852 3273 1982 3334 toml
2009 3276 2126 3330 uni-

523 3361 686 3416 svcrsi
720 3376 856 3432 quos
888 3376 1069 3416 secum
1100 3362 1307 3417 ferebat
1345 3363 1467 3433 igne
1510 3366 1733 3419 cremati
1777 3375 1919 3421 sunt.
1953 3365 2123 3421 Porro

519 3451 903 3521 stibilpericus,
932 3451 1058 3506 dum
1088 3452 1334 3522 pessimis
1361 3439 1889 3523 quotidie‘adjiceret
1917 3456 2118 3526 pejora,

525 3543 694 3598 .febre
723 3543 984 3614 arripitur
1014 3543 1213 3598 valida.
1255 3543 1298 3597 Α
1345 3545 1453 3614 Quo
1484 3560 1608 3600 cum
1637 3545 1964 3602 convalescit
2001 3545 2121 3601 lan-

525 3651 731 3705 guore,
769 3635 1024 3706 parvulus
1065 3636 1181 3707 ejus
1229 3635 1373 3692 filius
1403 3653 1503 3692 nec
1532 3637 1659 3692 dum
1688 3637 1952 3708 baptisma
1986 3655 2123 3695 con-

542 3732 762 3781 secutus
798 3733 1078 3796 .azgrotare
1134 3727 1299 3795 ccepit
1344 3727 1580 3798 gravius.
1627 3727 1727 3795 Qui
1777 3728 2120 3798 baptismatis

531 3818 714 3888 gratia
759 3817 1018 3882 imbutus,
1060 3817 1236 3872 levato
1273 3817 1547 3887 paulisper
1589 3818 1954 3886 incommodo,
2005 3837 2123 3874 ma-

541 3917 680 3962 trem
711 3905 1255 3977 neqnivit‘laitilicare
1281 3907 1476 3977 gaudio
1510 3905 1687 3978 pleno.
1728 3906 1864 3962 Nam
1895 3907 2117 3964 fratrem

539 3996 656 4065 ejus
699 3995 1104 4063 Clodobcrtum,
1152 3998 1240 4053 cui
1281 4007 1413 4054 mtas
1458 4000 1785 4070 provectior,
1817 4015 1881 4055 eo
1924 4016 2118 4055 conva-

540 4090 775 4145 lescente
804 4089 975 4144 doluit
1002 4089 1195 4143 similia
1228 4089 1538 4145 incurrisse.
1573 4089 1648 4144 Ita
1681 4092 1911 4161 denique
1947 4093 2118 4148 latens

538 4179 708 4248 pestis
740 4179 790 4231 in
822 4187 985 4232 totam
1026 4177 1425 4234 dill'undehatur
1453 4181 1655 4251 regiam
1695 4181 1899 4251 prolem
1931 4199 1992 4236 ac
2017 4184 2058 4237 si
2086 4198 2116 4236 a

531 4271 838 4325 ,visccribus
882 4271 1154 4325 transiens
1197 4271 1462 4340 paternis,
1506 4273 1557 4324 in
1595 4271 1827 4326 filiorum
1863 4274 2117 4328 membris

539 4363 939 4430 Iizereditariam
972 4361 1246 4417 videretur
1278 4362 1409 4417 velle
1449 4363 1550 4417 sibi
1592 4363 1866 4419 vindicare
1906 4365 2110 4419 sedem.

2235 1896 2510 1950 cessorcs?
2530 1895 2839 1952 Cavendum
2870 1899 3116 1968 profecto
3143 1910 3227 1956 est
3254 1916 3326 1956 ne
3343 1902 3486 1957 illius
3511 1905 3821 1969 evangelici

2227 1987 2568 2043 incurramus
2595 1992 2919 2045 sententiam
2943 1991 3128 2047 divitis
3147 1995 3262 2062 qui,
3287 1994 3593 2050 innovaudo
3620 1996 3823 2051 horrea

2224 2089 2276 2133 et
2312 2083 2692 2150 congreganda
2739 2082 2926 2148 multa,
2974 2085 3184 2154 accepit
3235 2100 3552 2155 responsum
3598 2102 3660 2142 se
3705 2103 3820 2142 non

2225 2172 2462 2226 visurum
2515 2175 2656 2228 diem
2701 2175 2998 2228 crastinum
3049 2191 3149 2230 nec
3199 2191 3417 2232 suarum
3468 2180 3822 2249 cogniturum

2221 2249 2490 2320 hazrc‘dem
2532 2282 2737 2321 rerum.
2768 2265 2873 2320 Sed
2905 2267 3171 2337 propitius
3213 2266 3324 2337 jam
3357 2278 3532 2339 potest
3566 2285 3690 2324 esse
3717 2269 3820 2337 qui

2223 2357 2516 2412 vindicavit
2542 2367 2598 2412 et
2617 2359 2975 2428 mitiorquam
3001 2361 3046 2414 si
3075 2375 3178 2414 non
3205 2362 3590 2416 vindicasset.»
3613 2360 3825 2430 Hujus!-

2223 2449 2370 2503 modi
2418 2451 2720 2505 orationem
2763 2452 3155 2508 circumferens
3182 2451 3549 2522 Fredegundis
3601 2456 3814 2524 regina,

2223 2538 2529 2592 transduxit
2552 2539 2920 2610 Chiipericum
2951 2557 3129 2612 regem
3152 2557 3182 2594 2
3214 2540 3396 2596 furore
3427 2542 3615 2608 animi,
3646 2554 3824 2613 atquo

2221 2630 2577 2686 intentionem
2624 2634 2742 2703 ejus
2771 2635 2905 2688 adeo
2949 2633 3228 2698 emollivit,
3276 2643 3335 2687 ut
3381 2633 3590 2688 libellos
3611 2636 3824 2704 quibus

2222 2720 2450 2777 nefanda
2497 2724 2873 2779 continebatur
2926 2725 3031 2791 lex,
3067 2741 3228 2780 manu
3273 2726 3489 2794 propria
3520 2727 3818 2781 voracibus

2224 2811 2461 2866 traderet
2505 2810 2757 2867 ﬂammis.
2801 2813 3006 2880 Quibus
3058 2815 3328 2884 peractis,
3375 2813 3564 2882 junior
3618 2829 3818 2868 eorum

2226 2905 2367 2961 filius
2416 2908 2555 2961 dicm
2604 2908 2759 2962 obiit.
2813 2908 2979 2978 Cujus
3026 2908 3404 2978 corpusculum
3462 2907 3516 2961 in
3567 2907 3820 2962 oratorio

2223 3013 2534 3059 sanctorum
2566 3003 2808 3075 Dionysii
2838 3020 2898 3058 ac
2929 3004 3199 3058 sociorum
3244 3003 3361 3073 ejus
3399 3013 3702 3072 martyrum
3728 3011 3820 3056 est

2227 3097 2532 3152 humatum.
2564 3095 2673 3152 Nec
2714 3098 2928 3166 Iungunt
2967 3095 3194 3151 fluxerat
3233 3104 3471 3165 tempus,
3505 3095 3646 3151 alter
3671 3110 3814 3166 quo-

2225 3202 2329 3256 que
2355 3203 2419 3241 ex
2451 3186 2576 3240 filiis
2605 3186 2856 3257 superius
2883 3187 3192 3240 nominatus
3236 3183 3615 3250 Clodobertus,
3648 3185 3815 3238 morti

2223 3277 2389 3346 cmpit
2417 3291 2536 3329 esse
2568 3275 2864 3345 proximus.
2910 3274 3270 3329 Consternata
3308 3285 3483 3327 mater
3513 3272 3695 3327 anxiis
3719 3287 3814 3344 ge-

2223 3365 2444 3421 mitibus
2471 3366 2772 3436 lauguentis
2799 3365 2920 3431 lilii,
2950 3366 3017 3420 ad
3044 3365 3323 3420 basilicam
3348 3363 3536 3418 Sancti
3565 3363 3812 3418 Medardi

2224 3454 2531 3516 Suessiouis
2561 3470 2686 3509 eum
2727 3456 2921 3510 defert.
2971 3456 3074 3513 Ubi
3116 3465 3342 3525 uterque
3388 3469 3586 3525 parens
3633 3454 3807 3514 votis.

2221 3547 2405 3600 aureis
2437 3545 2593 3599 donis
2619 3546 2791 3600 sancti
2839 3547 3174 3601 honorarunt
3211 3544 3539 3615 sepulcrum.
3570 3545 3679 3599 Sed
3718 3545 3810 3597 ad»

2224 3635 2474 3688 veniente
2521 3643 2700 3698 nocte,
2731 3649 2903 3705 aeger,
2933 3633 3178 3688 ultimum
3212 3634 3486 3688 exhalavit
3531 3635 3804 3702 spiritum.

2219 3725 2385 3795 Cujus
2415 3723 2577 3780 funus
2606 3726 2843 3796 praefatae
2872 3727 3029 3780 urbis
3057 3724 3305 3796 populus,
3333 3723 3476 3795 pulla
3514 3734 3670 3780 veste
3705 3725 3810 3778 cin-

2219 3818 2598 3882 cumamietus,
2628 3833 2749 3872 eum
2800 3819 3036 3871 maxime
3077 3816 3227 3871 luctu
3257 3816 3322 3870 ad
3353 3816 3646 3871 ecclesiam
3673 3817 3807 3871 San-

2219 3917 2430 3963 ctorum
2455 3908 2686 3978 Crispini
2730 3917 2784 3961 et
2811 3907 3138 3976 Crispiniani
3189 3917 3271 3962 est
3310 3915 3653 3977 prosecutus.
3691 3908 3810 3974 Quo

2172 4000 2184 4010 ’
2219 4000 2272 4054 in
2302 3999 2416 4053 loco
2444 4000 2734 4068 przedicuts
2768 4000 2909 4070 regis
2949 3986 3088 4053 filius
3121 3999 3467 4053 tumulariam
3509 4008 3600 4053 est
3627 3998 3808 4067 sepul-

2217 4098 2394 4144 turam
2421 4092 2665 4159 2deptus.
2695 4089 2950 4158 Sequenti
2987 4089 3186 4144 abhinc
3229 4104 3372 4143 anno
3412 4087 3550 4142 alius
3582 4101 3650 4141 ex
3684 4088 3806 4141 libis

2217 4179 2527 4250 Chilperici,
2559 4179 2928 4234 Theodericus
2961 4181 3209 4242 nomine,
3239 4181 3531 4234 terminum
3575 4184 3806 4236 sortitus

2217 4284 2298 4326 est
2330 4272 2469 4326 vita).
2505 4271 2657 4326 Unde
2684 4271 3020 4340 Chilpericus
3068 4272 3263 4326 divinae
3315 4271 3806 4326 animadversionis

2212 4361 2470 4430 judicium
2519 4362 2720 4417 cervici
2764 4363 3048 4417 imminere
3093 4379 3203 4417 sua:
3247 4377 3604 4432 cognoscens,
3638 4362 3803 4416 multa

535 4455 781 4508 Tandem
813 4455 1203 4524 Frcdegundis,
1235 4455 1386 4525 cujus
1426 4457 1582 4509 toties
1611 4456 1762 4510 dolor
1790 4456 1966 4511 lacera
2009 4466 2116 4511 tor-
2146 4481 2191 4538 ο
2221 4458 2546 4528 pauperibus
2580 4457 2798 4519 Christi.
2849 4473 2944 4511 seu
2981 4457 3258 4520 ccclesiis,
3293 4457 3520 4526 largitur
3549 4456 3802 4510 donaria.

529 4549 739 4618 quebat
799 4547 1094 4616 praecordia
1127 4587 1142 4612 ,
1195 4548 1409 4617 quoties
1465 4540 1811 4602 semimortua
1865 4559 2112 4605 natorum

520 4643 1010 4713 ,q'ontemplahatur
1057 4657 1307 4711 corpora,
1351 4641 1595 4712 pristina:
1640 4643 1870 4697 feritatis
1923 4644 2110 4708 oolita,

523 4734 757 4788 :humani
798 4733 972 4787 induit
1002 4732 1428 4802 compassionem
1457 4732 1656 4798 animi;
1689 4733 1981 4803 adiensque
2026 4747 2112 4785 re-

528 4842 678 4896 gem,
706 4824 1010 4895 bujusmodi
1045 4824 1184 4896 apud
1211 4839 1334 4879 cum
1363 4823 1548 4877 habuit
1578 4837 1880 4877 sermonem
1906 4841 1924 4880 :
1957 4842 1976 4874 ι
2014 4823 2112 4877 Be-

536 4915 772 4980 neficiis,
819 4915 1025 4986 inquit,
1067 4914 1263 4969 divinis
1295 4922 1538 4979 nosmet,
1577 4913 1648 4967 mi
1679 4913 1783 4976 vir,
1819 4913 2112 4969 benefactis

538 5007 864 5077 respondere
909 5007 1185 5070 convenit,
1216 5020 1354 5074 quos
1390 5019 1621 5072 superna
1663 5020 1768 5058 non
1816 5006 1968 5073 punit
1999 5006 2110 5059 cle-

536 5097 761 5160 mentia,
795 5103 944 5150 tanto
977 5106 1218 5164 tempore
1246 5104 1651 5164 perseverantes
1679 5092 1732 5147 in
1762 5092 1983 5146 malitia.
2013 5093 2069 5147 Ν.
2089 5125 2110 5137 ο

531 5202 639 5253 que
686 5186 832 5240 enim
881 5185 1091 5256 ﬂagella
1148 5183 1536 5252 omnipotentis
1582 5183 1675 5238 Dei
1724 5185 2106 5252 sustinuimus,

535 5275 690 5344 quasi
721 5275 819 5338 rei,
844 5276 938 5329 sed
967 5275 1020 5328 in
1050 5276 1202 5342 virga
1229 5274 1460 5326 liliorum
1490 5271 1707 5335 eruditi,
1738 5273 2105 5341 propheticum

536 5367 665 5396 ιιι...1
697 5367 897 5396 dial-nu
930 5367 982 5396 ἶη
1017 5366 1169 5396 ηΛιιῖο
1201 5379 1385 5396 on-nno
1430 5363 1633 5396 nvnnpli
1664 5381 1676 5393 ι
1710 5361 1846 5396 ηιιδη
1881 5365 2107 5412 "angunt

850 5382 897 5396 ηπ
930 5367 982 5396 :n
1017 5366 1169 5396 nn‘\:o
1201 5379 1385 5396 οιιιηηο

2219 4546 2511 4600 ReStiterat
2560 4562 2690 4601 sane
2727 4547 2902 4600 adhuc
2953 4561 3092 4599 unus
3141 4562 3170 4600 e
3216 4546 3360 4616 regia
3400 4544 3582 4615 prole,
3639 4560 3800 4612 quem

2215 4634 2550 4706 Chilpericus
2589 4637 2847 4690 custodia:
2878 4636 3265 4705 mancipatum,
3311 4644 3635 4705 suggerente
3667 4636 3802 4689 Fre~

2215 4728 2479 4796 degunde,
2514 4729 2826 4782 custodibus
2874 4727 3071 4797 legavit
3118 4728 3469 4796 puniendum.
3521 4727 3599 4780 Ita
3640 4725 3802 4780 effer-

2215 4816 2404 4870 buerat
2433 4815 2770 4886 Chilpericus
2820 4817 2871 4870 in
2921 4817 3125 4870 malitia
3177 4825 3234 4870 ut
3285 4832 3389 4869 non
3435 4816 3492 4870 ei
3525 4815 3799 4870 sulliceret

2213 4905 2394 4973 generi
2434 4905 2549 4974 ejus
2586 4906 2876 4959 imminens
2923 4905 3164 4960 caelestis
3205 4905 3442 4959 vindicta
3468 4943 3482 4969 ,
3537 4905 3642 4959 nisi
3674 4919 3793 4958 eam

2211 5004 2580 5066 augmentaret
2607 5011 2701 5065 per
2729 5013 2822 5050 sua
2853 4994 3098 5051 facinora

2751 5123 2976 5180 CAPUT
3023 5126 3258 5181 XXXIII.

2211 5213 2288 5268 De
2311 5215 2652 5270 inundatione
2687 5232 2966 5285 aquarum,
2996 5226 3293 5286 tempestate
3319 5219 3457 5285 caeli,
3489 5229 3789 5276 terminata

2721 5297 2765 5338 et
2792 5287 3041 5355 prodigiis
3074 5289 3270 5341 multis.

2290 5374 2428 5396 A....-
2463 5391 2495 5396 --
2519 5374 2635 5396 ριγξι
2659 5375 2844 5396 Ι-1.,.-.ιε
2883 5377 3018 5396 -μεμ
3054 5379 3120 5396 1-.
3149 5379 3160 5389 ο
3199 5379 3213 5396 ι
3258 5380 3290 5396 ο.
