4044 5428
214 190 312 255 'tI‘i

1251 202 1566 265 HISTORIA
1591 208 2038 267 FRANCORUM.
2079 242 2146 253 —
2171 212 2297 268 LIB.
2326 214 2411 271 III.

3366 225 3467 287 718

215 320 443 375 rumque
470 304 715 362 locorum
744 308 897 381 gravi
935 308 1214 367 efﬁcerent
1256 316 1433 369 ruina.
1478 318 1683 383 Quibus
1721 318 1792 371 al-
1818 327 1866 386 Α
1896 316 2012 372 fieri
2069 321 2431 389 catholicum,
2476 333 2654 380 tamen
2710 326 3025 385 inﬁrmitate
3079 331 3338 402 impulsus
3386 344 3472 392 est

214 406 433 450 veorum
461 410 681 449 suorum
708 408 880 453 metas
908 401 1298 468 repetentibus,
1339 403 1641 473 pluviisque
1669 420 1788 460 ces-

214 485 496 547 santibus,
546 486 692 541 circa
742 504 980 542 mensem
1036 490 1127 558 qui
1180 489 1496 560 September
1562 494 1791 559 dicitur,

215 576 390 628 denuo
423 575 650 630 arbores
692 575 1011 633 ﬂoruerunt.
1045 580 1195 634 Tunc
1238 597 1452 651 quoque
1488 584 1664 655 fulgur
1697 602 1793 655 per

212 665 404 718 celum
452 667 760 722 cucurrisse
802 670 973 723 visum
1024 680 1111 724 est
1161 673 1480 741 sonitusque
1534 684 1789 744 tanquam

212 756 482 809 ruentium
526 757 785 811 arborum
815 775 910 829 per
936 768 1102 815 totam
1148 778 1287 832 pene
1323 770 1521 819 terram
1554 768 1788 821 auditus.

212 842 624 916 Burdegalensis
663 848 857 903 civitas
909 858 1214 906 terrmmotu
1262 869 1521 909 concussa
1567 866 1679 921 est;
1737 865 1793 911 et

212 934 277 988 de
304 935 579 1006 Pyrenaeis
609 940 881 994 montibus
910 940 1157 996 immensi
1187 941 1390 1012 lapides
1434 955 1561 1000 sunt
1597 947 1788 1012 evulsi,

212 1025 404 1093 quibus
455 1027 717 1081 immensa
768 1044 1024 1099 pecorum
1069 1032 1461 1102 hominumque
1505 1036 1791 1092 multitudo

211 1134 463 1189 percussa
492 1121 720 1176 interiit.
758 1124 918 1179 Vicus
954 1124 1400 1196 Burdegalensis,
1434 1128 1684 1182 incendio
1714 1129 1793 1183 di-

211 1209 410 1262 viuitus
462 1221 587 1264 orto
628 1212 935 1283 nullinsque
988 1216 1222 1270 hominis
1277 1216 1643 1289 incitamentis
1700 1235 1792 1273 au-

211 1306 485 1366 gmentato
517 1297 913 1366 inﬂammatus,
945 1303 1141 1358 multos
1181 1306 1407 1369 exussit,
1441 1307 1618 1362 subito
1646 1323 1793 1361 com-

211 1387 554 1454 prehendens
584 1390 774 1445 domos
807 1400 862 1446 et
889 1407 1042 1446 areas
1070 1392 1314 1465 frugibus
1346 1394 1593 1451 refertas.
1624 1397 1793 1452 Aure-

210 1475 469 1533 lianensis
529 1480 660 1535 urbs
706 1482 869 1536 simili
918 1485 1167 1539 incendio
1221 1496 1427 1542 vastata
1484 1496 1586 1542 est.
1639 1489 1791 1557 Apud

208 1564 562 1622 Carnotinum
593 1586 787 1641 pagum
814 1573 882 1628 de
907 1573 1132 1629 eﬂ'racto
1161 1591 1299 1644 pane
1326 1577 1545 1645 sanguis
1566 1578 1788 1631 ellluxit.

1893 406 2067 477 ipsam
2094 409 2345 479 amplecti
2374 412 2705 483 religionem.

2434 503 2659 559 CAPUT
2710 505 2923 562 XXXV.

1891 586 1970 641 De
2002 586 2194 644 Tiberii
2220 591 2548 647 Constantini
2575 596 2782 679 abituri
2818 599 3065 655 Mauricii
3097 604 3149 657 in
3184 603 3471 675 Imperium

2508 683 2849 723 ευστειςιοηε.

1964 744 2211 804 Tiberius
2268 766 2395 807 vero
2439 754 2825 813 Constantinus
2856 770 3139 832 postquam
3184 764 3471 837 imperium

1892 849 1965 889 vn
1998 838 2134 891 rexit
2166 838 2357 907 annis,
2383 846 2622 899 sentiens
2666 849 2808 903 diem
2844 868 2956 906 sua:
3001 854 3281 912 imminere
3314 876 3471 914 voea-

1894 927 2072 994 tiouis,
2108 947 2210 986 una
2252 950 2372 987 cum
2418 934 2644 993 consilio
2694 940 2947 1012 Augusta:
2999 944 3212 1016 Sophia:
3264 949 3469 1005 Mauri-

1893 1018 2056 1084 cium,
2086 1037 2284 1091 genere
2321 1026 2694 1096 Cappadocem
2718 1072 2731 1095 ,
2766 1034 2933 1088 virum
2966 1048 3246 1095 strenuum
3265 1082 3281 1110 ,
3311 1042 3475 1115 elegit

1892 1110 1959 1161 ad
2009 1111 2290 1180 imperium
2330 1132 2592 1187 suamque
2644 1121 2805 1175 filimu
2835 1125 3104 1195 regalibus
3141 1135 3475 1189 ornamentis

1892 1210 2138 1255 ornatam
2184 1206 2230 1258 ei
2280 1209 2530 1273 tradidit,
2579 1212 2765 1268 dicens
2811 1232 2825 1267 ε
2876 1234 2893 1265 ι
2932 1216 3013 1271 Sit
3048 1220 3140 1274 tibi
3189 1223 3471 1292 imperium

1894 1304 2014 1342 cum
2065 1294 2164 1348 hac
2208 1297 2381 1363 puella
2428 1314 2762 1356 concessum.
2818 1304 2978 1359 Utere
3017 1322 3082 1360 eo
3124 1308 3385 1379 feliciter,
3420 1314 3476 1367 in

1895 1390 2074 1436 mente
2132 1383 2337 1441 habens
2395 1390 2705 1458 :eqnitatem
2762 1408 2825 1447 ac
2880 1390 3145 1462 justitiam
3205 1403 3473 1471 pracc'pua

1892 1472 2078 1539 Optimi
2123 1474 2463 1543 imperatoris
2504 1496 2624 1535 esse
2670 1482 2919 1553 insignia.
2972 1506 2989 1538 ι
3024 1485 3145 1542 Ilaec
3188 1500 3472 1559 postquam

1893 1558 2049 1630 dixit,
2083 1580 2397 1634 corpoream
2444 1570 2748 1639 relinquens
2792 1575 3085 1642 sarcinam,
3126 1580 3189 1630 ad
3216 1589 3474 1636 :eternam

208 1652 262 1707 ιη
294 1659 427 1711 urbe
456 1656 678 1713 picum
714 1662 870 1730 lupus
918 1677 948 1716 ε
979 1663 1129 1717 silvis
1158 1666 1407 1729 veniens,
1441 1681 1537 1734 νει.
1577 1674 1785 1733 ponam
1820 1660 1864 1720 Β
1894 1650 2142 1719 migravit
2192 1657 2445 1723 patriam,
2482 1662 2773 1715 maximum
2810 1665 2892 1719 sui
2920 1666 3103 1723 obitus
3134 1671 3345 1739 populis
3372 1672 3473 1727 sibi

206 1748 487 1817 ingressus
518 1762 628 1817 est;
662 1769 766 1822 qua
798 1771 919 1810 cum
950 1758 1160 1811 caeteris
1204 1757 1404 1823 clausa,
1434 1758 1617 1828 lupum
1644 1760 1790 1813 cives

206 1838 258 1892 in
292 1843 471 1895 media
503 1844 895 1900 interemerunt
928 1848 1080 1903 urbe.
1109 1848 1317 1903 leum
1358 1864 1571 1919 quoque
1597 1852 1788 1908 ardere

204 1928 377 1982 visum
406 1942 495 1985 est
526 1944 577 1987 et
603 1933 763 2005 Liger
791 1934 983 1990 IIUVIlla
1014 1938 1129 2006 plus
1168 1938 1326 1992 solito
1354 1940 1611 1993 excrevit.
1650 1942 1788 1995 Ven-

205 2025 292 2072 tus
341 2030 530 2074 auster
558 2030 664 2075 tam
709 2023 913 2078 violens
949 2026 1047 2080 fuit
1078 2037 1137 2079 ut
1186 2028 1348 2081 silvas
1388 2039 1783 2098 prosterneret,

205 2106 397 2163 domos
429 2110 514 2163 vel
556 2127 710 2181 sepes
738 2124 969 2177 erueret,
1014 2115 1366 2185 hominesque
1397 2133 1565 2189 usque
1612 2121 1679 2174 ad
1710 2122 1785 2175 iu-

205 2199 578 2254 ternecionem
625 2203 911 2257 volutaret.
950 2204 1113 2272 Cujus
1161 2208 1391 2261 turbinis
1436 2209 1689 2275 spatium,
1720 2226 1785 2265 eo

202 2286 304 2342 loci
340 2306 453 2358 quo
485 2291 630 2347 visus
659 2303 742 2347 est
785 2298 1087 2351 cucurrisse
1106 2338 1121 2361 ,
1149 2298 1317 2353 tenuit
1347 2300 1401 2353 in
1445 2300 1782 2359 latitudinem

196 2377 390 2449 jugera
444 2391 686 2450 septem,
732 2384 856 2438 licet
899 2384 1172 2456 longitudo
1219 2398 1417 2457 quanta
1470 2403 1615 2445 esset
1676 2410 1782 2448 non

200 2478 385 2535 posset
410 2471 688 2523 :estin.ari.
726 2471 832 2527 Sed
856 2474 968 2528 haec
996 2477 1260 2545 prodigia,
1289 2480 1470 2547 gravia
1504 2490 1632 2535 sunt
1658 2485 1784 2535 sub-

201 2571 387 2612 secuta
434 2562 601 2616 mala.
644 2562 777 2617 Nam
826 2574 881 2619 et
931 2568 1198 2621 discordia
1250 2571 1388 2624 inter
1444 2587 1598 2640 reges
1638 2585 1779 2638 orta,

199 2646 339 2703 bella
368 2652 632 2707 excitavit
677 2656 883 2720 civilia,
913 2666 969 2711 et
1016 2658 1334 2728 dysenteria:
1380 2663 1599 2716 morbus
1644 2672 1783 2719 totas

197 2754 368 2809 prope
414 2745 702 2812 occupavit
730 2745 949 2800 Gallias.
980 2746 1095 2814 Qua
1143 2760 1295 2819 peste
1325 2751 1668 2821 Austrigildis
1700 2769 1782 2808 rc-

197 2831 321 2900 gina
353 2830 678 2889 Cuntranno
708 2838 819 2907 regi
857 2848 1020 2906 nupta
1050 2840 1335 2906 laborans,
1360 2857 1635 2911 querelam
1668 2861 1782 2898 ma-

197 2920 304 2973 rito
335 2922 605 2978 adversus
641 2927 877 2982 medicos
909 2930 1116 2994 detulit,
1148 2932 1303 3001 quasi
1354 2934 1567 2987 illorum
1614 2934 1781 3005 neglio

1890 1740 2122 1796 subditis
2148 1746 2457 1816 relinquens
2484 1748 2707 1807 luctum.
2742 1753 2865 1810 Fuit
2889 1758 3032 1811 enim
3060 1775 3281 1816 summae
3316 1764 3471 1818 bonia

1891 1831 2036 1897 tatis,
2070 1833 2123 1887 in
2151 1832 2509 1909 electilesynis
2538 1853 2836 1913 promptus,
2869 1846 2921 1899 in
2954 1846 3476 1917 iudicandocautisa

1888 1921 2078 1989 slmus,
2113 1925 2317 1981 nullum
2344 1928 2666 1999 despiciens,
2703 1952 2891 1992 omnes
2917 1939 3165 2011 diligens,
3190 1942 3304 2012 ipse
3334 1961 3473 2014 quoa

1888 2027 1992 2080 que
2020 2024 2105 2069 est
2144 2016 2372 2074 dilectus
2397 2038 2427 2073 a
2457 2024 2684 2078 cunctis.
2719 2027 2836 2093 Quo
2867 2028 3148 2095 defuncto,
3182 2033 3473 2091 Mauricius

1886 2115 2121 2171 purpura
2168 2107 2403 2172 indutus,
2449 2111 2753 2171 diademate
2798 2118 3103 2189 redimitus,
3146 2125 3211 2176 ad
3265 2125 3469 2181 circum

1886 2195 2151 2260 processit
2172 2206 2245 2263 et,
2274 2201 2584 2258 acclamatis
2615 2206 2717 2261 sibi
2747 2208 3013 2277 laudibus,
3039 2212 3244 2284 largitis
3273 2217 3472 2286 popqu

1890 2284 1972 2351 (ut
2003 2288 2169 2341 moris
2200 2290 2303 2360 est)
2335 2296 2668 2361 muneribus,
2702 2301 2912 2367 primus
2940 2318 3007 2358 ex
3032 2303 3346 2363 Graecorum
3378 2324 3471 2380 ges

1886 2387 2015 2428 nere
2047 2374 2100 2427 in
2137 2377 2423 2447 imperium
2451 2385 2806 2443 conﬁrmatus
2835 2399 2934 2445 est.

2425 2492 2653 2549 CAPUT
2694 2498 2932 2555 XX-XVI.

2207 2580 2282 2633 De
2309 2583 2476 2651 primo
2509 2585 2973 2658 Langobardorum
3006 2612 3139 2667 rege.

1954 2667 2023 2719 At
2070 2683 2195 2723 vero
2228 2670 2589 2743 Langobardi,
2622 2697 2743 2734 cum
2792 2699 2888 2752 per
2926 2702 3097 2741 annos
3140 2691 3324 2745 decem
3369 2693 3472 2751 sub

1884 2763 2147 2823 potestate
2174 2760 2370 2816 ducum
2417 2764 2664 2835 fuissent,
2697 2774 2910 2827 tandem
2942 2780 3211 2834 conmuui
3243 2786 3471 2839 consilio

1883 2845 2125 2902 Flavium
2157 2851 2413 2920 Authari,
2454 2871 2613 2925 supra
2643 2866 2924 2919 memorati
2957 2868 3215 2941 principis
3243 2872 3473 2944 Clepho-

1884 2937 1968 2991 nis
2012 2938 2200 3005 ﬁlium,
2231 2958 2408 3012 regem
2440 2947 2539 3001 sibi
2588 2959 2912 3010 statuerunt.
2946 2957 3042 3013 Cui
3083 2937 3154 3017 ob
3193 2937 3472 3022 restaura-

1163 2998 1175 3001 -
1685 2998 1709 3005 -
2188 2998 2198 3005 .
2290 2998 2320 3012 υ
2588 2998 2912 3010 --_----._....
2948 2998 3042 3013 ν...
3083 2998 3153 3017 νυ
3193 2998 3472 3022 ,φωνη-

194 3012 378 3081 gentia
426 3027 560 3082 erga
613 3032 670 3071 se
721 3021 981 3089 aegritudo
1016 3023 1395 3079 convaluisset.
1427 3024 1589 3081 JuSsu
1627 3026 1776 3081 Gun-
1807 2998 1851 3059 ο
1888 3026 2083 3082 tionem
2118 3033 2289 3099 regni,
2330 3035 2495 3091 duces
2524 3040 2613 3107 qui
2648 3050 2775 3098 tunc
2819 3058 3004 3114 erant,
3046 3054 3278 3110 mediam
3307 3060 3473 3114 ιοιίυο

194 3104 379 3157 tranni
422 3104 651 3162 diversis
696 3110 872 3179 ρωιιίε
919 3112 1113 3167 medici
1159 3115 1524 3173 interierunt:
1561 3118 1780 3189 ipsaque

190 3202 316 3261 post
344 3194 605 3253 deficiens
634 3210 841 3256 mortua
874 3212 975 3257 est.

739 3317 967 3374 CAPUT
1010 3319 1248 3377 XXXIV.

191 3400 283 3487 De.
318 3403 712 3487 legatiscaptis
755 3420 803 3487 et
845 3414 1093 3487 remissis.
1144 3413 1245 3487 De_
1266 3414 1505 3471 Maurilii
1552 3420 1779 3487 episeopi

262 3474 556 3558 laudabilis
585 3474 734 3558 abitu
752 3481 914 3551 deque
940 3481 1177 3553 Gregorii
1205 3484 1517 3541 Turonensis
1551 3474 1645 3558 p'ro
1672 3474 1778 3558 ﬁde

262 3544 526 3599 catholica
558 3548 787 3603 victoria.

262 3653 479 3721 Quibus
499 3657 689 3713 diebus
729 3660 1068 3732 Chilpericus
1098 3666 1303 3737 legatos
1338 3669 1581 3727 Mirionis
1610 3672 1776 3728 Galli‘

190 3747 289 3800 eia:
326 3749 494 3819 regis,
534 3750 626 3818 qui
670 3751 861 3808 Suevis
892 3756 1259 3826 imperitabat,
1289 3761 1355 3815 ad
1399 3763 1774 3819 Cuntrannum

191 3852 375 3905 regem
423 3840 645 3904 missos,
672 3844 809 3913 apud
838 3844 1140 3902 Pictavium
1171 3851 1314 3918 cepit
1349 3860 1404 3905 et
1430 3850 1670 3907 Parisius
1720 3855 1774 3908 in

190 3932 438 3986 custodia
476 3934 671 4002 posuit.
698 3936 842 4003 Quos
867 3949 1046 3994 tamen
1086 3951 1209 4011 post
1248 3958 1447 3998 annum
1475 3945 1673 4001 liberos
1706 3948 1774 4003 ad

188 4023 410 4091 propria
446 4026 674 4081 remisit.
717 4029 991 4087 Maurilius
1017 4047 1232 4103 quoque
1266 4034 1609 4093 Caturcensis
1642 4055 1774 4108 pon-

191 4110 342 4177 lites,
386 4113 520 4167 dum
567 4128 782 4186 propter
826 4121 1079 4193 podagrae
1124 4123 1494 4180 infirmitatem
1536 4129 1773 4185 candens

188 4203 399 4258 ferrum
434 4203 580 4260 tibiis
603 4223 694 4261 seu
721 4210 947 4279 pedibus
968 4212 1285 4283 imponeret,
1315 4216 1627 4287 languorem
1654 4234 1773 4289 pes-

1882 3118 2198 3177 substantize
2227 3139 2337 3179 sua:
2376 3137 2580 3196 partem
2607 3135 3035 3205 contribuerunt,
3075 3152 3134 3198 ut
3161 3158 3304 3202 esset
3328 3152 3472 3206 unde

1882 3223 1977 3263 rex
2007 3211 2119 3281 ipse
2144 3214 2257 3269 sive
2286 3220 2374 3286 qui
2416 3220 2465 3273 ei
2505 3222 2943 3293 obsequebantur
2971 3248 3069 3302 per
3112 3238 3323 3295 diversa
3356 3241 3469 3298 disc

1882 3302 2069 3357 tributi
2120 3306 2293 3362 ollicia
2338 3310 2631 3369 alerentur.
2662 3317 2791 3373 Erat
2820 3337 2951 3379 sane
2997 3326 3098 3382 hoc
3133 3330 3379 3389 mirabile
3412 3337 3466 3390 in

1879 3405 2037 3461 gente
2079 3397 2581 3472 Langobardorum.
2620 3408 2775 3466 Nulla
2824 3425 2943 3470 erat
2990 3419 3276 3489 violentia,
3308 3425 3468 3481 nulla:

1878 3487 2229 3543 struebantur
2260 3493 2495 3560 insidiae;
2529 3499 2898 3572 unusquisque
2922 3518 3031 3574 qua
3061 3487 3269 3564 libebat
3302 3526 3463 3571 secu-

1878 3589 1972 3630 ras
2000 3579 2117 3635 sine
2145 3582 2337 3640 timore
2366 3589 2645 3659 pergebat.

2406 3698 2633 3756 CAPUT
2672 3702 2932 3763 XXXVII.

1912 3777 1990 3833 De
2035 3780 2295 3839 Mauricio
2340 3788 2925 3915 iinperathre.'l"rancas
2956 3802 3009 3855 in
3053 3803 3426 3875 Langobardos

2494 3879 2551 3914 so
2597 3876 2825 3915 nutante.

2494 3876 2825 3921 sotttcrtante.

1946 3938 2061 3995 Hoc
2104 3951 2384 4029 tempore,
2432 3950 2723 4011 Mauricius
2774 3958 3067 4029 imperator
3114 3964 3463 4027 Childebertn

1876 4030 1989 4099 regi
2041 4028 2371 4090 Frahcorum
2413 4040 2801 4114 quinquaginta
2834 4028 2998 4105 millia
3038 4053 3333 4112 solidorum
3365 4076 3465 4130 per

1875 4120 2082 4191 legatos
2131 4140 2260 4182 suos
2288 4144 2349 4183 ea
2393 4132 2478 4187 vel
2509 4136 2743 4192 maxime
2780 4140 2980 4197 direxit
3026 4134 3199 4214 gratia
3241 4159 3300 4204 ut
3334 4120 3458 4209 cum

1872 4214 2118 4270 exercitu
2161 4233 2324 4287 supra
2373 4220 2760 4293 Langobardos
2793 4229 3025 4289 irrueret
3053 4252 3257 4309 eosque
3301 4241 3459 4301 Italia

187 4294 390 4347 simum
450 4294 699 4350 incurrit.
751 4298 867 4367 Quo
924 4302 1368 4373 ingravescente,
1426 4308 1553 4361 dum
1618 4310 1769 4364 multi
1802 4304 2121 4394 Dpcllcret.
2153 4310 2275 4377 Qui,
2316 4314 2388 4368 nil
2435 4330 2698 4384 moratus,
2729 4335 2851 4375 cum
2896 4324 3177 4381 innumera
3222 4330 3465 4391 Franco-

185 4386 567 4454 episc0patum
594 4389 880 4459 ambirent,
913 4393 1030 4463 ipse
1065 4394 1365 4451 Ursicinum
1389 4399 1614 4469 eligens,
1646 4403 1771 4458 dum

186 4478 375 4531 adhuc
406 4490 681 4548 superstes
709 4489 870 4549 esset,
902 4486 1144 4541 benedici
1176 4488 1333 4554 fecit,
1363 4490 1550 4559 sicque
1572 4493 1639 4547 ab
1672 4493 1772 4549 hoc

185 4569 394 4622 sarculo
427 4571 692 4641 migravit.
720 4572 842 4627 Fuit
888 4586 1068 4629 autem
1110 4577 1570 4649 elecuiosynarius
1594 4582 1770 4647 valde,

186 4660 499 4731 Scripturis
523 4663 574 4716 iu
602 4670 804 4721 tantum
831 4669 1080 4722 eruditus
1107 4670 1305 4725 divinis
1333 4681 1391 4725 ut
1425 4672 1772 4740 genealogias

184 4750 415 4807 Veteris
462 4751 787 4810 Testamenti
834 4756 1150 4826 plerumque
1203 4762 1516 4816 memoriter
1582 4777 1773 4817 recen-

184 4854 355 4897 seret.
406 4844 672 4914 Paupercs
708 4848 965 4903 Ecclesia:
991 4866 1098 4905 sua:
1123 4867 1250 4922 erga
1290 4852 1598 4923 iniquorum
1622 4854 1772 4924 judi-

186 4949 312 4988 cum
340 4938 743 5005 oppressionem
770 4939 1129 5008 sustentabat,
1170 4952 1223 4996 ut
1258 4943 1384 4998 illud
1407 4945 1510 5001 Job
1540 4947 1770 5002 Domino

186 5026 706 5086 decantaretdieens
736 5049 749 5084 :
779 5033 943 5085 Pazer
968 5047 1103 5087 eram
1132 5052 1442 5105 pauperum,
1472 5049 1518 5091 et
1551 5053 1768 5091 causam

184 5133 371 5171 eorum
410 5119 795 5189 diligentissime
829 5123 1201 5192 inuestigabam
1233 5124 1355 5195 (Job
1398 5115 1569 5199 xxxx).
1616 5130 1769 5195 Tunc

185 5209 354 5262 etiam
415 5209 698 5282 Gregorius
738 5210 1075 5269 Turonensis
1130 5233 1254 5271 cum
1301 5219 1522 5289 Egilane
1564 5218 1762 5276 Leuvi-

184 5298 316 5367 gildi
363 5298 715 5367 Hispanorum
767 5298 913 5372 regis
947 5302 1147 5372 legato,
1180 5322 1340 5376 quem
1380 5312 1447 5364 ad
1500 5310 1765 5379 Chilperi-

184 5402 309 5428 num
357 5389 567 5428 mittam!
620 5394 744 5428 nslin
792 5400 914 5428 arat
962 5392 1073 5428 inea
1104 5396 1249 5428 Pniln
1287 5398 1509 5428 Διοέιηηισ
1563 5400 1626 5428 An
1661 5401 1762 5428 ΩΑ..

1879 4416 1998 4455 rum
2029 4402 2371 4458 multitudine
2390 4403 2598 4461 Italiam
2628 4410 2805 4465 subito
2828 4412 3089 4471 introivit.
3118 4416 3463 4490 Langobardi

1876 4508 2007 4547 vero
2051 4498 2397 4552 conseranda:
2450 4514 2638 4555 manus
2690 4518 2839 4572 spem
2892 4506 3237 4577 abjieientes,
3288 4519 3467 4572 muni-

1876 4584 2074 4639 mentis
2121 4600 2338 4640 suarum
2371 4603 2429 4642 se
2454 4591 2779 4646 commisere
2816 4594 3053 4661 urbium,
3079 4608 3152 4664 et,
3186 4600 3461 4660 intercur-

1876 4675 2121 4730 rentibus
2150 4676 2341 4747 legatis
2370 4679 2673 4751 oblatisque
2702 4685 3039 4755 muneribus,
3076 4700 3293 4759 pactum
3336 4711 3465 4752 cum

1874 4764 2220 4821 Cliildebertn
2247 4770 2512 4825 fecerunt.
2545 4772 2663 4837 Quo
2692 4776 2761 4829 ad
2791 4775 2996 4832 Gallias
3036 4788 3314 4833 remeante
3333 4823 3347 4843 ,
3378 4799 3474 4841 co-

1833 4855 2025 4932 _gnito
2070 4857 2366 4925 imperator
2412 4859 2708 4915 Mauricius
2752 4861 2895 4931 quod
2940 4879 3060 4919 cum
3092 4863 3480 4930 Longobardis

1872 4947 2049 5003 fmdus
2094 4949 2323 5014 iniisset,
2354 4951 2575 5013 solidos,
2606 4967 2744 5019 quos
2773 4953 2822 5006 ei
2868 4954 2943 5008 ob
2985 4952 3489 5024 Langobardorum

1871 5040 2243 5106 expulsionem
2278 5040 2525 5107 dederat,
2568 5052 2817 5109 repetere
2860 5045 3048 5112 erepit.
3088 5045 3156 5096 At
3197 5043 3307 5108 ille,
3341 5065 3490 5112 sua-

1872 5147 1990 5185 rum
2017 5132 2210 5185 virium
2239 5135 2483 5201 potentia
2514 5134 2706 5197 fretus,
2746 5146 2844 5202 pro
2870 5131 2975 5187 hac
3019 5149 3076 5187 re
3106 5148 3209 5187 nec
3238 5150 3495 5207 respon.

1868 5239 1987 5278 sum
2017 5224 2239 5277 reddere
2267 5222 2457 5277 voluit.

2382 5312 2613 5370 CAPUT
2653 5312 2943 5369 XXXVIII.

2029 5406 2094 5428 Π-
2133 5404 2487 5428 .._..---..s.'_.-_-
2528 5402 2899 5428 __.-L._I.'-_.......
2942 5421 2992 5428 -..
3041 5403 3295 5428 l'.‘-..-...'_

2785 5420 2883 5428 ..ηιμ
