4044 5428
598 408 701 466 719

1622 394 1881 463 autem
1940 394 2242 465 nomcm
2282 404 2774 464 FlORIACENSlS

3766 404 3886 466 720

596 518 885 577 Gadsuuda
923 527 1095 573 matre
1123 515 1487 571 Brunichildis
1515 525 1598 571 est
1622 516 1859 571 excitata
1903 533 1918 571 :
1955 517 2178 573 llerme-
2206 527 2251 580 Α
2280 517 2573 586 capiendus
2607 527 2701 573 aut
2728 518 3130 575 interficiendus
3161 533 3282 575 cum
3308 532 3408 575 suo
3432 498 3668 576 exercitu
3694 524 3881 583 roret,

600 614 866 684 negildus,
896 610 1193 680 Lemugildi
1220 609 1363 679 regis
1391 609 1553 671 lilius,
1577 623 1817 663 sororem
1845 607 2176 663 Childeberti

600 705 831 762 habebat
875 715 1116 756 uxorem.
1144 700 1252 767 Qui
1284 700 1535 755 videlicet
1572 700 2013 770 Hermenegildus
2042 715 2178 773 pra:-

596 795 865 849 tiieatioue
907 791 1157 856 Leandri,
1189 791 1520 861 Hispaniensis
1545 789 1834 861 pontiﬁcis,
1874 800 2036 861 atque
2077 791 2173 846 ad-

600 885 905 940 hortatione
930 900 1042 939 sum
1065 881 1307 956 conjugis
1330 885 1397 939 ab
1423 884 1623 938 Ariana
1655 884 1844 939 haeresi
1871 883 1996 955 (qua
2022 892 2178 952 pater

598 988 727 1030 suus
754 975 1061 1047 languebat)
1090 975 1157 1030 ad
1195 975 1517 1032 catholicam
1547 976 1705 1030 tidem
1740 990 2032 1030 conversus
2063 972 2178 1029 fue-

599 1074 704 1121 rat.
735 1066 1024 1120 Gadsuuda
1078 1074 1257 1119 autem
1293 1064 1534 1120 tentabat
1577 1066 1622 1119 si
1673 1075 1855 1135 posset
1881 1064 2173 1135 lugundem

599 1172 753 1212 suam
781 1165 995 1225 neptem
1029 1154 1273 1222 ﬂectere,
1301 1165 1360 1211 ut
1387 1157 1638 1210 maritum
1665 1156 2021 1227 qualicunque
2049 1172 2171 1227 per-

598 1249 751 1303 deret
779 1256 974 1303 morte.
1004 1247 1108 1303 Sed
1153 1261 1275 1301 cum
1317 1247 1370 1302 id
1406 1247 1678 1318 nequisset
1708 1247 1950 1317 implere,
1984 1247 2175 1301 suadet

590 1340 710 1412 ‘regi
751 1348 807 1393 ut
851 1336 1019 1394 lilium
1052 1354 1172 1393 cum
1217 1353 1385 1393 uxore
1433 1337 1647 1408 propria
1686 1337 1909 1392 alterius
1935 1337 2174 1393 civitatis

589 1430 777 1499 iubeat
803 1429 1042 1485 incolere
1067 1428 1361 1493 domicilia,
1391 1428 1576 1483 dicens
1605 1443 1662 1483 se
1698 1427 1897 1482 oli'cndi
1929 1444 1994 1483 eo
2030 1428 2173 1498 quod

597 1522 821 1575 alterius
848 1528 1027 1575 essent
1056 1519 1201 1573 (idei.
1228 1517 1470 1589 Cumque
1508 1519 1610 1573 hac
1641 1515 1834 1586 injuria
1874 1517 2171 1573 Hei-mene-

594 1611 770 1681 gildus
816 1609 1035 1664 minimc
1080 1607 1388 1663 ﬂecteretur
1445 1594 1511 1660 ad
1563 1606 1802 1678 neganda
1848 1621 1987 1660 verte
2049 1605 2170 1660 lidei

594 1710 953 1761 sacramenta,
978 1692 1172 1768 impius
1198 1706 1351 1767 pater
1372 1712 1494 1751 eum
1523 1698 1690 1766 sepsit
1709 1696 1970 1752 custodia.
2000 1696 2171 1762 Quem

594 1792 959 1864 postmodum,
991 1790 1043 1844 in
1075 1790 1189 1859 ipso
1214 1803 1373 1844 sacro
1419 1788 1656 1858 paschali
1700 1787 1807 1852 die,
1837 1788 2011 1844 securi
2044 1801 2171 1857 per-

595 1900 810 1939 cussum
863 1881 1157 1937 interemit.
1208 1880 1461 1949 lnguudis
1509 1894 1637 1935 vero
1684 1889 1803 1951 post
1868 1879 2049 1933 mariti
2112 1893 2176 1933 ac

594 1974 850 2045 martyris
882 1971 1041 2027 funus
1081 1972 1148 2026 ab
1178 1969 1450 2041 Hispaniis
1496 1967 1723 2040 fugiens,
1769 1970 1895 2024 dum
1942 1967 2175 2041 genuina

593 2063 778 2122 Galliae
825 2070 1091 2133 repeteret
1137 2076 1295 2126 arva,
1327 2060 1381 2115 in
1414 2075 1607 2114 manus
1637 2059 1865 2114 militum
1912 2059 2173 2122 incidens,

593 2154 685 2222 qui
736 2151 959 2206 limitem
995 2148 1265 2220 llispaniaz
1310 2149 1569 2204 adrersus
1616 2148 1822 2204 Gothos
1863 2149 2172 2215 tuebantur,

594 2257 719 2297 cum
746 2257 913 2312 parvo
942 2240 1051 2295 lilio
1102 2249 1258 2310 capta
1308 2248 1470 2309 atque
1512 2239 1566 2293 in
1599 2239 1840 2295 Siciliam
1881 2239 2069 2306 ducta,
2102 2240 2175 2294 ibi

594 2332 736 2387 diem
784 2330 979 2386 clausit
1025 2340 1350 2384 extremum.
1398 2329 1569 2384 Filius
1611 2340 1742 2385 vero
1788 2328 2175 2386 Constantino-

595 2424 758 2496 polim
791 2422 1103 2493 imperatori
1149 2420 1407 2476 Mauricio
1436 2431 1518 2476 est
1545 2420 1801 2477 directus.
1849 2420 2177 2491 Captivitate

595 2514 800 2572 sororis
826 2514 1203 2570 Childebertus
1232 2521 1530 2583 comperta,
1559 2520 1613 2568 et
1643 2512 1709 2566 de
1734 2513 1817 2567 his
1839 2528 1959 2580 qua:
1987 2521 2175 2566 contra

598 2623 715 2663 eam
744 2616 891 2678 gesta
925 2606 1137 2661 fuerant
1166 2605 1365 2660 certior
1412 2603 1607 2669 factus,
1653 2606 1951 2661 exercitum
2000 2606 2051 2660 iu
2087 2605 2178 2659 lli—

592 2699 838 2770 spaniam
864 2696 1094 2766 trajecit,
1128 2712 1251 2752 cum
1278 2695 1473 2751 Gothis
1497 2695 1685 2767 prtelio
1714 2695 1957 2751 conﬂixit
2001 2696 2176 2750 maxi-

594 2806 846 2863 mamque
874 2790 1089 2846 cladem
1111 2789 1191 2844 eis
1219 2788 1458 2843 inferens
1487 2787 1659 2843 victor
1678 2787 1874 2843 exinde
1899 2802 2180 2858 regressus

588 2890 699 2937 est.

669 2972 902 3027 Rursum
953 2969 1241 3025 Mauricius
1280 2972 1587 3040 Augustus,
1617 2968 1821 3040 legatos
1867 2968 1934 3023 ad
1969 2968 2180 3024 Childe-

593 3067 808 3121 bertum
857 3063 1099 3127 mittens,
1126 3077 1247 3117 eum
1286 3069 1554 3116 utcontra
1594 3060 1977 3131 Longobardos
2024 3074 2180 3115 exer-

595 3158 763 3211 citum
823 3154 1105 3225 dirigeret,
1144 3154 1355 3207 orabat.
1418 3152 1795 3209 Childebertus
1860 3152 2178 3208 existimans

591 3259 748 3300 suam
795 3242 970 3296 adhuc
1010 3256 1322 3312 germanam
1352 3239 1814 3310 Constantinopoli
1844 3241 2059 3312 degere,
2096 3240 2176 3296 le-

590 3335 738 3404 gatis
767 3330 1010 3385 Mauricii
1047 3330 1415 3400 acquiescens,
1449 3339 1507 3383 ut
1537 3345 1688 3384 suam
1731 3338 1911 3400 posset
1938 3344 2178 3385 sororem

594 3424 861 3492 recipere,
894 3420 1093 3474 iterum
1139 3419 1471 3473 Francorum
1514 3420 1814 3474 exercitum
1856 3420 1924 3475 ad
1972 3420 2178 3475 Italiam

589 3518 790 3566 contra
841 3507 1226 3579 Langobardos
1286 3508 1507 3563 direxit.
1557 3506 1754 3565 Verum
1811 3509 2181 3580 Longohardis

592 3601 772 3656 aciem
801 3600 1101 3669 producere
1126 3607 1293 3667 atque
1313 3599 1640 3654 adversariis
1665 3600 1742 3654 ire
1771 3600 1982 3656 obviam
2015 3603 2182 3657 medi-

599 3691 859 3754 tantibus,
892 3689 1083 3744 Franci
1115 3702 1179 3743 ac
1205 3687 1505 3752 Alemanni,
1535 3689 1922 3745 dissensionem
1960 3691 2103 3745 inter
2125 3706 2183 3747 se

601 3780 888 3845 habentes,
918 3778 1033 3832 sine
1059 3777 1218 3833 ullius
1259 3777 1394 3832 lucri
1424 3778 1816 3848 conquisitione
1857 3782 1921 3834 ad
1948 3781 2179 3851 patriam

597 3879 939 3929 remearunt.

1086 4018 1089 4027 ,
1136 3960 1363 4018 CAPUT
1402 3962 1646 4020 XXXIX.

600 4080 1009 4154 DeHBeuedicto
1040 4087 1088 4135 et
1121 4077 1356 4154 Pelagio
1412 4079 1661 4154 Romanis
1709 4083 2064 4154 pontiﬁcibus.
2104 4082 2183 4138 De

670 4148 947 4221 Mummoli
993 4152 1050 4204 in
1096 4148 1413 4205 Avaritiaene
1454 4148 1719 4221 profttgio.
1763 4152 1839 4206 De
1856 4148 2183 4208 'Clnldeberti

668 4222 737 4275 ad
766 4219 1110 4292 Chilpericunt
1135 4219 1462 4292 transitione.
1493 4219 1571 4274 ω
1610 4219 1757 4290 Lupo
1793 4221 2182 4292 Campanorum

670 4294 822 4363 (luce:
861 4289 939 4363 De
988 4289 1268 4363 Chilperici
1317 4290 1374 4344 in
1421 4289 1785 4363 Petrogoricos
1832 4289 2180 4363 expeditione.

672 4359 747 4414 De
774 4358 1057 4430 Bruttianis
1086 4358 1322 4430 interitu,
1351 4369 1401 4430 et
1426 4360 1489 4430 de
1512 4358 1737 4430 Hospitii
1770 4358 1957 4416 reclusi
1982 4365 2182 4417 sancti-

670 4440 797 4490 tate.
826 4438 874 4482 et
914 4429 1050 4482 beati
1098 4428 1317 4481 Martini
1359 4426 1691 4485 Gallicieusis
1739 4434 1991 4497 transitu,
2030 4442 2078 4486 et
2115 4435 2180 4487 de

669 4508 860 4553 cometa
889 4508 935 4551 et
970 4507 1205 4568 portento
1227 4498 1440 4552 calcati.

596 4684 775 4740 dictus
802 4680 1038 4751 suscepit
1071 4679 1382 4750 regendam.
1423 4679 1555 4733 Post
1591 4695 1750 4748 quem
1778 4680 2025 4752 Pelagius
2055 4683 2179 4739 abs-

598 4787 705 4842 que
729 4770 971 4843 jussione
1008 4768 1265 4838 principis
1308 4768 1588 4822 ordinatus
1627 4776 1740 4833 est,
1771 4783 1837 4824 eo
1864 4772 2006 4839 quod
2035 4770 2175 4827 Louo

599 4862 825 4935 gobardi
854 4859 1166 4917 obsiderent
1197 4860 1445 4921 Romam.
1478 4874 1574 4914 nec
1609 4869 1794 4930 posset
1831 4863 2116 4933 quisquam
2144 4876 2177 4918 ‘a

597 4955 772 5018 Bonna
818 4950 1091 5023 progredi.
1134 4949 1454 5005 Mummolus
1498 4952 1756 5020 patricius
1799 4968 1830 5007 a
1857 4952 2179 5010 Guntranno

596 5060 724 5115 rege
770 5042 1109 5107 descis'ceus,
1154 5039 1208 5094 in
1243 5040 1574 5095 Avenionem
1616 5050 1855 5097 castrum
1898 5058 1957 5098 se
1995 5056 2184 5099 contu-

597 5136 681 5201 lit,
715 5133 806 5189 ubi
841 5135 1102 5190 adversus
1144 5131 1474 5187 insectantes
1513 5133 1682 5187 armis
1728 5148 1851 5189 sese
1891 5133 2178 5192 defensare

595 5230 824 5262 ‘lthnna
897 5225 1151 5262 ιιιινιαίδίἰι
1219 5226 1428 5264 mnnim
1496 5227 1717 5266 harsh!"
1801 5228 2175 5268 CIﬁIJohar-lua

2281 609 2628 664 Brunichilde
2659 624 2756 680 pro
2785 627 2851 667 eo
2879 612 3271 676 intercedente,
3300 614 3368 666 ab
3415 613 3715 669 imminenti
3773 630 3885 684 pe-

2280 700 2452 754 riculo
2489 700 2735 769 eripitur.
2766 701 3079 757 Paridium
3111 712 3290 757 tamen
3317 703 3434 772 ejus
3464 719 3624 773 supra
3655 722 3885 759 memo-

2278 792 2381 845 rati
2422 789 2585 846 duces
2612 791 2897 862 direptioni
2948 795 3308 849 tradiderunt.
3346 795 3684 865 Ch'lpericns
3716 798 3886 851 Desi-
3982 804 3991 813 '

2279 884 2491 940 derium
2539 884 2732 940 ducem
2785 887 2852 939 ad
2902 887 3275 956 pervadendas
3337 888 3750 944 Petrocoricum
3826 897 3886 942 et

2275 972 2579 1043 Agennum,
2626 972 2931 1043 Aquitania:
2981 976 3168 1043 urbes,
3204 992 3326 1030 cum
3370 977 3649 1031 instructis
3679 979 3883 1047 dirigit

2276 1066 2468 1137 copiis.
2497 1066 2600 1133 Qui
2631 1066 2817 1137 fugato
2843 1066 3154 1137 Ragnoaldo
3184 1068 3341 1132 duce,
3371 1067 3660 1138 praedictas
3704 1070 3885 1121 ιιι-ειυς

2276 1154 2474 1210 invasit
2517 1170 2853 1226 uxoremque
2886 1155 3178 1227 Ragnoaldi
3225 1157 3437 1211 cunctis
3480 1157 3641 1211 rebus
3666 1172 3885 1225 empe-

2275 1241 2444 1298 liavit.
2499 1243 2780 1299 Baudastis
2822 1244 2927 1299 dux
2977 1259 3099 1299 cum
3154 1247 3386 1299 maxima
3446 1244 3529 1298 sui
3588 1246 3887 1299 exercitus

2274 1343 2428 1404 parte
2458 1334 2509 1391 in
2543 1333 2834 1389 Waseonia
2858 1335 3033 1404 periit.
3064 1333 3190 1388 Fuit
3226 1334 3319 1389 illo
3347 1344 3592 1404 tempore
3618 1335 3885 1389 reclusus

2274 1425 2494 1495 quidam
2531 1425 2643 1480 Dei.
2668 1439 2880 1491 servus,
2905 1425 3181 1496 HOSpitius
3210 1424 3428 1479 nomine
3452 1467 3465 1487 ,
3501 1426 3641 1494 apud
3674 1424 3889 1478 Nicen-

2274 1533 2387 1572 setn
2419 1518 2629 1571 urbem.
2681 1518 2782 1585 Qui
2815 1518 3025 1574 Catenis
3063 1532 3226 1585 super
3261 1518 3459 1571 uttdum
3489 1532 3686 1585 corpus
3736 1531 3881 1569 con-

2273 1606 2493 1661 strictus
2539 1604 2753 1673 ferreis,
2797 1607 3027 1677 desuper
3073 1606 3251 1661 cilicio
3283 1604 3584 1676 tegebatur.
3646 1604 3887 1658 (laeteris

2274 1697 2489 1769 quidem
2543 1697 2733 1754 diebus
2785 1713 2976 1769 purum
3030 1712 3218 1767 panem
3268 1705 3325 1752 et
3369 1711 3576 1768 paucos
3619 1695 3886 1766 dactylos

2280 1788 2504 1854 edebat;
2560 1789 2612 1843 in
2667 1787 3087 1861 Quadragesima
3137 1803 3268 1844 vero
3324 1787 3598 1842 radicibus
3647 1800 3879 1841 earnm.

2208 1857 2251 1916 Β
2279 1893 2415 1949 quas
2441 1892 2656 1933 ercmus
2678 1857 2910 1945 ferebat;
2936 1880 3225 1934 herbarum
3251 1877 3517 1933 alebatur.
3546 1876 3654 1931 Per
3684 1889 3881 1943 quem,

2276 1971 2330 2026 in
2358 1972 2519 2026 terris
2545 1969 2659 2025 solo
2702 1971 2878 2026 adhuc
2906 1985 3135 2041 corpore
3178 1977 3612 2030 eonversantem,
3642 1966 3883 2018 virmtcs

2280 2058 2499 2124 multas.
2532 2061 2601 2115 ad
2629 2060 2841 2115 laudem
2873 2070 2927 2116 et
2952 2060 3177 2132 gloriam
3206 2058 3440 2116 nominis
3474 2058 3583 2123 sui,
3608 2055 3885 2110 Dominus

2282 2150 2571 2204 ostendere
2608 2150 2692 2205 εει
2732 2150 2999 2220 dignatus.
3041 2150 3115 2204 Ea
3155 2157 3473 2219 tempestate
3509 2148 3704 2202 beatus
3734 2144 3880 2198 Mar-

2278 2238 2430 2294 tinus
2467 2239 2805 2295 Galliciensis
2854 2240 3104 2310 migravit
3152 2240 3218 2294 ad
3256 2240 3564 2293 Dominum.
3606 2236 3707 2290 Hic
3738 2235 3881 2288 Pati-

2279 2331 2438 2383 notua
2471 2329 2757 2393 oriundus,
2789 2329 2903 2383 loca
2942 2340 3127 2384 sancta
3160 2330 3211 2383 in
3250 2328 3471 2385 Oriente
3519 2326 3875 2387 circumiens,

2277 2420 2489 2475 abunde
2521 2434 2580 2475 se
2612 2419 2722 2474 illic
2751 2420 2946 2475 litteris
2977 2420 3192 2484 imbuit,
3235 2428 3291 2475 et
3325 2434 3425 2490 per
3465 2415 3753 2473 G‘aiiieiam
3784 2432 3876 2469 re.

2279 2518 2519 2575 vertens,
2550 2510 2605 2564 in
2654 2510 2893 2573 basilica,
2938 2525 3057 2580 qua:
3106 2510 3279 2581 prima
3328 2509 3466 2579 apud
3520 2508 3792 2573 Hispanos
3823 2508 3880 2559 in

2277 2600 2484 2655 honore
2509 2601 2682 2657 sancti
2710 2601 2924 2657 Martini
2964 2602 3209 2656 dedicata
3253 2612 3355 2666 est,
3389 2600 3633 2668 pontifex
3660 2601 3877 2656 ordina-

2283 2699 2392 2756 tus,
2425 2691 2641 2762 triginta
2666 2692 2717 2745 in
2742 2691 2845 2748 hoc
2869 2691 3054 2747 oﬂicio-
3072 2692 3303 2763 explevit
3331 2708 3524 2747 annos.

2353 2784 2511 2839 Anno
2539 2801 2615 2840 vn
2639 2785 2967 2841 Cbildeberti
3013 2787 3171 2859 regis.
3208 2789 3299 2858 qui
3327 2786 3428 2843 fuit
3457 2803 3546 2842 xxx
3578 2787 3873 2859 Chilperici

2277 2885 2440 2946 atque
2468 2875 2799 2944 Guntranni,
2830 2879 2983 2935 stella
3012 2890 3249 2936 cometes
3277 2876 3389 2937 visa
3416 2890 3502 2935 est
3529 2882 3581 2935 iu
3625 2883 3717 2936 die
3749 2897 3875 2935 san-

2278 2974 2366 3021 cto
2405 2965 2647 3022 Pascha}.
2679 2969 2833 3038 Apud
2864 2969 3189 3025 Sucasiouas
3231 2972 3503 3026 civitatem
3552 2972 3753 3026 malum
3790 2987 3873 3024 ar-

2280 3059 2415 3115 dere
2439 3059 2611 3115 risum
2636 3069 2738 3116 est.
2767 3061 2821 3116 In
2849 3079 2988 3134 pago
3029 3063 3302 3121 Parisiaco
3342 3065 3601 3137 sanguis,
3642 3065 3711 3119 de
3736 3064 3879 3119 nube

2281 3147 2487 3214 ﬂuens,
2514 3150 2837 3207 vestimenta
2884 3153 3174 3208 multorum
3217 3155 3491 3209 hominum
3545 3154 3879 3208 cruentavit.

2281 3194 2487 3214 ..--.._,
2525 3194 2837 3207 .--.....ν.....
2885 3194 3174 3208 ........,......

2205 3194 2251 3258 Ο
2287 3237 2634 3296 Valetudincs
2681 3243 2842 3297 varia:
2885 3259 2950 3299 ac
2981 3244 3285 3300 mortalitas
3331 3259 3564 3316 magna,
3595 3259 3665 3300 eo
3704 3260 3873 3310 anno,

2282 3329 2613 3387 Francorum
2644 3335 2900 3390 attrivere
2924 3346 3160 3407 gentem.

2892 3427 3121 3484 CAPUT
3160 3426 3271 3482 XL.

2589 3516 2667 3571 De
2690 3516 2881 3573 Rodini
2911 3519 3061 3573 ducis
3095 3520 3237 3573 obitu
3270 3530 3319 3574 et
3347 3520 3561 3590 pietate.

2304 3669 2310 3675 ,
2357 3609 2509 3665 Tunc
2546 3626 2761 3681 quoque
2810 3612 3051 3668 Rodinus
3091 3614 3194 3669 dux
3244 3626 3489 3671 mortuus
3538 3628 3660 3682 est.
3718 3634 3881 3675 verus

2282 3702 2766 3775 electuosyuatins,
2794 3707 3049 3761 bonitatis
3072 3707 3282 3777 plenus,
3308 3707 3454 3777 juste
3477 3726 3538 3767 se
3568 3712 3625 3766 in
3661 3717 3873 3769 Cunctis

2284 3811 2448 3865 agens
2474 3812 2537 3851 ac
2583 3813 2847 3868 pauperes
2890 3800 3091 3854 Christi
3141 3800 3390 3871 diligens.
3437 3801 3535 3860 llic
3578 3806 3715 3859 dum
3772 3822 3871 3859 una

2282 3893 2494 3947 dierum
2532 3906 2799 3949 tnurtuutn
2831 3896 3059 3966 sepelire
3100 3896 3294 3962 vellet,
3339 3898 3573 3969 prapriis
3618 3902 3877 3971 praecepit

2284 3989 2469 4061 pueris
2493 4001 2901 4046 monumentum
2929 3993 3200 4062 quoddam
3242 3994 3474 4063 aperire,
3505 4004 3563 4047 ut
3596 3995 3654 4049 in
3688 4013 3759 4050 eo
3785 3999 3872 4050 de.

2283 4079 2528 4137 functum
2557 4093 2801 4154 poneret.
2850 4084 3001 4151 Quod
3050 4085 3124 4139 illi
3173 4101 3294 4139 cum
3343 4096 3619 4142 maturato
3658 4091 3874 4159 imples-

2285 4182 2427 4237 sent,
2459 4175 2784 4231 invenerunt
2815 4177 3060 4233 immensi
3102 4178 3356 4248 ponderis
3394 4178 3715 4235 thesaurum
3748 4182 3874 4236 solio

2283 4261 2583 4334 dorumque
2612 4280 2715 4318 nou
2746 4267 3199 4321 contemnendum
3232 4283 3537 4332 numerum,
3575 4270 3873 4325 elevatutu-

2283 4360 2389 4415 que
2412 4364 2439 4401 a
2473 4360 2613 4403 terra
2643 4350 2954 4406 detulerunt
2988 4350 3117 4406 ante
3161 4348 3360 4407 domini
3393 4355 3475 4407 sui
3505 4360 3871 4424 pmsentiam.

2280 4434 2375 4492 Ille
2436 4456 2562 4493 vero
2618 4441 2816 4495 donum
2876 4443 3096 4498 caeleste
3157 4443 3479 4513 intelligens,
3536 4450 3873 4515 pauperibus

1397 4533 1498 4610 ζμ,
1547 4598 1663 4610 μη,
2004 4592 2046 4610 ,,
2100 4609 2105 4610 ί
2208 4543 2256 4602 1)
2282 4538 2476 4584 cuncta
2508 4533 2590 4599 (ιιι
2623 4538 3004 4609 consueverat)
3034 4536 3279 4610 largitus,
3310 4540 3571 4596 talentum
3603 4544 3712 4598 sibi
3757 4561 3871 4599 σε-

668 4592 968 4647 “mmmam
997 4605 1177 4691 ,βοττο
1208 4590 1503 4700 Εξοιθείῗξη
1546 4598 1668 4660 Ροεί
1713 4589 1975 4700 δοξηξδθῖξτ
2004 4592 2180 4700 Bel-"3’
2209 4589 2251 4602 υ
2280 4618 2448 4673 ditutn
2488 4589 2536 4674 ei
2586 4637 2614 4673 a
2667 4638 2776 4692 quo
2823 4589 3315 4700 acceperatcduplit

3332 4641 3481 4685 atum
3531 4648 3634 4702 per
3682 4652 3869 4689 manis

2280 4710 2646 4765 retransmisit
2671 4728 2983 4784 egenorum.
3022 4718 3184 4773 Multa
3229 4731 3409 4776 autem
3457 4723 3613 4794 signa
3661 4736 3718 4780 et
3749 4744 3869 4795 pm-

2279 4797 2420 4868 digia
2459 4814 2524 4854 eo
2551 4817 2694 4856 anno
2719 4804 2770 4857 in
2804 4806 2944 4860 caelo
2970 4820 3095 4862 sunt
3122 4810 3256 4863 visa.

2868 4897 3095 4967 carm
3138 4899 3271 4955 xu.

2278 4982 2355 5037 De
2385 4983 2665 5056 Cltilperiei
2701 4988 2761 5045 in
2796 4991 3033 5075 hwresim
3069 4992 3425 5076 Sabelliauam
3461 4996 3615 5068 lapsu
3646 5011 3694 5053 et
3742 5002 3863 5053 resi-

2932 5075 3201 5131 ptseetttta.
3697 5076 3703 5081 '

2346 5144 2451 5200 Per
2500 5147 2639 5203 idem
2692 5158 2910 5221 tempus.
2949 5154 3287 5226 Chilpericus
3343 5175 3439 5215 rex
3499 5160 3852 5218 Sabelliamm

2279 5238 2462 5268 -n‘nno
2495 5242 2835 5268 nunm..l--_-
2873 5247 3069 5268 I.--..--9.
3184 5266 3189 5267 γ
3266 5253 3276 5264 -
3350 5254 3386 5268 ι.
3422 5254 3459 5268 η
