4044 5428
201 324 300 378 7‘2!

1235 318 1552 376 HISTORIA
1586 317 2030 374 FRANCORUH.
2072 352 2135 360 —
2177 319 2297 377 LlB.
2338 319 2422 378 Ill.

3327 322 3455 387 .793

206 428 493 484 sanctitate
524 432 770 498 praeibat,
803 430 1031 485 suadere
1079 441 1383 489 conaretur,
1415 441 1472 483 et
1515 438 1690 482 tamen
1723 428 1775 481 in
1808 433 1852 490 Α
1883 447 1991 484 non
2017 432 2238 495 dixisse,
2265 434 2357 486 sed
2385 449 2412 485 a
2438 430 2702 487 Leudaste
2737 431 2969 487 indicata
2996 448 3266 490 narrasse.
3304 434 3457 502 Qua:-

207 520 307 572 liac.
341 519 552 572 ratione
603 518 864 572 llilarium
898 527 1058 588 alque
1107 519 1463 587 Augustinum
1501 517 1603 571 sibi
1651 532 1780 571 con-

209 614 402 668 trarios
431 614 715 678 fateretur,
747 615 823 667 ait
852 613 916 668 ad
947 631 1067 667 eum
1097 616 1282 668 beatus
1310 613 1538 667 antistes
1568 629 1579 664 :
1617 631 1636 660 r
1679 611 1782 665 (Za-

204 707 434 759 vendum
473 715 577 769 est,
607 706 822 760 domine
844 707 914 760 mi
948 721 1062 769 rex,
1097 722 1162 761 ne
1191 693 1247 760 et
1279 704 1365 759 ille
1392 706 1659 758 irascatur
1687 705 1778 758 tibi

202 796 358 864 cujus
393 794 467 847 illi
501 793 724 848 fuerunt
748 793 960 859 famuli,
992 797 1079 863 qui
1102 836 1116 860 ,
1144 805 1201 849 ut
1241 804 1295 847 tu
1331 794 1443 863 ipse
1491 793 1695 858 fateris,
1730 794 1783 846 in

205 888 302 940 ista
361 887 683 942 credulitate
728 896 854 942 sunt
900 889 1178 943 contrarii.
1226 908 1242 940 ι
1279 887 1445 941 Porro
1487 902 1612 954 rege
1661 900 1782 938 cum

206 975 231 1029 f
254 987 343 1032 Sit)
381 977 742 1043 respondente
773 979 915 1048 quod
962 978 1315 1048 sapientiores
1358 993 1423 1032 eo
1467 991 1534 1032 ex
1571 977 1670 1029 hoc
1700 973 1781 1027 fo-

204 1081 323 1122 rent
371 1070 764 1139 interrogandi,
803 1071 1056 1125 sacerdos
1105 1071 1282 1124 dixit:
1326 1089 1343 1120 ι
1383 1068 1496 1122 Non
1537 1081 1660 1122 esse
1700 1082 1784 1120 sa-

203 1159 439 1228 pientem
465 1159 776 1227 quicunque
820 1158 978 1212 aliter
1021 1175 1084 1211 ex
1116 1160 1217 1212 [ide
1247 1174 1309 1212 ac
1340 1158 1454 1226 ipse
1482 1156 1724 1210 sentiret.
1762 1174 1780 1206 ι

201 1249 386 1302 Salvio
438 1255 618 1302 auten
667 1246 940 1315 Albigensi
971 1247 1224 1316 episcopo
1271 1245 1336 1299 ad
1388 1245 1646 1315 palatium
1699 1258 1789 1296 ve-

204 1341 370 1396 nienti
402 1339 669 1394 suadebat
696 1350 754 1392 ut
783 1338 884 1394 sibi
914 1349 1312 1395 consentaneus
1338 1340 1619 1402 existeret,
1649 1335 1787 1392 lecta

203 1432 254 1484 in
282 1431 510 1483 auribus
544 1429 666 1499 ejus
695 1428 966 1493 chartula,
1001 1430 1053 1482 in
1083 1446 1188 1499 qua
1232 1436 1583 1482 memoratam
1618 1427 1789 1480 luere-

198 1520 301 1573 sim
369 1519 793 1588 conscripserat.
846 1517 1014 1586 Quam
1070 1519 1158 1573 ille
1215 1521 1405 1572 beatus
1470 1517 1521 1570 in
1579 1524 1788 1570 tantum

198 1609 488 1662 abhorruit
522 1619 603 1676 ut,
629 1609 673 1664 si
703 1609 755 1662 in
785 1609 903 1676 ejus
927 1607 1065 1663 forte
1113 1607 1360 1661 manibus
1385 1605 1708 1669 devenisset,
1737 1605 1789 1658 iu

202 1709 386 1766 partes
433 1700 662 1754 scissam
717 1700 1014 1753 minaretur
1067 1698 1189 1770 igne
1237 1713 1503 1752 cremare.
1552 1697 1792 1764 Denique

201 1805 432 1844 cernens
483 1807 577 1844 rex
623 1806 810 1846 omnes
857 1792 956 1844 sibi
1006 1791 1278 1845 contraria
1320 1790 1556 1855 sentire,
1586 1789 1654 1843 ab
1701 1787 1790 1842 illa

198 1883 420 1948 quidem
475 1883 684 1952 quievit
730 1883 1050 1938 intentione.
1087 1882 1311 1936 Addidit
1352 1890 1530 1936 autem
1588 1878 1789 1933 nostris

201 1973 334 2028 Ittet
351 1972 398 2026 is
447 1967 511 2038 o,
549 1987 737 2044 omega
761 2015 775 2038 ,
801 1972 1046 2028 Graecam
1067 2008 1084 2038 ,
1113 1981 1166 2027 et
1203 1982 1310 2026 tres
1356 1972 1488 2025 alias
1513 2013 1527 2036 ,
1559 1985 1788 2040 quarum

198 2067 555 2118 characteres
583 2067 650 2118 ab
692 2067 808 2134 ipso
836 2068 1087 2119 inventos
1115 2079 1237 2118 cum
1269 2063 1501 2133 propriis
1528 2062 1678 2117 sonis
1703 2063 1790 2116 hic

198 2155 630 2222 subscripsimus
658 2177 698 2226 χ
729 2157 816 2217 cli,
847 2157 874 2208 Θ
904 2155 982 2218 tlt,
1005 2179 1036 2230 φ
1059 2157 1126 2224 p‘.i
1156 2172 1169 2220 ;
1201 2154 1527 2222 directisque
1551 2154 1792 2223 epistulis

196 2245 264 2298 ad
294 2245 556 2300 civitates
585 2245 684 2300 sibi
729 2254 1002 2316 parentes,
1034 2247 1287 2315 pnecepit
1332 2254 1391 2299 ut
1433 2245 1582 2316 pueri
1617 2246 1668 2300 in
1709 2245 1791 2299 liis

197 2337 536 2390 docerentur
557 2346 612 2390 et
639 2337 759 2390 limi
792 2338 1002 2406 pumice
1033 2337 1233 2405 planati
1271 2337 1719 2391 rescriberentur.

785 2428 1014 2484 CAPUT
1058 2428 1212 2481 XLII.

510 2520 586 2574 De
617 2520 858 2591 Agricola
893 2531 937 2573 et
964 2521 1228 2573 Dalmatia
1255 2523 1470 2574 sanctis.

270 2608 370 2663 llis
417 2609 645 2675 diebus,
682 2609 926 2680 Agricola
974 2609 1348 2666 (Iabilouensis
1397 2620 1452 2666 et
1498 2609 1795 2666 Dalmatius

202 2702 568 2767 Rutenensis,
598 2703 696 2757 viri
745 2704 796 2758 in
839 2704 1126 2758 sanctitate
1153 2705 1405 2774 praecipui
1440 2713 1496 2760 et
1517 2704 1794 2774 pontiﬁca-

202 2804 318 2846 tum
362 2794 574 2862 optime
599 2794 1060 2857 administrantes,
1087 2809 1118 2848 e
1164 2795 1359 2849 saeculo
1401 2795 1788 2866 migraverunt.

203 2884 250 2938 Ε
279 2885 485 2952 quibus
508 2885 784 2955 Agricola,
813 2885 1099 2941 ecclesiam
1121 2902 1230 2941 sua:
1269 2887 1504 2942 civitatis
1529 2887 1795 2942 columnis

202 2974 441 3042 fulcivit,
477 2992 746 3032 marmore
767 2978 1015 3044 variavit,
1048 2980 1257 3033 musivo
1287 2980 1546 3049 depinxit.
1578 2979 1794 3033 Dalma-

203 3067 314 3120 tius
363 3082 499 3121 vero
556 3081 706 3121 suam
758 3083 898 3138 saepe
946 3069 1304 3135 destruendo,
1351 3070 1476 3124 dum
1511 3069 1794 3125 meliorare

203 3156 423 3219 nitiu.r,
456 3155 824 3225 imperfectam
857 3158 1093 3227 reliquit.

779 3248 1003 3303 CAPUT
1046 3250 1224 3304 XLlll.

277 3341 355 3395 De
401 3341 674 3396 Leudastis
719 3345 922 3397 comitis
964 3345 1024 3398 ob
1054 3347 1380 3416 tyrannidem
1404 3347 1724 3418 expulsione.

276 3432 572 3487 Leudastis
621 3447 751 3487 sane
805 3433 1105 3490 Turonicus
1151 3451 1333 3493 comes
1374 3452 1440 3493 eo
1482 3447 1720 3505 tempore
1768 3453 1795 3492 a

204 3524 476 3578 comitatu
507 3521 787 3579 submotus
813 3534 913 3591 est,
937 3541 1002 3580 eo
1024 3527 1166 3596 quod
1193 3526 1446 3597 populum
1475 3526 1670 3594 injuste
1699 3543 1796 3598 op-

206 3613 477 3683 primeret
500 3621 554 3666 et
581 3613 841 3684 Gregorio
868 3616 1110 3684 pontifici
1142 3617 1247 3687 (cui
1282 3614 1593 3685 frequenter
1617 3633 1800 3672 sacra-

205 3710 396 3756 menta
455 3701 678 3754 dederat
738 3716 796 3756 se
853 3718 1126 3771 nunquam
1183 3702 1526 3772 nociturum)
1576 3702 1798 3772 injurias

205 3793 504 3862 irrogaret.
527 3790 964 3862 Succedeuteque
984 3793 1246 3848 Euriomio
1263 3833 1278 3858 ,
1307 3791 1589 3848 Leudastis
1611 3802 1797 3848 contra

206 3885 532 3951 episcopum
578 3880 699 3936 felle
743 3893 1073 3947 commotus,
1101 3885 1254 3953 quasi
1293 3885 1409 3955 ejus
1436 3885 1661 3941 consilio
1698 3885 1796 3938 ista

207 3977 313 4028 sibi
361 3974 704 4040 evenissent,
754 3976 818 4029 ad
870 3990 1049 4045 regem
1081 3977 1340 4045 perrexit,
1375 3992 1636 4030 accusmis
1665 3975 1799 4030 Gre-

207 4066 594 4135 g0riuniquod
645 4067 916 4121 civitatem
963 4067 1290 4122 Turonicam
1326 4071 1438 4138 regi
1480 4069 1798 4123 Guntranno

212 4155 434 4208 tradere
479 4153 641 4207 vellet
700 4166 751 4209 et
804 4158 868 4209 de
921 4157 1103 4226 regina
1169 4159 1434 4224 permulta
1486 4159 1798 4228 loqueretur

209 4243 377 4307 mila,
409 4243 689 4298 atlirmans
727 4261 846 4298 eam
899 4263 1021 4300 eum
1066 4247 1364 4301 liertranno
1409 4249 1795 4320 Burdegalensi

209 4336 474 4403 episcopo
505 4335 740 4390 misceri.
774 4337 1017 4393 Habebat
1065 4348 1247 4393 autem
1308 4351 1686 4411 (ouperantem
1713 4341 1799 4396 Ri-

1882 523 2042 575 situm
2083 519 2405 584 Leudasteu,
2433 535 2530 574 nec
2566 522 2842 576 inventum
2885 521 3024 591 (ipse
3059 523 3202 576 enim
3241 524 3341 578 sibi
3386 526 3455 579 ti-

1881 627 2037 667 mens
2089 612 2418 666 audientiam
2460 611 2690 682 fugerat)
2721 613 2995 668 antistites
3018 616 3457 670 excommunica-

1884 712 2078 756 verunt
2107 717 2228 756 eum
2257 711 2310 755 et
2337 701 2651 756 absentibus
2673 718 2742 758 ne
2770 717 2892 757 eum
2937 705 2989 758 in
3019 705 3455 760 communionem

1885 793 2204 859 reciperent,
2231 792 2580 860 scripserunt.
2596 792 2672 846 Eo
2693 793 2794 848 loci
2819 793 3119 849 mirabilem
3139 795 3456 863 patientiam

1885 885 2025 953 regis
2061 885 2153 953 qui
2203 885 2426 937 aderant
2471 884 2649 938 mirati
2698 894 2842 951 sunt,
2893 885 3039 954 quia,
3073 889 3324 961 quamvis
3354 885 3459 941 tale

1885 975 2058 1029 scelus
2081 976 2146 1029 de
2171 974 2355 1044 regina
2386 971 2717 1028 diffamatum
2765 976 2902 1031 foret
2927 977 3069 1046 quod
3114 977 3216 1046 ipsi
3243 992 3459 1048 quoque

1886 1065 2234 1135 ignominiam
2280 1073 2588 1133 generaret,
2641 1081 2916 1134 nunquam
2966 1074 3146 1122 tamen
3180 1067 3251 1121 ita
3277 1067 3462 1124 animo

1886 1164 2188 1212 commotus
2214 1165 2373 1210 estut
2395 1157 2689 1225 quemlibet
2712 1156 2909 1223 injuste
2930 1158 3282 1227 opprimeret.
3307 1157 3462 1225 Quod

1889 1249 2023 1302 alias
2049 1263 2182 1302 sane
2220 1265 2326 1302 non
2356 1257 2711 1304 consueverat
2739 1263 2922 1318 agere.
2949 1247 3304 1305 Solummodo
3323 1247 3460 1302 Leu-

1888 1338 2094 1404 dasteu,
2139 1353 2204 1392 eo
2238 1338 2604 1410 quodcontra
2644 1338 2958 1408 episcopum
3013 1337 3209 1393 falsum
3269 1337 3467 1392 tulerat

1889 1429 2276 1496 testimonium,
2311 1408 2832 1484 excommunicatum
2887 1430 2956 1485 ab
2984 1430 3132 1485 omni
3161 1445 3258 1485 suo
3300 1427 3463 1498 jussit

1889 1519 2156 1575 climinari
2191 1535 2374 1589 regno.
2401 1519 2552 1574 Tunc
2586 1518 2872 1582 Leudastis
2898 1519 3178 1574 universas
3208 1533 3333 1574 suas
3354 1533 3464 1582 res,

1891 1625 2011 1678 qua:
2061 1609 2109 1663 ei
2151 1624 2247 1678 per
2309 1609 2632 1664 beneficium
2682 1611 2824 1680 regis
2859 1624 3135 1665 concessae
3168 1609 3402 1672 fuerant,
3435 1622 3468 1662 a

1893 1697 2111 1751 civitate
2139 1697 2407 1752 Turonica
2455 1700 2508 1752 in
2555 1698 2857 1776 Biturigum
2890 1700 3024 1753 lines
3054 1697 3381 1768 asportavit;
3414 1708 3472 1752 et

1825 1767 1864 1826 Β
1894 1790 1983 1844 diu
2010 1791 2113 1845 huc
2143 1791 2377 1860 illucque
2403 1791 2686 1854 oberrans.
2723 1774 2957 1855 tandem,
2982 1801 3103 1861 post
3126 1791 3344 1860 longum
3369 1787 3465 1843 arvi

1892 1886 2584 1954 spatium,-reconciliatus
2629 1886 2882 1941 Ecclesiae
2913 1895 2967 1941 et
3015 1886 3070 1941 in
3115 1885 3342 1957 gratiam
3386 1899 3472 1939 re-

1889 1986 2081 2045 ceptus
2110 1992 2138 2030 a
2171 1993 2316 2047 rege,
2348 1981 2472 2032 dum
2501 1988 2810 2034 moneretur
2846 1994 2874 2032 a
2919 1977 3180 2032 Pontiﬁee
3203 1975 3468 2047 Gregorio

1895 2079 2159 2139 quatenus
2187 2071 2502 2126 observaret
2550 2087 2660 2126 sea
2692 2071 2890 2139 regium
2938 2071 3120 2125 animo
3167 2077 3356 2124 contra
3409 2080 3470 2120 se

1896 2161 2131 2227 turbato,
2182 2162 2577 2230 parvipeudens
2624 2161 3066 2224 admonitionem,
3117 2159 3244 2213 dum
3276 2157 3365 2211 illa
3415 2156 3468 2210 in

1894 2253 2127 2322 quadam
2169 2262 2353 2307 oraret
2396 2251 2648 2318 ecclesia,
2677 2251 2743 2305 ad
2774 2251 2938 2320 pedes
2965 2250 3082 2319 ejus
3112 2247 3466 2318 provolvitur.

1895 2343 1938 2396 A
1980 2359 2083 2412 qua
2116 2343 2424 2413 despectus,
2448 2343 2574 2397 dum
2603 2341 2899 2398 oratorium
2927 2339 3118 2394 fuisset
3140 2351 3392 2408 egressus
3412 2343 3467 2388 et

1897 2433 2142 2501 quaedam
2195 2432 2550 2487 mercimonia
2591 2445 2776 2486 emere
2827 2428 3009 2494 vellet,
3058 2436 3116 2481 ut
3159 2424 3474 2481 muneribrs

1896 2523 1998 2578 sibi
2046 2524 2286 2593 reginam
2317 2523 2650 2585 conciliaret,
2688 2521 2755 2575 ab
2791 2519 2908 2588 ejus
2943 2518 3126 2588 pueris
3155 2513 3476 2571 circumval-

1898 2614 2057 2667 latur.
2100 2615 2138 2668 E
2175 2615 2372 2683 quibus
2417 2629 2581 2668 unum
2615 2613 2790 2682 gladio
2816 2609 3149 2680 percutiens,
3181 2622 3210 2660 a
3252 2604 3474 2672 reliquis

1897 2707 1949 2761 in
1982 2707 2158 2778 fugam
2191 2717 2343 2762 actus
2374 2710 2424 2761 in
2453 2708 2629 2763 medio
2651 2715 2813 2775 ponte
2835 2704 3118 2758 Parisiaca:
3143 2699 3317 2764 urbis,
3340 2696 3474 2768 pede

1899 2798 2042 2851 inter
2067 2798 2172 2852 duo
2199 2797 2340 2864 ligna
2370 2797 2519 2864 lapso
2543 2796 2728 2850 tibiam
2759 2794 2861 2850 sibi
2906 2791 3082 2862 fregit.
3113 2789 3264 2845 Unde
3295 2785 3475 2843 subl-av

1900 2898 2008 2953 tus,
2036 2897 2090 2943 et
2121 2889 2174 2942 in
2211 2904 2371 2944 uuam
2398 2888 2577 2942 villam
2602 2888 2755 2956 jussu
2781 2886 2921 2958 regis
2949 2885 3015 2938 ad
3059 2881 3356 2938 sanandum
3388 2877 3480 2931 deo

1895 2988 2166 3048 portatus,
2191 2994 2223 3032 a
2251 2979 2432 3033 missis
2469 2981 2667 3048 regina:
2709 2979 2850 3031 inter
2877 2975 3012 3030 duos
3043 2981 3222 3027 vectes
3248 2967 3484 3024 effracto.

1821 3102 1866 3162 ρ
1897 3078 2133 3139 gutture,
2162 3067 2430 3123 infelicem
2458 3067 2621 3121 vitam
2656 3066 2844 3120 finivit.

1974 3157 2085 3212 Hoc
2105 3171 2235 3226 ergo
2262 3157 2409 3211 exitu
2441 3156 2620 3225 periit,
2651 3155 2742 3225 qui
2771 3165 2826 3208 ut
2858 3155 3063 3208 crimen
3097 3150 3350 3221 episcopo
3377 3161 3490 3201 suo-

1898 3247 2177 3314 olijiceret,
2220 3246 2415 3301 multos
2474 3247 2527 3300 in
2583 3245 2801 3300 vincula
2852 3243 3182 3312 conjeeerat,
3212 3237 3478 3309 quosdam

1898 3339 2062 3394 etiam
2116 3338 2430 3394 verberibus
2477 3335 2750 3392 affecerat.
2808 3335 2915 3390 Nec
2980 3334 3034 3389 in
3085 3332 3215 3402 ipsis
3265 3341 3482 3398 quoque

1903 3429 2199 3486 sceleribus
2226 3429 2610 3500 degenerabat.
2640 3427 2776 3482 Nam
2799 3427 2867 3481 de
2894 3425 3152 3480 fiscalinis
3174 3429 3325 3476 ortus
3367 3433 3486 3473 ser-

1906 3522 2006 3585 vis,
2047 3521 2279 3590 primum
2305 3519 2499 3574 culina:
2547 3519 2835 3588 deputatus
2854 3526 2938 3572 est
2971 3515 3152 3584 regiae.
3197 3510 3324 3575 Sed,
3355 3508 3498 3577 quite

1900 3613 2059 3682 lippis
2085 3621 2204 3666 erat
2248 3611 2440 3676 oculis,
2475 3611 2601 3666 inde
2641 3611 2696 3666 in
2743 3609 3028 3680 pistrinum
3055 3603 3332 3674 redigitur.
3379 3598 3485 3655 Ubi

1900 3704 2027 3757 dum
2050 3703 2188 3758 inter
2214 3701 2563 3755 fermentatas
2590 3715 2796 3754 massas
2821 3713 2880 3754 se
2901 3684 3152 3752 delectari
3172 3689 3506 3752 assimulat,..

1900 3793 2023 3863 fuga
2053 3807 2112 3847 se
2141 3791 2363 3847 servitio
2385 3790 2672 3846 subtraxit.
2703 3789 2877 3854 Quam
2903 3787 3029 3854 dum
3081 3781 3278 3852 Sﬂipills
3317 3778 3476 3832 redu-

1900 3894 2021 3938 ctus
2052 3882 2277 3953 repetit,
2298 3881 2442 3936 auris
2469 3879 2804 3935 abscissione
2825 3879 3066 3945 signatus
3079 3882 3180 3928 est.
3212 3869 3312 3936 Qui
3343 3867 3484 3922 hanc

1901 3971 2151 4040 injuriam
2197 3981 2376 4042 tegere
2412 3985 2519 4024 non
2547 3970 2752 4032 valens.
2792 3969 2859 4022 ad
2906 3978 3130 4020 uxorem
3173 3957 3481 4015 Cltariberti

1903 4063 2044 4132 regis
2071 4078 2129 4118 se
2154 4061 2401 4116 contulit.
2452 4059 2549 4114 Cui
2581 4056 2982 4113 adulationibus
3024 4046 3498 4106 familiarissimus

1903 4157 2096 4218 factus,
2123 4162 2308 4208 custos
2334 4167 2596 4214 equorum
2627 4147 2874 4205 eﬂicitur.
2906 4145 3030 4200 Inde
3052 4143 3364 4199 comitatum
3389 4153 3481 4190 su-

1902 4261 2000 4314 per
2024 4255 2250 4299 caeteros
2301 4251 2494 4298 nactus
2543 4239 2816 4303 custodes,
2864 4244 2983 4306 post
3028 4241 3254 4288 mortem
3281 4227 3485 4298 regina:

1901 4335 2215 4390 comitatum
2249 4333 2576 4388 Turonictnn
2601 4346 2630 4385 a
2651 4327 2968 4386 Chariberto
2989 4321 3242 4394 percepit.
3277 4318 3352 4372 De
3372 4331 3482 4386 quo

208 4424 424 4476 rutrum
454 4423 736 4488 clericum,
764 4427 853 4495 qui
901 4436 1090 4482 contra
1138 4429 1452 4498 magistrum
1495 4429 1690 4482 multos
1717 4438 1801 4483 est
1833 4435 1878 4493 ῐ)
1905 4444 2026 4482 cum
2061 4427 2379 4497 ignominia,
2426 4439 2590 4494 quam
2624 4421 2834 4492 przefati
2866 4432 3073 4479 sumus,
3107 4411 3351 4479 deiectus
3379 4415 3500 4462 ρει·-

210 4515 574 4569 machinatus
607 4515 774 4570 dolos.
814 4517 926 4571 Rex
967 4519 1167 4586 itaque,
1217 4534 1312 4586 pro
1356 4520 1438 4573 liis
1464 4535 1582 4588 qure
1627 4521 1691 4572 de
1719 4535 1800 4572 re-

209 4605 339 4673 g’na
358 4605 510 4656 dicta
538 4616 710 4669 erant,
737 4608 996 4676 synodum
1037 4608 1262 4660 adunari
1281 4609 1553 4677 princepit.
1594 4608 1801 4676 Conve-

209 4695 502 4748 nieutibus
533 4712 660 4766 ergo
685 4700 822 4766 apud
868 4700 1269 4752 Brittannicum
1300 4699 1480 4754 villam
1506 4701 1806 4769 episcopis,

187 4795 266 4852 _et
305 4784 614 4841 [Σάι-ωηιηο
667 4787 864 4855 injuste
913 4789 1012 4842 sibi
1062 4790 1269 4842 crimen
1323 4789 1629 4858 impositum
1681 4806 1802 4844 esse

212 4887 610 4944 conquerente,
646 4878 967 4950 Gregorius,
1020 4895 1084 4934 ex
1131 4881 1353 4934 decreto
1399 4882 1650 4948 fratrum,
1721 4894 1802 4937 tcr

211 4967 596 5037 jusjurandum
625 4972 857 5041 prmbuit
887 4988 944 5026 se
970 4972 1018 5025 iJ
1045 4987 1322 5040 nunquam
1356 4971 1520 5028 fuisse
1543 4975 1800 5042 locutum,

226 5072 286 5117 et
315 5064 558 5131 quamvis
609 5065 663 5119 id
699 5064 1028 5118 contrarium
1070 5065 1485 5120 auctoritatibus
1531 5065 1800 5132 viderent,

220 5162 448 5220 propter
490 5153 940 5209 satisfaciendum
975 5164 1152 5208 tamen
1205 5153 1314 5222 regi
1369 5164 1649 5224 peractum
1698 5165 1800 5210 est.

220 5243 448 5308 Quamol
469 5259 580 5299 rem
638 5244 900 5297 adeuntes
946 5243 1230 5311 pontiﬁces
1283 5257 1500 5312 regem,
1549 5244 1806 5300 dixerunt

224 5335 274 5389 e'
317 5352 328 5386 :
365 5354 380 5384 ι
416 5336 607 5390 Frater
662 5343 716 5388 et
760 5335 1112 5405 coepiscopus
1171 5342 1354 5387 noster
1399 5334 1693 5405 Gregorius
1720 5350 1805 5390 sa-

1907 4518 2152 4574 lticulfus
2184 4534 2311 4574 vero
2359 4519 2609 4581 clericus,
2655 4514 2748 4583 qui
2788 4521 2978 4567 contra
3024 4504 3320 4561 antistitem
3365 4515 3487 4569 pro-

1905 4610 2081 4680 prium
2110 4609 2277 4664 falsus
2305 4624 2412 4662 non
2447 4605 2713 4662 dubitavit
2759 4616 2879 4657 esse
2915 4599 3092 4662 testis,
3139 4591 3490 4663 praecipiente-

1906 4713 2034 4770 rege
2066 4707 2214 4752 tanta
2255 4698 2514 4752 sustinuit
2542 4693 2750 4762 ﬂagella
2780 4701 2858 4756 ut,
2888 4687 3100 4746 etiamsi
3123 4697 3299 4738 ancus
3327 4681 3490 4738 foret.

1907 4790 2227 4846 miraculum
2269 4798 2450 4844 tamen
2494 4785 2866 4857 spectantibus
2895 4781 3158 4852 praeberet
3209 4783 3358 4827 tanta
3392 4788 3490 4841 pr.-

1909 4880 2050 4934 tiens
2079 4887 2367 4933 tormenta.
2421 4877 2618 4931 Verum
2668 4889 2697 4927 a
2739 4871 2960 4940 capitali
3001 4861 3266 4937 supplicio
3318 4862 3495 4916 inter-

1906 4978 2071 5024 ventu
2098 4967 2239 5022 beati
2273 4965 2548 5036 Gregorii,
2579 4961 2840 5016 liberatus
2892 4968 2991 5015 est.
3041 4951 3176 5019 Qui,
3200 4949 3348 5002 inter
3375 4963 3501 5036 cru-

1907 5062 2086 5115 ciatus
2109 5065 2164 5112 et
2187 5035 2433 5120 verbera,
2469 5055 2572 5109 hoc
2602 5050 2892 5106 confessus
2921 5055 2998 5103 est
3027 5043 3147 5097 ideo
3175 5050 3235 5089 se
3269 5036 3404 5090 talia
3435 5035 3506 5091 de

1910 5151 2095 5221 regina
2126 5145 2468 5202 adiuvenisse
2497 5153 2639 5199 utea
2671 5140 2738 5194 de
2770 5153 2953 5207 regno
2983 5135 3172 5221 ejecta.
3201 5125 3514 5185 Clodovcus

1913 5217 2027 5312 (qui
2068 5237 2213 5292 solus
2243 5250 2308 5290 ex
2341 5235 2466 5291 ﬁliis
2491 5227 2782 5298 Cbilperici
2829 5217 3399 5312 supererat‘ia‘patre
3431 5236 3518 5274 re—

1910 5306 2076 5401 gnum
2108 5326 2411 5394 suscipiens
2435 5328 2706 5394 regnaret.
2732 5315 2833 5369 llic
2863 5315 3070 5373 ctenim
3093 5306 3424 5414 Clodov‘eusi
3451 5326 3523 5367 ΕΙ

2995 5407 3218 5428 ..ιη-εἰιι-ιι
3275 5407 3460 5428 ἱίἶζιη-..
