4044 5428
467 395 572 454 723

1492 399 1749 458 AlMOlNl
1785 399 2087 458 MONACHI
2127 403 2618 461 FLORIACENSIS

3609 394 3718 453 728·

473 501 608 556 Nam
629 503 768 573 apud
795 504 1040 560 eumdem
1065 507 1241 561 vicum
1285 508 1604 580 dysenteriae
1634 523 1761 567 tunc
1791 513 2045 567 saeviebat
2072 517 2119 575 Α
2151 517 2321 570 nodus
2347 517 2484 586 apud
2516 515 2834 588 Lugdunum
2858 519 3177 585 congregata
3207 510 3404 568 multos
3433 511 3712 581 episeopo-

477 592 666 660 pestis.
702 591 808 647 Se-l
837 593 927 648 ille
970 595 1059 649 ubi
1101 597 1292 653 mortis
1342 601 1514 655 evasit
1557 601 1867 665 discrimen,
1896 602 2047 656 dolos

477 680 880 749 persentiscens
909 697 1176 746 novercas.
1213 685 1450 742 fasluose
1477 704 1596 743 eam
1627 690 1931 758 despiciens
1967 691 2049 760 ja-

475 769 701 822 etitabat
725 785 784 825 se
825 771 999 827 solum
1039 775 1306 830 haeredem
1336 779 1484 847 regni
1526 779 1788 834 relictum.
1814 779 1928 835 Non
1958 785 2050 837 de-

378 862 380 864 ’
475 857 632 916 fuere
655 871 833 917 tamen
865 865 958 933 qui
983 867 1240 922 delatoria
1275 881 1458 924 contra
1495 886 1615 925 eum
1663 873 1742 926 usi
1778 883 1915 937 arte,
1944 889 2048 926 non

479 951 654 1006 solum
685 969 804 1023 qua:
834 947 960 1023 ipse
991 956 1250 1025 injuriose
1281 959 1600 1029 loquebatur
1629 962 1694 1016 de
1724 963 1928 1032 regina,
1963 977 2053 1016 ve-

483 1061 603 1100 rum
648 1055 703 1100 et
751 1047 929 1118 aliqua
959 1051 1024 1103 ad
1058 1051 1228 1119 ipsam
1278 1053 1545 1107 referrent
1579 1055 1878 1118 mendacia,
1907 1068 2054 1108 asse-

2147 619 2268 658 rum
2295 605 2629 676 negligenter
2653 603 2924 674 agentium
2948 602 3206 657 coercuit.

2725 711 2952 767 CAPUT
2986 708 3148 766 XLV.

2149 803 2228 857 De
2275 766 2622 858 benedictione
2663 799 3084 874 quamjudteus
3127 798 3721 874 respuit,_‘Cltilpericus

2401 875 2630 943 expetiit,
2659 870 2706 926 et
2735 875 2798 926 de
2824 871 3070 942 Epareltii
3093 871 3281 925 reclusi
3307 870 3468 923 obitu.

2221 964 2429 1020 interea
2471 963 2826 1033 Chilpericus,
2859 963 2911 1017 in
2942 962 3063 1016 villa
3092 960 3413 1017 Novientntn
3447 959 3722 1012 nominata

2155 1056 2481 1119 consistens,
2507 1057 2631 1109 dum
2681 1055 2919 1110 Parisins
2970 1055 3074 1109 iter
3123 1069 3278 1109 suum
3327 1051 3723 1113 destinavisset,

484 1146 666 1192 rentes
695 1138 962 1194 maleﬁcio
995 1141 1151 1196 matri
1185 1142 1460 1212 cujusdam
1512 1144 1888 1209 meretriculae,
1936 1159 2055 1213 quae
2156 1145 2438 1212 prmfatum
2470 1144 2793 1214 Gregorium
2825 1144 3122 1199 antistitem
3155 1141 3398 1210 rogabat,
3427 1148 3487 1194 ut
3513 1138 3724 1192 cuidam

486 1241 608 1278 cum
623 1225 893 1280 Clodoveo
916 1228 1069 1282 solita
1091 1240 1207 1283 erat
1229 1229 1577 1299 cubare,ejus
1600 1230 1738 1285 ﬁlios
1759 1232 2053 1286 interiisse.

489 1314 716 1382 Regina,
770 1318 873 1372 hoc
919 1319 1125 1383 audito,
1154 1321 1429 1376 iracundia
1480 1332 1770 1388 commota,
1825 1324 2054 1393 puellam

485 1406 706 1475 quidem
728 1421 922 1461 caesam
948 1416 1073 1462 ante
1102 1411 1391 1480 hospitium
1433 1411 1683 1466 Clodovei
1713 1413 1834 1481 palo
1862 1429 2062 1482 prince—

491 1494 569 1562 pit
591 1493 759 1564 inﬁgi.
791 1495 1016 1550 Matrem
1041 1513 1171 1554 vero
1225 1497 1361 1568 ejus,
1387 1501 1702 1556 verberibus
1748 1503 2058 1570 laceratam,

487 1597 617 1638 vera
646 1584 815 1640 fuisse
861 1601 980 1656 quae
1006 1588 1146 1644 dicta
1173 1601 1330 1644 erant
1377 1593 1618 1661 profiteri
1649 1595 1845 1663 coegit.
1869 1595 2001 1648 Cum
2030 1609 2061 1648 a

493 1687 619 1742 rege
666 1674 924 1730 ultionem
978 1689 1249 1747 posceret,
1304 1695 1429 1746 rex,
1482 1693 1730 1738 venatum
1767 1685 2063 1753 profectus,

491 1761 661 1818 ﬁlium
689 1775 745 1818 ut
772 1767 838 1821 ad
869 1781 928 1822 se
957 1768 1165 1823 veniret
1203 1770 1411 1840 jussnm
1456 1772 1662 1843 alligari
1693 1773 1843 1839 fecit,
1885 1783 1940 1830 et
1983 1790 2068 1828 re-

2157 1234 2355 1298 Judaen,
2411 1236 2629 1291 nomine
2674 1236 2882 1298 Prisco,
2931 1236 3032 1291 sibi
3077 1233 3495 1290 familiarissime
3537 1242 3730 1284 manus

2161 1329 2485 1398 imponeret.
2533 1327 2638 1384 Sed
2671 1329 3022 1385 reluctantem
3051 1327 3288 1384 Judaeum
3318 1336 3372 1380 et
3393 1341 3450 1380 se
3475 1340 3580 1379 non
3605 1337 3726 1376 cre-

2161 1419 2288 1473 dere
2320 1419 2721 1484 reclamantem,
2755 1420 2974 1491 insuper
2998 1428 3053 1474 et
3079 1418 3203 1474 ﬁdei
3236 1427 3436 1473 nostra:
3461 1416 3727 1482 derogano

2164 1517 2293 1573 tem,
2342 1518 2640 1578 opportuna
2683 1510 2816 1564 satis
2853 1509 3215 1578 disputatione
3259 1507 3451 1562 beatus
3490 1500 3733 1574 pontifex

2166 1599 2461 1667 redarguit.
2493 1601 2591 1654 Cui
2633 1616 2725 1654 rex
2756 1618 2770 1654 :
2810 1620 2826 1650 ο
2865 1600 3025 1670 Quia,
3057 1598 3253 1671 inquit,
3281 1613 3315 1653 ο
3339 1607 3528 1652 sancte
3555 1607 3737 1650 sacer-

2168 1690 2286 1755 dos,
2317 1691 2554 1761 perﬁdus
2589 1693 3019 1748 benedictionem
3066 1690 3290 1761 respuit,
3322 1690 3506 1758 utique
3532 1698 3587 1750 et
3623 1686 3739 1755 ipsa

2169 1781 2508 1853 elongabitur
2529 1783 2598 1838 ab
2629 1798 2714 1838 eo.
2772 1782 2883 1852 Ego
2910 1797 3040 1837 vero
3082 1781 3176 1837 tibi
3208 1780 3328 1835 dico
3348 1778 3528 1833 verbis
3550 1774 3738 1840 Iacob,

495 1851 636 1920 gina:
661 1851 877 1908 direxit.
900 1855 1070 1922 Quem
1118 1858 1205 1912 illa
1256 1860 1424 1929 sepsit
1453 1861 1504 1914 in
1540 1865 1804 1927 custodia,
1847 1863 2069 1918 interro-
2099 1843 2143 1901 Β
2173 1843 2366 1939 quibus
2397 1871 2485 1926 ille
2525 1881 2710 1926 contra
2739 1887 2797 1926 se
2818 1843 3121 1926 luctantem
3153 1869 3417 1928 allocutus
3461 1875 3546 1921 est
3578 1879 3744 1931 ange-

493 1957 632 2012 gans
661 1943 738 1998 rei
762 1945 1064 2010 veritatem,
1097 1949 1182 2002 vel
1217 1949 1305 2018 qui
1346 1964 1414 2003 ex
1457 1951 1798 2021 principibus
1825 1952 1874 2006 ei
1917 1951 2067 2008 fave-

473 2089 476 2092 ,
503 2043 645 2087 rent.
677 2034 876 2089 Verum
903 2036 992 2090 ille
1037 2038 1169 2093 nihil
1215 2040 1501 2096 criminum
1533 2043 1835 2108 confessus,
1867 2047 2073 2102 amicos

506 2139 635 2180 suos
681 2141 774 2180 seu
819 2125 1115 2182 familiares
1139 2128 1361 2185 detexit.
1393 2131 1483 2187 illa
1526 2147 1648 2188 cum
1701 2143 1824 2204 post
1856 2136 2075 2192 biduum

504 2223 658 2270 trans
687 2215 986 2273 Matronam
1011 2221 1064 2275 in
1088 2221 1290 2288 villam,
1319 2223 1577 2279 Nocdum
1604 2229 1844 2293 nomine,
1875 2229 1995 2286 duci
2023 2238 2078 2286 et

503 2305 576 2360 ibi
626 2307 677 2359 in
711 2310 952 2364 custodia
1001 2311 1177 2367 cultro
1228 2312 1465 2368 interimi
1512 2316 1796 2381 mandans,
1843 2321 1952 2390 regi
1985 2336 2080 2390 per

502 2395 946 2453 subintroductas
1005 2399 1270 2456 insinuari
1319 2402 1446 2457 fecit
1477 2419 1758 2473 personas,
1785 2409 1926 2477 quod
1968 2411 2082 2478 ipse

506 2501 566 2540 se
613 2487 993 2556 interfecisset,
1027 2502 1081 2548 et
1126 2495 1304 2549 adhuc
1329 2496 1561 2550 cultrum
1592 2499 1643 2552 in
1678 2499 1794 2554 loco
1835 2501 2079 2556 vulneris

505 2577 843 2648 persisteret.
871 2580 1023 2646 Quod
1074 2599 1167 2638 rex
1218 2585 1464 2650 audiens,
1525 2587 1729 2642 nullum
1777 2604 1877 2660 pro
1911 2600 2083 2645 morte

508 2667 602 2722 ﬁlii
633 2672 945 2742 concipiens
971 2674 1195 2744 luctum,
1235 2692 1356 2731 eum
1388 2679 1585 2733 ibidem
1614 2680 1828 2749 sepeliri
1862 2683 2084 2736 manda-

507 2761 607 2816 vit.
635 2762 806 2820 Mater
835 2765 1085 2822 Clodovei
1119 2769 1412 2825 crudeliter
1434 2782 1647 2839 necata,
1679 2789 1833 2828 soror
1853 2791 1881 2828 a
1904 2777 2085 2844 pueris

511 2857 710 2926 reginae
753 2858 929 2927 illusa,
961 2860 1014 2915 in
1061 2864 1452 2918 monasterium
1485 2873 1568 2919 est
1605 2865 1843 2920 detrusa.
1876 2867 2083 2934 Mulier,

509 2963 633 3018 qua
662 2961 851 3006 contra
873 2969 996 3008 eum
1033 2954 1210 3010 locuta
1246 2955 1443 3022 fuerat,
1477 2967 1535 3012 ut
1561 2958 1679 3012 viva
1711 2969 1962 3014 ureretur
1987 2962 2086 3015 ad-

510 3043 767 3115 iudicata,
798 3049 922 3104 dum
954 3051 1295 3106 mendacium
1328 3053 1531 3107 dixisse
1575 3050 1778 3106 frustra
1807 3051 2086 3118 clamaret,

520 3137 586 3191 ad
632 3140 871 3208 stipitem
929 3142 1091 3212 rigata
1116 3145 1304 3198 vivens
1335 3153 1522 3199 exusta
1553 3152 1656 3198 est.
1699 3144 2090 3199 Thesaurarius

519 3225 792 3293 Clodovei,
822 3246 850 3283 a
883 3231 1102 3301 Cnpane
1143 3233 1350 3288 Stabuli
1392 3235 1591 3289 comite
1620 3234 1686 3289 de
1717 3233 1956 3289 Biturico
2009 3252 2092 3289 re-

519 3328 728 3375 tractus
752 3330 808 3378 et
843 3324 1040 3393 regina:
1075 3325 1288 3379 vinctus
1313 3325 1575 3390 directus,
1599 3325 1667 3380 ab
1697 3326 1835 3399 ipsa,
1869 3334 2095 3396 rogante

523 3425 623 3480 pro
645 3426 710 3466 eo
732 3411 888 3466 beato
909 3413 1171 3485 Gregorio
1193 3415 1462 3472 Turonieo
1482 3415 1758 3488 episcopo,
1783 3417 2013 3471 vinculis
2033 3431 2096 3474 ac

526 3500 702 3571 plenis
728 3503 1006 3561 absolutus
1030 3514 1138 3560 est.

1082 3595 1308 3652 CAPUT
1346 3595 1532 3652 XLIV.

527 3679 606 3740 De
653 3680 928 3754 Chilperici
971 3688 1298 3758 spectaculis.
1343 3688 1421 3742 De
1453 3687 1619 3742 Salvii
1648 3687 1861 3753 visione,
1909 3697 1957 3740 et
1984 3702 2101 3758 qua

1071 3773 1186 3811 eam
1214 3771 1390 3812 secuta
1415 3769 1558 3812 sunt.

601 3842 706 3896 Per
737 3843 875 3899 idem
927 3853 1158 3916 tempus,
1211 3848 1547 3919 Cliilpericus
1593 3849 1732 3919 apud
1779 3847 2104 3903 Suessionas

526 3935 613 3990 vel
639 3936 876 3992 Parisins
921 3939 1096 3994 circos
1125 3939 1384 3995 ardiﬁcari
1410 3939 1632 4009 jubens,
1665 3939 1968 4006 spectacula
2002 3954 2100 4008 po-

530 4027 670 4099 pulis
733 4029 980 4098 pratbnit.
1035 4031 1180 4086 Sane
1205 4041 1327 4102 post
1395 4043 1751 4086 memoratam
1807 4031 2092 4101 synodum,

533 4119 659 4171 dum
690 4119 880 4187 beatus
918 4120 1233 4192 Gregorius,
1288 4123 1354 4176 ad
1388 4122 1606 4192 propria
1657 4121 1951 4184 rediturus,
1985 4135 2106 4174 cum

534 4218 722 4263 sancto
750 4208 931 4266 Salvio
965 4211 1229 4266 familiare
1258 4212 1584 4282 colloquium
1636 4212 1688 4265 in
1739 4212 1880 4265 atrio
1920 4212 2111 4265 domus

539 4302 699 4370 regia:
752 4303 998 4370 haberet,
1023 4305 1100 4359 ait
1154 4305 1222 4358 ad
1272 4319 1394 4358 eum
1441 4305 1526 4359 vir
1597 4305 1806 4359 Domini
1852 4303 2108 4358 Salv-ius:

544 4409 561 4439 ι
622 4391 870 4457 Videsne,
904 4407 937 4448 ο
989 4392 1178 4456 frater,
1230 4408 1392 4462 super
1427 4403 1623 4447 tectum
1675 4391 1810 4447 aula:
1866 4407 1986 4462 qnt'e
2013 4406 2113 4459 ego

2174 1961 2285 2014 lum
2322 1979 2334 2014 :
2368 1961 2490 2015 Non
2526 1962 2784 2016 dimittam
2850 1973 2920 2025 te,
2949 1963 3052 2016 nisi
3078 1960 3395 2016 benedixeris
3429 1957 3556 2011 mihi
3587 1954 3744 2026 (Gen.

2176 2050 2371 2120 χχχιι).
2395 2049 2675 2105 »Ροηιὶΐθχ
2709 2051 2872 2120 igitur
2895 2051 3216 2106 benedicens
3244 2049 3460 2119 regi,ac
3486 2060 3590 2100 una
3623 2059 3744 2098 cum

2176 2157 2242 2196 eo
2272 2141 2452 2197 cibum
2479 2143 2772 2211 accipiens.
2801 2141 2867 2195 ad
2892 2140 3106 2211 propria
3139 2140 3317 2195 rediit.

2250 2232 2326 2287 Eo
2350 2241 2589 2303 tempore
2614 2233 2749 2287 obiit
2773 2233 3074 2303 Eparchins
3105 2232 3245 2303 apud
3276 2230 3636 2302 Engenismam
3667 2243 3751 2282 re-

2179 2321 2380 2388 clusus,
2407 2322 2491 2376 vir
2516 2323 2815 2393 magniﬁca:
2829 2321 3161 2386 sanctitatis,
3185 2321 3275 2391 qui
3306 2320 3598 2382 hominem,
3624 2315 3752 2371 furti

2181 2415 2356 2486 gratia
2386 2416 2626 2485 patibulo
2655 2431 2993 2486 suspensum,
3020 2416 3142 2471 vitae
3172 2414 3430 2470 restituit.

2742 2529 2968 2584 CAPUT
3002 2529 3184 2583 XLVI.

2182 2598 2260 2652 De
2296 2598 2564 2660 Theodoro
2590 2598 2911 2655 Μαδύης»ηεὶ
2942 2600 3179 2668 episcopo
3209 2610 3255 2653 et
3278 2597 3424 2663 Lupo
3451 2598 3558 2651 cive
3589 2595 3759 2668 Turo-

2255 2671 2402 2722 nensi
2431 2683 2449 2722 :
2482 2671 2546 2724 de
2590 2671 2767 2739 eclipsi
2807 2667 2985 2736 (ante,
3049 2667 3121 2723 et,
3155 2670 3450 2739 prodigiosa
3487 2667 3758 2736 sanguinis

2255 2741 2406 2808 ﬂuxu
2435 2739 2655 2810 aliisque
2681 2740 2950 2808 portentis.

2256 2828 2391 2898 lpsis
2421 2829 2608 2885 diebus
2639 2830 2980 2894 Theodorus,
3014 2829 3260 2883 Massilim
3285 2829 3590 2898 episcopus,
3615 2843 3644 2880 a
3670 2827 3762 2883 Di-

2187 2921 2370 2976 namio
2401 2929 2610 2976 rectore
2657 2921 2957 2975 Provinciae
2997 2921 3419 2990 comprehensus
3458 2919 3658 2988 injuste
3705 2925 3760 2970 et

2190 3009 2401 3077 injuriis
2441 3010 2686 3076 affectus,
2719 3011 2844 3064 dum
2877 3011 3000 3064 inde
3046 3009 3182 3064 liber
3220 3010 3287 3062 ad
3339 3023 3515 3077 regem
3547 3006 3764 3070 Childe-

2191 3099 2400 3153 hertum
2447 3110 2783 3170 properaret,
2839 3100 3035 3155 iterum
3079 3115 3108 3152 a
3148 3097 3464 3154 Gnntranno
3519 3111 3645 3166 rege
3676 3109 3767 3149 ca-

2193 3191 2355 3259 pitur.
2385 3190 2549 3260 Cujus
2595 3191 2773 3245 clerici
2805 3191 2929 3247 odio
2974 3206 3095 3244 eum
3129 3191 3409 3252 habentes,
3457 3187 3560 3241 hoc
3582 3185 3764 3240 audite

2196 3295 2284 3336 res
2333 3281 2576 3336 ecclesize
2628 3281 2906 3344 invadunt,
2958 3279 3321 3349 promptuaria
3381 3279 3642 3347 spoliant;
3701 3275 3768 3328 de

2197 3373 2314 3442 ipso
2352 3373 2512 3427 etiam
2562 3371 2814 3444 pontiﬁce
2878 3372 3105 3426 erimina
3165 3371 3307 3425 falso
3352 3369 3766 3440 proloquuntur.

2201 3463 2354 3519 Tunc
2399 3463 2776 3519 Childebertus
2820 3479 2913 3518 rex
2944 3453 3010 3516 ad
3036 3460 3356 3520 avunculum
3404 3475 3558 3515 suum
3590 3471 3771 3528 regem

2201 3554 2580 3611 Guntrannum
2635 3554 2853 3624 dirigit,
2907 3553 3168 3608 mandans
3224 3558 3432 3620 partem
3499 3547 3770 3612 Massilia,

2201 3660 2362 3713 quam
2385 3645 2432 3698 ei
2465 3652 2586 3716 post
2613 3645 2818 3698 obitum
2863 3642 3034 3713 patris
3062 3642 3142 3696 sui
3189 3641 3430 3702 dederat,
3463 3637 3562 3691 sibi
3597 3636 3772 3699 reddi;

2204 3733 2284 3788 sin
2319 3733 2475 3797 alias,
2529 3733 2693 3788 sciret
2729 3748 2785 3788 se
2823 3747 2887 3786 eo
2923 3731 3076 3801 plura
3123 3730 3467 3784 amissurum.
3500 3725 3596 3780 llis
3629 3723 3779 3778 Guna

2205 3835 2403 3881 tranno
2454 3841 2794 3897 nequaquam
2848 3824 3177 3879 assentiente
3224 3831 3278 3876 et
3316 3821 3536 3889 insuper
3577 3819 3696 3871 vias
3726 3817 3778 3871 in

2207 3932 2374 3987 regno
2399 3932 2497 3971 suo
2519 3915 2777 3970 custodiri
2818 3912 3062 3982 jubente,
3095 3927 3161 3965 ne
3189 3910 3309 3980 quis
3349 3907 3584 3962 ﬁdelium
3616 3919 3782 3974 nepov

2210 4009 2279 4064 tis
2325 4008 2406 4061 sui
2434 4005 2728 4062 Massiliam
2771 4003 2968 4066 adiret,
3001 4000 3378 4056 Childebertus
3421 3993 3780 4057 Gundnlfum,

2211 4098 2472 4154 senatorii
2523 4097 2736 4168 generis
2779 4097 2977 4159 virum,
3017 4107 3172 4147 sumn
3227 4105 3355 4144 vero
3402 4085 3783 4147 domesticum,

2211 4195 2401 4248 ducem
2434 4201 2696 4256 creatum,
2743 4197 3093 4242 memoratam
3127 4183 3322 4239 direxit
3348 4181 3412 4234 ad
3447 4179 3658 4233 urbem.
3685 4174 3788 4242 Qui

2214 4301 2313 4356 per
2342 4283 2668 4337 Turonicam
2723 4295 2788 4334 eo
2820 4279 3042 4333 tendens
3080 4277 3372 4337 civitatem,
3406 4287 3436 4324 a
3466 4271 3627 4325 beat.)
3654 4268 3790 4321 (ire—

2213 4377 2364 4446 gorio
2408 4373 2622 4444 agnitus
2679 4369 2844 4442 (quod
2883 4368 3072 4425 matris
3123 4365 3240 4432 ejus
3273 4371 3415 4418 esset
3466 4356 3788 4424 avunculus)

539 4481 736 4540 nerito?
763 4501 782 4532 ι
810 4483 908 4538 Cui
940 4499 1061 4537 eum
1087 4483 1176 4538 ille
1203 4483 1556 4552 responderet
1589 4498 1648 4537 se
1677 4482 1751 4535 nil
1777 4481 1920 4535 aliud
1948 4497 2083 4551 quan

2218 4464 2602 4519 humanissime
2633 4463 2822 4516 diebus
2855 4460 3091 4530 quinque
3133 4457 3272 4527 apud
3311 4455 3481 4523 ipsum
3509 4459 3592 4506 est
3635 4447 3791 4503 habi-

544 4567 770 4637 tegulas,
795 4585 931 4638 quas
964 4586 1054 4626 rex
1083 4572 1291 4641 pridem
1319 4571 1606 4639 superponi
1625 4570 1885 4639 jusserat,
1908 4571 2112 4635 videre,

549 4668 868 4728 rogaretque
898 4669 974 4723 ut,
1008 4659 1052 4714 si
1099 4663 1212 4730 ipse
1244 4659 1389 4713 aliud
1436 4659 1698 4728 quidlibet
1729 4666 1997 4722 cerneret,
2030 4659 2115 4710 in-

550 4752 756 4806 dicaret
799 4753 1122 4821 (aestimabat
1166 4744 1309 4805 enim
1353 4751 1500 4804 illum
1534 4749 1691 4804 solito
1717 4763 1863 4802 more
1899 4746 2117 4818 iocari),

554 4844 646 4898 ille
691 4845 884 4900 iterato
924 4845 990 4899 ad
1019 4859 1141 4898 eum
1176 4885 1190 4897 .
1229 4862 1246 4894 ο
1279 4841 1590 4913 Conspicio,
1639 4843 1832 4912 inquit,
1885 4842 2120 4912 gladium

553 4942 648 4998 ira:
684 4941 775 4995 Dei
830 4956 990 5011 super
1041 4940 1180 4994 hanc
1223 4939 1614 5009 dependentem
1663 4938 1900 4989 domum.
1947 4955 1964 4987 ο
2016 4934 2125 4989 Nec

553 5034 754 5087 frustra
799 5034 913 5087 ha'c
960 5032 1286 5086 vaticinatus
1333 5039 1434 5084 est.
1471 5029 1602 5083 Nam
1635 5036 1755 5096 post
1792 5026 1976 5096 viginti
2010 5026 2126 5080 dies

717 5125 806 5136 Α...

1813 5112 1962 5136 ...ᾼ.Αἱ-
2008 5131 2033 5136 ..

2220 4569 2326 4622 tus,
2381 4573 2444 4612 ac
2491 4555 2700 4610 itineris
2747 4553 3071 4608 necessariis
3113 4549 3344 4619 sumptis
3383 4555 3462 4600 est
3495 4543 3790 4615 profectus.

2217 4651 2460 4719 Curaque
2481 4666 2509 4702 a
2542 4647 2788 4702 Dinamio
2817 4654 2873 4698 et
2905 4643 3112 4698 clericis
3153 4641 3251 4710 ipsi
3282 4639 3499 4708 quidem
3540 4633 3795 4689 introitus

2223 4717 2394 4802 urbis,
2455 4736 2710 4806 episcopo
2764 4749 2894 4786 vero
2926 4731 3232 4792 Theodoro,
3264 4728 3354 4796 qui
3391 4725 3506 4794 jam
3550 4721 3797 4778 custodia

2223 4831 2430 4887 solutus
2453 4844 2512 4884 se
2534 4830 2580 4880 ei
2607 4829 2883 4896 junxerat,
2917 4825 3190 4895 ingressus
3214 4827 3506 4888 negaretur
3533 4813 3796 4876 ccclesir,

2227 4923 2438 4976 tandem
2468 4918 2760 4987 aliquando
2781 4915 3028 4970 Dinamio
3057 4916 3364 4971 suaserunt,
3399 4915 3457 4960 ut
3488 4907 3542 4961 in
3569 4902 3800 4959 ecclesia

2225 5011 2377 5070 Beati
2417 5007 2698 5079 Stephani,
2723 5021 2840 5075 qua:
2869 5003 3040 5058 muris
3067 5001 3240 5056 vicina
3275 5005 3417 5061 erat,
3457 4995 3538 5050 eis
3570 4993 3802 5047 collocu-

2229 5113 2379 5136 Ini-nc
2433 5098 2801 5136 anno."th
2839 5095 2957 5136 nun
3002 5093 3129 5136 dum
3158 5087 3417 5136 venisset.
3466 5083 3538 5136 ab
3565 5079 3803 5134 ostiariis
