4044 5428
332 292 434 357 Ἰὲδ

1363 285 1683 347 ΙΙΙΒΤΟὶιΙΑ
1713 280 2165 345 FRANCORUM".
2203 314 2271 323 —
2310 280 2430 338 LIB.
2468 278 2554 337 l‘ll.

3482 273 3585 329 726

334 417 427 464 des
446 423 632 462 eorum
659 406 789 469 ruit,
812 404 1069 474 pollicens
1094 418 1154 457 se
1175 412 1359 473 portas
1387 413 1752 459 reseraturum
1773 399 1911 468 regi-
1938 398 1987 458 Α
2017 397 2293 453 descendit
2323 396 2389 450 ad
2423 395 2717 449 infernum.
2771 388 2902 443 Nam
2948 396 3068 442 orto
3108 386 3250 440 inter
3301 382 3480 452 ipsum
3524 392 3588 431 ac

332 514 437 570 que
467 495 624 553 simul
657 505 714 551 tt
744 494 981 564 pontifici
1009 495 1075 549 de
1105 493 1311 562 reliquo
1340 493 1499 549 tidem
1546 501 1905 549 servaturum.

334 592 439 646 Sua
464 590 625 661 igitur
654 588 757 643 lide
806 586 1076 651 dimissus,
1124 588 1313 641 ducem
1353 586 1560 656 pariter
1584 601 1705 641 cum
1735 584 1911 652 ponti-

334 680 457 744 tice,
512 679 817 735 exsnlzante
858 678 1004 732 omni
1072 678 1289 748 populo,
1336 677 1541 746 recepit
1586 676 1639 730 in
1697 675 1906 729 urbem.

333 772 528 827 Clerici
557 788 708 833 sane,
742 771 832 837 qui
860 786 925 823 eo
950 770 1243 839 impulsore
1272 772 1520 840 nequiter
1544 779 1730 823 contra
1755 782 1909 821 suum

334 868 562 932 egerant
592 871 885 930 pastorem,
915 862 1039 914 dum
1085 862 1151 915 ad
1172 860 1394 917 demum
1424 860 1539 929 ejus
1564 877 1622 916 se
1648 860 1909 915 contuliso

335 960 473 1013 snit,
510 950 855 1017 ﬁdi-jussores
879 951 1008 1005 dare
1034 951 1292 1021 compulsi
1329 960 1452 1005 sunt
1476 961 1533 1005 ut
1561 951 1669 1020 regi
1697 949 1913 1005 Childe-

337 1044 495 1097 berto
542 1056 604 1097 se
651 1050 1057 1111 prtesenlarent.
1109 1041 1411 1096 Gundulfus
1454 1050 1653 1106 autem,
1702 1048 1912 1109 recepta

337 1132 575 1186 Massilia
626 1141 681 1185 et
731 1132 985 1201 episcOpo
1040 1147 1149 1187 sua:
1180 1132 1292 1187 sedi
1328 1133 1592 1193 restituto,
1642 1132 1706 1183 ad
1737 1146 1911 1198 regem

337 1240 593 1280 reversus
624 1234 725 1279 est.
754 1225 1030 1279 Dinamins
1075 1235 1276 1290 autem,
1316 1236 1492 1295 spreta
1524 1239 1684 1294 quam
1711 1222 1915 1293 promi-

338 1324 483 1368 serat
519 1314 623 1368 (ide
640 1313 891 1378 antistiti,
926 1315 991 1369 ad
1018 1314 1396 1370 Guntrannum
1432 1330 1607 1385 regem
1636 1315 1795 1368 mittit
1825 1314 1915 1382 qui

336 1403 584 1459 dicerent
641 1419 700 1459 se
752 1404 967 1473 quidem
1043 1404 1231 1458 urbem
1296 1404 1512 1459 tradere
1578 1404 1758 1467 velle,
1823 1403 1917 1458 sed

338 1493 681 1551 Theodorum
706 1496 959 1561 obstare;
992 1511 1091 1551 nec
1126 1496 1200 1551 illi
1245 1496 1390 1551 cives
1424 1496 1916 1563 ullatenusiaritu-

336 1604 454 1654 ros,
482 1590 583 1645 uisi
625 1590 879 1645 sacerdos
905 1589 1097 1645 alicubi
1143 1592 1450 1646 truderetur
1476 1590 1685 1645 exsilio.
1715 1590 1919 1656 Quibus

336 1680 523 1735 vezbis
554 1696 643 1734 rex
678 1681 942 1745 irritatus,
969 1696 1092 1735 eum
1120 1681 1223 1736 sibi
1252 1683 1489 1735 vinctum
1531 1680 1773 1736 exhiberi
1810 1678 1919 1747 jus-

338 1774 428 1827 sit.
465 1773 573 1828 Sed
611 1788 732 1827 cum
759 1772 1015 1838 antistes,
1039 1773 1139 1828 sibi
1163 1781 1554 1836 metuens,non
1588 1772 1746 1827 facile
1764 1786 1918 1842 egre-

339 1865 562 1920 deretur
590 1866 659 1920 ab
689 1864 843 1930 urbe,
885 1865 1062 1920 evenit
1111 1850 1408 1920 necessitas
1439 1852 1745 1919 dedicanda:
1778 1863 1919 1917 basi-

338 1955 459 2009 licae
491 1957 837 2012 suburbanas
866 1957 999 2012 Dum
1044 1957 1207 2028 igitur
1235 1972 1298 2012 eo
1328 1966 1664 2028 pr0peraret,
1696 1971 1762 2010 ex
1790 1955 1919 2009 insi-

338 2045 445 2099 diis
489 2046 673 2101 subito
702 2047 997 2103 adversarii
1029 2056 1460 2118 prorumpentes,
1496 2048 1727 2103 clericos
1755 2057 1917 2101 czete-

340 2149 540 2204 resque
566 2136 926 2206 obsequentes
954 2151 1122 2192 caesos
1152 2136 1204 2190 in
1236 2135 1414 2207 fugam
1440 2145 1605 2209 agunt
1639 2138 1920 2207 ipsumque

338 2240 482 2296 equo
512 2227 732 2297 proprio
760 2228 1027 2298 dejectum
1059 2228 1151 2282 vili
1180 2230 1519 2300 imponentcs
1553 2229 1819 2298 jumento,
1853 2231 1919 2285 ad

341 2329 523 2382 regem
552 2315 843 2370 deduxere.
888 2317 984 2372 Cui
1014 2319 1324 2387 Aquensem
1371 2321 1699 2388 pervenienti
1730 2321 1795 2373 ad
1832 2336 1921 2374 ur-

339 2404 491 2472 bem,
521 2404 766 2461 Pientius
790 2407 1074 2477 episcopus
1101 2408 1330 2463 clericos
1372 2425 1435 2463 ac
1472 2419 1663 2464 caetera
1695 2409 1795 2463 via:
1836 2418 1919 2462 at-

344 2494 541 2550 tribuit
566 2498 897 2552 necessaria.
926 2498 1098 2553 Porro
1125 2514 1219 2554 res
1250 2514 1314 2554 eo
1354 2500 1619 2564 discusso,
1662 2500 1786 2553 dum
1824 2499 1923 2554 im-

342 2600 563 2640 munem
597 2586 887 2642 invenisset
918 2603 947 2641 a
980 2588 1156 2658 culpa,
1184 2589 1365 2645 multis
1393 2591 1709 2645 honoratum
1736 2605 1923 2645 mune-

342 2674 496 2728 ribus
523 2674 590 2727 ad
615 2690 765 2730 suam
807 2678 1004 2731 reverti
1056 2678 1340 2747 imperavit
1376 2679 1692 2734 Ecclesiam.
1742 2678 1843 2747 Qui
1891 2694 1922 2733 a

343 2762 497 2831 plebe
514 2780 637 2819 cum
668 2765 849 2820 lzctitia
873 2776 1140 2837 receptus,
1167 2768 1371 2823 invenit
1394 2770 1635 2825 ecclesia:
1662 2786 1749 2825 res
1772 2786 1924 2826 suas-

343 2869 452 2925 que
507 2871 536 2915 a
590 2855 803 2911 clericis
850 2874 1126 2929 pervasus.
1190 2859 1283 2916 llis
1342 2862 1539 2931 quippe
1589 2877 1687 2932 pro
1746 2863 1923 2919 causis

346 2947 526 3003 medus
566 2949 705 3003 inter
732 2950 1106 3006 Guntranuum
1151 2962 1204 3008 et
1250 2953 1652 3008 Childcbertum
1684 2965 1920 3025 ruptttm,

2012 489 2299 563 quemdam
2322 488 2589 551 Patirum,
2616 500 2678 540 ex
2702 481 2889 537 Judaeo
2908 492 3254 541 conversum,
3279 472 3484 547 jurgio,
3515 470 3581 524 ab

2010 597 2075 637 eo
2095 580 2274 652 gladio
2301 591 2591 649 percussus
2615 574 2839 629 interiit.

2544 684 2774 741 CAPUT
2830 682 3066 738 XLVIII.

2068 785 2147 841 De
2195 782 2475 854 Chilperici
2525 782 2587 837 ob
2633 780 2959 854 interfectum
3014 775 3318 854 prmidium
3361 770 3535 840 pontis

2259 846 2580 908 Parisiensis
2619 854 2675 905 in
2714 846 3082 905 Guntrannum
3122 846 3341 899 ultione.

2086 945 2241 1015 Apud
2285 952 2505 1014 pontem
2550 940 2837 995 Parisiacae
2885 935 3035 989 urbis
3081 938 3412 987 memoratus
3440 928 3589 997 priu-

2015 1055 2143 1109 ceps
2194 1037 2445 1093 custodes
2496 1040 2785 1105 posuerat,
2830 1038 2890 1083 ut
2926 1026 3269 1083 insidiatores
3312 1023 3379 1077 de
3425 1035 3588 1090 regno

2016 1129 2206 1183 fratris
2249 1126 2331 1182 sui
2362 1122 2672 1180 Guutranni
2704 1118 3054 1174 advenientes
3104 1119 3442 1170 arcerentur.
3480 1109 3590 1163 llos

2016 1218 2332 1286 Asclepins,
2372 1214 2547 1270 olIicio
2596 1211 2870 1283 quondam
2921 1208 3077 1263 ducis
3124 1206 3379 1268 functus,
3431 1210 3591 1258 nocte

2020 1327 2122 1365 una
2153 1322 2344 1363 omnes
2389 1304 2685 1368 interemit,
2735 1312 3041 1372 pagumqne
3080 1295 3230 1368 ponti
3282 1293 3596 1365 proximum

2019 1403 2377 1475 depopulatus
2407 1409 2512 1456 est.
2543 1398 2881 1467 Quapropter
2916 1392 3251 1461 Chilpericus
3278 1403 3397 1442 cum
3437 1402 3603 1441 uer--

2020 1496 2129 1550 citu
2162 1507 2324 1563 super
2354 1490 2578 1545 fratrem
2630 1488 2841 1541 irruere
2886 1483 3092 1546 volens,
3141 1479 3385 1535 consiliis
3429 1475 3611 1529 bouoo»

2022 1598 2139 1637 rum
2164 1582 2405 1637 virorum
2435 1577 2672 1633 monitus
2696 1574 2919 1639 restitit,
2939 1572 3161 1627 mittens
3189 1568 3341 1623 fratri
3365 1567 3591 1636 legatos,

2024 1684 2083 1729 ut
2120 1673 2261 1728 mala
2300 1673 2403 1729 sibi
2437 1671 2584 1726 illata
2616 1669 2937 1739 corrigeret.
2972 1665 3066 1719 llle
3090 1663 3316 1733 justitiae
3358 1668 3617 1720 amator,

1948 1732 1993 1791 Β
2022 1772 2183 1835 prout
2219 1762 2558 1825 mouebatur,
2590 1773 2751 1830 agere
2765 1732 2903 1812 vnon
2950 1754 3178 1811 distulit.
3210 1751 3596 1807 Verumtamen

2020 1855 2363 1925 Chilpericus
2392 1853 2477 1908 his
2518 1867 2625 1907 non
2672 1857 2983 1913 contentus,
3016 1846 3225 1916 aliquas
3256 1859 3284 1897 a
3317 1842 3486 1896 fratre
3521 1841 3599 1894 ci-

2020 1949 2223 2003 vitates
2263 1944 2535 2009 auferens,
2586 1957 2756 1998 novos
2785 1942 2866 1996 eis
2896 1938 3123 1995 comites
3166 1933 3426 2005 prarfecit,
3456 1946 3601 2001 pra:-

2023 2050 2241 2111 ceptum
2278 2039 2437 2104 dans,
2470 2047 2530 2091 ut
2558 2050 2743 2090 earnm
2774 2033 2973 2089 tributa
3000 2044 3099 2086 suo
3128 2026 3457 2084 inferrentur
3488 2024 3609 2078 them

2022 2147 2202 2189 sauro.

2580 2218 2808 2276 CAPUT
2847 2216 3038 2272 XLIX.

2110 2318 2183 2375 De
2232 2316 2521 2373 tabellariis
2570 2313 2829 2367 Charterli
2880 2308 3105 2378 episcopi
3144 2301 3539 2373 deprehensis,“

2523 2396 2567 2439 et
2611 2380 2916 2437 Theudorici
2958 2392 3095 2433 ortu.

2095 2502 2191 2558 His
2237 2500 2426 2556 diebus
2469 2513 2499 2553 a
2544 2493 2851 2551 Nunnichio
2880 2489 3077 2546 comite
3119 2483 3466 2541 Leinovicino
3496 2480 3631 2533 duo.—

2025 2592 2228 2649 detenti
2277 2598 2402 2645 sunt
2431 2586 2700 2651 homines,
2746 2598 2810 2636 ex
2845 2578 3063 2634 nomine
3110 2571 3377 2631 Charterii
3414 2568 3599 2622 Petro—

2027 2683 2195 2752 gorici
2243 2678 2507 2735 antistitis
2546 2676 2760 2729 litteras
2800 2669 3059 2725 ferentes.
3106 2666 3162 2720 In
3207 2663 3422 2734 quibus,
3464 2659 3603 2711 inter

2028 2749 2135 2830 alia
2182 2787 2301 2843 qua:
2360 2771 2425 2824 de
2475 2764 2784 2833 Chilperico
2829 2758 3245 2815 continebantur
3291 2749 3599 2806 maledicta.

2028 2868 2131 2922 hoc
2173 2863 2337 2918 etiam
2385 2858 2707 2928 legebatur:
2765 2872 2781 2905 ι
2815 2852 2967 2919 Quod
3016 2848 3300 2917 episcOpus
3347 2852 3602 2911 querere-

2028 2968 2116 3013 tur
2148 2969 2205 3012 se
2235 2954 2299 3010 de
2346 2949 2601 3022 paradiso
2652 2945 2866 3016 pulsum
2920 2937 3265 2997 descendisse
3314 2933 3381 2989 ad
3434 2929 3603 2985 infer-

346 3039 726 3110 discord'aque
771 3040 1032 3097 immensa
1077 3054 1196 3097 acta
1227 3053 1330 3099 est.
1381 3023 1763 3100 Verumtamen
1787 3047 1924 3119 regi-
1952 3068 1995 3130 ρ
2030 3062 2180 3103 ηιιηι.
2216 3064 2234 3097 ι
2272 3041 2474 3110 Utique
2514 3038 2619 3092 hoc
2664 3034 2852 3089 volens
2889 3028 3148 3099 intelligi,
3192 3023 3333 3095 quod
3363 3038 3391 3076 a
3440 3034 3617 3088 regno.

347 3131 449 3186 bus
483 3133 581 3185 hoc
608 3133 767 3187 modo
797 3135 864 3188 ab
906 3134 1134 3190 invicem
1162 3136 1565 3202 dissidentibus,
1594 3137 1777 3208 Lupus
1808 3140 1927 3209 qui.

348 3224 468 3276 dam
497 3224 632 3278 civis
655 3223 956 3279 Tumnicus
973 3242 1138 3281 uxore
1155 3226 1427 3292 defuncta,
1457 3232 1583 3284 dum
1611 3230 1925 3286 clericatum

346 3325 646 3384 expeteret,
673 3332 700 3369 a
730 3317 896 3372 fratre
922 3318 1208 3374 Ambrosio
1233 3337 1299 3375 ne
1328 3320 1378 3375 id
1401 3320 1604 3378 faceret
1626 3324 1927 3393 prohibitus

347 3416 453 3471 cst,
494 3407 781 3476 pollicente
811 3406 1089 3480 conjugem
1138 3426 1197 3466 se
1236 3411 1351 3480 ejus
1402 3427 1690 3484 congruam
1745 3415 1925 3484 generi

350 3497 422 3551 illi
451 3499 813 3566 provisurum.
844 3499 938 3554 Cui
966 3501 1042 3555 rei
1073 3503 1198 3555 dum
1230 3504 1411 3558 studet
1437 3504 1564 3558 dare
1592 3520 1835 3573 operam,
1860 3504 1926 3558 ab

347 3590 614 3657 adultero,
647 3592 735 3660 qui
767 3608 885 3645 cum
917 3594 1145 3665 conjuge
1169 3595 1437 3650 Ambrosii
1471 3597 1641 3665 stupri
1679 3611 1789 3650 rem
1833 3598 1928 3650 ha-

349 3682 525 3743 bebat,
558 3684 776 3751 utrique
804 3685 1064 3753 perempti
1096 3694 1241 3739 sunt.
1270 3686 1513 3755 Dumque
1529 3676 1666 3740 unus
1698 3685 1926 3740 alterum

347 3772 458 3828 Deo
479 3775 801 3831 subtrahere
824 3791 886 3829 ac
917 3776 1038 3830 vitae
1069 3778 1348 3846 prtesentis
1378 3778 1789 3833 oblectamentis
1816 3788 1926 3832 tra-

347 3866 478 3920 dere
500 3865 713 3931 nititur,
745 3875 796 3924 et
829 3882 888 3922 se
910 3876 964 3921 et
998 3867 1142 3921 illum
1175 3869 1427 3937 perdidit.

418 3955 534 4011 Hoc
572 3972 714 4013 anno
753 3956 904 4013 Luna
937 3957 1180 4027 eclipsim
1219 3973 1378 4027 passa
1409 3968 1511 4024 est,
1545 3970 1599 4015 et
1640 3962 1780 4019 intra
1824 3971 1929 4018 ter-

347 4048 607 4105 ritorium,
635 4049 962 4103 Turonicuni
994 4065 1153 4105 verus
1183 4051 1247 4105 de
1278 4050 1504 4106 ell'racto
1531 4066 1668 4122 pane
1706 4055 1928 4123 sanguis

345 4137 575 4194 efﬂuxit.
624 4139 680 4192 lu
732 4138 1127 4194 Silvanecteusi
1168 4156 1324 4210 pago,
1378 4141 1615 4197 hominis
1645 4142 1925 4210 cujusdam

346 4227 565 4294 domus,
590 4243 711 4282 cum
744 4228 828 4282 ille
862 4245 1017 4284 mane
1047 4239 1314 4300 surgeret,
1340 4232 1603 4301 sanguine
1632 4232 1927 4287 introrsum

347 4332 571 4386 aspersa
627 4320 897 4387 apparuit.
961 4319 1145 4374 Murus
1205 4319 1611 4375 Sucssionensis
1670 4323 1928 4378 divinitus

2025 3134 2328 3195 Guntranni
2363 3132 2417 3186 in
2449 3128 2746 3185 dominium
2790 3124 3095 3180 devenisset
3127 3115 3438 3187 Chilperici.
3475 3113 3613 3179 Qui-

2025 3230 2128 3284 bus
2154 3225 2268 3297 regi
2295 3222 2500 3294 pariter
2520 3234 2644 3275 cum
2672 3214 3005 3272 delatoribus
3030 3208 3270 3270 directis,
3297 3202 3605 3297 prtl‘clpl'ltlt:

2027 3290 2557 3381 adducivepiscopus,
2592 3309 2657 3363 de
2704 3308 2790 3361 his
2836 3304 3103 3359 rationem
3135 3296 3464 3353 redditurus.
3498 3290 3604 3343 Sed

2027 3425 2149 3465 cum
2188 3423 2293 3462 non
2342 3403 2501 3459 facile
2548 3400 2986 3459 convinceretur,
3038 3392 3104 3446 ad
3143 3386 3360 3463 propria
3409 3383 3606 3437 ill-.csus

2028 3500 2239 3570 regredi
2296 3498 2542 3567 jubetnr.
2610 3490 2851 3558 Denique
2914 3493 3035 3556 post
3098 3482 3287 3545 funera
3316 3476 3627 3570 “filiorummt

2028 3564 2340 3659 Chilperico
2367 3586 2511 3640 filius
2540 3582 2803 3646 nascitur,
2844 3592 3006 3649 quem
3038 3572 3285 3643 sequenti
3324 3582 3467 3623 anno
3501 3564 3607 3617 Pa-

2028 3682 2190 3737 risins
2237 3681 2289 3735 in
2344 3677 2553 3732 Pascha
2601 3669 2867 3743 baptizari
2923 3667 3051 3722 fecit
3103 3660 3611 3726 Theodoricumqno

2028 3769 2345 3829 nominavit.

2648 3851 2873 3911 CAPUT
2912 3849 2973 3906 L.

2104 3953 2177 4008 De
2217 3949 2471 4022 legatione
2511 3944 2687 4017 fetiali
2719 3939 3033 3999 Childeberli
3062 3936 3131 3991 ad
3164 3929 3533 4022 Chilpericum.

2103 4015 2285 4095 Porro'
2316 4015 2695 4091 Childcbertns
2754 4029 3002 4101 Egidium
3062 4024 3380 4080 Remensem
3430 4015 3609 4070 archi-

2029 4132 2372 4202 episcopum,
2404 4141 2527 4182 cum
2561 4123 2683 4178 aliis
2711 4118 3095 4192 optimatibus,
3127 4114 3193 4169 ad
3239 4108 3615 4181 Chilpericnm

2031 4231 2287 4293 patruum
2322 4233 2479 4273 suum
2513 4212 2870 4272 confirmandi
2900 4202 3149 4271 fmderis,
3179 4205 3321 4277 quod
3353 4202 3607 4260 inierant,

2031 4292 2193 4367 causa
2234 4308 2437 4380 dirigit.
2470 4307 2547 4362 Ex
2595 4305 2793 4375 quibus
2840 4302 3061 4373 Egidius
3109 4298 3160 4352 in
3207 4298 3352 4351 hunc
3393 4292 3615 4348 modum

346 4409 644 4465 subversus
693 4417 796 4462 est.
854 4410 1155 4479 Atldegavis
1204 4418 1545 4465 terrrcmotus
1593 4410 1770 4468 factus
1824 4423 1924 4468 est.
1961 4417 2007 4477 ί)
2036 4400 2321 4474 legationis
2372 4398 2559 4455 ΐθιυηι
2588 4397 2867 4451 ordinem:
2906 4393 3167 4453 tPacem,
3209 4403 3368 4459 quam
3411 4396 3625 4447 tecumr.

345 4499 499 4553 Intra
531 4515 712 4554 muros
745 4499 893 4555 urbis
922 4501 1339 4572 Burdegalcnsis
1367 4503 1591 4572 ingressi
1618 4504 1725 4572 lupi
1766 4521 1929 4561 canes

347 4587 749 4642 devoraverunt
780 4590 1025 4660 ignisque
1053 4606 1151 4662 per
1195 4590 1394 4645 cmlum
1422 4592 1741 4647 cucurrisse
1782 4595 1930 4651 visus

348 4688 455 4734 est.

901 4773 1128 4830 CAPUT
1167 4772 1377 4829 XLVII.

530 4863 600 4917 De
636 4862 808 4917 Prisci
834 4864 1010 4920 Juda’i
1050 4867 1398 4921 obstinatione
1434 4876 1480 4921 et
1523 4868 1759 4920 interitu.

431 4958 501 5009 Ea
535 4967 876 5027 tempestate,
908 4959 1250 5029 Chilpericus
1282 4974 1396 5028 rex,
1437 4960 1561 5013 dum
1607 4959 1804 5014 multos
1835 4960 1930 5016 Ju-

352 5047 587 5101 damrum
636 5049 901 5117 baptizari
946 5051 1224 5119 jussisset,
1277 5058 1332 5102 et
1373 5051 1486 5120 ipse
1535 5066 1629 5107 eos
1670 5065 1732 5103 ex
1778 5069 1934 5109 sacro

354 5135 571 5190 lavacro
597 5137 947 5205 suscepisset,
979 5141 1293 5194 nullatenus
1322 5137 1567 5195 Priscum
1607 5139 1931 5201 familiarem

356 5242 511 5281 suum
550 5227 727 5299 (cujus
766 5244 924 5297 supra
957 5229 1327 5298 meminimus)
1374 5231 1552 5286 verbis
1596 5232 1662 5285 ad
1708 5238 1934 5289 creten-

355 5316 481 5370 dum
517 5327 837 5373 convertere
867 5330 1096 5389 poterat.
1131 5318 1336 5374 Jubens
1363 5334 1491 5391 ergo
1521 5337 1644 5375 eum
1673 5327 1932 5379 custodire

2035 4496 2268 4568 gloriose
2320 4508 2445 4551 rex.
2497 4489 2735 4560 inclytus
2779 4499 2948 4555 nepos
2994 4493 3119 4538 tuus
3170 4479 3437 4543 ﬁrmavit,
3480 4477 3613 4547 petit

2032 4586 2253 4641 omnino
2298 4599 2328 4638 a
2377 4592 2428 4638 te
2474 4580 2727 4639 stabiliri.
2767 4578 2977 4632 Fratris
3005 4574 3238 4642 denique
3269 4571 3342 4625 tui
3370 4571 3612 4631 benevo-

2036 4678 2199 4734 lentia
2230 4677 2354 4731 ideo
2384 4677 2461 4730 uti
2514 4674 2723 4744 nequit,
2757 4672 2882 4739 quia
2924 4678 3132 4740 partem
3166 4664 3388 4734 ejuscx
3425 4660 3615 4715 Massi-

2034 4769 2102 4822 lia
2135 4766 2331 4836 injuste
2359 4765 2577 4828 retinel,
2618 4774 2795 4831 neque
2828 4756 3144 4827 transfugas
3170 4751 3394 4808 reddere
3424 4750 3472 4802 ei
3503 4748 3618 4811 vult

2034 4878 2184 4918 suos.
2220 4861 2425 4916 Idcirco
2455 4859 2522 4923 si,
2561 4856 2767 4925 junctis
2811 4853 3019 4907 viribus
3062 4846 3283 4909 vestris,
3333 4840 3616 4903 unanimes

2035 4954 2157 5022 ejus
2192 4950 2646 5021 expugnationem
2679 4943 2859 4999 adorsi
2894 4939 3127 5000 fueritis,
3156 4934 3291 4996 ultio
3315 4931 3494 5022 debita
3522 4945 3618 4997 pro

2038 5017 2205 5100 illatis
2242 5017 2457 5111 injuriis
2488 5040 2555 5094 ab
2587 5052 2651 5092 eo
2684 5033 2845 5089 facile
2881 5031 3023 5101 exigi
3055 5023 3275 5096 poterit.
3309 5039 3326 5070 ι
3380 5017 3460 5073 Ad
3508 5018 3622 5070 hace

2040 5138 2114 5192 ita
2146 5131 2425 5202 respondit
2465 5146 2555 5187 ,ηπ
2594 5146 2607 5181 :
2647 5148 2664 5177 ι
2696 5124 2929 5188 Fratris,
2964 5118 3154 5189 inquit,
3193 5113 3301 5167 inci
3329 5111 3484 5180 culpa
3515 5119 3620 5161 tam
3668 5168 3671 5169 ν

2036 5234 2119 5281 est
2150 5226 2201 5278 in
2233 5200 2421 5290 aperto
2450 5233 2508 5276 ut
2528 5215 2744 5274 dillicile
2770 5212 3033 5268 occultari
3058 5213 3257 5276 queat.
3276 5201 3413 5266 Nam
3435 5201 3478 5256 si
3510 5200 3628 5260 dul-
3672 5244 3685 5249 -

2038 5322 2291 5376 cissimus
2316 5333 2480 5387 nepos
2504 5308 2862 5371 mensanimo
2887 5300 3171 5357 malefacta
3201 5302 3480 5354 recenseat
3505 5308 3627 5353 sua,

2126 5412 2137 5424 ο
2222 5412 2232 5424 .
2297 5383 2669 5428 ___:.-__._:-..;..
2737 5395 2967 5428 mum-hu
3008 5398 3221 5428 non-nm
3254 5400 3410 5428 suum
3442 5383 3630 5428 fratr-lt:
