4044 5428
464 319 571 416 717

1532 328 1788 389 AIMOIM
1828 332 2133 392 MONACIII
2173 338 2667 405 FLORIACENSIS
2728 362 2733 367 '

3617 346 3721 403 ’ἷξε

467 439 736 497 lectionis.
769 440 937 503 riia‘c
961 442 1086 495 dum
1120 458 1209 498 rex
1243 455 1569 514 perorasset,
1594 447 1739 503 datis
1765 448 2045 505 obsidibus
2072 453 2120 510 Α
2149 455 2231 507 rio
2260 453 2586 513 Pietaviensi
2618 457 2936 515 tradiderat.
2989 459 3094 514 Sed
3141 475 3171 514 a
3203 459 3358 519 beata
3388 460 3722 533 Radegunde

465 530 646 593 {md-ts
674 532 969 586 stabilitum
1001 542 1104 588 est.
1138 533 1411 590 Continuo
1451 537 1790 608 Cbilperieus
1833 542 2044 596 exerci-

466 632 579 687 tu'n
606 623 671 677 de
696 637 863 691 regno
887 639 984 676 suo
1013 628 1341 681 commoveri
1370 631 1644 698 prmcepit,
1673 631 2045 700 quicivitates

465 714 621 767 fratri
659 714 906 769 subditas
932 716 1208 781 obsidens,
1257 719 1707 788 circumjacentes
1744 724 2042 796 depopula-

464 808 620 859 retur
654 815 832 873 agros.
866 803 1018 859 Tunc
1056 806 1306 862 Berulfus
1336 810 1579 879 partium
1607 810 1724 881 ejus
1758 812 1888 879 dux,
1918 830 2041 885 cum

463 888 753 949 Turonicis
782 900 836 945 et
864 893 1172 964 Audegavis
1203 912 1306 951 una
1350 912 1415 951 ex
1444 909 1619 968 parte,
1654 900 1963 958 Desiderius
1989 914 2045 959 et

465 978 735 1055 Btadnstis
771 995 837 1036 ex
886 981 993 1037 alio
1023 983 1194 1039 latere
1229 1000 1350 1040 cum
1400 989 1636 1043 maxima
1672 993 2038 1057 multitudine,

466 1064 831 1128 Bituricenses
872 1077 1282 1145 aggrediuntur.
1331 1079 1539 1146 Quibus
1592 1098 1687 1139 rex
1740 1085 1845 1140 hoc
1893 1086 2043 1141 dedit

470 1164 710 1218 mandati
739 1174 814 1228 ttt,
845 1177 1001 1236 capta
1031 1169 1184 1237 urbe,
1208 1183 1549 1229 sacramenta
1581 1177 1649 1230 de
1678 1178 1898 1233 nomine
1921 1181 2040 1234 exi-

462 1263 655 1324 gerent
697 1269 817 1312 suo.
872 1258 978 1313 Sed
1026 1260 1255 1333 Biturigi
1305 1267 1446 1334 apud
1497 1275 1735 1323 castrum
1789 1269 2042 1325 Mediola-

462 1358 651 1409 nense,
693 1348 836 1416 quod
879 1366 1022 1406 nunc
1078 1351 1403 1424 Magdunum
1457 1357 1675 1424 dicitur,
1731 1361 2037 1430 quindecim

462 1446 802 1494 armatorum
837 1442 1005 1496 millia
1049 1444 1326 1502 Desiderio
1353 1449 1475 1503 duci
1510 1450 1877 1520 opponentes,
1916 1469 2039 1509 cum

460 1540 527 1583 co
554 1528 869 1592 conflixere.
900 1531 1112 1605 Reliqui
1142 1536 1306 1592 duc'es
1332 1541 1520 1596 urbem
1544 1542 1824 1597 obsidione
1849 1544 2038 1599 cinxe-

463 1627 610 1679 runt.
641 1618 983 1692 Cbilpericus
1011 1640 1159 1691 vero,
1192 1627 1318 1683 licet
1341 1632 1575 1686 nondum
1601 1635 1873 1690 exercitus
1893 1637 2041 1692 Chil—

462 1708 666 1793 deberti
697 1713 1027 1780 advenisset,
1059 1726 1237 1773 tamen
1268 1721 1527 1788 quosdam
1559 1723 1626 1777 de
1654 1724 1772 1793 ejus
1809 1727 2035 1783 ducibus

460 1788 661 1858 secum
686 1802 912 1871 habens,
957 1808 1242 1865 universas
1287 1812 1470 1881 cepias
1505 1829 1633 1870 suas
1661 1830 1757 1885 per
1795 1818 2063 1876 Parisios-

458 1890 839 1973 transducens,
871 1909 1066 1955 cttncta
1099 1905 1361 1959 vastando
1393 1905 1710 1964 Milidttnum
1742 1912 1910 1966 venit.
1939 1912 2037 1968 Cui

457 1986 816 2067 Quntrannus
861 2009 969 2051 non
1017 1997 1288 2054 dubitavit
1315 2001 1531 2057 obviam
1565 2004 1664 2070 ire,
1696 2004 1750 2059 in
1783 2005 1897 2059 solo
1927 2005 2037 2061 Deo

445 2094 604 2157 spem
637 2081 875 2152 habens,
907 2102 1245 2160 cuneumque
1294 2091 1552 2158 ltostium,
1595 2111 1706 2164 prae
1737 2097 2036 2165 cupiditate

458 2169 528 2228 ab
574 2170 694 2226 aliis
745 2185 1114 2245 segregatum,
1163 2182 1486 2251 crepusculo
1529 2186 1703 2239 noctis
1747 2201 2036 2258 aggressus

460 2257 651 2329 ultima
683 2259 1031 2331 labefactavit
1080 2271 1342 2337 pernicie.
1389 2270 1445 2327 In
1495 2257 1816 2345 crastinum,
1867 2278 2035 2333 intcr~

460 2355 806 2412 currentibus
851 2358 1077 2431 legatis,
1113 2352 1284 2418 frater
1325 2381 1446 2420 cum
1498 2366 1667 2423 fratre
1714 2372 2031 2439 paciscitur,

456 2442 836 2511 pollicentibus
882 2450 1129 2522 utrisque
1164 2456 1585 2512 commissorum
1614 2461 2030 2519 correctionem.

455 2531 664 2606 Quippe
711 2534 1068 2609 Cbilpericus,
1121 2557 1244 2598 cum
1280 2546 1480 2605 milites
1532 2547 1678 2604 furto
1731 2565 1796 2606 ae
1831 2552 2033 2621 rapinis

455 2622 732 2684 abstinere
763 2640 1029 2699 moneret,
1059 2648 1160 2689 nec
1199 2644 1378 2693 tamen
1424 2639 1893 2709 obtemperarent,
1941 2658 2034 2698 co-

454 2716 639 2773 mitem
681 2719 1136 2796 Rotomagensem
1168 2726 1346 2796 gladio
1368 2734 1658 2799 percussit,
1687 2734 1872 2805 sicque
1906 2736 2031 2790 reli-

449 2819 589 2883 quos
618 2823 900 2879 coercens,
934 2815 1000 2869 ad
1033 2819 1251 2887 propria
1298 2822 1534 2886 reduxit,
1585 2836 1835 2880 cunctam
1879 2827 2032 2897 prius

454 2898 750 2960 restituens
798 2904 1466 2980 pra-dam,'captivosque
1516 2911 1786 2975 relaxans.
1834 2916 1903 2970 At
1956 2917 2027 2972 illi

452 2991 543 3060 qui
571 2990 839 3050 Bituricos
868 2995 1215 3061 obsederant.
1247 3012 1470 3071 accepto
1498 3005 1686 3059 nuntio
1716 3014 1774 3059 ιιι
1801 3005 1924 3061 inde
1954 3023 2030 3063 re-

2145 542 2448 610 prohibitus
2471 553 2573 601 est.

2741 637 2970 695 CAPUT
3010 639 3120 696 LII.

2289 722 2365 777 De
2394 723 2685 781 Mummolo
2700 730 2885 798 mugire
2916 739 2964 783 et
2995 730 3224 799 veneﬁcii
3248 732 3575 786 insimulata.

2215 813 2351 867 Dum
2386 817 2487 869 ista
2515 828 2796 886 geruntur,
2824 819 3015 875 relatio
3042 822 3397 889 quorumdam
3430 823 3493 876 ad
3521 822 3723 878 Frede-

2145 904 2377 972 gundcm
2415 907 2655 962 cucurrit
2698 909 2973 979 reginam,
3006 909 3302 964 dicentium
3342 926 3591 980 puerum,
3624 914 3719 982 qui

2144 1004 2274 1051 tunc
2301 995 2587 1054 defunctus
2620 1009 2766 1067 erat,
2807 1000 3016 1054 tecltuis
3045 999 3318 1056 Mummoli
3348 1002 3429 1055 sui
3457 1001 3720 1069 przefecti,

2143 1102 2241 1157 per
2267 1088 2528 1155 quasdam
2569 1088 2914 1144 mulierculas
2944 1088 3224 1143 maleficiis
3252 1098 3307 1143 et
3338 1089 3723 1144 incantationi-

2143 1175 2245 1230 bus
2272 1177 2435 1231 vitam
2480 1178 2748 1234 amisisse.
2784 1179 2837 1235 Is
2884 1181 3082 1249 regina:
3118 1167 3440 1249 jamdudum
3487 1189 3609 1245 erat
3639 1180 3723 1232 in-

2142 1264 2347 1322 fensus.
2374 1267 2504 1334 Quae
2530 1269 2654 1325 talia
2679 1270 2746 1325 de
2775 1286 2841 1326 eo
2866 1272 3113 1339 audiens,
3148 1272 3261 1344 rapi
3301 1271 3621 1327 meretrices
3652 1270 3723 1324 ad

2143 1359 2405 1428 supplicia
2426 1358 2601 1427 jubet,
2633 1376 2755 1430 quae
2794 1377 2853 1417 se
2884 1362 3195 1419 fatebantur
3227 1362 3556 1418 carminibus
3583 1360 3723 1416 mul-

2144 1459 2227 1505 tos
2284 1451 2628 1509 interemisse
2695 1453 3038 1521 innocentes,
3110 1455 3392 1525 filiumque
3452 1454 3568 1523 ejus
3618 1467 3723 1522 pro

2142 1538 2417 1595 Mummoli
2450 1541 2679 1596 donasse
2707 1542 2900 1597 salute.
2928 1542 3081 1600 Tunc
3107 1545 3324 1613 quidem
3359 1544 3542 1613 regina
3583 1541 3724 1595 alias

2142 1644 2325 1685 earum
2377 1630 2608 1686 flammis
2663 1632 2908 1696 tradidit,
2958 1632 3094 1689 alias
3142 1633 3275 1688 rotis
3332 1631 3597 1686 innexuit.
3642 1628 3722 1685 De

2143 1721 2435 1779 Mummolo
2480 1739 2606 1779 vero
2654 1723 2794 1794 apud
2846 1738 3029 1793 regem
3061 1733 3254 1794 questa
3288 1732 3391 1779 est.
3421 1721 3589 1789 Quem
3621 1735 3721 1777 rex

2138 1820 2421 1867 oneratum
2473 1813 2681 1868 catenis
2735 1813 2943 1868 adduci,
2975 1814 3236 1881 trabeque
3290 1811 3547 1867 revinctis
3597 1818 3723 1881 post

2140 1908 2288 1968 terga
2319 1901 2569 1957 manibth
2600 1903 2857 1973 suspendi
2903 1902 3248 1972 przecipiens,
3294 1901 3423 1970 quid
3466 1898 3721 1954 maleﬁcii

2139 1999 2325 2046 nosset
2364 1991 2751 2063 interrogabat.
2783 1990 2888 2046 Sed
2926 1991 2999 2046 nil
3030 2006 3088 2046 se
3119 1992 3186 2046 de
3234 1998 3405 2045 morte
3435 1987 3529 2042 filii
3576 1987 3722 2058 regis

2138 2098 2297 2138 nosse
2325 2082 2514 2139 dicens
2540 2124 2557 2149 ,
2605 2084 2708 2139 hoc
2735 2084 3072 2140 solummodo
3117 2083 3399 2139 confessus
3444 2080 3531 2137 est
3575 2078 3722 2150 quod

2139 2174 2385 2243 potiones
2415 2177 2981 2247 pratcantationesque
3010 2177 3191 2231 varias
3216 2192 3245 2231 a
3284 2175 3599 2231 memoratis
3626 2188 3720 2227 ac-

2137 2268 2370 2338 cepisset
2406 2268 2769 2334 mulierculis,
2812 2269 2880 2323 ad
2917 2267 3330 2336 promerendam
3371 2266 3515 2337 regis
3544 2272 3602 2320 et
3635 2278 3721 2319 re-

2136 2359 2275 2428 ginae
2303 2361 2558 2430 gratiam.
2598 2361 2836 2415 Tandem
2866 2360 3175 2430 depositus,
3205 2358 3478 2413 mandavit
3517 2356 3626 2425 regi
3659 2371 3719 2411 se

2137 2452 2209 2507 nil
2237 2452 2473 2507 sensisse
2498 2466 2804 2521 poenarum.
2835 2451 2926 2505 Ille
2952 2466 3075 2506 eum
3113 2448 3416 2504 maleficum
3444 2462 3564 2504 esse
3590 2461 3717 2517 pro-

2137 2552 2389 2608 testatus,
2415 2543 2547 2599 loris
2572 2542 2881 2599 durissimis
2908 2541 3191 2613 flagellari.
3218 2555 3283 2595 ac
3303 2539 3478 2613 gladio
3504 2537 3715 2610 percuti

2136 2634 2440 2704 imperavit.
2484 2634 2589 2695 Pro
2613 2634 2767 2703 cujus
2797 2635 2904 2689 vita
2952 2635 3157 2706 regina,
3182 2649 3322 2704 aegre
3365 2632 3526 2698 licet,
3572 2631 3717 2686 0th.

2134 2728 2272 2783 nuit.
2321 2726 2421 2794 Qui
2454 2737 2634 2782 tamen
2677 2744 2783 2783 non
2816 2736 2937 2797 post
2973 2727 3200 2785 multum
3246 2726 3432 2781 dolore
3469 2725 3713 2795 ipsorum

2135 2826 2525 2872 tormentorum
2557 2817 2786 2883 interiit.
2820 2816 3021 2887 Regina
3065 2826 3245 2871 autem
3278 2828 3563 2871 assumens
3591 2814 3712 2867 the-

2133 2923 2354 2963 saurum
2378 2908 2552 2977 pueri,
2579 2916 2761 2963 vestes
2787 2908 3006 2978 quidem
3031 2921 3221 2961 omnes
3244 2906 3366 2977 igne
3387 2902 3708 2967 combussit,

2134 3013 2324 3053 aurum
2356 3012 2487 3052 vero
2516 2996 2737 3052 fornace
2779 2996 3018 3052 conflans
3045 3006 3193 3051 terra
3224 2994 3428 3058 obruit,
3475 3008 3543 3048 ne
3583 2992 3713 3063 quid

453 3085 730 3154 cederent,
761 3102 1097 3163 quaecunque
1118 3092 1264 3147 oculi
1318 3093 1588 3164 viderant,
1622 3111 1814 3153 manus
1854 3099 2028 3176 rapie-
2057 3125 2102 3186 ε
2134 3095 2277 3142 υδὸθῑ
2302 3086 2445 3156 (Ιιιοά
2470 3087 2519 3143 εί
2550 3086 2716 3141 mium
2741 3086 2807 3141 ad
2837 3087 3152 3141 memoriam
3185 3086 3493 3141 reducere"

452 3173 603 3243 baut,
641 3175 766 3233 dum
801 3178 869 3234 ad
892 3194 988 3237 sua
1024 3182 1284 3239 redirent.

1066 3271 1295 3335 CAPUT
1333 3276 1415 3333 [Α.

623 3357 695 3417 De
721 3360 859 3431 vulgi
886 3361 939 3418 in
978 3361 1224 3434 Egidium
1259 3367 1553 3440 episcopum
1583 3371 1855 3426 seditione.

525 3444 901 3505 Childehcrtus
933 3462 1115 3510 autem
1155 3470 1345 3516 omnes
1383 3460 1588 3521 militiae
1610 3476 1740 3526 sua),
1774 3479 1908 3533 quas
1935 3480 2026 3534 ag...

450 3553 483 3611 ιι
515 3551 791 3610 egaverat.
823 3545 1078 3601 cohortes
1107 3546 1233 3603 dum
1264 3564 1371 3604 uno
1390 3549 1453 3605 ‘in
1482 3549 1601 3612 loco
1626 3552 1850 3623 detinet,
1874 3540 2021 3608 niur-

453 3643 574 3686 mur
600 3629 780 3686 subito
800 3633 982 3704 populi
1007 3636 1233 3692 minoris
1262 3638 1522 3697 adversus
1534 3641 1697 3698 duces
1711 3652 1766 3705 et
1778 3644 2024 3715 Egidium

449 3720 802 3795 episc0pum,
858 3734 1018 3782 nocte
1061 3730 1338 3799 proxima,
1387 3731 1703 3803 infremuit,
1753 3738 2022 3794 dicentis:

456 3831 477 3868 ς
508 3812 789 3872 Tollantur
822 3831 851 3872 ο
884 3815 1023 3875 facie
1053 3819 1219 3888 regis,
1245 3823 1335 3892 qui
1382 3840 1606 3895 regnum
1647 3827 1764 3898 ejus
1796 3830 1936 3885 inter
1967 3846 2025 3887 se

444 3907 753 3981 venditant,
782 3909 875 3979 qui
906 3911 1067 3967 urbes
1102 3912 1218 3983 ejus
1242 3914 1429 3969 alienze
1455 3916 1746 3985 subjiciunt
1773 3920 2019 3981 ditium.»

450 3995 574 4059 llaec
602 3999 844 4056 dicentes
869 4015 1028 4058 mane
1051 4001 1194 4065 facto
1234 4006 1300 4061 ad
1332 4010 1624 4066 tentorium
1656 4012 1801 4081 regis
1830 4029 2024 4084 prope-

450 4096 574 4145 rant
616 4090 844 4157 armati,
886 4098 949 4149 ut
986 4092 1236 4160 Egidium
1278 4096 1653 4155 interimerent
1687 4101 2019 4170 pontificem.

446 4175 564 4246 Quo
598 4180 835 4251 cognito,
871 4182 1151 4250 sacerdos,
1199 4200 1429 4241 ascenso
1472 4203 1635 4260 equo,
1678 4205 1801 4244 eum
1832 4193 2023 4262 paucis

443 4264 624 4337 fugam
675 4270 924 4342 arripuit.
991 4271 1090 4327 Cui
1145 4282 1255 4351 tam
1305 4276 1520 4335 veloces
1569 4280 1732 4334 timor
1794 4281 2019 4353 fugienti

446 4356 655 4421 addidit
680 4359 795 4416 alas
839 4369 899 4417 ut
936 4362 1206 4421 labentem
1256 4367 1397 4423 tibia:
1445 4369 1719 4431 fasciolam
1766 4372 2020 4442 colligere

2721 3195 2948 3252 CAPUT
2987 3195 3114 3251 LIII.

2202 3288 2279 3346 De
2328 3285 2506 3341 clerici
2560 3285 2839 3347 cuiusdam
2885 3284 3123 3352 libidine,
3167 3295 3216 3340 et
3261 3282 3640 3339 inaratitudine

2754 3356 3084 3408 detestanda.

2791 3365 3084 3410 eleuanda.

2203 3448 2373 3504 Porro
2396 3446 2649 3505 Etherius
2672 3445 2920 3502 Lexoviae
2940 3446 3227 3517 episcopus
3245 3444 3504 3501 clericum
3527 3457 3712 3514 querno

2129 3541 2279 3606 dam,
2320 3545 2542 3609 propter
2572 3536 2804 3613 puellam
2852 3537 3144 3609 quamdam
3183 3550 3346 3605 quam
3396 3534 3709 3598 seduxerat,

2132 3631 2291 3685 morti
2322 3629 2671 3694 destinatum,
2715 3627 2909 3700 viginti
2945 3627 3178 3683 redemit
3202 3626 3401 3681 aureis.
3430 3625 3551 3691 Cui,
3583 3638 3711 3696 pro-

2132 3722 2303 3778 titcnti
2348 3736 2408 3774 se
2442 3721 2723 3775 doctorem
2761 3718 2878 3775 fore
2908 3717 3250 3784 litterarum,
3282 3715 3524 3773 scholam
3553 3731 3707 3772 com.

2130 3817 2316 3872 mittit.
2366 3813 2473 3868 Sed
2515 3828 2638 3867 cum
2671 3827 2700 3865 a
2746 3810 3066 3883 parentibus
3092 3825 3407 3880 puerorum,
3442 3823 3580 3877 quos
3614 3808 3745 3862 dom

2131 3910 2308 3975 eebat,
2338 3922 2480 3978 saepe
2507 3906 2572 3961 ad
2607 3906 2913 3963 convivium
2940 3911 3246 3970 vocaretur,
3288 3901 3448 3956 unius
3475 3909 3709 3955 matrem

2126 3999 2459 4069 concupivit.
2490 3996 2643 4064 Quod
2670 4012 2794 4052 cum
2823 3995 2915 4050 illa
2943 4004 3093 4051 easta
3125 3994 3416 4048 iudicasset
3445 3991 3562 4045 viro
3585 4005 3707 4055 suo,

2078 4135 2084 4141 .
2124 4102 2179 4145 et
2210 4090 2299 4145 ille
2344 4089 2600 4145 clericum
2631 4088 2700 4145 ad
2747 4086 3070 4158 supplicium
3117 4093 3410 4155 quaereret,
3446 4083 3645 4137 iterum
3674 4096 3706 4135 a

2125 4182 2382 4255 pontifice
2424 4183 2687 4239 liberatus
2736 4183 2965 4253 pristino
3009 4181 3315 4238 restituitur
3358 4179 3573 4234 honori.
3609 4176 3708 4261 llic

2126 4277 2311 4348 itaque
2344 4276 2510 4331 miser
2551 4284 2822 4331 tantorum
2854 4274 3052 4329 oblitus
3100 4272 3509 4337 beneficiorum,
3554 4271 3706 4334 dum,

2127 4382 2228 4421 una
2275 4365 2505 4430 dierum,
2557 4364 2797 4435 pontifex
2849 4364 2916 4419 ad
2965 4363 3322 4434 agricultores
3368 4360 3705 4415 cxercitandi

445 4464 553 4509 non
584 4458 824 4515 curaret.
860 4452 934 4511 Ea
986 4463 1164 4511 tatnen
1201 4472 1365 4513 causa
1397 4458 1471 4513 illi
1507 4461 1711 4515 auxilio
1740 4452 1841 4515 fuit
1873 4464 2015 4531 quod
2048 4462 2094 4519 D
2124 4457 2296 4527 gt'alia
2331 4456 2576 4519 εκίίδεθιι
2612 4470 2735 4511 Cum
2782 4455 2957 4510 εεοιιτῖ
2997 4470 3119 4509 θυῐη
3162 4469 3302 4524 βοηο
3344 4453 3702 4522 εοίιυειιειιιιτ·

448 4542 744 4610 adversarii
772 4542 961 4614 eques,
993 4547 1060 4600 ad
1096 4548 1487 4620 insequendum
1517 4561 1757 4622 paratos,
1792 4567 1897 4608 non
1924 4554 2021 4608 ba-

391 4701 398 4709 ,
439 4632 664 4701 hebant.
707 4633 952 4705 Dumque
1002 4637 1076 4692 illi
1128 4655 1335 4697 moram
1381 4642 1434 4698 in
1485 4646 1762 4712 sequendo
1795 4644 2016 4711 faciunt,

437 4722 555 4793 ipse
600 4740 660 4779 se
692 4726 834 4781 intra
867 4728 1053 4783 urbem
1104 4729 1398 4789 Remorum
1443 4734 1687 4788 contulit.
1739 4734 1865 4787 Post
1905 4736 2019 4790 lucc

436 4815 788 4879 Guntraunus
813 4818 1158 4875 Cbildebcrto
1183 4822 1361 4891 nepoti
1391 4837 1489 4876 suo
1512 4835 1717 4891 partem
1744 4824 2012 4890 Massiliae,

433 4922 594 4978 quam
624 4909 792 4965 iuvito
820 4924 886 4964 eo
915 4910 1204 4975 retinebat,
1234 4911 1487 4967 reddidit.
1512 4907 1852 4983 Chilpericus
1881 4931 2015 4986 quo.

431 5013 537 5044 mm
567 5012 665 5044 nm
711 4998 862 5044 nhiltl
915 4999 1032 5044 filii-
1062 5014 1222 5044 mmm
1263 5000 1312 5044 pi
1346 5011 1530 5044 nulum
1568 5018 1726 5044 cunt-st
1774 5005 2009 5044 divi-nnc

2127 4547 2434 4604 Conversus
2463 4548 2723 4611 sacerdos
2748 4560 2804 4602 et
2849 4547 3040 4601 videns
3068 4560 3190 4600 eum
3218 4564 3231 4599 :
3271 4564 3289 4595 ι
3322 4543 3391 4599 Ut
3418 4543 3571 4613 quid,
3593 4542 3702 4625 ait,

2122 4656 2209 4694 me
2251 4656 2373 4695 cum
2396 4640 2499 4695 hac
2527 4637 2875 4709 prosequeris
2905 4636 3167 4691 dolabra?
3199 4654 3218 4686 ι
3244 4634 3397 4690 Tunc
3432 4633 3543 4700 ille,
3586 4632 3705 4701 ejus

2120 4731 2436 4801 provolutus
2458 4728 2937 4801 pedibus,veniam
2963 4727 3140 4798 petiit,
3169 4726 3356 4782 dicens
3380 4742 3434 4778 ε(
3456 4722 3699 4793 lndulge,

2117 4818 2279 4874 Pater
2304 4827 2519 4882 sancte,
2569 4831 2662 4871 reo
2698 4814 2913 4871 facinus
2951 4814 3253 4869 confitenti.
3306 4812 3389 4866 Ab
3418 4812 3701 4867 archidia-

2114 4925 2254 4965 eono
2299 4924 2536 4979 namque
2576 4917 2637 4962 ut
2681 4908 2807 4963 talia
2846 4907 3102 4961 auderem
3152 4905 3435 4976 impulsus,
3479 4915 3565 4961 ter
3584 4905 3697 4975 jam

2113 5000 2339 5044 nInvatis
2359 5001 2425 5044 ad
2450 5009 2503 5044 In
2532 4998 2945 5044 nercntinmlum
2971 4998 3237 5044 manibus.
3269 4997 3445 5044 subita
3476 4997 3698 5044 tenebar
