4044 5428
343 335 443 389 ἹΞ9

1398 336 1714 393 HISTORIA
1755 306 2200 397 FRANCOBUM.
2224 345 2439 400 --LIB.
2481 346 2563 401 Ill.

3484 353 3586 409 750

340 436 491 569 timo
546 453 743 507 ειετῖεο
786 454 1020 515 ίιτυειιε-
1072 456 1382 524 θρὶδοαριιιιι
1437 458 1625 511 ViﬂCil’i
1667 458 1914 526 ἰιηρεηι.
1946 464 1991 520 Α
2022 461 2256 517 Veniens
2286 465 2544 529 Parisius,
2580 463 2942 519 “sealinorum
2984 466 3182 521 multos
3210 482 3237 519 a
3272 469 3586 534 parentibus

358 545 613 569 ΔΙΙζηηιη-
641 544 871 569 “An-1f..-
910 545 1020 569 ΑΞ..-
1054 546 1299 569 ...Α-ιιι---
1360 547 1388 569 J
1412 566 1421 569 _
1458 547 1602 569 -“2---
1630 564 1761 569 -A-_-
1796 550 1883 569 L..-
2252 564 2262 569 -
2546 556 2614 569 Α..
2684 557 2743 569 ..ο
2890 558 2900 569 ο
3076 566 3082 569 Α
3257 557 3267 567 -
3495 558 3524 569 ιι

357 545 613 612 slligatur
641 544 881 612 pontifex
907 545 1023 613 ejus
1054 546 1324 609 manibus,
1357 547 1426 602 de
1452 547 1605 615 cujus
1628 564 1766 618 swpe
1796 550 1916 602 bra-

352 635 485 687 chiis
541 635 754 688 vincula
798 634 1117 701 deiecerat...
1150 645 1312 704 atque
1353 638 1422 691 ab
1466 654 1530 692 co
1579 640 1919 707 mancipatur

340 723 628 803 (custodiae,
652 739 815 793 quem
841 726 1036 793 sa'pius
1059 741 1278 781 caenoso
1299 727 1560 781 eduxerat
1586 728 1651 780 de
1677 741 1917 782 carcere.

348 814 558 867 Interea
615 829 844 870 cernens
896 818 1183 886 episcopus
1240 820 1532 872 humanum
1585 821 1684 874 sibi
1734 822 1921 875 deesse

349 905 634 969 auxilium,
667 907 918 973 precibus
945 921 1101 975 Opem
1143 908 1396 977 implorat
1435 909 1690 962 divinam.
1737 909 1919 978 Itaque

348 994 611 1047 divinitus
637 995 826 1050 solutis
852 997 1107 1054 vinculis.
1135 998 1556 1068 custodibusque
1586 1000 1802 1067 sopitis,
1833 999 1921 1053 fu-

347 1084 503 1152 giens
552 1100 582 1138 e
627 1087 871 1139 custodia
917 1090 984 1140 ad
1033 1103 1210 1156 regem
1260 1090 1476 1142 transiit
1522 1088 1918 1144 Guntrannum.

350 1172 592 1227 Tandem
625 1175 919 1230 adversarii
952 1177 1169 1231 inventa
1209 1179 1517 1243 occasione,
1566 1180 1675 1249 regi
1713 1179 1924 1249 Chilpe-

349 1264 462 1316 rico
485 1277 799 1334 suggerunt,
824 1267 971 1320 illum
998 1269 1329 1336 proditorem
1359 1270 1508 1340 regni
1536 1285 1678 1325 esse.
1726 1271 1921 1327 Verum

352 1354 584 1420 populus
613 1370 712 1424 pro
733 1366 949 1425 pastore
973 1368 1224 1423 moestus,
1251 1361 1450 1415 direxit
1482 1362 1573 1430 qui
1616 1377 1796 1433 regem
1827 1378 1923 1430 pro

351 1446 661 1500 reducendo
686 1462 750 1501 eo
789 1458 1101 1504 exorarent.
1146 1451 1485 1521 Chilpericns
1519 1469 1648 1523 ergo
1685 1455 1831 1508 misit
1856 1455 1923 1509 ad

350 1534 602 1602 fratrem,
634 1546 694 1591 ut
736 1539 1042 1607 pontilicem
1073 1543 1139 1595 ad
1184 1558 1336 1597 suam
1367 1545 1664 1599 dimitteret
1710 1546 1921 1609 urbem,

352 1627 540 1681 dicens
571 1643 631 1682 se
674 1629 747 1682 nil
775 1630 994 1686 oll‘ensze
1025 1633 1077 1686 in
1108 1634 1225 1702 ipso
1256 1635 1545 1702 reperisse.
1575 1636 1925 1691 Guntranuus

352 1732 536 1775 autem
575 1722 774 1777 multas
802 1724 1057 1792 episcopo
1100 1724 1341 1777 tribuens
1381 1726 1658 1793 pecunias,
1692 1726 1757 1778 ad
1800 1741 1919 1794 pro-

351 1817 468 1886 pria
514 1832 637 1870 eum
670 1818 898 1881 remisit,
931 1819 1073 1873 datis
1103 1822 1169 1872 ad
1214 1820 1486 1873 antistites
1518 1821 1667 1889 regni
1696 1821 1777 1873 sui
1808 1820 1922 1889 epi-
1956 1796 1995 1853 Β

354 1906 535 1970 stolis,
566 1916 626 1960 ut
653 1907 799 1961 illum
833 1910 1147 1963 muneribus
1178 1911 1533 1965 honorarent.
1568 1911 1667 1977 Qui
1714 1913 1816 1966 iter
1846 1913 1925 1967 fa-

352 2000 505 2054 ciens
536 2008 682 2054 tanta
716 2015 744 2053 a
771 2001 1015 2056 fidelibus
1050 2004 1287 2071 suscepit
1323 2019 1570 2070 munera,
1606 2014 1808 2073 quanta
1836 2006 1923 2059 vix

350 2091 559 2144 civitati
589 2091 788 2145 inferre
823 2106 933 2145 suae
963 2092 1155 2160 quivit.

932 2200 1158 2255 CAPUT
1196 2201 1326 2257 LIV.

346 2302 423 2348 υι
450 2291 672 2378 Cfgtarii
708 2292 808 2378 ﬁllii
849 2291 1125 2378 Cltifperici
1166 2294 1809 2378 ortu_,lpqrtis.l.!assiliw
1836 2312 1929 2365 per

495 2362 841 2415 Mummolum
870 2364 1215 2426 restitutione,
1243 2375 1288 2417 et
1314 2362 1592 2434 Chilperici
1623 2376 1781 2419 metu.

422 2453 479 2507 In
515 2455 621 2509 illis
660 2455 849 2509 diebus
874 2455 1182 2525 Chilperico
1228 2456 1405 2510 denuo
1441 2466 1603 2511 natus
1637 2469 1721 2511 est
1764 2456 1923 2523 filius,

351 2547 570 2601 nomine
596 2546 888 2602 Clotarins.
914 2547 1259 2617 Quapropter
1291 2548 1572 2602 universos
1600 2561 1846 2602 carceres
1874 2548 1925 2601 in

352 2652 523 2703 regno
558 2651 657 2689 suo
685 2636 1024 2705 Chilpericus
1056 2638 1253 2706 aperiri
1288 2636 1469 2706 jussit,
1503 2646 1557 2693 et
1588 2637 1926 2691 diversorum

355 2742 479 2780 reos
507 2726 799 2781 criminum
831 2727 1057 2782 absolvi.
1104 2726 1302 2781 Verum
1352 2729 1492 2782 idem
1543 2745 1637 2782 rex
1689 2729 1929 2784 Parisius

352 2817 576 2880 urbem,
609 2826 797 2871 contra
836 2828 1051 2887 paetum
1092 2818 1235 2887 quod
1275 2833 1397 2872 cum
1439 2818 1665 2872 Francis
1712 2819 1925 2884 inierat,

356 2910 445 2980 (ne
474 2910 686 2964 scilicet
706 2909 831 2978 jure
862 2912 1188 2966 dominantis
1214 2927 1332 2966 eam
1359 2913 1652 2981 aliquando
1683 2913 1931 2981 ingrede-

355 3000 528 3070 retur)
582 3000 847 3054 violenter
878 3001 1116 3055 intravit.
1152 3002 1233 3057 Ob
1268 3019 1427 3071 quam
1473 3018 1583 3057 rem
1632 3005 1928 3073 portionem

354 3087 597 3156 ejusdem
644 3089 902 3153 civitatis,
938 3106 1057 3159 qua!
1096 3107 1219 3145 eum
1264 3092 1580 3163 contingere
1621 3093 1925 3157 videbatur,
1956 3131 1999 3193 C

350 3175 494 3247 iuste
519 3178 722 3231 amisit.
748 3178 1068 3233 Mnmmolus
1098 3191 1308 3249 partem
1339 3183 1607 3248 Massiliae,
1637 3199 1758 3253 qum
1785 3183 1927 3239 Gun-

357 3275 613 3319 trannum
644 3282 707 3323 ac
737 3268 1139 3325 tihildebertum
1173 3275 1533 3341 competehat,
1576 3266 1614 3326 a'
1645 3289 1703 3328 se
1738 3289 1929 3342 perva-

354 3370 472 3409 sam
507 3358 759 3411 reddidit.
789 3360 1149 3428 Chilperiens,
1181 3371 1430 3416 metuens
1461 3361 1841 3416 Guntrannum
1873 3372 1930 3416 et

355 3446 762 3502 Childebertum
790 3460 977 3503 contra
1012 3466 1069 3504 se
1108 3453 1471 3520 conspirasse,
1503 3452 1643 3520 apud
1672 3452 1931 3506 Camara-

353 3553 477 3591 eum
510 3539 796 3594 thesauros
823 3556 1089 3611 omneque
1115 3544 1447 3600 defensionis
1473 3560 1584 3599 sua:
1620 3546 1929 3615 praesidium

353 3631 720 3693 constituens,
760 3635 1057 3688 exercitum
1100 3650 1241 3705 saepe
1287 3639 1555 3700 movebat,
1601 3649 1654 3692 et
1695 3653 1757 3693 ac
1788 3639 1831 3693 si
1862 3639 1927 3692 ad

353 3721 610 3790 prmlium
653 3738 1058 3794 progressurus,
1093 3727 1147 3779 in
1194 3728 1554 3797 papilionibus
1582 3729 1818 3784 residere
1849 3729 1930 3783 fa-

353 3811 561 3865 ciebat.

952 3928 1180 3987 CAPUT
1215 3931 1323 3987 LV.

344 4034 433 4094 De
486 4039 793 4094 Innocentio
850 4041 1203 4098 Rulhenorum
1251 4055 1298 4097 et
1351 4044 1585 4112 Sulpicio
1630 4046 1928 4110 Biturigum

425 4112 703 4247 ipiszqgtis,
736 4112 895 4181 deque
924 4130 1160 4166 rosarum
1192 4117 1604 4183 prmmnturitate
1649 4126 1694 4168 et
1734 4116 1931 4169 arbori-

465 4198 524 4232 us
586 4197 605 4231 ι
632 4198 752 4233 eris.

465 4198 524 4232 "8
552 4197 752 4233 oneris.

430 4268 739 4323 Theodosio
768 4270 1136 4335 Rutheuorum
1173 4274 1426 4343 episcopo
1465 4273 1740 4337 defuncto,
1774 4275 1931 4329 lnno-

359 4361 574 4414 centius
597 4358 1036 4415 Gavalitanorum
1067 4378 1266 4427 eomes,
1300 4379 1395 4431 per
1421 4362 1694 4417 decretum
1725 4362 1929 4416 Brnne-

2021 564 2353 625 scgregatos,
2387 573 2510 612 cum
2543 556 2651 611 lilia
2679 557 2970 625 Hispanias
3000 566 3185 627 petere
3221 557 3271 611 vi
3302 558 3587 625 compelle-

2020 645 2129 699 bat.
2168 647 2206 697 Ε
2236 646 2433 714 quibus
2470 646 2633 715 aliqui
2666 648 2828 702 vitam
2858 648 2959 703 sibi
2995 647 3188 717 laqueo
3212 656 3584 713 exturserunt,

2021 751 2087 789 ne
2128 753 2157 789 a
2188 738 2504 806 propinquis
2544 753 2811 807 quoquam
2846 740 3179 794 secederent.
3228 739 3376 792 Multi
3422 740 3587 794 etiam

2020 826 2276 880 violentia
2307 826 2431 881 illuc
2468 828 2547 881 ire
2578 829 2780 889 coacti,
2834 836 3156 883 testamenta
3203 829 3583 893 condiderunt,

2021 917 2172 984 quasi
2208 918 2259 970 in
2286 918 2534 985 proximo
2559 920 2667 971 vita
2695 918 2942 972 carituri.
2970 919 3223 988 Talisque
3255 927 3383 973 tunc
3412 918 3589 972 luctus

2021 1004 2310 1059 Parisiacis
2330 1016 2448 1059 erat
2474 1006 2683 1068 incolis,
2703 1007 2877 1074 qualis
2900 1009 3171 1076 quondam
3199 1006 3299 1060 fuit
3324 1007 3590 1077 Egyptiis

2025 1096 2360 1164 interemptis
2406 1095 2805 1165 primogenitis.
2858 1095 2899 1149 E
2947 1096 3137 1164 legatis
3191 1111 3324 1150 sane
3370 1096 3590 1150 Childe-

2021 1189 2159 1243 berti
2190 1192 2346 1258 (quos
2376 1188 2441 1242 ad
2485 1188 2848 1257 Chilpericqu
2886 1189 3179 1251 direxerat,
3208 1188 3488 1243 obtestans
3523 1202 3591 1242 ne

2026 1282 2090 1334 de
2122 1281 2391 1335 thesauris
2424 1281 2730 1344 civitatum,
2757 1296 2892 1349 quas
2921 1280 3021 1333 sibi
3051 1281 3465 1349 praeripuerant,
3506 1279 3593 1334 vel

2025 1371 2090 1425 de
2127 1372 2435 1436 mancipiis.
2465 1372 2760 1441 quidquam
2794 1372 2916 1425 lilia:
2953 1373 3236 1439 tribueret)
3265 1388 3427 1426 unum
3452 1371 3590 1425 clam

2026 1462 2408 1530 interemptum
2458 1462 2626 1514 fuisse
2671 1460 2872 1514 ferunt.
2906 1460 3155 1529 Suspicio
3183 1470 3299 1515 erat
3330 1460 3594 1528 Chilperi-

2024 1567 2146 1603 cum
2178 1550 2296 1617 ejus
2326 1552 2477 1605 necis
2508 1552 2676 1605 fuisse
2714 1563 3012 1606 auctorem.
3046 1550 3146 1617 Qui
3178 1561 3355 1606 tamen
3388 1566 3483 1619 per
3512 1566 3596 1604 re-

2027 1644 2202 1713 liquos
2231 1644 2412 1712 nepoti
2443 1644 2726 1708 mandans,
2756 1644 2831 1697 nil
2861 1660 2921 1699 se
2949 1659 3011 1698 ex
3044 1644 3224 1698 vetitis
3250 1651 3597 1711 praesumptu-

2030 1754 2170 1799 rum,
2221 1736 2389 1790 multa
2437 1752 2500 1790 ex
2551 1753 2650 1791 suo
2698 1736 2822 1790 filia:
2870 1738 3094 1806 largitus
3139 1744 3242 1791 est.
3289 1734 3594 1800 Quinetiam

2026 1828 2209 1897 regina
2257 1835 2404 1880 tanta
2452 1827 2504 1881 in
2554 1842 2707 1891 auro,
2758 1835 2981 1896 argento
3030 1826 3308 1893 variisque
3360 1823 3599 1877 vestibus

2025 1918 2248 1987 protulit
2282 1931 2503 1970 munera
2552 1925 2612 1970 ut
2650 1931 2744 1971 rex
2785 1916 3129 1972 existimaret
3177 1929 3234 1968 se
3281 1913 3494 1981 inepem
3523 1924 3601 1963 re-

2028 2009 2218 2078 linqui.
2248 2008 2488 2063 Cernens
2519 2007 2609 2061 illa
2656 2007 2860 2062 turbari
2894 2014 3113 2075 propter
3152 2004 3255 2057 hoc
3302 2017 3503 2071 regem,
3534 2000 3603 2053 ad

2026 2100 2446 2154 circumstantes
2490 2097 2752 2160 Francos,
2786 2095 2860 2149 ita
2905 2103 2963 2147 ut
2992 2092 3333 2162 Chilpericns
3364 2090 3597 2149 audiret,

2028 2192 2108 2244 sic
2152 2189 2331 2243 locuta
2360 2198 2442 2243 est
2473 2206 2486 2240 :
2529 2206 2547 2238 ‹
2581 2186 2793 2248 Nullus,
2825 2185 3024 2253 inquit,
3052 2195 3296 2237 nostrum
3350 2188 3601 2233 autumet

2028 2282 2145 2337 hmc
2195 2280 2459 2351 regalium
2494 2293 2614 2334 esse
2651 2285 2966 2331 ornamenta
3010 2275 3413 2328 thesaurorum.
3447 2272 3602 2337 Quae-

2031 2372 2150 2425 dam
2181 2371 2323 2423 enim
2358 2370 2472 2440 ipse
2496 2369 2745 2438 princeps
2776 2366 2904 2420 mihi
2936 2366 3078 2419 dotis
3111 2365 3327 2417 nomine
3352 2360 3598 2424 contulit,

2030 2461 2273 2529 quzedam
2329 2460 2579 2530 proprius
2634 2458 2787 2513 labor
2837 2457 3146 2526 acquisivit,
3194 2455 3372 2523 aliqua
3422 2465 3600 2507 vestra

2029 2548 2396 2603 muniﬁcentia
2449 2548 2657 2601 tribuit.
2694 2567 2711 2598 ι
2743 2547 2852 2600 llac
2892 2544 3267 2599 satisfactione
3321 2552 3596 2610 suscepta,

2032 2642 2262 2695 intent'o
2289 2640 2430 2708 regis
2462 2640 2687 2709 quievit.
2733 2639 3064 2692 Francorum
3094 2649 3310 2704 quoque
3336 2634 3603 2703 primores

2030 2729 2192 2782 filiam
2241 2729 2384 2799 regis
2419 2728 2737 2782 clarissimis
2771 2728 3011 2781 ditavere
3046 2724 3219 2778 donis.
3252 2721 3421 2775 Tanta
3459 2720 3604 2791 deni-

2030 2835 2134 2888 que
2186 2820 2562 2874 thesaurorum
2607 2816 2707 2870 fuit
2753 2818 2941 2885 copia,
2995 2822 3053 2867 ut
3100 2829 3193 2867 sex
3247 2812 3485 2883 plaustra
3519 2810 3604 2864 his

2030 2919 2251 2965 onerata
2284 2927 2404 2964 eam
2437 2910 2829 2978 praecederent.
2868 2908 2996 2975 Quae
3020 2905 3325 2976 digrediens
3358 2906 3425 2959 ab
3471 2904 3604 2957 urbe

2030 3003 2401 3068 Parisiorum,
2456 3010 2579 3071 post.
2626 3000 2810 3055 oscula
2862 3008 2917 3053 ct
2968 2999 3235 3069 lacrymas
3294 3004 3600 3065 parentum,

2032 3097 2157 3150 dum
2184 3112 2348 3151 curru
2383 3096 2692 3160 veheretur,
2727 3095 2778 3148 in
2813 3094 2926 3162 ipso
2955 3100 3122 3162 portas
3152 3090 3340 3143 limine
3379 3078 3621 3141 effracto

2034 3186 2191 3239 unius
2240 3200 2343 3239 axe
2376 3193 2529 3248 rotae,
2578 3185 2645 3237 ad
2691 3192 2888 3237 terram
2930 3182 3154 3237 corruit.
3203 3179 3299 3233 Cui
3334 3192 3454 3232 cum
3489 3174 3605 3245 plu-

2033 3277 2154 3331 rimi
2190 3275 2385 3329 malam
2416 3284 2666 3344 optarent
2696 3275 2885 3328 horam
2907 3314 2921 3339 ,
2959 3271 3184 3342 pepulus
3233 3272 3334 3323 hoc
3376 3282 3473 3337 pro
3505 3282 3605 3319 au-

2032 3366 2203 3439 spicio
2243 3366 2499 3436 suscepit.
2539 3365 2673 3418 Dum
2713 3373 2907 3417 octavo
2937 3362 3168 3430 denique
3211 3361 3277 3413 ab
3315 3359 3448 3411 urbe
3482 3354 3605 3409 mil.

2032 3457 2189 3513 liario
2237 3458 2468 3512 tentoria
2504 3456 2790 3520 ﬁxisscnt,
2834 3452 3223 3523 quinquaginta
3270 3449 3390 3511 viri,
3437 3444 3607 3515 raptis

2034 3558 2249 3603 centum
2280 3548 2435 3618 equis
2465 3564 2587 3601 cum
2618 3562 2803 3600 eorum
2845 3546 3027 3598 aureis
3058 3541 3316 3612 phaleris,
3362 3537 3426 3591 ad
3454 3534 3605 3591 Chil-

2034 3640 2314 3695 debertum
2373 3654 2555 3710 regem
2618 3653 2676 3692 se
2730 3637 3095 3691 contulerunt.
3150 3632 3305 3689 Unde
3358 3637 3609 3683 metuens

2032 3734 2390 3806 Cliilpcricus,
2446 3748 2513 3787 ne
2557 3732 2749 3801 aliquae
2794 3731 3001 3784 insidia:
3046 3735 3369 3797 pararentur
3414 3722 3533 3776 lilia:
3574 3732 3623 3773 a‘

2032 3836 2229 3895 nepote
2276 3839 2373 3879 suo
2417 3823 2502 3877 vel
2546 3822 2747 3887 fratre,
2788 3831 3020 3890 quatuor
3063 3817 3229 3871 millia
3272 3821 3603 3867 armatorum

2034 3919 2149 3988 ejus
2183 3917 2452 3987 deputavit
2481 3915 2719 3980 tuitioni,
2749 3914 2945 3982 quibus
2984 3912 3126 3965 Bobo
3158 3918 3211 3963 et
3237 3906 3412 3960 Wado
3437 3903 3603 3957 duces

2032 4016 2319 4076 prmerant.
2353 4005 2617 4075 Prmcepit
2654 4005 2819 4058 etiam
2866 4010 2925 4054 nt
2961 4004 3024 4054 de
3054 3997 3369 4054 substantiis
3399 4009 3604 4064 panpe-

2036 4114 2153 4153 rum
2197 4097 2500 4151 necessaria
2537 4096 2617 4149 eis
2668 4096 2720 4147 in
2779 4095 2973 4148 itinere
3020 4089 3603 4145 subministrarentur:

2034 4206 2099 4244 ne
2141 4188 2253 4242 fisci
2305 4187 2545 4240 redditus
2604 4185 2792 4254 aliquo
2842 4183 3005 4237 modo
3052 4182 3443 4236 minuerentur.
3499 4174 3610 4227 Hac

2036 4281 2199 4350 igitur
2224 4294 2343 4332 cum
2394 4293 2584 4347 pompa
2606 4317 2620 4340 ,
2653 4290 2883 4345 cumque
2913 4274 3193 4340 utriusque
3226 4284 3384 4324 sexus
3418 4266 3603 4320 multi-

2034 4371 2187 4424 moda
2222 4368 2443 4433 familia,
2474 4366 2760 4437 Hispanias
2789 4366 2939 4436 pctii'
2973 4362 3262 4431 Chilperici
3296 4359 3439 4429 regis
3472 4357 3601 4409 lilia.

359 4450 555 4504 cl.ildis
600 4452 817 4520 reginae,
867 4454 1144 4507 successit.
1181 4455 1423 4523 Remigio
1465 4472 1682 4524 quoque
1725 4457 1928 4510 Bituri-
1956 4465 2002 4522 Β
2030 4464 2065 4517 li
2098 4478 2222 4515 vero
2248 4461 2338 4530 qui
2370 4475 2489 4515 eam
2522 4460 2883 4524 deducebant,
2914 4467 3112 4513 cuncta
3145 4470 3240 4524 per
3293 4467 3412 4522 qua:
3452 4452 3604 4505 ibant

362 4555 484 4607 gum
517 4541 747 4607 prmsule
768 4542 1078 4606 decedente,
1101 4542 1373 4611 Sulpicius
1397 4559 1425 4595 a
1453 4543 1776 4599 Guntranuo
1803 4561 1929 4614 rege

359 4632 762 4685 substituitur:
809 4634 1020 4688 dicente
1044 4635 1267 4703 przefato
1307 4635 1549 4705 principe
1598 4635 1778 4690 multis
1821 4638 1933 4706 epi-

361 4729 619 4787 scnpalus
643 4723 1122 4790 competitoribus:
1163 4743 1180 4773 ε
1215 4723 1328 4779 Νοη
1358 4734 1460 4789 est,
1507 4726 1703 4794 inquit,
1735 4736 1933 4781 nostrae

360 4813 698 4865 consuetudo
740 4814 1171 4868 mansuetudinis
1207 4816 1464 4870 ecclesias
1509 4816 1707 4871 Christi
1758 4819 1933 4887 pretio

364 4901 630 4965 vendere,
676 4917 748 4957 ne
799 4918 897 4957 nos
945 4904 1293 4961 damnatione
1321 4907 1493 4975 digni,
1531 4919 1587 4961 et
1635 4923 1729 4961 vos
1780 4908 1933 4977 Mago

365 4990 572 5045 Simoni
595 4992 1158 5050 similesvideamini.)
1182 4997 1247 5050 Et
1264 4998 1362 5051 hoc
1374 4999 1590 5065 quidem
1610 5014 1699 5053 rex
1716 5001 1933 5069 dignum

367 5085 623 5139 memoria
650 5086 1141 5155 protulitverbum.
1173 5088 1286 5144 Hoc
1310 5106 1451 5143 anno
1482 5107 1614 5146 rosm
1646 5093 1774 5145 visa:
1810 5105 1937 5148 sunt

369 5189 552 5204 Matr-ba
612 5176 863 5204 ΙΑηοιΑ-ιιι
885 5194 899 5204 ι
964 5189 1012 5204 ιιι
1084 5184 1303 5204 -..1.Ακ--
1393 5197 1500 5204 ...μμ

2037 4562 2244 4607 vastata
2278 4553 2612 4624 linquebant.

2627 4660 2850 4717 CAPUT
2889 4659 3042 4714 LVII.

2036 4773 2111 4824 De
2140 4771 2500 4839 Fredegundis
2530 4783 2645 4825 astu
2671 4783 2717 4825 et
2750 4772 3030 4831 illecebris,
3074 4778 3120 4821 et
3146 4765 3430 4839 Chilperici
3473 4764 3617 4839 obitu

2107 4860 2166 4893 nc
2196 4832 2448 4913 moribus.
2479 4842 2652 4913 Deque
2681 4841 3095 4894 Aurelianorunt
3140 4832 3619 4887 cumBlesensibus

2104 4913 2159 4965 in
2192 4911 2460 4966 Dunenses
2483 4911 2832 4982 expeditione.

2108 5005 2237 5057 Erat
2278 5012 2459 5059 autem
2508 5006 2731 5074 prmfata
2779 4996 3163 5070 Fredegundis
3189 4991 3361 5042 forma
3387 5001 3632 5056 egregia.

2039 5094 2262 5147 consilio
2285 5091 2500 5157 callida,
2525 5095 2661 5150 dolis
2713 5092 2992 5161 (31:63pm
3026 5075 3398 5161 Bruuechildc}
3445 5089 3657 5141 ιδιιτειτιί

2040 5184 2211 5204 μηλμ
2284 5181 2410 5204 τι.--
2449 5200 2465 5204 -
2492 5184 2647 5204 "-4.-
2719 5159 2784 5204 .LJ
2825 5191 2979 5204 ...ηρ
3028 5165 3271 5204 ιςὶιῖιὶὶηρς
3313 5159 3642 5204 Chilneriom
