4044 5428
423 302 523 360 ’131

1485 304 1739 363 ΔΙΜΟΙΝΙ
1777 302 2083 362 MONACHI
2137 304 2633 395 F'LOIIIACENSIS

3564 305 3677 362 75!

423 431 690 489 gressum,
725 416 780 472 in
821 416 1065 472 interiori
1087 414 1338 471 cubiculo
1358 425 1522 486 caput
1538 417 1817 487 proprium
1839 416 1994 486 aquis
2019 417 2070 476 Α
2099 415 2232 471 duos
2255 415 2425 473 libros
2455 417 2654 473 imitari
2685 415 2961 473 Sedulium
2989 416 3193 472 volens.
3237 413 3292 470 In
3333 415 3528 486 quibus
3549 416 3668 486 plu-

422 510 648 579 parabat
678 509 918 564 abluere.
948 507 1065 562 Rex
1091 522 1222 577 ergo
1246 507 1438 562 iterum
1466 508 1519 562 in
1555 508 1758 578 regiam
1786 521 1994 578 regres-

422 616 538 664 sus,
563 599 866 656 cubiculum
913 607 1032 668 post
1059 599 1204 654 illam
1261 599 1508 665 intravit,
1535 608 1589 654 et
1616 614 1754 661 eam,
1800 606 1862 652 ut
1903 597 1991 666 ja-

420 689 604 753 cebat,
643 703 806 757 super
839 703 1123 742 scamnum
1149 688 1408 744 acclinem
1432 688 1623 743 baculo
1649 688 1702 742 in
1725 687 1991 758 posterio-

420 776 573 831 ribus
623 775 812 830 ludens
851 777 1144 846 percussit.
1181 775 1272 830 Illa
1304 787 1593 830 autumans
1635 775 1990 831 Landericum

420 865 524 920 hoc
551 864 746 920 fecisse
775 865 887 935 (qui
947 880 1130 920 comes
1174 874 1301 921 tunc
1347 875 1400 920 et
1432 867 1604 936 major
1634 866 1824 920 domus
1875 875 1990 920 erat

420 955 581 1024 regiae
597 964 1060 1023 consueveratque
1089 970 1211 1009 cum
1236 954 1418 1024 regina
1445 954 1613 1023 stupri
1643 955 1842 1008 habere
1864 969 1995 1008 con-

419 1043 808 1112 suetudinem),
839 1044 915 1097 ait
941 1062 953 1097 :
992 1062 1010 1095 ι
1041 1043 1109 1098 Ut
1137 1044 1284 1113 quid,
1313 1042 1630 1107 Landerice,
1655 1043 1781 1096 talia
1811 1043 1992 1097 facere

417 1135 763 1204 prresumisli
791 1134 938 1188 Illico
969 1150 1085 1200 rex,
1117 1149 1182 1189 ac
1205 1135 1248 1189 si
1277 1149 1465 1188 amens
1485 1132 1727 1197 effectus,
1764 1133 1851 1187 ubi
1878 1133 1992 1188 haec

415 1223 641 1284 audivit,
681 1223 734 1279 in
767 1224 1128 1295 suspicionem
1159 1223 1438 1290 deductus,
1492 1223 1858 1293 indignatione
1913 1224 1992 1275 ni-

419 1314 526 1368 mia
561 1313 746 1370 furens
775 1315 1050 1384 animique
1093 1315 1286 1385 impos,
1327 1314 1550 1379 exsiliit,
1583 1314 1788 1383 Iugiens
1822 1313 1992 1382 turpis

423 1405 745 1475 corruptela:
791 1406 1058 1476 contagia.
1101 1404 1211 1460 Nec
1255 1404 1521 1459 furentem
1562 1405 1808 1474 capiebat
1848 1403 1988 1456 aula.

413 1498 600 1567 Itaque
631 1497 888 1552 silvarum
924 1506 1133 1555 secreta
1165 1497 1342 1569 petiit,
1367 1507 1423 1552 ut
1449 1498 1730 1552 venatibus
1754 1497 1990 1550 intentus

416 1598 623 1642 tantam
666 1588 848 1644 animo
895 1597 1210 1659 conceptam
1246 1588 1438 1643 leniret
1487 1588 1836 1642 iracundiam.
1890 1585 1992 1642 Co-

414 1694 679 1749 gnoscens
706 1695 834 1736 vero
858 1681 1043 1751 regina
1074 1696 1180 1735 non
1208 1695 1362 1750 aequo
1394 1680 1577 1735 animo
1609 1695 1789 1750 regem
1826 1679 1987 1733 verba

2096 505 2219 560 rimi
2250 523 2440 562 versus
2462 521 2656 562 scazon
2706 515 2862 561 erant
2893 547 2906 572 ,
2941 506 3134 561 breves
3177 520 3390 575 quoque
3431 505 3672 576 syllabas

2094 594 2397 665 prolongis,
2413 596 2712 665 longasque
2732 611 2830 666 pro
2850 595 3102 650 brevibus
3121 596 3488 650 continebant.
3501 597 3670 651 Cum-

2095 699 2201 754 que
2229 693 2286 740 et
2313 685 2417 739 alia
2448 685 2730 755 opuscula,
2759 686 2842 740 vel
2869 687 3120 756 hymnos,
3157 685 3271 740 sive
3297 685 3491 740 missas
3515 701 3668 740 com-

2097 785 2344 842 poneret,
2393 790 2516 844 quae
2544 773 2687 828 nulla
2730 781 2980 844 poterant
3017 774 3228 827 ratione
3272 773 3496 843 suscipi,
3540 788 3668 827 cum

2095 862 2227 932 ipsis
2249 864 2412 918 etiam
2443 863 2726 918 memorati
2758 863 3007 932 superius
3034 862 3153 916 libri
3183 879 3212 916 a
3246 862 3504 918 memoria
3532 862 3668 915 abo-

2094 953 2176 1008 liti
2204 964 2331 1010 sunt
2358 956 2661 1010 hominum.
2690 955 2896 1012 Causas
2917 969 3208 1026 pauperum
3257 971 3365 1011 non
3413 954 3570 1010 facile
3598 957 3668 1008 ad

2096 1057 2156 1097 se
2185 1043 2389 1113 ingredi
2418 1044 2654 1110 sinebat,
2705 1044 2975 1100 Ecclesias
3005 1060 3098 1100 seu
3127 1045 3452 1100 monasteria
3483 1045 3665 1099 hostili

2093 1133 2217 1188 odio
2250 1134 2660 1189 insectabatur:
2703 1137 2840 1191 adeo
2891 1144 2952 1190 ut
3000 1136 3312 1207 plerumque
3362 1137 3416 1191 in
3463 1137 3668 1206 palatio

2095 1224 2336 1283 reside-ns
2386 1227 2692 1282 astantibus
2735 1226 2838 1282 sibi
2883 1227 3135 1283 diceret:
3182 1245 3201 1278 ι
3247 1227 3408 1291 Ecce,
3463 1228 3668 1282 divitia:

2092 1324 2292 1370 nostrae
2321 1315 2388 1369 ad
2411 1317 2671 1372 ecclesias
2698 1318 3065 1382 transierunt;
3109 1317 3204 1373 soli
3233 1333 3375 1373 nunc
3419 1317 3662 1388 episcopi

2093 1416 2341 1476 regnant,
2367 1407 2496 1463 solis
2521 1408 2600 1463 eis
2637 1407 2878 1463 defertur
2898 1409 3090 1463 honor.
3113 1427 3134 1461 ι
3159 1407 3478 1464 Sacerdotes
3502 1409 3666 1462 etiam

2090 1496 2302 1552 Domini
2327 1497 2429 1552 sibi
2475 1498 2527 1552 in
2557 1497 2791 1552 fabulam
2839 1507 3076 1553 verterat
3115 1506 3170 1552 et
3214 1499 3267 1552 in
3297 1498 3664 1568 proverbium.

2096 1586 2235 1652 Quid
2266 1569 2446 1642 autem
2479 1588 2632 1658 plura
2684 1589 2748 1643 de
2774 1587 2888 1655 ejus
2914 1588 3098 1657 pravis
3127 1601 3470 1644 recensemus
3499 1588 3670 1642 mori-

2091 1674 2246 1731 bus?
2295 1677 2510 1732 Nullum
2563 1677 2794 1749 denique
2833 1694 3067 1748 unquam
3116 1678 3350 1749 perfecte
3399 1678 3605 1745 dilexit,
3635 1695 3666 1734 a

415 1772 602 1828 tulisse
632 1787 749 1836 sua,
793 1782 848 1828 et
894 1773 1194 1844 periculum
1245 1789 1356 1828 sua:
1402 1773 1682 1827 imminere
1725 1771 1906 1835 saluti,
1943 1771 1988 1825 si
2021 1745 2066 1806 Β
2095 1769 2241 1823 nullo
2270 1769 2503 1824 dilectus
2525 1778 2626 1824 est.
2661 1769 2773 1826 Iloc
2795 1770 2953 1826 modo
2982 1770 3141 1840 periit
3171 1770 3378 1826 invisus
3403 1771 3536 1838 suis,
3568 1785 3672 1826 nec

412 1881 536 1921 eum
563 1867 901 1937 opperiretur
944 1874 1250 1929 venturum,
1287 1865 1537 1920 timorem
1589 1863 1776 1932 abiicit
1829 1862 1988 1917 femi-

413 1971 681 2026 neamque
711 1958 990 2013 audaciam
1014 1958 1260 2014 assumit.
1288 1957 1354 2012 Et
1380 1959 1600 2012 mittens
1629 1956 1808 2011 vocari
1828 1954 1990 2024 jussit

416 2049 793 2117 Landcricum,
849 2055 933 2108 cui
965 2063 1019 2107 ct
1049 2054 1187 2108 dixit
1219 2072 1232 2108 :
1269 2072 1286 2106 ι
1327 2051 1435 2107 Res
1488 2053 1683 2122 capitis
1717 2051 1813 2116 tui,
1844 2051 1987 2106 Lan-

412 2144 614 2209 derica,
646 2162 787 2200 nunc
819 2148 1031 2218 agitur;
1056 2148 1281 2219 plusque
1307 2147 1398 2201 tibi
1429 2147 1492 2200 de
1521 2145 1790 2216 sepultura
1823 2161 1985 2216 quam

412 2237 481 2292 de
500 2238 716 2305 lectulo,
752 2240 853 2296 nisi
873 2257 1055 2307 caves,
1085 2243 1136 2296 in
1162 2242 1408 2311 proximo
1439 2241 1778 2311 cogitandum
1805 2239 1930 2296 erit.
1959 2258 1980 2292 ι

413 2329 772 2403 Narravitque
801 2334 850 2388 ei
885 2344 1079 2389 cuncta
1108 2350 1227 2404 quae
1257 2335 1400 2390 dicta
1449 2350 1542 2390 seu
1570 2342 1717 2404 gesta
1748 2335 1981 2389 fuerant.

413 2421 621 2489 Quibus
658 2426 874 2495 agnitis,
904 2426 1239 2483 Landcricus
1273 2438 1524 2498 reputare
1571 2443 1753 2483 secum
1779 2427 1982 2482 scelera

415 2533 512 2572 sua
544 2519 659 2590 ipse
711 2522 874 2592 coepit
919 2531 976 2577 et
1022 2523 1363 2578 conseientiae
1414 2523 1647 2578 stimulis
1697 2522 1979 2593 exagitari.

414 2611 629 2668 Nullum
656 2613 794 2687 fugze
849 2615 1041 2680 locum,
1087 2632 1187 2671 nec
1229 2616 1485 2671 evadendi
1533 2616 1828 2672 subsidium
1878 2616 1980 2670 sibi

412 2709 704 2777 reliztum;
757 2711 1204 2776 circumventum,
1240 2709 1384 2762 velut
1409 2709 1726 2778 quibusdam
1753 2708 1980 2773 retibus,

409 2812 467 2858 et
496 2812 712 2873 ceptum
742 2803 930 2858 teneri.
958 2803 1196 2873 Denique
1225 2802 1584 2872 ingemiscens
1610 2801 1799 2855 altius:
1830 2820 1848 2852 ι
1869 2799 1976 2867 Vze,

409 2897 608 2968 inquit,
630 2897 760 2964 diei,
791 2913 897 2967 quo
918 2898 971 2951 in
1004 2906 1205 2952 tantam
1232 2897 1410 2951 cordis
1438 2895 1853 2950 amaritudinem
1882 2896 1978 2949 de-

413 2988 534 3042 veni
567 2989 580 3041 ι
633 2987 943 3042 Discrucior
986 2987 1151 3042 miser
1195 2986 1398 3048 animo,
1437 2995 1490 3040 et
1543 2983 1668 3055 quid
1709 2999 1863 3052 agam
1895 2982 1979 3038 vel

410 3096 520 3150 quo
543 3095 627 3135 mc
654 3089 856 3134 vertam
883 3083 1086 3150 ignoro.
1107 3100 1126 3133 ι
1160 3080 1256 3134 Cui
1289 3078 1680 3148 Fredcgundis:
1705 3096 1723 3128 ι
1752 3073 1981 3132 Auscul-
2009 3082 2053 3145 ο

414 3182 487 3236 ta,
518 3173 612 3234 ait,
638 3176 864 3243 paucis;
897 3185 952 3230 et
987 3175 1112 3245 quid
1141 3189 1240 3244 ego
1270 3183 1320 3229 te
1348 3172 1528 3228 facere
1556 3173 1739 3239 velim,
1766 3182 1819 3226 et
1852 3171 1981 3242 quid

413 3268 571 3321 nobis
622 3268 961 3337 profuturum
1015 3270 1106 3334 sit,
1170 3268 1327 3323 scies.
1376 3266 1703 3322 Reverteute
1739 3281 1862 3336 rege
1917 3266 1982 3321 de

410 3360 717 3426 venatione,
751 3369 809 3415 ut
831 3363 878 3417 ei
918 3377 1034 3417 mos
1068 3371 1172 3426 est,
1200 3362 1299 3416 sub
1322 3361 1549 3415 obscura
1575 3369 1753 3426 nocte,
1784 3359 1983 3414 immit-

415 3459 601 3504 tantur
625 3450 929 3516 homicidae,
961 3453 1050 3522 qui
1075 3452 1415 3522 przemiorum
1442 3449 1830 3519 pollicitatione
1854 3464 1983 3504 con-

414 3553 674 3615 temptum
730 3557 1003 3603 sumentes
1060 3548 1220 3613 vitae,
1272 3547 1452 3603 lethali
1501 3563 1624 3602 cum
1676 3547 1982 3618 perfodiant

411 3638 655 3719 vulnere.
707 3640 824 3708 Quo
873 3641 1036 3708 facto,
1084 3657 1182 3697 nos
1215 3640 1390 3696 securi
1434 3656 1463 3695 a
1495 3640 1684 3696 mortis
1717 3640 1978 3710 periculo,

412 3743 534 3782 cum
561 3729 670 3785 lilio
700 3733 1044 3801 regnabimus
1068 3730 1393 3787 Chlotario.»
1415 3730 1624 3786 Laudat
1648 3730 1978 3787 Landericus

411 3815 718 3883 consilium,
749 3828 806 3874 et
828 3829 1185 3875 revertentem
1213 3819 1280 3876 de
1307 3819 1439 3874 silva
1479 3819 1858 3890 Chilpericum,
1894 3822 1979 3879 his

410 3905 655 3974 quicum
711 3923 778 3964 eo
815 3920 1077 3964 venerant
1121 3910 1226 3964 alio
1275 3911 1517 3977 intentis,
1560 3912 1976 3968 circumstantes

409 3997 500 4065 qui
529 3999 677 4054 missi
729 3999 942 4057 fuerant
987 4017 1257 4076 przccepto
1285 4005 1645 4073 satisfaciunt,
1692 4019 1854 4079 atque
1885 4009 1977 4064 de-

409 4088 677 4146 silientem
709 4106 848 4164 equo
873 4097 1202 4166 opprimunt,
1226 4095 1526 4152 clamantes
1554 4116 1572 4148 ι
1608 4097 1973 4167 insidiatores,

408 4195 440 4235 a
480 4181 826 4242 Childeberlo
885 4204 1008 4260 rege
1053 4190 1338 4245 Austrasio
1386 4192 1639 4259 directos,
1694 4194 1973 4248 dominum

406 4291 563 4331 suum
595 4279 930 4337 interemisse
959 4292 1012 4337 et
1034 4299 1092 4338 se
1138 4285 1191 4337 in
1235 4284 1396 4354 pedes
1437 4288 1756 4355 quantocius
1783 4290 1972 4343 silvam

407 4387 596 4428 versus
621 4374 849 4431 dedisse.
893 4397 910 4428 ι
952 4376 1070 4442 Quo
1095 4380 1300 4446 audito,
1335 4381 1426 4450 qui
1466 4382 1710 4448 aderant,
1741 4384 1973 4452 arreptis

405 4467 584 4536 cquis,
612 4482 749 4536 quos
784 4485 891 4524 non
914 4472 1166 4526 videbant
1191 4474 1393 4542 insequi
1423 4477 1602 4530 conati
1651 4486 1797 4532 sunt.
1829 4478 1974 4544 Quos

407 4569 530 4610 cum
558 4556 776 4614 minime
809 4559 1166 4626 invenissent,
1207 4567 1273 4617 ad
1315 4567 1529 4635 propria
1583 4577 1708 4621 sunt
1750 4569 1972 4622 reversi.

403 4648 722 4705 Madalull‘us
755 4653 1174 4710 Silvancctcnsis
1197 4657 1481 4726 episcopus
1523 4659 1633 4729 (qui
1665 4657 1774 4727 jam
1819 4660 1976 4714 tertia

407 4737 574 4794 diein
626 4743 862 4797 tentorio
894 4745 1165 4800 residebat
1199 4756 1254 4799 et
1307 4747 1416 4816 regi
1472 4749 1692 4804 minime
1745 4751 1974 4820 colloqui

407 4841 620 4899 poterat
677 4843 896 4904 propter
949 4835 1145 4890 fastum
1203 4838 1485 4906 superbiae,
1540 4855 1642 4908 qua
1693 4841 1831 4896 idem
1881 4859 1977 4897 rex

403 4925 662 4966 Inmnlmtl
696 4935 748 4966 nl
776 4941 898 4966 ριηη
927 4928 1271 4966 intui-fontium
1293 4933 1540 4966 nnunnuir
1597 4934 1806 4966 αιΙιγηιιῖι
1881 4937 1947 4966 ιι.

2090 1859 2336 1914 amabilis
2357 1861 2648 1916 extraneis.

2160 1951 2426 2007 Defuncto
2452 1950 2778 2022 Chilperico,
2832 1951 3250 2007 Aurelianenses
3291 1951 3466 2029 juncti
3513 1951 3671 2006 Bele-

2091 2041 2344 2096 scnsibus
2370 2042 2771 2111 expeditionem
2797 2056 2960 2112 super
2995 2041 3272 2096 Duuenses
3303 2050 3550 2112 agentes,
3575 2055 3671 2095 eos

2090 2130 2372 2200 inopinate
2403 2140 2839 2199 oppresserunt;
2879 2147 2966 2184 res
3005 2145 3190 2185 eorum
3237 2130 3464 2185 mobiles
3513 2128 3674 2183 aufes

2089 2228 2293 2280 rentes,
2331 2220 2634 2276 in'imobilcs
2683 2221 2804 2291 igne
2842 2231 3169 2276 cremantes.
3203 2219 3309 2274 Sed
3360 2219 3440 2274 eis
3466 2219 3532 2273 ad
3571 2234 3668 2276 sua,

2087 2311 2478 2376 redeuntibus,
2531 2311 2810 2368 Carnotini
2863 2328 2984 2367 cum
3038 2310 3377 2366 Dunensibus
3416 2309 3666 2366 finderati

2087 2406 2319 2462 similem
2352 2422 2448 2478 per
2477 2408 2658 2462 omnia
2686 2407 2906 2463 ultionis
2933 2407 3245 2463 inﬂixerunl
3283 2407 3514 2478 plagam,
3567 2421 3670 2476 par

2090 2499 2204 2569 pari
2240 2499 2559 2557 referentes.
2606 2498 2674 2553 Et
2721 2514 2840 2552 eum
2872 2500 2924 2553 in
2957 2498 3128 2568 majus
3175 2499 3254 2553 ira
3288 2506 3668 2569 augmentare-

2091 2599 2199 2655 tur,
2231 2588 2720 2645 intervenientibus
2743 2590 3021 2660 utriusque
3047 2589 3215 2661 partis
3238 2587 3526 2645 comitibus
3557 2603 3669 2658 pax

2083 2678 2224 2735 facta
2252 2689 2354 2735 est.

2634 2793 2859 2849 CAPUT
2895 2793 3069 2848 LVIII.

2091 2880 2169 2936 De
2222 2880 2591 2952 Fredegundis
2643 2893 2691 2936 et
2727 2883 3174 3020 thisaurariorum
3224 2880 3504 2953 Chilperici
3537 2896 3667 2950 pro-

2812 2968 2966 3022 ugus.

2156 3039 2366 3095 Interea
2418 3039 2786 3111 Fredcgundis
2826 3041 3011 3109 regina
3059 3046 3252 3096 marito
3298 3040 3536 3103 viduata,
3593 3040 3672 3095 ad.

2085 3131 2366 3187 basilicam
2398 3131 2686 3187 Parisiacae
2715 3133 2863 3187 urbis
2915 3132 2967 3186 in
3017 3133 3220 3188 honore
3247 3142 3449 3187 sancta:
3478 3131 3662 3185 Mariae

2087 3221 2348 3286 dicatam,
2377 3223 2498 3276 cum
2527 3221 2796 3276 thesauris
2819 3235 2958 3290 quos
2983 3236 3164 3277 secum
3187 3221 3419 3276 habebat
3448 3236 3507 3276 se
3531 3235 3662 3274 con-

2084 3311 2288 3377 ferens,
2321 3328 2349 3366 a
2381 3313 2728 3384 Raguemodo
2759 3313 3050 3383 suscipitur
3075 3316 3346 3384 episcopo.
3372 3313 3505 3368 Nam
3540 3314 3666 3368 the.

2085 3403 2316 3458 saurarii
2348 3403 2641 3472 Chilperici
2674 3403 2838 3474 regis,
2861 3419 2984 3459 cum
3013 3405 3282 3460 thesauris
3307 3405 3447 3475 apud
3472 3403 3658 3459 Calam

2082 3495 2263 3550 vicum
2292 3495 2524 3564 repertis
2563 3509 2796 3565 cumque
2821 3495 3071 3550 missorio
3097 3510 3262 3551 aureo
3303 3509 3467 3567 quem
3515 3495 3659 3550 idem

2082 3600 2178 3639 rex
2227 3584 2437 3655 magnis
2485 3582 2781 3640 fabricarat
2820 3585 3118 3656 impensis,
3156 3586 3222 3642 ad
3254 3587 3659 3642 Childebertum

2083 3689 2266 3744 regem
2297 3689 2356 3728 se
2381 3677 2748 3730 contulerunt.
2780 3674 2950 3732 Porro
2969 3677 3156 3733 eadem
3186 3678 3371 3747 regina
3408 3677 3662 3748 prudenti

2082 3767 2309 3822 consilio
2340 3781 2458 3832 usa,
2483 3768 2551 3822 ad
2583 3767 2962 3824 Guntrannum
2995 3784 3176 3839 regem
3201 3771 3405 3840 legatos
3433 3769 3659 3832 direxit.

2084 3859 2348 3913 mandans
2401 3873 2460 3914 se
2503 3873 2626 3913 cum
2670 3857 2799 3925 lilio,
2833 3875 2994 3930 quem
3041 3875 3108 3915 ex
3150 3859 3454 3930 Chilperico
3489 3860 3656 3915 fratre

2083 3949 2253 4021 ipsius
2282 3960 2616 4022 susceperat,
2653 3952 2707 4007 in
2759 3952 3062 4007 clientelam
3111 3952 3188 4007 illi
3234 3953 3369 4009 velle
3421 3954 3654 4007 tradere.

2082 4038 2459 4108 Cuntramms,
2491 4043 2556 4097 de
2578 4041 2767 4098 fratris
2797 4044 3020 4099 interitu
3051 4043 3194 4099 veris
3215 4044 3425 4100 indiciis
3456 4045 3658 4098 certior

2081 4132 2281 4199 factus,
2313 4133 2553 4189 Parisius
2599 4149 2811 4190 summo
2854 4136 3032 4190 studio
3078 4135 3375 4191 contendit.
3405 4133 3657 4190 Occurrit

2080 4233 2260 4277 autem
2291 4224 2339 4278 ci
2369 4223 2739 4296 Fredegundis
2785 4235 2841 4281 et
2870 4241 2992 4282 eum
3025 4226 3162 4281 intra
3211 4226 3398 4280 urbem
3429 4225 3652 4294 recepit.

2079 4313 2210 4370 Post
2256 4330 2417 4384 quem
2446 4315 2826 4371 Childebertus
2884 4317 3196 4381 adveniens,
3232 4317 3359 4371 dum
3386 4331 3416 4370 a
3446 4317 3655 4371 civibus

2001 4416 2051 4476 ι)
2079 4405 2360 4474 ingressus
2413 4404 2462 4458 ei
2492 4406 2892 4473 prohiberetur,
2934 4406 3285 4477 ad'pat-ruum
3333 4407 3520 4471 mittit,
3563 4421 3658 4475 po-

2083 4510 2243 4550 scens
2283 4504 2341 4549 ut
2390 4506 2610 4565 pactmn
2642 4497 2785 4566 quod
2813 4499 3014 4553 dudum
3043 4498 3279 4554 inierant
3324 4499 3525 4553 rectius
3561 4497 3654 4552 ﬁr-

2083 4597 2277 4643 maret.
2310 4589 2507 4644 Verum
2559 4601 2888 4646 memoratus
2941 4593 3192 4662 princeps
3239 4592 3385 4660 ipsos
3439 4593 3652 4661 quidem

2086 4678 2293 4750 legatos
2323 4679 2559 4749 perﬁdia)
2588 4681 2886 4752 redarguit,
2914 4683 3055 4753 quod
3100 4696 3287 4737 eorum
3320 4683 3502 4752 pravis
3525 4697 3650 4736 cou-

2082 4771 2220 4826 siliis
2267 4771 2527 4834 amicitia,
2585 4771 2713 4826 olim
2744 4787 2865 4826 cum
2899 4783 3090 4842 nepote
3126 4771 3335 4839 juncta,
3388 4755 3650 4840 dirempta

2081 4864 2220 4919 Ioret
2247 4880 2262 4929 ;
2295 4879 2354 4919 se
2377 4877 2508 4918 vero
2535 4880 2654 4920 cum
2683 4865 2766 4919 eis
2797 4864 2975 4919 ftedus
2999 4879 3104 4918 non
3137 4863 3404 4918 facturum
3437 4878 3653 4932 respon-

2345 4954 2378 4966 fi

3715 604 3734 631 ι.

3695 673 3724 686 Ψ
