4044 5428
350 365 455 423 7‘53

1412 363 1728 421 HISTORIA
1770 364 2216 423 FRANCORUM.
2254 398 2324 409 -—
2365 368 2489 424 LIB.
2529 368 2595 430 Ill

3505 373 3608 429 73I

353 480 534 548 ibique
577 478 643 533 de
684 478 772 534 his
805 488 857 533 et
912 476 1178 532 similibus
1232 486 1608 530 tractaturum.
1644 496 1661 529 ι
1715 477 1926 546 Eosque
1953 482 2003 540 Α
2038 478 2161 533 ideo
2189 481 2255 533 ad
2298 482 2494 551 ipsum,
2540 480 2693 549 cujus
2736 496 2903 553 nepos
2950 492 3087 549 erat,
3119 483 3326 539 delatus
3361 493 3419 539 ut
3448 486 3515 541 ab
3541 502 3609 541 eo

352 570 456 624 eia
506 584 614 638 quo
640 569 828 623 directi
878 567 1093 621 fuerant
1142 567 1371 620 remisit.
1417 564 1639 621 Occulte
1691 579 1926 635 namque

352 659 690 727 Fredegundi
720 659 1007 713 videbatur
1036 657 1390 725 patrocinari.
1448 656 1619 723 Quam
1668 657 1793 710 dum
1822 671 1926 710 sm-

351 748 474 818 pius
515 749 582 801 ad
613 748 921 801 convivium
972 755 1245 810 evocaret,
1289 762 1394 800 una
1443 747 1653 801 dierum
1695 762 1725 801 e
1751 747 1929 801 medio

353 838 579 907 prandio
606 839 793 907 regina
845 852 1073 907 surgens
1104 852 1134 890 a
1179 852 1307 906 rege
1364 837 1715 899 invitabatur,
1747 844 1805 889 ut
1833 837 1930 890 ali-

350 928 480 995 quid
513 926 619 981 cibi
652 928 829 981 adhuc
868 940 1127 981 sumeret.
1173 926 1279 981 Sed
1310 927 1398 980 illa
1436 927 1591 995 juxta
1638 937 1928 981 consuetu-

353 1020 531 1072 dinem
559 1018 847 1073 mulierum
903 1018 1004 1072 sibi
1033 1018 1298 1072 accidisse
1333 1018 1547 1073 dicente
1577 1027 1635 1071 ut
1676 1033 1772 1087 pro
1795 1033 1929 1071 con-

352 1118 511 1175 ceptu
540 1115 811 1177 surgeret,
854 1122 950 1161 rex
978 1107 1305 1162 admiratus
1326 1116 1429 1170 est,
1474 1108 1652 1163 sciens
1691 1107 1928 1161 nondum

353 1210 602 1269 quartum
633 1200 965 1271 praeteriisse
1016 1215 1281 1266 mensem,
1331 1214 1439 1270 quo
1484 1200 1711 1255 alterum
1766 1213 1930 1268 pepe-

354 1299 520 1346 rent.

926 1380 1155 1436 CAPUT
1194 1380 1329 1435 LIX.

353 1471 430 1526 De
457 1470 679 1525 Clotarii
711 1471 814 1538 ﬁlii
852 1471 1135 1538 Chilperici
1185 1489 1277 1539 per
1334 1471 1590 1539 principes
1642 1470 1933 1538 inaugura-

420 1544 580 1625 tione,
618 1543 781 1611 deque
807 1540 1107 1596 Guntranm'
1143 1540 1412 1611 plausibili
1444 1540 1512 1594 ad
1538 1541 1786 1610 populum
1809 1556 1961 1607 con--

419 1629 587 1665 moue.

420 1702 707 1774 Principes
756 1718 887 1759 sane
930 1704 1217 1773 Chilperici
1249 1744 1264 1768 ,
1311 1718 1343 1758 e
1395 1704 1590 1773 quibus
1635 1700 1935 1756 Ansoaldus

352 1796 557 1867 primus
604 1805 743 1862 erat,
793 1805 1079 1866 acceptum
1123 1794 1294 1850 filium
1349 1794 1464 1862 ejus
1508 1794 1805 1849 Clotarium
1839 1808 1934 1862 per
1965 1826 2007 1884 Β

352 1888 600 1940 civitates
626 1886 776 1957 regni
814 1885 928 1953 ejus
952 1885 1456 1947 circumduxerunt,
1506 1894 1563 1939 et
1591 1891 1930 1938 sacramenta

351 1992 415 2031 ex
474 1978 693 2032 nomine
739 1978 907 2046 ipsius
980 1983 1143 2046 atque
1198 1976 1502 2031 Guntranui
1560 1984 1931 2046 susceperunt.

352 2067 707 2121 Cuntrannus
740 2081 868 2121 vero
926 2067 1230 2132 universos,
1281 2082 1418 2136 quos
1470 2066 1807 2135 Chilpericus
1854 2064 1933 2118 iu-

348 2154 493 2225 iuste
515 2166 884 2227 Oppresserat,
920 2157 1188 2225 relevans,
1224 2157 1484 2212 Ecclesiis
1506 2165 1826 2210 testamenta
1865 2157 1935 2210 ab

356 2266 423 2306 eo
447 2251 630 2305 ablata
662 2252 916 2305 restituit.
952 2250 1057 2305 Sed
1082 2259 1364 2321 suspectus
1394 2252 1582 2305 horum
1626 2249 1767 2303 inter
1798 2264 1934 2318 quos

352 2341 877 2406 veneratmalitiam,
905 2356 1170 2412 nusquam
1198 2341 1301 2396 nisi
1324 2341 1491 2395 armis
1517 2339 1935 2407 custodibusque

353 2431 589 2486 vallatus
616 2432 1084 2502 progrediebatur.
1115 2431 1268 2486 Unde
1291 2433 1521 2500 quadam
1554 2431 1640 2484 die
1667 2430 1718 2484 in
1761 2430 1933 2484 eccle-

354 2523 430 2577 sia
457 2522 599 2576 facto
627 2522 865 2587 silentio,
923 2523 1366 2577 circumstantem
1406 2520 1583 2591 populi
1637 2520 1932 2573 multitudio

352 2628 477 2669 nem
534 2614 640 2668 hac
687 2628 816 2667 voce
858 2613 1107 2684 rogavit:
1162 2630 1182 2665 ι
1226 2612 1487 2676 Obsecro,
1536 2613 1805 2683 inquiens,
1837 2627 1934 2665 vos

355 2704 445 2773 qui
494 2704 703 2759 adestis
755 2704 964 2774 populi,
1020 2714 1079 2758 ut
1128 2703 1422 2758 firmiorem
1470 2719 1629 2773 quam
1678 2704 1935 2757 fratribus

354 2794 489 2847 meis
517 2802 645 2847 ante
674 2794 777 2848 hoc
816 2809 921 2847 non
951 2795 1229 2859 servastis,
1263 2794 1390 2848 mild
1442 2793 1601 2847 fidem
1660 2795 1934 2847 custodia-

356 2882 446 2948 tis,
475 2892 745 2951 quatenus
772 2881 979 2937 valeam
1031 2897 1151 2935 cum
1206 2882 1388 2951 quiete
1440 2891 1662 2952 nepotes
1691 2884 1934 2939 enutrirc

354 2986 525 3032 meos,
553 2987 754 3041 vosque
790 2988 913 3027 cum
954 2971 1163 3041 justitia
1201 2988 1388 3042 regere
1423 2990 1436 3026 :
1482 2988 1547 3027 ne
1584 2973 1722 3027 forte
1771 2975 1933 3043 (quod

352 3062 498 3116 Deus
522 3064 756 3131 avertat)
788 3080 872 3118 me
902 3074 1026 3117 ante
1075 3074 1285 3132 tempus
1329 3064 1561 3128 sublato,
1610 3075 1664 3118 et
1701 3065 1802 3135 ipsi
1843 3080 1934 3121 ca-

351 3164 512 3207 reant
531 3156 824 3222 nutritore,
851 3164 905 3211 et
930 3172 1026 3210 vos
1057 3166 1287 3211 rectore.
1314 3176 1329 3206 »
1356 3157 1600 3227 Cumque
1621 3157 1736 3227 ejus
1765 3158 1929 3211 verba
1961 3160 2001 3216 C

352 3246 629 3301 admirans
653 3247 880 3317 populus
906 3247 1202 3313 laudasset,
1247 3247 1533 3303 Dominum
1574 3264 1670 3319 pro
1696 3246 1813 3316 ejus
1845 3264 1932 3303 ro-

351 3338 510 3406 gabat
530 3337 723 3392 salute.

953 3451 1178 3507 CAPUT
1218 3452 1327 3507 LX.

353 3538 429 3594 De
462 3540 723 3610 Rigundis
767 3542 1082 3609 detentione,
1133 3553 1179 3597 et
1231 3544 1367 3597 dotis
1406 3544 1521 3613 ejus
1569 3543 1927 3614 occupatione.

422 3650 562 3704 Dum
604 3652 719 3707 hzec
762 3665 1056 3723 agerentur
1087 3694 1103 3719 ,
1156 3654 1415 3723 Iligundis
1457 3656 1743 3725 Chilperiei
1788 3656 1929 3726 regis

354 3742 460 3796 lilia
497 3743 679 3812 (quam
728 3744 792 3798 ad
848 3744 1137 3816 Ilispanias
1166 3749 1384 3801 missam
1439 3748 1603 3801 fuisse
1645 3748 1927 3814 diximus),

352 3834 601 3891 Tolosam
634 3839 877 3904 veniens,
914 3856 1100 3896 moras
1154 3841 1369 3896 itineris
1399 3842 1471 3895 ibi
1510 3842 1785 3896 innectere
1819 3856 1931 3896 cte-

350 3926 452 3997 pit.
480 3926 610 3993 Sed,
643 3929 852 3998 perlato
875 3932 939 3985 ad
976 3947 1136 3985 aures
1168 3933 1430 3987 Desiderii
1488 3934 1637 3987 urbis
1662 3935 1815 3987 ducis
1864 3935 1930 3990 de

352 4026 529 4071 morte
557 4018 848 4088 Chilperici
892 4021 1104 4087 nuntio,
1151 4032 1308 4092 capta
1358 4037 1422 4076 ac
1450 4022 1717 4077 thesauris
1755 4023 1930 4077 omni—

349 4107 454 4163 bus
504 4110 730 4177 spoliata
774 4112 826 4164 in
868 4112 1149 4166 basilicam
1196 4120 1397 4167 sancta:
1441 4112 1623 4167 Mariae
1667 4113 1926 4183 confugit.

352 4196 452 4251 Cui
481 4198 793 4254 Desiderius
841 4212 1048 4256 arctum
1076 4204 1413 4257 constituens
1439 4204 1661 4266 victum,
1712 4203 1930 4257 thesau-

353 4302 478 4339 rum
513 4288 689 4357 sigillo
712 4290 1003 4355 munitum,
1049 4293 1101 4345 in
1146 4295 1377 4362 quadam
1412 4294 1571 4348 domo
1623 4293 1931 4349 fortissimis

353 4375 579 4428 tradidit
610 4378 739 4431 viris
768 4381 1202 4445 custodiendum,
1237 4391 1290 4438 et
1318 4384 1433 4452 ipse
1479 4384 1545 4436 ad
1579 4382 1927 4437 Mummolum

348 4464 627 4520 Avenione.
656 4467 980 4524 residentem
1016 4473 1250 4526 transiit.

945 4608 1170 4665 CAPUT
1208 4609 1344 4667 LXI.

351 4696 434 4754 De
472 4698 731 4775 Theodori
772 4700 1142 4775 Massiliensis,
1180 4707 1269 4775 qui
1318 4704 1734 4774 pseudofratrem
1786 4704 1929 4761 Gun-

422 4772 602 4852 trmini
659 4771 967 4839 extulerat,
1019 4771 1251 4838 multa';
1295 4771 1341 4828 et
1391 4776 1455 4828 de
1508 4771 1759 4845 prodigiis
1816 4778 1929 4846 ejus

424 4856 570 4893 unm.

424 4929 575 4985 Nova
605 4933 802 4986 iterum
858 4942 1045 4988 contra
1088 4934 1430 4989 Theodorum
1478 4933 1726 4987 Massilia:
1754 4938 1930 5004 ponti-

355 5019 511 5072 ficem
534 5018 709 5091 iurgia
741 5029 868 5075 sunt
908 5031 1045 5088 orta,
1073 5038 1140 5078 eo
1169 5024 1311 5092 quod
1339 5022 1711 5077 Gundoaldum
1739 5040 1930 5093 quent-

352 5112 501 5178 dam,
546 5117 633 5183 qui
690 5132 751 5172 se
804 5116 1024 5174 fratrem
1077 5121 1383 5176 Gnntranni
1437 5120 1573 5176 falso
1627 5126 1925 5191 asserebat,

352 5206 697 5274 suscepisset.
758 5207 831 5259 De
858 5208 1006 5275 cujus
1028 5210 1239 5280 origine
1267 5224 1431 5277 pauca
1459 5213 1727 5267 disserere
1777 5215 1924 5271 libet.

352 5294 450 5349 Ilic
501 5299 731 5367 t'enique
756 5298 1119 5369 Gttudoaldus,
1152 5303 1206 5354 in
1252 5300 1437 5359 Galliis
1463 5315 1621 5359 natus
1673 5321 1927 5379 moreque

2029 565 2371 621 educaretur.
2411 568 2580 635 Quem
2613 570 3006 634 Childebertus,
3032 585 3226 640 expers
3252 572 3507 637 filiorum,
3538 576 3607 628 ad

2029 655 2365 709 educandum
2392 659 2651 726 suscepit,
2683 662 3032 730 poscentique
3052 660 3293 717 Clotario
3318 662 3605 718 videndum

2031 747 2353 800 transmisit.
2406 747 2499 801 Ille
2551 749 2776 804 intuitus
2832 765 2955 804 eum
3004 752 3164 806 incidi
3196 752 3312 819 ejus
3354 756 3610 821 pmcepit

2030 834 2275 903 capillos,
2312 836 2454 890 hunc
2486 852 2643 891 suum
2692 854 2893 908 negans
2917 840 3083 894 filium
3119 840 3307 896 fuisse.
3338 840 3467 896 Post
3512 841 3611 895 ob-

2034 925 2173 978 itum
2201 942 2419 996 quoque
2444 926 2584 994 ejus,
2614 928 2738 982 dum
2766 944 2795 982 a
2836 930 3165 986 Chereberlo
3188 930 3304 999 ejus
3333 931 3442 985 filio
3491 932 3610 986 loco

2031 1014 2217 1069 fratris
2246 1015 2503 1081 aleretur,
2530 1034 2557 1070 a
2586 1017 2867 1087 Sigeberto
2895 1034 3169 1082 evocatus.
3200 1022 3397 1078 iterum
3423 1023 3611 1077 incisis

2032 1108 2274 1163 crinibus
2309 1108 2547 1165 Colonia
2581 1112 2633 1165 in
2663 1113 2963 1166 custodiam
2992 1115 3248 1169 truditur.
3292 1114 3446 1171 Unde
3484 1114 3609 1183 fuga

2032 1199 2271 1266 elapsus,
2328 1202 2802 1256 succrescentibus
2848 1202 3057 1271 capillis
3090 1207 3324 1271 primum
3374 1204 3440 1256 ad
3474 1202 3611 1256 Nar-

2033 1302 2201 1347 sctem
2226 1292 2431 1346 Italiam
2474 1303 2601 1347 tunc
2632 1296 3046 1365 gubernantem,
3078 1297 3308 1365 indeque
3338 1296 3403 1349 ad
3433 1296 3606 1363 impe-

2035 1392 2270 1435 ratorcm
2317 1384 2604 1447 transiens,
2638 1384 3097 1440 familiarissimus
3142 1386 3189 1439 ei
3219 1386 3468 1440 ellicitur.
3506 1386 3610 1440 La-

2033 1488 2132 1542 pso
2182 1490 2313 1528 sane
2366 1476 2521 1543 pauci
2579 1478 2839 1547 temporis
2892 1477 3213 1540 intervallo,
3264 1477 3611 1531 Cuntrannus

2035 1564 2201 1628 Bosa,
2240 1564 2395 1631 cujus
2441 1581 2601 1636 supra
2647 1568 3019 1632 meminimus,
3068 1568 3135 1621 ad
3171 1567 3474 1636 sepulcrum
3506 1565 3612 1619 Do—

2037 1657 2169 1711 mini
2198 1658 2466 1712 orationis
2504 1659 2677 1729 gratia
2732 1674 3046 1729 properans,
3072 1672 3193 1712 eum
3232 1657 3614 1711 Constantino-

2035 1747 2142 1816 poli
2170 1749 2390 1817 reperit.
2420 1750 2461 1803 A
2486 1765 2613 1819 quo,
2644 1759 2701 1803 ut
2733 1750 2845 1819 ipse
2868 1758 2990 1819 post
3011 1750 3259 1813 asseruit,
3294 1747 3615 1802 sollicitatus

2037 1839 2103 1892 ad
2135 1839 2337 1893 Gallias
2372 1840 2555 1905 rediit,
2589 1851 2642 1895 et
2671 1857 2699 1894 a
2740 1841 3026 1895 Theodoro
3065 1840 3319 1911 episcopo
3364 1839 3616 1894 Massilia

2036 1941 2317 2000 exceptus,
2352 1931 2581 2002 sumptis
2610 1932 2677 1986 ab
2731 1947 2796 1987 eo
2839 1933 2994 2001 cquis
3033 1934 3100 1986 ad
3135 1931 3483 1986 Mummolum
3516 1930 3614 1984 du-

2035 2036 2175 2087 cem,
2208 2022 2299 2091 qui
2347 2038 2376 2075 a
2418 2021 2736 2076 Guntranno
2767 2038 2892 2093 rege
2938 2022 3243 2077 desciscens
3281 2021 3613 2076 Avenionem

2036 2111 2374 2181 confugerat,
2407 2128 2465 2167 se
2490 2112 2718 2167 confert.
2769 2113 2920 2179 Quod
2974 2113 3328 2169 Guntrannus
3356 2114 3493 2168 Bosa
3523 2128 3615 2183 ag-

2035 2219 2291 2269 noscens,
2320 2202 2439 2272 ejus
2460 2220 2519 2258 se
2567 2204 2705 2259 velle
2745 2205 3031 2259 conatilms
3080 2204 3350 2259 contraire
3382 2203 3616 2257 assimu-

2036 2294 2177 2358 lans,
2204 2294 2548 2350 Theodorum
2606 2296 2914 2367 episcopum
2968 2297 3020 2351 in
3070 2297 3370 2351 custodiam
3416 2296 3615 2365 posuit,

2037 2400 2270 2455 arguens
2312 2402 2434 2440 eum
2468 2386 2844 2443 insidiatorem
2869 2388 3018 2459 regni
3049 2404 3241 2442 ausum
3288 2386 3454 2441 fuisse
3490 2403 3614 2441 sus-

2035 2478 2237 2547 cipere.
2280 2477 2385 2533 Sed
2435 2480 2688 2548 pontifice
2754 2482 2853 2535 sub
2896 2481 3045 2535 duris
3081 2480 3395 2535 custodibus
3440 2480 3617 2533 Domi-

2037 2587 2162 2623 tuun
2199 2581 2476 2633 exorante,
2514 2571 2603 2624 lux
2662 2572 2925 2626 immensa
2976 2580 3141 2627 totam
3197 2571 3377 2626 subito
3424 2571 3478 2624 in
3508 2583 3615 2638 qua

2036 2662 2442 2715 custodiebatur
2492 2662 2721 2731 replevit
2770 2662 3041 2727 cellulam,
3088 2663 3158 2715 ita
3187 2662 3375 2715 utdux
3412 2676 3616 2715 memo-

2038 2759 2189 2805 ratus
2211 2751 2376 2803 nimio
2429 2752 2766 2820 arriperetur
2812 2751 3022 2805 timore.
3056 2750 3259 2805 Ductus
3289 2759 3469 2803 tamen
3518 2765 3615 2802 an-
3678 2818 3685 2827 ἱ

2037 2844 2195 2896 tistes
2229 2842 2293 2894 ad
2318 2841 2698 2895 Cuntrannum
2732 2855 2933 2910 regem,
2966 2857 3085 2909 cum
3124 2839 3426 2910 Epiphanio
3472 2839 3616 2894 anti-

2040 2936 2191 2996 stite.
2218 2937 2398 3005 quiex
2435 2935 2584 2989 Italia
2632 2936 2924 2991 Massiliam
2970 2934 3388 3004 demigraverat,
3417 2934 3614 2987 iterum

2036 3027 2384 3094 mancipatur
2431 3027 2709 3081 custodite.
2764 3027 2820 3081 ln
2865 3042 2967 3096 qua
3021 3028 3236 3095 quidem
3284 3024 3616 3095 Epiphanius

2036 3117 2192 3181 obiit,
2226 3118 2545 3174 Theodorus
2572 3134 2702 3173 vero
2730 3120 2985 3173 innoxius
3012 3128 3260 3189 repertus
3289 3119 3355 3172 ad
3401 3133 3495 3172 sua
3531 3133 3616 3170 re—

2033 3208 2156 3261 diit.
2184 3208 2319 3262 Nam
2349 3209 2575 3278 prolatis
2619 3210 2817 3264 litteris
2846 3226 2911 3265 ex
2941 3210 3159 3264 nomine
3197 3208 3431 3263 fidelium
3475 3206 3616 3261 Chil-

2032 3296 2265 3357 deberti,
2294 3298 2491 3367 quibus
2515 3299 2833 3369 inscriptum
2873 3308 2994 3353 erat
3034 3307 3093 3353 ut
3118 3297 3493 3353 Gundoaldum
3518 3296 3616 3351 ho-

2032 3388 2519 3444 norificentissime
2541 3390 2834 3459 exciperet,
2890 3388 3170 3444 absolutus
3207 3398 3309 3444 est.
3338 3387 3615 3443 Gnntran-

2032 3493 2135 3531 nus
2163 3493 2297 3533 sane
2318 3479 2426 3533 dux
2451 3494 2575 3533 cum
2624 3479 2731 3533 alio
2756 3480 2894 3534 duce
2948 3479 3251 3534 Gnntranni
3297 3477 3464 3546 regis,
3499 3476 3617 3530 the-

2031 3582 2224 3621 sauros
2253 3568 2581 3634 Gundoaldi,
2613 3570 2707 3639 qui
2734 3570 2800 3624 ad
2841 3572 3131 3641 quamdam
3179 3570 3347 3624 maris
3377 3567 3613 3622 insulam

2030 3666 2282 3713 eventum
2334 3660 2413 3714 rei
2461 3661 2829 3730 prtestolando
2879 3661 3300 3730 demigraverat,
3342 3658 3611 3723 dividens,

2032 3764 2139 3803 non
2166 3765 2390 3819 parvum
2439 3750 2556 3804 auri
2607 3767 2672 3806 ac
2704 3751 2912 3821 argenti
2964 3751 3170 3820 pondus
3206 3750 3259 3803 in
3292 3746 3480 3802 urbem
3508 3748 3614 3801 Ar-

2031 3857 2320 3896 vernorum
2370 3842 2607 3897 devexit.
2642 3842 2717 3897 Ex
2749 3857 2855 3911 qua
2896 3843 2963 3896 ad
2992 3842 3397 3897 Childebertum
3435 3839 3611 3893 demi-

2031 3951 2212 4006 grans,
2277 3937 2331 3989 in
2374 3936 2648 3991 redeundo
2695 3953 2724 3990 a
2773 3936 3097 3990 Cuntranno
3146 3949 3270 4003 rege
3322 3947 3445 3986 cum
3497 3930 3613 3984 filio

2030 4034 2221 4096 captus
2249 4029 2411 4082 minis
2436 4029 2505 4082 ab
2527 4043 2591 4081 eo
2621 4028 2927 4082 terrebatur
2955 4042 2969 4091 ;
3003 4026 3251 4093 quodque
3282 4022 3479 4092 poenis,
3512 4035 3611 4091 pro

2032 4121 2261 4175 invitato
2305 4137 2335 4174 a
2385 4136 2445 4175 se
2494 4120 2831 4185 Cundoaldo,
2893 4126 3302 4174 consumeretur
3360 4115 3610 4171 intermi-

2032 4217 2254 4262 nantem
2283 4224 2424 4278 saepe
2453 4209 2725 4262 audiebat.
2755 4210 2851 4263 Cui
2888 4209 2974 4262 ille
3004 4226 3015 4261 :
3055 4227 3073 4259 ι
3109 4208 3183 4262 Et
3217 4207 3338 4269 hoc,
3367 4204 3607 4273 inquam,

2030 4316 2119 4355 me
2148 4301 2487 4354 innocentem
2528 4300 2909 4369 comprohaho,
2945 4316 3066 4354 cum
3092 4298 3199 4353 filio
3228 4298 3278 4351 in
3300 4294 3610 4351 obsidatum

2032 4392 2252 4456 tradito,
2282 4390 2650 4454 Mummolum,
2675 4390 2789 4456 ejus
2836 4391 3102 4444 fautorem
3132 4387 3368 4458 ingenio,
3392 4394 3608 4455 captum

1956 4497 2010 4558 Ῑ)
2039 4482 2134 4537 tibi
2167 4483 2463 4537 tradidero.
2496 4503 2515 4535 ι
2543 4482 2787 4537 Credidit
2836 4498 2927 4536 rex
2959 4481 3233 4552 pollicenti
3293 4488 3368 4542 et,
3399 4485 3611 4532 retento

2032 4588 2226 4645 puero,
2259 4575 2435 4644 ipsum
2463 4574 2587 4627 sivit
2630 4574 2801 4627 abire.
2833 4573 2933 4639 Qui
2981 4572 3314 4627 Avenionem
3343 4586 3466 4625 eum
3514 4584 3610 4623 co-

2031 4665 2186 4735 piosa
2216 4681 2436 4720 suorum
2460 4681 2623 4719 manu
2658 4665 2864 4719 vallans
2892 4664 3100 4726 urbem,
3160 4661 3481 4732 quihusdam
3528 4673 3613 4713 sa-

2032 4756 2296 4811 tellitibus
2341 4756 2605 4811 Rhodano
2648 4756 2968 4818 submersis,
3011 4755 3145 4823 ipse,
3179 4750 3410 4821 colloqui
3446 4748 3613 4801 Mum-

2032 4848 2179 4905 molo
2209 4849 2457 4918 cupiens,
2515 4863 2676 4915 super
2736 4848 2909 4915 ripam
2964 4844 3172 4901 brachii
3224 4842 3476 4903 fluvialis,
3506 4853 3614 4907 quo

2034 4942 2228 4997 civitas
2252 4942 2507 5011 cingitur,
2540 4939 2869 4994 deambulat.
2917 4938 3141 4992 Ilortatu
3175 4934 3405 5002 denique
3447 4931 3617 4982 Mum-

2034 5033 2184 5097 moli,
2212 5033 2526 5103 spondentis
2577 5033 2647 5085 nil
2676 5031 2892 5084 adversi
2923 5045 3045 5085 eum
3089 5039 3400 5093 passurum.
3423 5019 3616 5072 Πιιῐηοιι

2035 5142 2157 5181 cum
2183 5144 2290 5183 uno
2314 5143 2379 5180 ex
2410 5127 2598 5180 amicis
2628 5127 2935 5193 ingressus,
2964 5120 3113 5177 socio
3140 5115 3295 5182 aquis
3316 5115 3619 5167 submersa.

2034 5220 2175 5275 B050
2222 5217 2383 5272 undis
2414 5232 2471 5269 se
2516 5218 2619 5271 huc
2664 5215 2908 5279 illucque
2948 5204 3480 5267 circumferentibus,
3530 5201 3621 5253 ha-

2035 5317 2174 5361 stam
2198 5324 2227 5362 a
2260 5306 2431 5362 milite
2463 5306 2564 5359 sibi
2607 5314 2925 5373 protensam
2959 5294 3252 5363 arripiens.
3275 5300 3494 5360 ereptus
3517 5300 3621 5342 est.

2035 5400 2106 5418 “A
2341 5398 2393 5404 --ι
2457 5398 2469 5404 -
2573 5398 2603 5404 .-
2630 5398 2639 5404 .
2747 5393 2789 5404 --
2999 5393 3010 5404 I
3094 5393 3341 5404 ------:,::~
3408 5393 3447 5404 αι
3502 5394 3589 5404 ⁸....4ι
