4044 5428
389 396 492 454 755

1463 386 1722 447 AIMOINI
1761 383 2065 443 MfINACIII
2108 378 2623 438 FLORIACENSIS.

3534 373 3645 430 730

395 509 571 572 diens,
601 506 668 561 ad
691 508 868 570 suam,
904 505 1048 560 unde
1100 504 1375 574 digressus
1427 502 1624 568 fuerat,
1652 500 1811 563 rediit
1832 499 1966 555 'civi-
1999 503 2041 560 Α
2074 510 2201 551 num
2261 502 2441 548 essent
2506 489 2763 545 habituri.
2821 488 2927 543 Sed
2960 527 2976 552 ,
3030 487 3135 541 illis
3194 486 3644 555 respondentibus

394 609 559 654 tatem
592 616 607 665 ;
646 599 974 667 junctusque
996 597 1117 652 duci
1147 588 1446 661 Desiderio,
1475 597 1566 666 qui
1613 596 1681 650 ad
1726 596 1873 657 eum,
1906 600 1965 646 ut

392 689 642 752 diximus,
664 686 731 741 de
751 701 886 755 pago
910 694 1135 739 venerat
1159 685 1485 750 Tholosano,
1509 691 1792 737 evocatum
1821 681 1968 735 Gun-

393 780 668 844 doaldum,
695 793 843 833 more
876 779 1219 846 antiquorum
1240 775 1598 839 Francorum,
1632 786 1811 841 regem
1838 785 1965 840 pro-
1998 776 2003 781 '

396 869 693 924 clamantes
718 882 838 923 esse
875 882 1055 929 suum,
1082 865 1434 920 elevavernnt
1481 878 1641 932 super
1692 861 1963 931 clypemn.

392 960 635 1030 Cumque
662 958 824 1014 tertio
853 966 1023 1012 totum
1051 971 1173 1010 cum
1223 969 1289 1010 eo
1324 953 1714 1008 'circuntissent
1760 949 1966 1004 exerci-

394 1064 417 1108 t
439 1071 530 1109 im.
586 1054 802 1125 clypeus
832 1061 1054 1122 repente
1082 1065 1244 1105 ruens
1286 1064 1411 1104 cum
1456 1063 1602 1118 rege,
1631 1047 1719 1099 vix
1752 1060 1780 1098 a
1823 1052 1964 1099 terra

396 1146 595 1203 elevari
622 1146 813 1216 potuit.

468 1241 618 1306 Erat,
646 1240 771 1291 dum
807 1237 931 1290 talia
977 1244 1289 1305 agerentur,
1336 1232 1537 1288 mensis
1565 1231 1828 1293 decimus,
1868 1244 1965 1299 ap-

394 1340 795 1404 parueruutqne
818 1331 872 1385 in
898 1331 1074 1386 vineis
1099 1328 1335 1399 pampini
1358 1343 1478 1382 cum
1509 1325 1628 1380 uvis
1655 1327 1720 1379 ad
1749 1323 1963 1394 plenum

398 1422 664 1484 formatis,
724 1429 778 1475 et
813 1420 866 1473 in
918 1417 1206 1473 arboribus
1257 1416 1435 1471 ﬂores.
1492 1414 1703 1467 Pltarns
1750 1425 1965 1482 quoque

392 1513 568 1582 ignea,
603 1525 700 1580 per
726 1510 924 1565 coelum
966 1516 1126 1563 nocte
1166 1520 1391 1562 currens
1432 1492 1629 1567 media,
1674 1504 1780 1557 late
1805 1519 1965 1556 mun-

390 1601 519 1654 dum
543 1600 659 1654 luce
696 1598 1134 1653 lustravitclara.
1171 1596 1430 1652 Columna
1461 1595 1623 1650 etiam
1656 1592 1795 1662 ignis
1830 1591 1965 1646 (mlo

396 1688 631 1760 pendere
657 1696 741 1743 est
762 1688 901 1753 visa,
935 1687 1022 1743 cui
1047 1687 1387 1759 superposita
1416 1693 1536 1738 erat
1563 1682 1718 1737 stella
1747 1696 1959 1750 magna.

397 1778 528 1845 Quae
555 1778 899 1834 aestimabant
941 1778 1189 1833 homines
1227 1776 1476 1830 interitus
1502 1770 1801 1829 Gundoaldi
1844 1785 1965 1823 esse

2070 588 2359 658 petitiones
2404 598 2592 639 eorum
2641 596 2748 636 non
2787 595 2848 636 se
2888 575 3283 649 praaposituros
3320 577 3461 646 regis
3500 593 3641 648 prte-

2072 677 2267 743 ceptis,
2308 674 2478 729 coacti
2518 671 2739 732 Pictavi,
2792 675 3134 724 sacramento
3183 681 3242 722 se
3277 666 3462 722 fideles
3486 665 3641 723 Gun-

2072 777 2264 821 trauno
2290 764 2405 820 fore
2441 763 2783 832 spondentes,
2839 759 3077 815 fautores
3103 757 3432 814 Cbildeberti
3471 771 3503 811 a
3525 757 3643 811 suis

2068 857 2321 927 pepulere
2341 853 2627 910 manibus.
2657 851 2766 906 Nec
2796 860 2975 906 tamen
3022 849 3135 904 haec
3174 846 3435 903 facientes
3463 847 3553 902 diu
3582 847 3640 903 in

2071 951 2175 1003 tide
2200 949 2483 1003 durarunt.
2515 945 2777 1009 Tandem,
2807 943 3123 999 adveniente
3145 942 3231 997 die
3259 940 3526 1008 colloquio
3555 954 3644 995 re-

2068 1054 2192 1108 gum
2224 1036 2512 1108 pra-finito,
2533 1034 2910 1090 Cbildebertus
2932 1032 3155 1086 mandat
3180 1030 3365 1101 Egidio
3385 1030 3640 1087 llemensi

2069 1127 2480 1196 archiepiscopo
2509 1125 2775 1195 legatione
2796 1123 2944 1192 fungi
2972 1122 3112 1191 apud
3136 1131 3407 1191 patruum.
3435 1119 3537 1187 Qui
3564 1121 3643 1175 nil

2067 1228 2329 1283 moratus,
2359 1217 2426 1271 ad
2451 1215 2829 1271 Guntrannum
2856 1212 3030 1283 pergit
3053 1212 3262 1279 hocque
3290 1210 3499 1265 initium
3528 1225 3644 1266 ser-

2068 1308 2242 1361 monis
2269 1308 2335 1360 ad
2361 1304 2770 1360 demulcendum
2798 1303 3091 1373 principem
3113 1300 3301 1355 habuit
3325 1318 3338 1353 :
3369 1298 3641 1363 «Gratias,
3670 1354 3677 1359 ,

2068 1403 2262 1473 inquit,
2292 1401 2785 1473 praaccllentissime
2811 1412 3022 1469 regum.
3062 1395 3413 1466 omnipotenti
3446 1393 3641 1449 referi-

2067 1506 2188 1546 mus
2221 1492 2351 1555 Deo,
2383 1491 2471 1560 qui
2503 1489 2597 1544 tibi
2627 1505 2733 1544 non
2772 1488 2949 1542 solum
2982 1485 3133 1556 regni
3176 1483 3641 1554 tranquillitatem,
3668 1530 3673 1539 .

2066 1602 2251 1642 verum
2294 1594 2349 1640 et
2378 1594 2722 1657 augmentum
2756 1583 2997 1654 quotidie
3040 1581 3336 1636 attribuit.»
3371 1577 3469 1634 Cui
3506 1592 3640 1632 rex:

2071 1697 2088 1728 ι
2119 1677 2218 1741 Illi,
2249 1677 2344 1741 ait,
2380 1691 2509 1731 vere
2538 1683 2665 1729 sunt
2707 1675 2896 1744 gratiae
2941 1672 3258 1737 refcrendm,
3283 1670 3375 1741 qui
3400 1669 3643 1724 omnium

2070 1777 2155 1823 cst
2193 1768 2607 1839 benignissimus
2644 1766 2974 1837 gubernator
3021 1778 3339 1835 regnorum;
3389 1776 3495 1816 non
3523 1759 3644 1821 tibi,

398 1870 619 1934 indicia,
648 1884 771 1924 cum
795 1877 850 1924 et
869 1876 1011 1924 terra
1052 1876 1308 1923 tremeret
1352 1881 1415 1920 ac
1443 1864 1548 1919 alia
1594 1862 1761 1917 multa
1819 1874 1970 1930 pare-
1999 1832 2041 1889 Β
2073 1870 2390 1915 cunctorum
2452 1844 2786 1927 nequissimo
2835 1856 3113 1911 hominum
3140 1896 3155 1920 ,
3207 1842 3359 1922 cujus
3420 1852 3646 1906 consdio

395 1971 516 2017 rent
550 1962 722 2031 signa.

972 2048 1202 2106 CAPUT
1242 2048 1402 2104 LXII.

401 2140 481 2197 De
504 2139 801 2196 Cuntramti
839 2158 956 2195 cum
1004 2141 1359 2195 colta'redibus
1390 2139 1534 2208 regni
1563 2134 1965 2191 concertatione.

471 2232 582 2288 Illis
607 2232 801 2286 diebus
831 2232 1183 2286 Guntrannus
1233 2244 1327 2284 rex
1384 2230 1546 2284 duces
1597 2242 1729 2281 suos
1760 2225 1825 2278 ad
1852 2237 1973 2293 per-

399 2323 677 2378 vadendas
714 2323 893 2381 urbes,
936 2337 1070 2391 quas
1113 2321 1425 2391 Sigebertns
1473 2320 1540 2372 de
1588 2331 1755 2386 regno
1787 2312 1972 2370 Chari-

400 2412 539 2467 berti
576 2413 757 2468 fratris
786 2413 1063 2467 amborum
1084 2419 1352 2477 tenuerat,
1374 2422 1615 2478 quasque
1635 2404 1970 2475 Chilperiens

403 2501 754 2557 Childeherto
785 2502 961 2571 nepoti
1003 2517 1123 2565 suo,
1152 2516 1216 2554 ex
1260 2498 1428 2553 fratre
1455 2497 1736 2568 Sigeherto
1766 2494 1971 2565 genito,

401 2590 452 2644 vi
497 2589 853 2660 prscripuerat
883 2628 900 2656 ,
948 2589 1164 2644 direxit.
1221 2587 1605 2643 Verumtamen
1653 2584 1989 2645 Gariricus,‘

402 2692 585 2736 comes
614 2681 844 2752 partium
890 2681 1237 2744 Childeberli,
1280 2688 1400 2749 post
1424 2687 1652 2732 mortem
1681 2673 1968 2748 Chilperici

399 2781 743 2828 sacramenta
798 2770 1071 2826 ﬁdelitatis
1117 2786 1146 2823 a
1191 2769 1552 2825 Letnoviciuis
1579 2808 1594 2834 ,
1642 2766 1844 2821 domini
1886 2765 1968 2821 sui

400 2865 541 2930 vice,
562 2873 833 2935 exegerat.
863 2863 1128 2919 Caeterum
1179 2864 1416 2919 Pietavis
1442 2863 1591 2932 paria
1630 2869 1851 2915 acturus
1880 2874 1981 2912 vew
2015 2865 2027 2879 '

401 2958 578 3024 niens,
610 2974 639 3012 a
671 2959 880 3013 civibus
904 2952 1037 3013 cum
1069 2959 1240 3027 gratia
1287 2966 1591 3025 susceptus,
1638 2954 1842 3008 audivit
1886 2952 1974 3006 Bi-

406 3047 625 3111 turicos,
650 3041 742 3118 qui
769 3048 882 3118 regi
936 3047 1192 3117 parebant
1237 3044 1577 3108 Guntranno,
1616 3043 1886 3099 hostiliter
1914 3042 1971 3097 in

405 3138 707 3194 Turonicos
738 3140 983 3205 irruisse,
1011 3139 1265 3210 quoniam
1298 3138 1515 3208 quidem
1539 3145 1594 3191 et
1630 3136 1729 3205 ipsi
1758 3134 1869 3204 jam
1912 3147 1972 3189 se
2003 3163 2048 3224 ο

406 3229 477 3284 ad
509 3228 905 3284 Childebertum
936 3229 1299 3284 contulerant.
1359 3227 1586 3290 Idcirco,
1629 3225 1979 3280 Bituricensi—

406 3318 508 3375 bus
559 3319 890 3374 territorium
942 3318 1271 3375 Turonicum
1328 3317 1817 3388 depopulantihns,
1868 3313 1979 3368 Ma-

406 3409 692 3466 roialensis
719 3410 824 3464 vici
861 3410 1112 3475 ecclesia,
1163 3420 1351 3465 sancto
1390 3408 1622 3464 Martino
1666 3407 1864 3472 dicata,
1908 3405 1978 3460 ab

403 3498 488 3552 eis
514 3508 597 3554 est
626 3508 888 3555 cremata.
926 3499 1026 3556 Ubi
1077 3501 1298 3556 evidens
1343 3499 1596 3569 apparuit
1643 3498 1815 3552 virtus
1838 3494 1980 3552 beati

408 3586 780 3655 confessoris,
827 3588 1027 3658 pallam
1076 3589 1237 3645 altari
1288 3604 1412 3644 cum
1475 3584 1982 3658 circnmjaccntibns

413 3678 598 3735 herbis
628 3695 655 3732 a
685 3678 897 3734 flamma
928 3678 1284 3736 defendentis.
1337 3678 1582 3735 Mirabile
1609 3680 1778 3744 dictu,
1804 3677 1984 3732 trabes

417 3769 664 3840 ingentes
690 3772 814 3843 igne
856 3771 1023 3827 fuisse
1060 3772 1390 3837 combustas,
1441 3779 1495 3826 et
1525 3769 1802 3825 mollitiem
1833 3767 1982 3824 lintei

410 3875 505 3916 seu
539 3861 828 3917 herbarum
857 3863 1121 3919 mansisse
1160 3863 1438 3918 intactam.
1464 3860 1810 3931 Cognoscens
1852 3873 1985 3930 ergo

410 3949 690 4007 Gariricus
735 3968 855 4023 qua:
912 3954 1244 4023 agebantur,
1273 3953 1420 4007 misit
1441 3952 1533 4022 qui
1580 3951 1985 4006 Turonensibus

413 4041 797 4098 denuntiarent
835 4057 902 4097 ne
937 4044 1206 4098 ullatenus
1238 4059 1295 4099 se
1338 4044 1404 4098 ad
1430 4051 1636 4112 partem
1681 4040 1987 4096 Gunlranni

417 4133 795 4190 transferrent.
825 4136 906 4189 Ad
932 4150 1052 4204 quae
1100 4134 1349 4188 mandata
1382 4131 1675 4202 Gregorius
1704 4131 1987 4202 episcopus

417 4223 540 4278 haec
564 4225 798 4280 reddidit
820 4240 1074 4295 responsa
1108 4239 1122 4278 :
1154 4245 1172 4277 ι
1205 4225 1528 4281 Guntranno
1559 4224 1694 4293 regi,
1727 4231 1851 4291 post
1879 4219 1988 4275 fra-

418 4323 562 4369 trum
584 4314 811 4376 obitum.
839 4332 999 4372 omne
1020 4333 1245 4387 regnum
1288 4316 1622 4372 Francorum
1654 4329 1720 4369 eo
1741 4314 1865 4385 jure
1894 4313 1989 4367 de-

421 4404 641 4470 beri,ut
684 4407 1132 4475 quemadmodum
1184 4407 1455 4462 Clotarius
1487 4415 1639 4476 pater
1666 4405 1783 4476 ejus
1826 4417 1989 4473 super

2071 1968 2316 2008 mearum
2368 1960 2495 2006 sunt
2534 1949 2729 2005 vastati
2777 1948 2912 2003 flues
2960 1948 3196 2011 urbium,
3226 1945 3338 2015 qui,
3363 1943 3463 1999 sub
3492 1952 3645 1997 veste

2070 2044 2255 2106 ovina,
2297 2058 2402 2094 non
2428 2039 2637 2095 Domini
2691 2038 3009 2101 sacerdotis,
3052 2051 3238 2089 verum
3282 2029 3645 2087 crudelissimi

2072 2133 2214 2204 geris
2245 2130 2476 2185 officium
2507 2128 2850 2200 proditoris.»
2887 2126 3093 2182 Silente
3122 2126 3187 2180 ad
3214 2126 3313 2179 ista
3340 2121 3643 2182 sacerdote,

2073 2240 2183 2295 prae
2210 2222 2375 2276 nimia
2419 2219 2784 2290 indignatione
2831 2233 2971 2272 unus
3019 2215 3316 2285 legatorum
3365 2212 3439 2266 ait
3489 2210 3643 2279 regi:

2079 2334 2096 2367 ι
2127 2312 2346 2368 Mandat
2377 2311 2474 2366 tibi
2527 2308 2945 2382 gloriosissimus
2991 2321 3159 2376 nepos
3203 2312 3344 2367 tuus,
3395 2302 3647 2356 dominus

2073 2412 2257 2460 noster
2282 2402 2660 2459 Childebertus
2688 2407 2881 2464 rex,ut
2906 2395 3076 2469 patris
3115 2395 3232 2465 ejus
3275 2392 3645 2447 haereditatem

2073 2497 2146 2552 ilh
2186 2496 2251 2551 ad
2286 2496 2553 2564 integrum
2584 2491 2895 2548 reformes.»
2924 2488 3003 2543 Ad
3027 2489 3139 2543 haec
3171 2486 3525 2542 Guntrannus
3552 2494 3648 2535 rex

2074 2589 2390 2659 respondit:
2437 2608 2454 2641 ι
2483 2587 2598 2643 Jam
2623 2601 2709 2641 me
2750 2601 2815 2640 ex
2864 2585 2965 2639 hac
3003 2594 3165 2637 causa
3215 2592 3472 2648 responso
3512 2575 3647 2629 satis

2072 2677 2269 2734 fecisse
2317 2676 2640 2732 arbitrabar.
2697 2673 3099 2742 Responderam
3148 2668 3291 2724 cnim
3323 2667 3375 2721 in
3404 2664 3509 2718 alio
3530 2662 3652 2733 pla-

2071 2768 2184 2823 cito
2211 2768 2354 2838 quod
2377 2776 2432 2823 et
2464 2783 2603 2822 nunc
2632 2764 2993 2835 respondebo,
3046 2757 3384 2831 pactionibus
3415 2770 3475 2809 ea
3513 2751 3671 2807 mihi‘

2073 2862 2325 2931 cessisse,
2351 2875 2449 2914 nec
2472 2873 2557 2912 me
2578 2857 2669 2911 ulli
2699 2857 2778 2910 cis
2806 2870 3085 2909 cessurum
3126 2851 3225 2907 nisi
3257 2848 3426 2919 gratia
3456 2844 3649 2900 amici-

2078 2958 2326 3012 tiaram.»
2371 2948 2525 3003 Tunc
2558 2946 2692 3001 alter
2717 2960 2747 3000 e
2776 2944 2966 3015 legatis
2995 2943 3081 2996 his
3110 2942 3177 2997 ad
3202 2954 3380 3010 regem
3408 2951 3538 2990 usus
3565 2940 3653 2987 est

2073 3045 2252 3103 verbis
2279 3061 2293 3096 :
2341 3062 2358 3093 ι
2388 3039 2444 3095 Si
2484 3040 2619 3101 hmo,
2641 3036 2909 3105 inquiens,
2935 3033 3136 3102 optime
3158 3030 3428 3102 princeps,
3457 3023 3651 3079 dillici-

2079 3136 2150 3189 lia
2180 3133 2273 3189 tibi
2305 3131 2556 3187 videntur
2594 3126 2907 3196 impetratu,
2939 3122 3130 3177 saltem
3158 3119 3246 3175 illa
3281 3118 3560 3186 impetret,
3591 3119 3653 3165 ut

2078 3225 2450 3297 Fredeguudis
2495 3222 2546 3278 ei
2595 3220 2660 3275 ad
2705 3216 2966 3287 supplicia
3010 3216 3260 3277 dedatur,
3291 3226 3409 3281 qua:
3439 3216 3650 3278 patrem

2079 3320 2196 3389 eius
2225 3332 2347 3373 cum
2368 3322 2563 3386 patruo
2583 3308 2970 3366 nefandissime
2999 3303 3323 3360 interemit.»
3354 3299 3491 3354 Huic
3511 3311 3652 3367 quo-

2081 3388 2186 3482 que
2210 3423 2303 3463 rex
2330 3405 2432 3461 hoc
2458 3401 2692 3458 reddidit
2713 3412 3032 3470 responsum
3056 3413 3071 3452 :
3108 3414 3126 3447 t
3154 3392 3317 3449 Tradi
3342 3391 3412 3456 ei,
3444 3388 3675 3452 dicens,‘

2083 3501 2392 3559 nullatenus
2411 3504 2607 3568 potest,
2632 3507 2699 3548 eo
2720 3491 2863 3562 quod
2890 3490 3056 3544 lilium
3088 3501 3268 3558 regem
3308 3499 3373 3539 ac
3407 3496 3533 3552 rege
3558 3495 3653 3552 ge-

2082 3593 2255 3650 nitum
2297 3588 2483 3652 habet,
2513 3592 2568 3639 et
2595 3597 2714 3638 eam
2740 3581 3080 3636 innocentem
3109 3592 3136 3630 a
3160 3575 3390 3631 crimine
3418 3586 3529 3642 quo
3556 3571 3659 3624 im-

2083 3683 2284 3756 petitur
2310 3694 2431 3734 esse
2458 3670 2640 3746 puton'
2682 3673 2812 3728 Post
2843 3670 2957 3725 haec
2980 3667 3331 3756 Guntranuus
3374 3662 3536 3725 Boso,
3562 3657 3657 3728 qui

2085 3754 2305 3834 dudum,
2333 3775 2394 3822 ut
2425 3765 2738 3836 praedictum
2786 3768 2870 3815 est
2889 3799 2904 3825 ,
2935 3758 3003 3813 ad
3051 3754 3458 3812 Childebertum
3484 3758 3661 3802 trans-

2087 3866 2221 3922 ierat
2246 3869 2296 3915 et
2331 3869 2459 3912 tunc
2497 3869 2619 3911 cum
2665 3850 2857 3923 legatis
2913 3849 2984 3905 ibi
3022 3848 3333 3907 advenerat,
3375 3839 3532 3912 quasi
3562 3837 3662 3892 ali-

2086 3969 2191 4025 qua
2240 3950 2354 4021 regi
2394 3948 2713 4004 Guntrauno
2747 3949 3119 4013 suggesturus,
3145 3935 3212 3991 ad
3238 3949 3362 3990 eum
3402 3930 3658 3987 accessit.

2085 4024 2247 4101 Jubet
2291 4057 2385 4096 rex
2430 4038 2612 4100 silere,
2662 4043 2825 4105 atque
2867 4046 2991 4087 eum
3039 4026 3345 4097 lmjusmodi
3398 4024 3661 4095 praevenit

2087 4147 2338 4191 sermone
2365 4149 2379 4187 :
2431 4149 2449 4181 ι
2480 4127 2617 4196 Quid
2646 4127 2751 4190 ais,
2778 4140 2813 4179 o
2838 4124 2979 4178 bone
3013 4120 3129 4174 vir?
3178 4117 3333 4186 cujus
3374 4113 3661 4185 prudentia

2088 4226 2208 4281 ideo
2258 4220 2497 4279 Orientis
2546 4216 2773 4287 expetiit
2803 4228 2969 4284 regna
3015 4221 3073 4266 ut
3120 4209 3275 4265 nobis
3322 4203 3665 4260 hallomirem

2088 4314 2376 4386 quemdam
2404 4310 2505 4381 (sic
2530 4320 2766 4376 namque
2789 4319 2885 4375 rex
2920 4299 3229 4358 nominabat
3263 4291 3665 4355 Gundoaldnm)

2090 4381 2215 4461 inde
2268 4407 2571 4456 arcesseret
2602 4397 2695 4466 qui
2753 4394 2916 4452 urbes
2962 4399 3178 4445 nostras
3229 4386 3567 4455 pervaderet.
3619 4381 3667 4435 0

419 4496 671 4565 proprios
704 4497 861 4561 ﬁlios,
887 4497 966 4552 sic
1015 4497 1364 4552 Cuntrannns
1410 4513 1572 4567 super
1602 4504 1826 4565 nepotes
1862 4471 1988 4548 suos
2017 4495 2063 4556 Β
2091 4510 2304 4564 semper
2333 4490 2554 4561 perfide,
2583 4497 2638 4543 et
2664 4485 2809 4540 nullo
2838 4484 2994 4538 modo
3015 4483 3066 4535 in
3095 4480 3178 4535 his
3208 4492 3327 4546 qua:
3350 4471 3667 4545 promiseris

419 4587 837 4657 principaretur.
868 4589 980 4643 Non
1005 4591 1164 4659 igitur
1188 4604 1247 4645 se
1268 4600 1678 4659 repugnaturos,
1701 4588 1792 4642 sed
1814 4586 1987 4656 ipsum

422 4692 640 4748 quoque
671 4680 850 4750 inepte
877 4696 1036 4750 agere
1078 4698 1134 4735 se
1178 4682 1313 4735 dixit.
1333 4683 1622 4744 aestimare,
1654 4680 1745 4750 qui
1775 4687 1993 4749 putaret

420 4780 578 4826 tanto
609 4774 836 4844 principi
881 4789 1180 4845 repugnare
1209 4790 1267 4829 se
1299 4790 1476 4845 posse.
1501 4794 1519 4827 ι
1564 4773 1757 4827 Videns
1808 4784 1990 4826 comes

421 4877 529 4918 non
553 4863 729 4933 qualia
756 4864 869 4933 ipse
897 4864 1160 4929 voluerat,
1184 4865 1280 4920 sed
1306 4865 1480 4934 qualia
1503 4863 1854 4919 mandaverat
1874 4876 1989 4926 rex,

420 4968 451 5006 a
486 4951 888 5008 Turonensibus
941 4954 1075 5024 geri,
1128 4953 1316 5010 relicto
1363 4955 1415 5008 in
1465 4955 1597 5007 urbe
1642 4951 1990 5024 'Pictavorum

422 5042 669 5101 Eberone
707 5044 1035 5101 Childeberti
1084 5046 1227 5112 regis
1276 5043 1621 5109 cubiculario,
1672 5043 1785 5112 ipse
1836 5039 1990 5110 quasi

2093 4561 2453 4657 permanens!
2485 4598 2504 4630 ι
2550 4574 2849 4645 Respondit
2893 4572 2958 4625 ad
2994 4572 3099 4624 ista
3143 4568 3317 4621 Boso:
3364 4582 3382 4615 ι
3412 4561 3555 4624 Tibi,
3585 4561 3666 4657 in-

2093 4649 2306 4748 quiens,
2356 4671 2465 4740 regi
2507 4670 2559 4723 in
2609 4665 2743 4721 solio
2791 4661 2954 4733 regali
3003 4657 3258 4714 residenti
3304 4665 3464 4707 nemo
3504 4649 3667 4703 audet

2092 4739 2514 4824 contradicendo
2564 4755 2800 4825 obloqui.
2853 4751 3232 4807 Verumtamen
3285 4743 3331 4798 si
3381 4739 3665 4810 quisquam

2094 4873 2337 4916 meorum
2381 4851 2665 4924 mqualium
2709 4846 2851 4901 istud
2903 4842 3034 4897 mihi
3060 4838 3401 4908 impingeret
3436 4830 3665 4889 crimen,

2094 4948 2304 5018 olzjecta
2350 4943 2518 5000 armis
2565 4937 2838 5000 refellens,
2874 4933 2985 4988 Deo
3030 4927 3345 5000 opitulante,
3378 4930 3433 4976 ct
3460 4929 3513 4974 te
3542 4933 3665 4986 spc-

2093 5012 2295 5101 ctantc,
2319 5051 2446 5093 cum
2476 5040 2727 5104 potenter
2755 5039 3127 5097 superarenm
3155 5016 3489 5074 Tacentibus
3526 5012 3663 5066 inte-
