4044 5428
319 212 424 267 737

1381 201 1695 258 HISTORIA
1728 196 2172 255 FRANCORUM.
2213 229 2283 240 —
2324 195 2448 254 LIB.
2470 199 2550 254 Ill.

3475 200 3581 257 758

323 333 355 369 0
382 340 497 380 rex.
521 321 652 376 Nam
673 335 780 390 qua
816 319 1022 374 ratione
1051 325 1225 386 potest
1257 316 1494 370 existere
1522 323 1580 368 ιιι
1605 313 1893 382 cujulsibet
1922 316 1969 374 Α
1998 310 2254 364 mulando
2306 320 2586 366 strenuum
2643 310 2956 366 famulatum
2985 353 3000 376 ,
3048 311 3316 368 occultum
3383 316 3576 369 mortis

325 415 562 474 hominis
586 413 695 467 sint
719 412 828 465 duo
869 420 1070 481 patres,
1100 425 1158 464 re
1187 408 1452 478 spirituali
1485 406 1747 475 excepta?
1778 403 1894 458 Non

323 515 454 562 sunt
479 506 592 559 haec
619 501 781 572 regite
824 500 1068 569 dignitati
1108 499 1460 567 congruentia
1507 497 1725 550 verba.»
1773 493 1902 548 Uni-

321 599 500 652 versis
531 595 694 666 igitur
737 609 836 663 pro
877 593 960 646 his
989 590 1330 645 sermonibus
1383 589 1434 642 in
1487 589 1652 642 risum
1683 586 1900 650 solutis,

325 689 466 743 alius
489 689 791 755 legatorum
839 683 974 736 dixit
1026 681 1173 750 regi:
1219 703 1234 726 ι
1273 679 1399 732 Vale
1445 679 1676 731 dicimus
1724 677 1839 739 tibi,
1871 691 1904 730 ο

328 793 448 839 rex.
497 786 552 831 et
591 775 714 844 quia
755 773 984 841 nepotis
1031 771 1104 824 tui
1146 785 1332 839 pacem
1386 766 1729 837 aspernaris,
1769 766 1905 820 scito

330 870 564 923 securim
611 866 727 920 fore
775 872 1044 934 paratam,
1093 877 1197 929 qua
1252 859 1445 912 fratres
1492 859 1731 926 [crcussi
1779 866 1906 911 sunt

333 961 428 1021 tui,
454 967 511 1012 ιιι
533 974 594 1012 ea
616 955 940 1012 excideris.»
965 953 1060 1007 His
1085 952 1262 1012 dictis,
1281 951 1443 1020 jussit
1475 966 1568 1004 rex
1592 966 1686 1004 eos
1719 965 1748 1002 a
1778 965 1908 1004 con-

330 1061 520 1120 spectu
551 1064 648 1103 suo
672 1047 823 1116 pelli,
858 1061 923 1098 ac
952 1060 1114 1112 super
1159 1044 1335 1110 capita
1373 1043 1733 1095 recedentium
1774 1050 1908 1094 ster-

330 1156 459 1195 cora
484 1140 550 1192 de
584 1137 783 1206 plateis
809 1136 1031 1190 collecta
1065 1132 1275 1204 projici.
1315 1133 1414 1186 Pro
1447 1142 1595 1186 tanta
1635 1134 1799 1199 igitur
1828 1133 1912 1185 in-

325 1230 468 1298 juria
496 1229 790 1283 vehemens
814 1226 956 1278 inter
985 1239 1142 1293 reges
1170 1223 1438 1277 discordia
1469 1234 1657 1276 exorta
1687 1233 1788 1276 est.

899 1333 1126 1389 CAI'UT
1156 1332 1332 1386 LXIII.

331 1430 408 1483 De
463 1427 825 1496 Fredegundis
872 1426 1062 1496 regina:
1111 1422 1338 1496 inasylo
1393 1417 1684 1474 Parisiensi
1713 1419 1910 1473 swvitia

743 1511 835 1562 per
858 1495 1126 1548 Audenam
1152 1494 1500 1560 inﬂammata.

402 1588 505 1644 Per
528 1589 668 1643 idem
700 1596 930 1656 tempus,
985 1583 1300 1638 beouardus
1343 1581 1561 1650 quidam
1587 1580 1910 1649 optimatum

2003 397 2227 453 inferret
2280 400 2463 455 ictum.
2509 401 2629 466 Qui.
2682 402 2912 456 dominre
2948 402 3116 472 jussis
3165 406 3578 475 obtemperans,

2004 486 2156 557 fingit
2179 504 2259 550 se.
2291 490 2605 545 crudelitate
2629 491 2993 561 Fredeguttdis
3022 492 3309 557 offensum,
3344 496 3411 549 ad
3437 495 3579 549 Bru-

2005 577 2268 632 necbildis
2298 594 2612 648 properasse
2637 590 3006 649 conspectuin,
3039 583 3180 651 quod
3205 584 3434 638 audierit
3459 583 3576 652 ejus

2005 667 2295 736 benignum
2332 669 2383 721 in
2431 684 2620 722 omnes
2661 669 2932 724 affectum.
2984 671 3220 726 Tandem
3268 673 3322 726 in
3371 682 3580 744 partem

2006 769 2290 829 susceptus
2321 760 2703 824 amicitiarum,
2748 762 2998 817 omnibus
3038 764 3379 829 adulabatur,
3412 765 3584 819 donti-

2010 865 2132 902 nam
2180 851 2341 903 etiam
2398 852 2674 920 usquead
2722 853 2950 907 cubiculi
3001 856 3270 910 deducens
3315 855 3580 924 ⁸Ῑιιιιιιειιιι,

2007 940 2376 1008 εοίιημιιιιὶιιιιε
2407 955 2464 993 se
2494 942 2740 1008 praebens
2769 942 3095 1007 benivolum,
3135 943 3426 1012 majoribus
3452 947 3580 1000 sub-

2001 1029 2226 1097 jectum.
2267 1030 2373 1085 Sed
2399 1047 2504 1085 non
2527 1032 2640 1094 diu,
2695 1034 2818 1102 quis
2861 1045 3025 1099 esset,
3072 1037 3378 1105 suspicione
3415 1039 3586 1091 immi-

2012 1131 2196 1183 nente,
2249 1122 2416 1176 valuit
2465 1135 2675 1192 tegere;
2725 1139 2951 1194 nempe,
2989 1126 3273 1194 qumstioni
3319 1128 3583 1190 subditus,

2012 1212 2252 1279 prodidit
2279 1212 2463 1265 omnia
2493 1212 2846 1281 malignitatis
2872 1228 3067 1266 arcana
3097 1223 3174 1272 et.
3202 1215 3333 1268 diris
3365 1214 3588 1269 allectus

2009 1300 2307 1366 suppliciis,
2337 1300 2402 1353 ad
2441 1301 2675 1368 priorem
2724 1301 2982 1355 remissus
3029 1311 3114 1356 est
3162 1303 3458 1357 dominam.
3488 1303 3587 1357 Cui

2013 1404 2133 1456 qua:
2158 1389 2262 1444 sibi
2295 1389 2622 1445 accidissent
2649 1404 2934 1454 ettarrans,
2964 1399 3021 1443 ut
3046 1393 3202 1459 quasi
3237 1393 3470 1462 suspicio
3495 1410 3590 1446 au-

2010 1477 2142 1532 ferri
2173 1477 2242 1530 ab
2271 1479 2452 1532 animo
2497 1479 2872 1534 Brunecbildis
2901 1489 3101 1549 posset,
3136 1497 3194 1535 re
3224 1492 3402 1536 autent
3459 1499 3589 1537 vera

2014 1577 2072 1619 ut
2095 1579 2282 1634 pinnas
2303 1582 2434 1635 pron
2455 1582 2524 1620 on
2552 1576 2864 1636 perpetrato
2889 1568 3061 1622 lueret
3081 1569 3307 1636 scelere,
3333 1585 3590 1625 manuum

329 1677 622 1747 Chilperici
651 1692 680 1730 a
711 1652 956 1745 partibus
982 1673 1192 1726 Tolosa:
1221 1669 1539 1733 adveniens,
1571 1669 1906 1739 Fredegundi
1945 1652 1989 1712 Β
2017 1671 2080 1710 ac
2108 1657 2301 1727 pedum
2325 1657 2630 1714 abscisione
2657 1659 2726 1712 ab
2747 1674 2809 1713 ea
2831 1667 2916 1713 est
2944 1660 3250 1717 multatus,

331 1771 533 1838 regina:
559 1768 736 1822 adhuc
769 1767 821 1820 in
851 1764 1054 1834 majore
1078 1761 1305 1816 ecclesia
1345 1760 1615 1815 Parisiaca
1649 1762 1907 1815 residenti

332 1857 604 1910 intimavit
632 1870 692 1910 se
723 1854 843 1924 fuga
895 1852 1102 1920 lapsum
1130 1850 1197 1904 ab
1223 1847 1339 1918 ejus
1383 1848 1524 1914 filia;
1571 1865 1733 1920 quam
1763 1848 1908 1903 atlir-

331 1950 517 2003 mabat
545 1949 598 2002 in
629 1962 821 2018 magna
866 1945 1042 1999 victus
1081 1959 1144 1997 ac
1189 1944 1422 1998 vestitus
1467 1941 1664 2012 degere
1706 1941 1906 2009 inopia.

329 2039 540 2106 Quibus
566 2038 748 2092 verbis
775 2036 958 2104 regina
1003 2035 1282 2103 indignata
1303 2074 1319 2098 ,
1361 2033 1614 2102 prtecepit
1641 2033 1708 2084 ah
1737 2046 1802 2085 eo
1822 2047 1912 2085 au-

329 2130 464 2183 ferri
493 2128 728 2182 balteum
779 2141 939 2196 quem
968 2140 1032 2180 es
1077 2138 1299 2178 munere
1328 2123 1612 2178 memorati
1643 2131 1912 2185 meruerat

331 2220 501 2288 regis,
532 2233 595 2272 ac
620 2217 762 2272 omni
793 2216 995 2284 privari
1020 2216 1302 2285 dignitate.
1328 2213 1504 2268 Simili
1536 2215 1694 2267 modo
1716 2214 1912 2267 multos

330 2307 401 2362 ab
427 2307 691 2375 obsequio
734 2305 854 2358 filia:
909 2305 1221 2358 recedentes
1268 2303 1351 2358 vel
1405 2303 1611 2358 honore
1661 2305 1907 2373 Pl‘Il’ﬂVIl,

328 2399 415 2451 vel
447 2396 787 2451 contumeliis
834 2411 928 2450 seu
982 2397 1155 2466 pmnis
1205 2395 1403 2450 affecit.
1460 2394 1568 2450 Nec
1623 2398 1913 2451 verebatur

331 2489 649 2551 Dominum,
679 2497 771 2540 aut
799 2487 915 2556 ejus
944 2486 1298 2550 Genitriceut,
1351 2487 1405 2540 in
1451 2485 1607 2553 cujus
1651 2488 1906 2541 manebat

331 2577 582 2638 basilica,
617 2577 740 2630 dum
767 2590 1021 2643 perversa
1045 2584 1229 2644 ageret
1255 2575 1563 2628 adhaerente
1587 2576 1633 2628 ei
1661 2575 1911 2639 Audone,

328 2683 432 2723 suo
478 2669 536 2723 in
574 2667 732 2722 malis
772 2667 1024 2720 omnibus
1061 2677 1443 2735 coeperatore;
1478 2679 1637 2733 quem
1688 2664 1914 2734 populus

331 2770 464 2815 tunc
495 2759 834 2830 peremisset,
863 2757 962 2810 nisi
999 2757 1048 2809 itt
1079 2756 1366 2811 ecclesiam
1399 2753 1751 2824 confugisset.

910 2846 1134 2902 CAPUT
1161 2847 1345 2901 LXIV.

373 2939 448 2996 De
480 2937 790 2992 Prmtextati
815 2937 1040 3007 episcopi
1072 2936 1503 3006 Rothomagensis
1533 2936 1876 2990 restitutione.

404 3028 791 3082 Pmtextatum
843 3042 974 3081 sane
1001 3027 1488 3094 liuthomagcnsem
1516 3024 1822 3094 pontificem
1847 3025 1914 3080 de

331 3121 529 3176 exsilio
576 3120 848 3174 mandavit
892 3119 1244 3175 Guntrannus
1288 3133 1382 3172 rex
1429 3118 1633 3172 reduci.
1691 3117 1915 3187 Propter

331 3225 496 3281 quem
519 3225 644 3264 cum
681 3209 942 3280 synodum
971 3209 1131 3263 vellet
1162 3222 1256 3262 rex
1304 3222 1652 3278 congregare,
1701 3208 1915 3275 Bagae-

332 3299 529 3354 modus
559 3299 878 3353 Parisiensis
910 3299 1136 3353 antistes
1163 3299 1299 3352 dixit
1337 3313 1367 3351 a
1408 3297 1774 3353 sacerdotibus
1815 3314 1912 3352 ne.-

332 3408 606 3463 quaqnam
661 3408 782 3447 eum
835 3394 1216 3449 communione
1262 3391 1428 3446 fuisse
1469 3392 1760 3460 privatum,
1813 3407 1914 3447 nec

330 3497 458 3537 esse
504 3497 732 3538 necesse
787 3484 905 3539 ideo
953 3483 1240 3553 episcopos
1291 3482 1495 3538 vocari.
1553 3481 1644 3538 Sic
1697 3483 1911 3538 demunt

332 3575 699 3631 Praetextatus
724 3578 840 3632 urbi
865 3579 1148 3632 reStitutus
1173 3585 1258 3632 est
1277 3593 1404 3632 sum.

907 3687 1135 3743 CAPUT
1180 3687 1342 3744 va.
1388 3671 1394 3683 ‘

331 3777 412 3832 De
435 3778 676 3848 diligenti
701 3775 997 3833 Cuntranni
1019 3781 1251 3851 custodia
1275 3781 1376 3844 sui,
1401 3791 1448 3834 et
1476 3779 1835 3851 Frcdegundis
1859 3782 1915 3834 in

726 3865 909 3918 agrum
946 3849 1184 3920 perfugio
1213 3861 1259 3904 et
1301 3851 1508 3920 fraude.

404 3960 616 4015 Interea
654 3968 1025 4013 commorante
1071 3976 1194 4032 rege
1242 3963 1382 4032 apud
1432 3965 1621 4016 urbem
1670 3963 1912 4019 Parisia-

329 4067 476 4114 cam,
516 4050 806 4104 adveniens
834 4051 1056 4119 quidam
1095 4066 1298 4121 pauper
1342 4055 1607 4123 suggessit
1632 4055 1680 4108 ei
1713 4064 1770 4107 ιιι
1794 4071 1852 4109 se
1882 4071 1912 4108 a

328 4138 608 4202 Faraulfo,
632 4138 914 4207 Chilperici
952 4142 1223 4208 quondam
1268 4143 1624 4206 cubiculario,
1658 4145 1914 4198 observa-

328 4241 440 4293 ret,
469 4230 656 4284 dieens
711 4249 729 4282 ι
760 4246 816 4286 se
846 4231 1128 4286 consilium
1152 4235 1296 4303 ejus,
1325 4236 1466 4303 quod
1498 4236 1564 4290 de
1599 4237 1924 4306 peritncndo'

2573 1769 2798 1826 CAPUT
2832 1769 3014 1826 LXVI.

2010 1858 2089 1914 De
2124 1859 2359 1929 Eberulﬁ
2390 1862 2677 1935 punitione,
2715 1872 2763 1916 ct
2799 1864 2852 1916 in
2882 1865 3088 1935 beatum
3133 1864 3442 1935 Gregorium
3483 1862 3594 1921 Tu—

2185 1947 2455 1984 ronensem
2484 1932 2768 1998 simultate,
2805 1945 2852 1986 et
2894 1933 3193 1990 (iumranni
3237 1932 3412 2006 gestis.

2085 2043 2387 2112 lnterjectis
2432 2043 2650 2108 diebus,
2699 2043 3045 2101 Guntrannus
3093 2063 3183 2101 rex
3212 2047 3484 2105 Cabilonis
3513 2065 3593 2104 re-

2013 2149 2253 2203 gressus,
2288 2136 2540 2190 fraternae
2585 2137 2730 2191 necis
2770 2146 3045 2192 auctorem
3098 2139 3326 2196 sollicite
3373 2142 3590 2197 investi-

2013 2239 2165 2293 gans,
2209 2240 2308 2294 per
2365 2226 2702 2294 responsales
2748 2227 3113 2299 Fredcgundis
3156 2229 3484 2294 Eberulfum,
3538 2235 3593 2288 in

2015 2315 2214 2382 palatio
2251 2316 2536 2386 Chilperici
2563 2317 2908 2372 cubiculariis
2933 2321 3299 2389 prtepositum,
3329 2322 3444 2391 ejus
3474 2338 3594 2378 scc-

2015 2404 2146 2460 leris
2175 2409 2426 2477 cognovit
2455 2423 2576 2463 esse
2602 2418 2778 2478 caput.
2820 2408 3058 2479 Rogatus
3107 2426 3232 2463 vero
3258 2414 3324 2465 ab
3352 2428 3415 2467 ea
3448 2413 3595 2467 idem

2016 2498 2301 2554 Eberulfus
2333 2500 2506 2554 fuerat
2530 2517 2597 2556 ne
2628 2503 2796 2572 ipsam
2829 2504 3121 2558 desereret.
3152 2504 3269 2570 Qui,
3303 2506 3429 2560 dum
3459 2522 3584 2562 con.

2015 2601 2234 2644 sensum
2267 2592 2314 2644 ei
2342 2592 2663 2661 denegasset
2712 2608 2890 2657 suum,
2925 2593 2994 2648 ob
3027 2595 3080 2648 id
3113 2595 3253 2665 apud
3295 2613 3473 2667 regem
3502 2614 3594 2654 aco

2016 2689 2235 2734 cusatus
2261 2689 2344 2734 est
2369 2681 2435 2735 ab
2462 2681 2569 2734 illa.
2611 2681 2720 2736 Rex
2751 2683 2928 2752 igitur,
2977 2683 3101 2739 felle
3134 2698 3454 2752 commotus,
3481 2689 3591 2764 cjr-

2016 2771 2413 2826 cumstantibus
2469 2773 2662 2827 amicis
2691 2772 2894 2842 juravit
2937 2793 2954 2826 ι
2985 2791 3043 2831 se
3085 2792 3190 2829 non
3217 2777 3388 2832 solum
3419 2780 3597 2837 Ιιοηιὶο

2018 2860 2215 2923 cidatn,
2247 2875 2431 2914 verum
2458 2871 2706 2915 cunctam
2742 2861 2857 2932 ejus
2905 2866 3239 2934 perditurum
3287 2873 3594 2939 generatio-

1943 2997 1986 3057 Ο
2020 2967 2142 3006 neut
2171 2993 2185 3016 ,
2240 2961 2509 3020 quatenus
2547 2967 2709 3008 ausus
2763 2954 3260 3013 interficiendorum
3311 2975 3498 3031 regum
3529 2963 3600 3016 de

2021 3060 2187 3114 regno
2214 3045 2491 3099 tolleretur
2513 3045 2901 3102 Francorum.»
2941 3048 3053 3104 Iloc
3082 3059 3289 3106 terrore
3315 3054 3596 3122 perculsus

2015 3132 2101 3188 vir
2150 3135 2686 3204 supra'nominatus,
2729 3137 2794 3189 ad
2843 3137 3119 3193 basilicam
3167 3141 3349 3198 Sancti
3377 3143 3595 3200 Martini

2017 3235 2139 3279 eum
2173 3226 2411 3289 clericis,
2454 3227 2650 3296 quibus
2694 3226 3006 3298 frequentes
3053 3231 3303 3287 intulerat
3348 3235 3490 3305 injur
3513 3251 3594 3301 as,

2017 3315 2242 3385 aufugit.
2299 3315 2450 3370 Tunc
2504 3316 2924 3374 Aureliancnses
2971 3336 3090 3375 eam
3140 3322 3483 3380 Blesensibus
3526 3326 3594 3379 ad

2017 3408 2454 3487 custodiendum,
2481 3426 2548 3465 ne
2575 3411 2771 3466 exinde
2804 3415 3010 3482 uspiam
3057 3414 3401 3482 dilaberetur,
3440 3418 3599 3489 jussu

2017 3485 2161 3568 regis
2189 3497 2426 3554 alternas
2455 3501 2629 3554 sortiti
2672 3504 2836 3566 vices,
2889 3505 2941 3557 in
2985 3507 3161 3560 eundo
3209 3522 3271 3560 ac
3321 3509 3600 3564 redeundo

2015 3589 2214 3644 multas
2265 3589 2498 3660 agebant
2549 3591 2779 3661 praedas.
2833 3593 3076 3664 Dumque
3123 3597 3249 3662 duo,
3277 3600 3367 3668 qui
3422 3600 3603 3654 nudas

2010 3677 2124 3746 jam
2173 3680 2301 3734 dicti
2353 3681 2633 3748 rapiebant
2686 3681 3038 3749 confessoris,
3064 3689 3128 3740 ad
3161 3689 3376 3742 domum
3409 3690 3594 3758 cujus-

2018 3771 2140 3826 dam
2169 3772 2356 3826 rustici
2387 3781 2567 3840 potum
2595 3774 2812 3842 petituri
2841 3779 3205 3842 advenissent,
3229 3791 3282 3835 et
3307 3781 3393 3836 ille
3412 3798 3470 3837 se
3499 3785 3597 3838 ha-

2014 3861 2144 3915 bere
2175 3872 2418 3930 negaret,
2452 3878 2590 3916 unus
2615 3878 2799 3918 eorum
2823 3907 2837 3932 ,
2886 3877 3134 3936 protenta
3175 3871 3351 3938 hasta,
3384 3881 3442 3927 ut
3470 3891 3598 3930 eum

2015 3957 2341 4018 percuteret,
2375 3949 2445 4003 ab
2486 3966 2552 4006 eo
2589 3949 2699 4006 ictu
2745 3953 2905 4024 gladii
2954 3970 3265 4029 peremptus
3289 3973 3393 4016 est.
3421 3963 3596 4027 Alter,

2016 4054 2142 4093 casu
2175 4040 2304 4094 socii
2342 4043 2686 4108 perterritus,
2733 4045 3012 4116 aufugiens
3055 4064 3174 4117 quae
3215 4053 3356 4108 male
3400 4072 3596 4125 perva-

2017 4139 2200 4182 serant
2225 4129 2474 4184 reddidit.
2515 4131 2644 4188 Post
2689 4133 2803 4188 lucc
2845 4134 3078 4192 facultas
3117 4142 3294 4196 omnis
3338 4143 3596 4212 Eberulfi,

2015 4236 2135 4290 qua:
2157 4219 2322 4274 multa
2351 4232 2469 4276 erat
2499 4224 2672 4288 valde,
2702 4225 2930 4282 diversis
2968 4245 2996 4282 a
3029 4247 3154 4300 rege
3180 4247 3456 4292 concessa.
3494 4239 3596 4293 Do-

332 4337 464 4391 rege
495 4332 838 4390 conceperat,
875 4336 1212 4392 compertum
1241 4327 1458 4382 habere.
1493 4348 1516 4379 ›
1547 4328 1746 4381 Audito
1783 4329 1906 4393 hoc,

2017 4327 2136 4365 mus
2161 4327 2396 4382 quoque,
2428 4331 2592 4384 quam
2631 4317 2773 4371 intra
2818 4335 3004 4375 muros
3033 4324 3340 4391 possidebat
3367 4328 3596 4385 Turoni-

331 4430 428 4468 rex
457 4414 848 4485 interrogatum
879 4416 1093 4484 quidem
1147 4426 1202 4470 et
1249 4429 1534 4487 negantem
1582 4421 1810 4484 dimisit,
1852 4436 1911 4475 se

329 4519 464 4558 vero
501 4505 576 4558 ita
605 4507 768 4560 armis
808 4515 862 4560 et
895 4508 1209 4564 custodibus
1256 4511 1479 4565 munivit
1532 4522 1588 4564 ut
1643 4527 1909 4581 nusquam

328 4612 432 4651 nec
463 4597 531 4651 ad
558 4598 844 4652 ecclesiam
890 4600 1110 4669 quidem
1140 4602 1257 4656 sine
1287 4618 1561 4676 armorum
1594 4613 1686 4656 aut
1727 4613 1910 4657 custo-

329 4688 461 4741 dum
511 4689 849 4743 munimento
896 4693 1229 4758 procederet.
1278 4692 1677 4763 Fredcgundem
1730 4703 1909 4748 autem

330 4777 386 4830 iu
419 4776 853 4846 liotojaleusem,
908 4780 1356 4853 Iiothomagcnsis
1401 4784 1658 4838 territorii
1711 4784 1908 4849 vicum,

329 4869 400 4919 ad
426 4871 788 4938 peragendum
833 4871 975 4940 quod
1020 4886 1304 4939 superesse
1352 4882 1566 4940 poterat
1594 4875 1736 4938 vitae,
1771 4875 1912 4929 dire-

330 4960 432 5012 xit.
479 4962 648 5026 Quam
700 4962 854 5018 multi
903 4964 1218 5032 optimatum
1273 4964 1559 5034 Chilperici
1612 4967 1908 5036 prosecuti,

329 5066 452 5104 eam
481 5053 609 5108 inibi
636 5069 754 5110 cum
791 5053 1018 5108 Melanio
1045 5056 1178 5128 (qui,
1206 5055 1541 5112 Pm‘textato
1569 5059 1813 5130 depulso,
1843 5060 1911 5113 ab

331 5157 397 5195 ea
429 5144 763 5215 subrogatus,
799 5159 864 5199 ac
905 5154 1023 5214 post
1051 5158 1332 5210 revocato,
1364 5163 1391 5200 a
1417 5145 1737 5204 Guntranno
1771 5149 1908 5218 reje-

330 5241 453 5288 ctus
495 5239 626 5305 crat)
683 5238 1036 5304 reliquerunt,
1087 5238 1475 5312 promittentes
1527 5257 1584 5296 se
1637 5242 1748 5296 ﬁlio
1795 5241 1911 5309 ejus

327 5321 566 5378 (ilotario
609 5327 840 5382 fideliter
872 5324 1156 5393 parituros.
1184 5330 1261 5384 At
1293 5327 1378 5379 illa
1411 5341 1682 5386 exsortem
1722 5345 1779 5384 se
1807 5332 1906 5385 ho-

2014 4422 2127 4473 cos,
2163 4409 2298 4462 adeo
2319 4409 2606 4478 direptioni
2641 4414 2835 4467 tradita
2867 4425 2950 4469 est
2995 4425 3052 4470 ut
3083 4419 3158 4472 nil
3201 4422 3300 4475 nisi
3341 4427 3466 4479 nttdi
3502 4445 3595 4480 su-

2011 4514 2297 4572 peressent
2325 4506 2584 4574 parietes.
2612 4507 2718 4564 Pro
2754 4511 2840 4564 his
2867 4510 3048 4582 itaque
3090 4516 3270 4569 causis
3300 4520 3606 4574 calumnias

2014 4607 2202 4653 saneto
2262 4601 2489 4654 antistiti
2545 4601 2809 4658 inferebat
2857 4603 3142 4675 Gregorio,
3197 4610 3348 4675 quasi
3403 4621 3603 4664 cuncta

2013 4687 2128 4754 ejus
2158 4701 2477 4758 gererentur
2502 4693 2755 4758 consilio;
2810 4694 3231 4764 minabaturque
3265 4701 3410 4766 quod
3437 4704 3480 4754 si
3510 4718 3608 4754 nn-

2013 4795 2175 4848 quam
2207 4782 2351 4851 regis
2384 4783 2584 4837 rediret
2618 4785 2671 4837 in
2696 4785 2933 4856 gratiam
2955 4827 2974 4852 ,
3007 4786 3238 4842 similem
3271 4789 3318 4839 ei
3349 4791 3612 4843 retri-bues

2015 4881 2097 4924 ret
2125 4871 2576 4927 vicissitudinem.
2617 4874 2824 4929 Verum
2877 4880 3122 4932 antistes
3163 4873 3286 4940 plus
3327 4875 3619 4929 cletnentia

2012 4979 2111 5033 pro
2154 4961 2273 5032 ejus
2317 4965 2551 5021 miseriis
2591 4980 2754 5035 quam
2804 4965 3199 5034 indignatione
3226 4977 3324 5029 pro
3353 4965 3516 5021 illatis
3560 4967 3626 5018 ab

2012 5070 2076 5110 eo
2106 5056 2554 5132 connnovebatur
2583 5057 2820 5128 injuriis.
2861 5053 3132 5126 Cumque
3163 5052 3303 5106 foret
3329 5055 3505 5112 eidem
3532 5058 3636 5111 mic

2012 5160 2134 5200 sero
2160 5146 2490 5201 domicilium
2524 5149 2577 5202 in
2626 5147 2802 5203 sancti
2848 5142 3094 5204 Martini
3140 5141 3479 5213 salutatorio,
3519 5156 3573 5202 ct
3604 5163 3639 5199 tr

2011 5237 2333 5308 presbytero
2401 5238 2508 5306 (cui
2559 5237 2812 5292 servandi
2875 5235 3136 5293 oratorii
3199 5246 3328 5286 cura
3394 5238 3640 5309 delegata

2010 5330 2150 5398 erat)
2184 5331 2409 5397 reliquae
2437 5328 2826 5381 clauderentur
2864 5321 3109 5389 ianuae.
3139 5337 3232 5392 Per
3259 5326 3462 5381 ostium
3508 5330 3654 5382 illius
