4044 5428
395 310 500 370 739

1496 285 1753 346 ΔΙΜΟΙΝΙ
1791 281 2098 341 MONACHI
2137 278 2638 339 FLORIACENSIS

3547 272 3654 331 τω

396 426 543 497 ipsas
570 420 719 477 fores
745 415 915 473 aﬂixit
943 411 1134 476 clavis,
1160 407 1337 464 media
1367 398 1538 461 ferme
1568 400 1821 497 nocte,-in
1846 398 1976 469 ipsis
2004 401 2051 460 Α
2079 396 2217 497 eius,
2249 394 2321 450 ibi
2343 392 2544 496 .vagina
2573 399 2882 497 exemptum
2911 393 3095 497 ensem
3121 384 3557 497 inimici
3579 391 3656 494 ἐυ

398 490 808 570 λίοοιιιτηειιίεηιε
836 502 1071 576 hymnis.
1094 516 1124 553 a
1159 495 1385 568 praefato
1408 492 1664 549 Eberulfo
1690 490 1975 560 episcopus

398 604 689 676 Gregorius
723 608 780 654 et
829 594 1014 653 clerici
1054 591 1218 648 tantis
1266 587 1501 643 lacessiti
1540 595 1665 639 sunt
1710 581 1975 676 conviciis

399 703 463 749 ut
486 672 671 746 laudes
703 689 811 743 Deo
836 685 1045 740 debitas
1071 680 1379 749 relinquere
1422 683 1762 747 cogerentur.
1793 672 1901 729 Sed
1921 679 1977 727 et

399 783 655 849 clericum
689 776 992 850 quemdam
1054 771 1169 841 jam
1225 768 1570 832 temulentus,
1619 764 1761 835 quod
1793 763 1977 818 viuum

400 875 502 932 sibi
532 888 637 928 non
661 868 971 940 largiretur,
1022 877 1185 932 super
1225 874 1504 915 scamnum
1534 867 1817 911 extensum
1844 865 1979 923 pene

400 977 572 1033 usque
598 960 664 1015 ad
695 965 925 1013 mortem
958 951 1185 1024 ﬂagellis
1208 947 1428 1010 cecidit,
1455 944 1848 1012 multorumque
1876 955 1979 995 cas-

401 1055 522 1112 dem
555 1054 608 1109 in
640 1051 778 1109 atrio
822 1047 965 1102 beati
1014 1043 1274 1099 antistitis
1303 1038 1580 1099 exercuit,
1627 1050 1732 1090 non
1775 1033 1980 1088 veritus

400 1144 476 1199 illi
504 1119 747 1214 ingerere
788 1133 1167 1193 contumeliam
1220 1130 1373 1201 cujus
1419 1126 1663 1197 quotidie
1703 1122 1980 1192 ﬂagitabat

402 1231 766 1289 clementiam.
1030 1281 1034 1285 ,
1682 1270 1685 1271 ν

473 1323 641 1378 Porro
667 1336 770 1373 una
801 1315 1036 1372 noctium
1063 1312 1198 1371 vidit
1215 1312 1355 1367 idem
1376 1309 1661 1380 episcopus
1685 1304 1977 1370 somnium,

401 1414 544 1485 quod
566 1410 741 1466 eidem
774 1408 890 1462 viro
915 1404 1119 1467 retulit,
1148 1403 1201 1457 in
1239 1401 1383 1455 hunc
1406 1414 1465 1454 se
1486 1399 1687 1453 habens
1722 1396 1935 1450 modum
1962 1411 1976 1447 :

408 1520 428 1553 ι
468 1500 744 1561 Videbam,
795 1495 891 1559 ait,
935 1508 1020 1548 me
1069 1489 1400 1545 sacrosancti
1450 1486 1665 1541 Martini
1714 1493 1980 1540 astantem

403 1590 561 1645 altari
609 1603 675 1643 ac
719 1583 984 1640 Dominici
1041 1580 1316 1651 celebrare
1385 1577 1641 1649 mysteria
1707 1572 1977 1634 sacrificii,

402 1683 890 1747 Guutrannumqne
918 1690 1119 1746 regem,
1171 1673 1338 1743 ipsam
1372 1671 1673 1739 ingressum
1719 1665 1983 1722 orationis

2076 485 2281 551 latera;
2311 485 2498 553 sicque
2527 498 2556 536 a
2586 480 3066 538 circumstantibus
3086 478 3206 549 ejus
3231 479 3555 536 satellitibus
3579 481 3661 537 in-

2080 589 2261 639 vasus,
2289 573 2472 628 multis
2519 571 2746 628 telorum
2778 570 3094 626 interfectus
3126 579 3211 625 est
3242 569 3460 627 ictibus.
3496 570 3662 626 σιω-

2078 665 2198 720 dius
2223 679 2376 729 vero,
2402 674 2510 717 tam
2534 662 2788 716 immanis
2811 660 3068 717 facinoris
3096 661 3198 717 sibi
3222 661 3362 717 male
3382 662 3660 725 conscius,

2078 760 2145 812 ad
2173 756 2368 812 cellam
2396 754 2631 818 abbatis,
2661 754 2914 808 confosso
2952 753 3121 831 latere
3169 754 3518 824 abscissoque
3542 754 3656 825 pol-

2076 845 2199 913 lice,
2220 846 2476 917 profugit,
2504 861 2734 916 poscens
2763 862 2821 902 se
2854 845 3031 902 occuli
3059 844 3130 901 ab
3152 861 3239 902 eo.
3272 845 3663 901 Verumtamen

2079 936 2410 993 irruentibus
2452 936 2688 992 Eberulli
2726 936 3099 1006 stipatoribus,
3124 935 3356 992 vallatur
3376 936 3545 991 armis
3569 937 3665 991 do—

2079 1044 2223 1093 mus,
2245 1028 2423 1097 jacula
2450 1044 2547 1098 per
2568 1027 2833 1091 fenestras
2860 1029 3006 1084 intro
3023 1029 3303 1095 jaciuntur
3329 1046 3342 1082 :
3369 1027 3504 1082 abba
3528 1042 3667 1097 quo-

2079 1134 2185 1188 que
2211 1120 2298 1173 vix
2328 1135 2357 1172 a
2387 1118 2596 1173 duobus
2614 1118 2828 1173 clericis
2857 1118 3054 1174 illacsus
3083 1119 3340 1174 reseratis
3361 1119 3668 1172 extrahitur

2078 1209 2258 1263 ostiis.
2288 1209 2393 1263 Per
2428 1224 2546 1277 qua:
2585 1208 2898 1278 introgressi
2929 1207 3224 1262 adversarii
3254 1205 3538 1261 Claudium
3565 1211 3669 1263 sub

2080 1299 2222 1359 lecto
2250 1296 2546 1351 latitantem
2573 1297 2716 1351 nacti
2738 1294 3012 1368 jugulant.
3035 1295 3319 1364 sociosque
3338 1295 3454 1366 ejus
3476 1295 3667 1350 simul.

2081 1386 2320 1455 Quorum
2346 1401 2596 1456 corpora,
2623 1402 2654 1441 a
2694 1386 2856 1441 domo
2876 1394 3149 1456 protracta
3179 1399 3244 1441 ac
3277 1401 3438 1455 super
3466 1387 3667 1440 nudam

2083 1477 2304 1531 lnnnum
2324 1474 2584 1544 jacentis,
2611 1486 2867 1545 parentes
2910 1476 3181 1545 amicique
3223 1476 3537 1544 colligentes
3582 1488 3673 1531 se-

2083 1565 2362 1635 peliernut.
2414 1564 2495 1619 Ad
2551 1564 2930 1619 vindicandum
2986 1573 3167 1621 autem
3209 1565 3562 1620 homicidium
3612 1566 3669 1620 iu

2087 1672 2257 1713 sacrm
2286 1657 2414 1711 tedis
2443 1655 2583 1711 atrio
2609 1663 2999 1725 perpetratum,
3034 1657 3197 1712 etiam
3232 1656 3567 1726 energumini
3604 1672 3671 1712 ac

405 1728 1168 1833 domum-,isnisimperantem
1190 1728 1269 1813 ἰιι
1321 1767 1371 1812 te
1425 1728 1458 1810 5
1488 1756 1627 1828 palla
1666 1753 1872 1818 altaris,
1901 1751 1986 1806 cui
2019 1728 2064 1788 θ
2093 1762 2380 1819 pauperes,
2417 1762 2514 1817 pro
2553 1745 2762 1802 foribus
2798 1747 3162 1810 excubantes,
3189 1763 3313 1803 cum
3344 1746 3578 1803 fustibus
3614 1755 3673 1802 et

407 1857 726 1921 inluerebas,
772 1853 1013 1911 evulsum
1046 1851 1189 1905 foras
1238 1848 1517 1918 pellerent.
1562 1845 1659 1901 Cui
1701 1859 1854 1909 cum,
1912 1842 1994 1896 in-

406 1946 672 2004 termissis
706 1960 804 2016 ego
832 1944 1120 1999 missarum
1155 1939 1455 2001 soleumiis,
1486 1951 1572 1992 tne
1615 1934 1831 1990 obvium
1857 1947 1994 2004 prte-

407 2039 612 2103 berem,
641 2044 715 2102 et,
747 2049 815 2090 ne
849 2044 900 2089 te
928 2032 1322 2101 contingerent,
1360 2027 1612 2082 manibus
1654 2039 1868 2094 quoque
1903 2023 1995 2077 de-

408 2133 660 2197 tinerem,
692 2138 747 2184 tu
790 2128 998 2183 interea
1047 2139 1142 2178 ara
1189 2137 1342 2178 sacra
1374 2119 1587 2175 deserta
1627 2118 1731 2172 huc
1762 2115 1995 2184 illucque

406 2221 655 2292 pavitans
705 2212 1242 2274 circumﬂectebaris.
1285 2210 1421 2265 Tum
1470 2223 1595 2279 ego,
1624 2221 1692 2261 ex
1730 2204 1833 2259 hoc
1876 2217 1993 2257 mo-

406 2314 597 2378 lestus,
622 2312 747 2367 dum
778 2309 874 2364 tibi
901 2309 1182 2363 innueram
1227 2318 1295 2358 ne
1338 2310 1609 2372 quoquam
1650 2296 1993 2358 abscederes,

406 2404 679 2477 evigilavi,
712 2417 923 2457 mecum
969 2400 1021 2453 iu
1062 2398 1247 2452 animo
1288 2393 1513 2448 visionis
1548 2389 1830 2446 revolvens
1868 2402 1997 2441 cau-

408 2512 548 2552 sam.
586 2515 605 2547 ι
638 2494 721 2549 Ad
755 2493 871 2548 haec
909 2489 1235 2546 Eberulfus:
1272 2505 1290 2539 ε
1325 2485 1572 2547 Multum,
1610 2483 1708 2546 ait,
1737 2478 1995 2550 cogitatio

410 2604 529 2643 mea
559 2602 682 2643 eum
719 2585 834 2639 viso
862 2584 1094 2653 quadrat
1123 2592 1339 2651 quoque
1364 2573 1817 2641 tum—Quidnam
1850 2570 1996 2643 cogi-

415 2686 519 2741 tas,
552 2674 726 2746 inquit
751 2670 1305 2741 antistes?—Cogito,
1351 2667 1465 2723 ittlit
1508 2665 1619 2729 ille,
1646 2664 1688 2718 si
1724 2676 1810 2717 me
1846 2660 1997 2716 Gun-

411 2778 635 2822 trannus
659 2779 752 2819 rex
778 2764 905 2819 hinc
931 2761 1160 2818 voluerit
1182 2759 1493 2820 extrudere,
1522 2770 1625 2809 una
1652 2767 1812 2806 manu
1843 2750 1996 2820 palla:

410 2857 596 2912 altaris
617 2856 932 2918 inhaerente,
960 2852 1132 2907 altera
1160 2858 1213 2904 te
1237 2862 1362 2904 cum
1387 2844 1601 2902 clericis
1622 2842 1798 2915 gladio
1831 2839 1996 2894 truci-

413 2953 563 3006 dare.
603 2968 622 3000 ι
655 2946 923 3002 intellexit
958 2937 1245 3015 episcopus
1271 2939 1419 2995 illum
1447 2936 1705 2992 daemonis
1734 2933 1995 2988 instinctu

413 3039 541 3092 talia
565 3035 738 3092 eﬂ'ari.
772 3023 882 3089 Nec
911 3033 1126 3103 longum
1168 3029 1396 3085 ﬂuxerat
1441 3035 1672 3095 tempus,
1715 3027 1995 3092 coeperunt

413 3129 530 3184 ﬂeri
563 3137 685 3184 actu
729 3125 1036 3189 manifesta,
1068 3138 1189 3193 quae
1223 3121 1437 3176 fuerant
1481 3118 1731 3187 episcopo
1765 3116 1885 3170 visu
1913 3128 1999 3167 re-

416 3220 616 3291 velata.
669 3217 927 3287 Denique,
978 3212 1298 3270 Guntranno
1349 3217 1625 3280 quaerente
1668 3207 1866 3270 virum,
1908 3204 1998 3275 qui

378 3300 393 3315 ⁸
416 3319 535 3364 arte
559 3310 625 3365 ab
651 3306 880 3364 ecclesia
906 3305 1143 3360 edocens
1164 3300 1502 3365 Ebernlfum,
1532 3308 1624 3352 aut
1645 3297 1747 3353 sibi
1771 3296 2002 3349 adduce-

416 3412 501 3459 ret
522 3403 757 3457 vinctum
774 3409 868 3454 aut
884 3397 1063 3469 gladio
1086 3395 1418 3464 relinqueret
1441 3391 1787 3452 trucidatum,
1806 3386 2002 3442 obtulit

417 3508 478 3549 se
500 3490 753 3549 Claudius
773 3488 1015 3560 quidam,
1044 3487 1111 3541 ad
1139 3486 1193 3540 id
1225 3499 1361 3555 opus
1398 3491 1678 3540 strenuum
1728 3481 2001 3550 spondens

417 3600 478 3639 se
509 3584 624 3638 fore
648 3582 978 3638 ministruut.
1011 3577 1255 3634 Pollicito
1281 3578 1463 3646 itaque
1490 3574 1592 3630 sibi
1623 3573 1755 3628 tanti
1782 3570 2003 3627 sceleris

417 3674 618 3748 pretio,
645 3673 712 3729 ad
749 3668 1066 3728 Eberull‘um
1112 3669 1350 3732 accedit;
1376 3668 1525 3741 jurat
1571 3681 1666 3737 per
1687 3665 1853 3720 Deum
1883 3679 2005 3733 pcr-

421 3780 529 3837 qtte
557 3764 738 3820 omnia
769 3762 889 3818 coeli
920 3777 985 3817 ac
1024 3769 1181 3816 terra:
1209 3768 1418 3823 sancta,
1449 3757 1653 3812 nullum
1684 3754 1891 3810 fidelius
1911 3760 2004 3823 aut

419 3873 578 3928 posse
631 3866 726 3912 aut
778 3855 914 3911 velle
961 3867 1180 3909 causam
1218 3852 1335 3921 ejus
1380 3850 1518 3920 apud
1565 3863 1744 3920 regem
1780 3845 2004 3916 exsequi

427 3966 590 4022 quam
634 3965 713 4006 se.
760 3945 1133 4018 Perpendebat
1179 3944 1324 3999 enim
1374 3941 1556 3997 infelix
1605 3942 1709 3995 alio
1746 3955 1868 3994 eum
1899 3953 2004 3994 non

422 4054 582 4110 posse
620 4036 954 4094 commodius
994 4032 1165 4099 decipi
1208 4039 1517 4086 commento
1561 4043 1722 4098 quant
1754 4042 1851 4081 suo
1880 4041 2007 4095 per-

419 4131 586 4201 jurio.
619 4128 757 4197 Quid
798 4122 984 4196 plura?
1032 4122 1274 4180 Credidit
1319 4121 1482 4201 miser
1524 4117 1811 4187 dejerauti,
1854 4132 1918 4171 ac
1953 4117 2005 4170 in

424 4221 726 4276 crastinum
758 4233 790 4272 a
819 4216 1029 4271 clericis
1066 4213 1292 4276 accitus,
1329 4227 1451 4266 cum
1492 4225 1556 4283 eo
1594 4209 1661 4263 ad
1699 4207 2019 4271 convivium,

430 4313 663 4369 accedit.
706 4310 898 4366 Finitis
939 4307 1133 4377 epulis,
1165 4302 1439 4370 Eberulfo,
1468 4317 1652 4358 secum
1690 4316 1786 4370 per
1811 4300 2007 4354 atrium

427 4404 665 4461 basilicae
708 4399 1070 4456 deambulanti
1105 4408 1160 4452 et
1198 4406 1435 4450 nmtuam
1476 4393 1767 4448 amicitiam
1797 4388 2007 4460 jureju-

430 4493 602 4551 rando
642 4490 936 4562 pollicenti,
985 4490 1062 4543 ait
1105 4487 1401 4543 Claudins:
1441 4505 1459 4537 ι
1494 4484 1552 4539 Si
1602 4482 1741 4538 forte
1786 4482 2012 4537 facultas

429 4581 905 4656 foretjucundiora
937 4580 1160 4650 reperiri
1188 4579 1333 4642 vina,
1364 4575 1564 4631 faterer
1591 4589 1677 4629 me
1709 4588 1897 4628 eorum
1927 4589 2014 4626 ar-

430 4680 559 4734 dere
594 4673 881 4732 desiderio.
912 4692 930 4724 ι
964 4670 1314 4740 Respondeas
1349 4664 1632 4722 Eberulfus
1672 4674 1864 4721 cuneta
1889 4678 2014 4733 qua:

431 4777 650 4840 cuperet
679 4783 739 4823 se
775 4765 1145 4837 praebiturum,
1195 4762 1322 4815 dum
1365 4761 1523 4815 modo
1560 4759 1872 4830 dignaretur
1899 4757 2015 4827 ejus

433 4860 586 4915 adire
633 4856 948 4927 hospitium,
994 4854 1276 4908 universos
1316 4846 1502 4920 dirigit
1533 4864 1749 4919 pueros,
1789 4847 2035 4917 potioris.

432 4950 545 5006 vini
591 4951 841 5006 haustum
887 4945 1229 5016 quwsituros.
1288 4941 1530 4997 Cernens
1571 4937 1825 4994 Claudius
1867 4937 2015 4990 illum

435 5040 706 5078 rnemliccn
752 5039 921 5078 cnlnm
1008 5034 1163 5078 ιιηῖιις
1214 5035 1385 5078 magis
1431 5032 1544 5078 inse
1598 5030 1800 5078 letlmm
1852 5042 2015 5078 αιιειση

2093 1841 2241 1896 saxis
2279 1846 2658 1910 properarunt.
2699 1839 2847 1895 llanc
2883 1839 3046 1910 igitur
3079 1841 3146 1895 ad
3187 1855 3247 1896 se
3285 1855 3506 1896 causam
3548 1854 3673 1911 per-

2096 1930 2257 1984 latam
2294 1946 2387 1986 rex
2425 1930 2775 1986 Guntrannus
2802 1930 3040 2000 graviter
3076 1930 3252 2001 primo
3285 1930 3505 1999 quidem
3528 1930 3672 1995 tulit,

2094 2018 2287 2085 donec,
2316 2027 2593 2090 comperto
2621 2020 2699 2074 rei
2729 2028 2895 2090 gesta:
2937 2020 3148 2083 ordine,
3185 2019 3426 2076 animum
3473 2020 3542 2074 ad
3569 2020 3673 2074 alia

2097 2110 2374 2167 tractanda
2401 2111 2689 2167 convertit.
2722 2109 3093 2167 Substantiam
3123 2110 3360 2166 Eberulﬂ
3395 2111 3456 2175 ii,
3478 2110 3676 2179 quibus

2095 2202 2289 2275 regalis
2330 2218 2449 2258 eam
2492 2202 2863 2258 contribuerat
2889 2210 3150 2271 potestas,
3191 2199 3521 2265 auferentes,
3544 2213 3679 2253 uxo-

2096 2306 2211 2348 rem
2239 2292 2356 2362 ejus
2384 2290 2598 2363 inopem
2628 2291 2983 2361 reliquerunt.

2661 2403 2887 2476 CAPUT
2908 2417 3111 2476 vau.

2096 2513 2175 2568 De
2217 2510 2562 2567 Pictaviemis
2607 2513 2832 2583 episcopi
2876 2513 3244 2582 redemptione,
3294 2529 3356 2567 ac
3391 2512 3572 2583 populi
3601 2527 3681 2568 re-

2700 2583 3083 2637 conciliatione.

2165 2702 2323 2756 Διιηο
2359 2716 2388 2755 x
2420 2701 2567 2771 regni
2603 2698 2956 2764 Cltildeberti,
2987 2694 3291 2755 Guntranni
3323 2709 3499 2756 autem
3531 2715 3677 2765 xxiv,

2096 2791 2237 2847 idem
2265 2794 2514 2863 princeps
2538 2793 2822 2849 adversum
2854 2789 3232 2847 GuudOaldum
3279 2793 3576 2847 exercitum
3612 2807 3682 2846 ex

2098 2885 2367 2941 universis
2395 2885 2622 2940 urbibus
2649 2884 2750 2941 sibi
2782 2883 3040 2954 subjectis
3069 2885 3385 2945 commovit.
3415 2885 3458 2940 E
3486 2886 3685 2955 quibus

2096 2976 2517 3032 Aurelianenses
2582 2970 2707 3032 cum
2765 2975 3234 3043 Bituricensibus,
3286 2977 3685 3034 Pietaviensem

2022 3064 2067 3127 C
2098 3066 2336 3136 aggressi
2364 3067 2656 3131 civitatem,
2678 3067 2847 3131 cives,
2873 3068 2963 3138 qui
2982 3067 3095 3138 jant
3120 3084 3150 3122 a
3182 3068 3287 3123 ﬁde
3316 3068 3686 3134 desciverant,

2099 3158 2165 3212 ad
2197 3158 2484 3228 priStinam
2531 3159 2583 3213 vi
2632 3167 2949 3214 revocantes
2987 3159 3326 3224 societatem,
3373 3158 3687 3229 episcOpum

2101 3246 2315 3316 injuriis
2336 3243 2547 3303 allicere
2577 3247 2955 3303 moliebantur.
2988 3248 3191 3316 Atille,
3222 3248 3555 3302 connniuuto
3580 3263 3689 3302 uno

2101 3338 2459 3394 ecclesiastici
2497 3339 2810 3393 monasterii
2851 3352 3018 3394 aureo
3051 3338 3238 3405 calice,
3271 3353 3330 3393 se
3369 3337 3589 3408 quidem
3619 3337 3690 3392 ab

2101 3427 2315 3496 exsilio,
2347 3428 2600 3500 populum
2632 3438 2810 3484 autem
2838 3444 2867 3483 a
2890 3426 3204 3499 captivitate
3247 3427 3494 3484 redemit.

2644 3538 2874 3595 CAPUT
2913 3538 3147 3595 LXVIII.

2313 3633 2386 3689 De
2414 3631 2717 3705 Gundooldi
2740 3632 2897 3704 gestis
2922 3641 2971 3687 et
2998 3632 3121 3688 aliis
3143 3630 3478 3704 quibusdam.

2176 3746 2231 3800 ln
2257 3745 2364 3800 illis
2401 3744 2616 3809 diebus,
2661 3742 3014 3800 Gundoaldus
3045 3744 3146 3798 iter
3171 3741 3410 3798 Pietavis
3438 3742 3693 3797 destina-

2106 3845 2243 3902 tum,
2280 3835 2465 3891 audita
2507 3835 2871 3905 expeditione,
2921 3836 2988 3889 ad
3040 3833 3406 3904 Engolismam
3446 3831 3691 3886 deﬂexit.

2110 3927 2210 3983 Ubi
2242 3929 2310 3983 ab
2337 3928 2575 3983 antistite
2624 3936 2681 3982 et
2726 3927 3044 3997 proceribus
3092 3936 3370 3997 gratanter
3411 3936 3696 3995 exceptura,

2106 4032 2295 4074 eorum
2335 4028 2677 4074 remunerate
2725 4019 3038 4081 sedulitate,
3075 4016 3450 4088 Petrogoricas
3498 4017 3692 4071 tendit.

2107 4111 2272 4181 Cujus
2321 4112 2600 4182 praesulem
2630 4112 2771 4168 male
2811 4110 3132 4167 mulctatum
3171 4110 3414 4178 reliquit,
3454 4123 3522 4163 eo
3551 4108 3703 4178 quod

2109 4219 2168 4279 se
2193 4220 2316 4259 cum
2343 4204 2528 4259 favore
2560 4220 2666 4259 non
2696 4203 3023 4273 excepisset.
3050 4202 3287 4270 Indeque
3316 4200 3569 4256 Tolosam
3598 4214 3700 4270 pe-

2110 4303 2254 4361 tens,
2305 4294 2600 4365 prtemissis
2647 4294 2930 4357 militibus,
2980 4291 3253 4363 Maguulfo
3306 4290 3546 4362 poutitici
3594 4289 3700 4346 sibi

2036 4402 2085 4459 ι)
2109 4401 2398 4441 occursum
2423 4384 2487 4439 iri
2518 4385 2759 4440 mandat.
2792 4385 3135 4455 Quapropter
3160 4382 3465 4455 Magnulfus
3490 4396 3700 4436 conn»

2113 4484 2288 4532 catam
2316 4475 2525 4547 plebem
2579 4477 2828 4532 hortatur
2859 4486 3151 4546 monetque
3186 4484 3247 4531 ut
3288 4475 3517 4529 viriliter
3539 4488 3703 4543 repu-

2115 4577 2324 4639 gneut,
2382 4582 2450 4623 ne
2511 4568 2653 4623 forte
2707 4568 3001 4625 calamitati
3057 4584 3222 4639 quam
3278 4566 3552 4638 quondam
3600 4564 3705 4620 sub

2117 4659 2376 4728 Sigulpho
2414 4659 2621 4728 experti
2660 4659 3024 4725 sunt,iterato
3063 4656 3391 4722 subdantur;
3434 4655 3703 4710 meminw

2118 4751 2332 4822 rintque
2356 4754 2625 4820 quatenus
2669 4749 2999 4808 Desiderius.
3033 4748 3204 4816 ipsius
3242 4750 3346 4800 dux
3393 4745 3565 4806 urbis,
3593 4759 3700 4798 mc-

2119 4842 2311 4897 morati
2342 4841 2656 4910 experiatur
2683 4839 2955 4895 fortunam
2984 4838 3111 4912 viri,
3144 4837 3188 4892 si
3226 4836 3354 4905 quid
3382 4834 3561 4889 simile
3583 4849 3700 4888 mo-

2120 4934 2248 4989 litus
2285 4932 2467 4987 fuerit.
2513 4931 2579 4986 Et
2622 4932 2738 4986 hate
2777 4930 2995 5000 quidem
3043 4928 3297 4999 populum
3332 4926 3398 4980 ad
3433 4923 3701 4979 rebtllan-

2514 5038 2521 5042 >
2640 5030 2654 5040 ·
2712 5021 2816 5050 cad
2853 5022 3017 5072 ωλι-ιι·
3056 5016 3396 5076 adventantis
3431 5013 3711 5070 ειεηίιυε

2121 5025 2243 5062 δη...
2292 5040 2343 5046 ..-.
2366 5025 2448 5044 λη
2472 5040 2479 5041 κ
2514 5038 2521 5042 .
