4044 5428
330 362 427 417 7η
1348 380 1353 383 ·
1370 358 1688 417 HISTORIA
1727 358 2382 417 FllANCORUM.——LIB.
2426 361 2503 419 Ill.
3475 370 3578 427 τη

332 474 382 525 in
429 470 839 542 praesentiarum
880 470 1129 540 adeptus,
1175 472 1306 526 urbe
1353 482 1506 542 capta
1548 472 1899 539 Parisiorum,
1930 481 1980 537 Α
2006 490 2111 544 que
2139 478 2409 546 praecipue
2433 493 2583 543 sene,
2611 480 2702 548 qui
2733 495 2791 535 se
2816 490 2964 538 tanto
2990 482 3373 553 ingemiscebat
3399 490 3576 558 priva-

332 562 401 617 ibi
422 563 696 632 propriam
711 570 943 616 statuam
957 560 1903 632 sedem.-—Nunquam,aitpontifex,
2008 572 2119 616 tum
2150 566 2473 633 patrocinio,
2501 580 2877 637 apparuerunt
2896 572 3169 639 particula:
3204 575 3572 646 haud‘procnl

332 661 385 704 tu
415 651 558 715 ista,
608 650 930 719 impediente
982 649 1232 713 Christo,
1283 651 1614 720 complebis,
1668 651 1905 720 quattdiu
2005 652 2213 720 posita).
2258 653 2458 708 llarum
2490 672 2592 709 una
2620 656 2941 714 Mntnmolus
2973 671 3245 733 assumpta
3300 664 3572 721 discessit.

329 741 596 809 quispiam
645 741 775 810 regii
822 740 1147 809 superfuerit
1197 741 1476 810 germinis.
1514 760 1532 793 ι
1572 740 1707 795 Tum
1736 740 1906 794 Mum-
2007 740 2113 796 Sed
2162 743 2353 797 beatus
2379 754 2584 815 martyr
2610 747 2659 799 id
2693 748 2793 802 sibi
2833 766 2938 803 non
2988 760 3198 820 gratum
3230 751 3344 808 fore
3374 769 3440 809 ex
3472 757 3573 811 hoc
3630 792 3639 797 ο

330 831 503 887 molus
537 831 691 900 alapa
731 832 941 886 Domini
978 831 1313 886 sacerdotem
1351 832 1638 900 percussit,
1673 831 1901 887 dicens:
2004 830 2275 900 praecipue
2304 834 2539 887 ostendit
2564 838 2707 903 quod
2735 837 2908 892 eidem
2941 840 3076 903 viro,
3105 843 3259 911 cujus
3288 844 3401 898 haec
3446 854 3570 900 acta

335 942 353 975 ι
382 924 498 978 Non
525 926 706 994 pudet,
742 923 1095 993 ineptissime,
1134 933 1241 976 tam
1294 924 1591 992 nugacibus
1629 924 1903 978 dominum
2005 919 2220 975 fuerant
2267 922 2513 992 imperio,
2542 924 2714 979 noluit
2757 940 2877 982 esse
2920 930 3143 984 auxilio.
3195 932 3573 989 Verumtamen

330 1022 576 1065 nostrum
593 1027 770 1082 regem
795 1010 1073 1065 confutare
1094 1012 1323 1066 verbis?)
1346 1012 1649 1067 Desiderius
1669 1028 1901 1083 quoque,
2005 1008 2147 1063 idem
2190 1008 2560 1076 Gundoaldus,
2584 1014 2779 1069 iterato
2807 1016 2941 1070 duos
2972 1019 3038 1071 ad
3070 1034 3250 1089 regem
3302 1021 3579 1077 Contran-

328 1103 525 1171 agnitis
558 1102 643 1155 bis
667 1117 785 1170 quze
807 1111 994 1155 contra
1043 1100 1270 1155 salutem
1302 1116 1454 1155 suam
1500 1102 1692 1169 populo
1720 1117 1906 1157 suase-
2004 1113 2133 1154 num
2161 1100 2437 1157 destinans
2463 1103 2667 1173 legatos
2690 1106 3163 1175 (quemadmodum
3184 1111 3310 1164 olim
3340 1111 3578 1167 Franco-

329 1194 652 1263 rat,-pugnis
680 1207 802 1247 eum
829 1192 1167 1261 fustibusque
1188 1208 1309 1245 cum
1344 1190 1566 1260 reliquis
1588 1192 1806 1257 cecidit,
1840 1208 1905 1249 ac
2005 1206 2124 1245 rum
2155 1208 2272 1248 mos
2303 1192 2480 1248 fuerat
2512 1197 2751 1267 legatis),
2772 1197 2935 1265 jussit
2978 1200 3084 1255 illis
3112 1202 3289 1273 virgas
3321 1202 3464 1259 ferre
3492 1221 3579 1259 sa-

328 1295 466 1355 post,
523 1285 651 1339 fune
703 1286 1002 1340 revinctum
1054 1286 1237 1354 pedes,
1290 1286 1488 1340 direxit
1531 1286 1582 1339 itt
1632 1286 1899 1349 exsilium,
2004 1290 2215 1347 cratas;
2249 1283 2443 1352 quibus
2469 1286 2710 1353 prolatis,
2746 1289 2911 1342 totius
2940 1288 3211 1346 immunes
3235 1294 3412 1347 forent
3442 1294 3580 1361 inju-

329 1378 493 1447 r.tptis
517 1388 627 1431 tam
651 1378 820 1447 ipsius
839 1392 1002 1447 quam
1028 1376 1281 1431 Ecclesia:
1307 1376 1677 1432 facultatibus.
1708 1379 1902 1433 Franci
2004 1372 2118 1425 ι’ἱωο
2150 1372 2211 1426 Hi
2247 1375 2426 1443 itaque
2456 1378 2545 1445 qni
2576 1379 2769 1433 directi
2797 1390 2954 1434 erant
3000 1382 3213 1437 incaute
3253 1384 3576 1455 legationem

328 1467 530 1536 itaque,
560 1467 651 1535 qui
679 1468 913 1537 undique
961 1466 1027 1519 ad
1072 1468 1504 1535 persequendum
1534 1466 1901 1523 Gundoaldum
2005 1474 2155 1514 suam
2184 1464 2331 1531 prius
2356 1465 2701 1535 popularibus
2726 1469 3179 1540 vulgaruntquam
3206 1475 3316 1541 regi
3341 1488 3577 1543 praesen-

326 1557 558 1625 ρειιιιιυιί
585 1556 817 1619 fueram,
851 1571 1021 1624 usque
1047 1557 1114 1608 ad
1140 1556 1465 1611 Dardaniam
1498 1559 1767 1627 progressi
1807 1558 1905 1611 ﬂu—
2008 1559 2272 1605 tarentur.
2308 1554 2456 1609 Unde
2488 1572 2713 1622 rex,eos
2744 1560 2845 1615 sibi
2862 1562 3104 1617 exhiberi
3126 1563 3323 1633 jubcns
3344 1566 3577 1629 vinctos,

326 1662 474 1713 men,
500 1647 952 1717 praestolabantur
973 1646 1018 1700 si
1040 1661 1175 1715 quos
1197 1647 1335 1716 ejus,
1362 1646 1507 1701 fama
1541 1648 1764 1711 ferente,
1792 1664 1906 1718 per-
2004 1658 2193 1697 severe
2224 1646 2522 1717 interrogat
2550 1652 2711 1717 unde,
2741 1652 2823 1706 vel
2854 1669 2884 1706 a
2914 1669 3042 1723 quo,
3076 1670 3172 1710 seu
3201 1671 3230 1709 a
3263 1657 3459 1726 quibus
3499 1658 3580 1715 di-

324 1742 686 1797 sentiscerent
715 1750 911 1795 motus.
944 1741 1257 1795 Sociaverat
1300 1756 1359 1796 se
1387 1743 1433 1795 ei
1463 1740 1657 1795 Waldo
1685 1742 1905 1797 cubicu-
2008 1736 2142 1788 recti
2169 1748 2374 1790 essent.
2406 1739 2483 1792 Illi
2515 1755 2627 1793 rem
2656 1757 2895 1805 omnem.
2925 1754 2983 1797 ιιι
3039 1756 3177 1810 erat,
3207 1757 3463 1801 enarrant
3489 1763 3579 1801 or-

324 1832 492 1887 larius
517 1831 802 1902 Rigundis,
835 1832 917 1884 vir
960 1832 1100 1885 haud
1139 1834 1452 1900 Spernenda:
1482 1833 1754 1901 potentiae,
1788 1832 1904 1887 reli-

2006 1824 2149 1879 dine.
2179 1825 2370 1883 Missos
2399 1845 2456 1883 se
2485 1845 2514 1882 a
2547 1830 2861 1888 Gundoaldo
2908 1834 3131 1889 Clotarii
3166 1838 3245 1905 (ut
3269 1838 3382 1906 ipse
3409 1838 3576 1906 proli-

322 1925 447 1993 quis
471 1923 661 1993 puella:
696 1923 960 1977 ministris
990 1923 1115 1991 fuga
1147 1922 1387 1992 dilapsis.
1428 1923 1534 1978 Sed
1580 1934 1634 1979 et
1664 1923 1906 1985 ,Desidc-
2008 1915 2237 1983 lcbalur)
2294 1920 2435 1987 regis
2486 1919 2626 1984 ﬁlio,
2671 1931 2939 1989 quatenus
2984 1923 3218 1978 debitam
3272 1936 3579 1994 repeterem

321 2016 435 2085 rius
482 2030 604 2069 cum
655 2013 943 2069 Mutumolo
983 2030 1048 2069 ac
1086 2015 1355 2079 Bladaste,
1388 2033 1598 2070 necnon
1627 2017 1904 2087 sagittario

2006 2007 2152 2076 regni
2177 2017 2403 2077 partem.
2436 2028 2453 2060 ι
2488 2011 3218 2082 Qtzze,inquiunt,nimature
3240 2016 3578 2082 restituatur,

321 2104 434 2172 (qui
468 2104 811 2173 sponsionem
851 2104 917 2158 de
958 2104 1245 2174 praesulatu
1276 2104 1541 2159 Tolosano
1571 2104 1681 2172 jam
1708 2106 1904 2160 elicue-
2004 2113 2128 2153 cum
2176 2100 2693 2169 circmnjacentibus
2749 2106 2803 2159 in
2854 2110 3099 2175 proximo
3168 2109 3581 2179 dt‘populttbilttr

323 2206 405 2251 rat
436 2198 505 2250 ab
546 2198 632 2260 eo)
665 2196 839 2251 intimi
877 2206 1034 2252 erant
1074 2198 1125 2250 in
1165 2198 1415 2261 consilio,
1448 2214 1649 2266 perque
1684 2215 1777 2253 eos
1819 2215 1904 2254 res
2006 2188 2247 2244 urbibus.
2272 2190 2381 2245 Nec
2407 2209 2631 2261 parvam
2666 2195 2807 2249 illico
2838 2207 3078 2251 coactam
3110 2199 3328 2253 aiebant
3356 2200 3579 2253 bellato-

318 2288 596 2357 agebatur.
629 2288 719 2344 llis
745 2289 934 2343 diebus
962 2288 1027 2341 ad
1050 2288 1256 2343 amicos
1287 2289 1339 2342 itt
1377 2290 1645 2358 superiori
1678 2290 1903 2343 Francia

2007 2297 2124 2334 rum
2158 2298 2398 2346 manuni,
2426 2301 2570 2350 cum,
2599 2295 2795 2354 prteter
2820 2288 3175 2356 Aquitanicas
3204 2291 3408 2358 coitias,
3444 2290 3580 2345 vali-

318 2378 577 2448 degentes
607 2379 751 2431 misit
780 2378 1056 2447 epistolas,
1083 2379 1293 2432 duobus
1329 2394 1421 2433 eas
1470 2379 1686 2433 tradens
1726 2379 1904 2433 feren-
2003 2370 2101 2425 dos
2124 2384 2369 2440 speraret
2395 2375 2496 2428 sibi
2530 2391 2595 2429 ex
2625 2377 2844 2431 Austria
2876 2374 3158 2434 adfuturos
3202 2382 3577 2447 auxiliatum.

318 2472 414 2523 das
446 2471 689 2534 clericis;
745 2486 972 2537 quorum
1022 2486 1158 2523 unus
1196 2470 1498 2525 Calnreina:
1529 2472 1679 2557 tit-bis
1706 2472 1899 2535 incola,

2005 2461 2165 2529 idque
2184 2474 2552 2533 pra-potentes
2566 2466 2762 2521 ducum
2776 2482 2842 2522 ex
2866 2484 3030 2539 regno
3052 2470 3376 2525 Cltildeberti
3396 2488 3576 2533 nosse.

318 2559 555 2628 ligneam
581 2574 741 2629 qttam
772 2559 978 2614 ferebat
1003 2574 1203 2613 cavans
1240 2559 1496 2622 tabulam,
1530 2550 1783 2613 iinntissis
1811 2560 1900 2613 lit-
2002 2563 2071 2602 3"
2098 2550 2197 2617 iPSi
2221 2565 2341 2605 “GN
2367 2564 2843 2623 prosequerentur.
2877 2576 2895 2608 ι
2923 2557 2989 2610 Et
3018 2558 3131 2613 haec
3161 2561 3379 2629 quidem
3409 2560 3574 2632 legati

318 2652 451 2705 teris
476 2666 659 2705 ceram
689 2651 1078 2720 superinduxit.
1107 2650 1191 2704 Nil
1224 2660 1401 2704 tamen
1439 2651 1588 2704 illtttn
1613 2652 1725 2705 lucc
1755 2652 1902 2705 fraus

2004 2638 2069 2691 ad
2096 2639 2325 2706 primatu
2350 2642 2830 2712 interrogationem
2862 2646 3234 2714 prodiderunt.
3268 2649 3459 2703 Postea
3489 2665 3577 2703 vc-

312 2720 474 2809 juviil,
506 2740 634 2810 quin
662 2756 692 2793 ει
722 2738 967 2795 ﬁdelibus
998 2739 1300 2795 Gunlranni
1347 2740 1485 2809 regis
1513 2740 1899 2809 deprehensus,
2004 2748 2086 2794 ro,
2110 2734 2175 2785 ad
2203 2736 2432 2790 trocleas
2458 2738 2666 2791 extensi
2694 2749 2748 2791 et
2769 2738 3073 2794 diutissime
3096 2742 3241 2803 επεὶ,
3268 2742 3579 2799 indicarunt

316 2832 588 2901 patefacta
620 2833 903 2901 legatione,
935 2841 1055 2901 post
1077 2831 1282 2901 ﬂagella
1315 2832 1570 2885 custodia:
1605 2847 1725 2885 cum
1754 2835 1901 2887 soc‘o

2007 2822 2303 2890 ltigundem
2329 2825 2616 2894 Cltilperici
2644 2827 2809 2882 tiliam
2837 2844 2959 2883 cum
2993 2829 3283 2900 Magnulfo,
3309 2832 3578 2890 Tolasatto

316 2935 741 2992 manetparclur,
773 2923 940 2977 Porro
975 2922 1322 2977 Gundualdus
1358 2922 1423 2974 ad
1453 2922 1900 2989 Burtlcgnleusem
2006 2912 2283 2978 pontiﬁce,
2320 2914 2371 2966 in
2405 2915 2655 2969 exsilium
2686 2917 2999 2986 relegatum.
3038 2919 3284 2984 Domum,
3320 2924 3579 2977 custodia:

319 3016 593 3069 transiens
652 3015 955 3076 civitatem,
1004 3013 1305 3067 Bet-tranno
1351 3013 1577 3082 przesule
1626 3013 1901 3067 ltutnanis—
2005 3001 2265 3068 ἀθριιιειιίν
2296 3017 2465 3074 usque
2486 3005 2554 3058 ad
2575 3004 2738 3058 aliam
2766 3006 3378 3079 audientiamjttbeutur
3403 3027 3584 3067 asser-

315 3106 456 3160 sitne
484 3122 543 3159 se
570 3106 911 3175 suscipiente,
942 3104 1248 3172 aliquandiu
1282 3102 1353 3156 ibi
1385 3103 1601 3157 resedit.
1626 3102 1893 3168 Qumrenti
1924 3145 1970 3205 ϐ
2005 3094 2140 3147 Wri-

314 3212 449 3251 vero
471 3196 520 3249 ei
558 3211 676 3264 quae
708 3210 791 3249 res
814 3193 1279 3275 inexpugnabilem
1306 3193 1551 3246 bostibtts
1574 3207 1697 3247 eum
1726 3193 1899 3248 eﬂicc-
1929 3193 1970 3205 ’⁸
2570 3207 2796 3263 CAPUT
2830 3209 3015 3264 LXIX.

318 3297 402 3340 ret
448 3286 743 3340 indicatum
795 3286 861 3339 ab
908 3300 1013 3339 uno
1062 3283 1409 3337 familiarium
1455 3292 1559 3347 est,
1612 3286 1899 3351 quemdam

2002 3293 2079 3347 De
2100 3292 2411 3350 Cltildeberti
2441 3310 2487 3351 et
2534 3297 2832 3355 Cutttrunni
2885 3303 3331 3368 reconciliatione,
3358 3314 3405 3358 et
3437 3305 3584 3362 Cun—

319 3378 557 3433 Orieutis
578 3392 781 3447 regem,
807 3377 1056 3447 reliquias
1084 3376 1257 3431 sancti
1290 3377 1545 3447 martyris
1578 3374 1749 3445 Sergii
1782 3377 1902 3431 bra-
2072 3368 2249 3447 ψηηιέ
2293 3369 2515 3421 consilia
2560 3368 2884 3425 C/tildeberto
2915 3374 3063 3439 dato,
3086 3374 3247 3444 deque
3273 3374 3577 3432 Gundoaldi

319 3471 444 3521 tltio
479 3467 725 3538 alligatas
754 3466 1035 3530 ferentem,
1065 3482 1277 3535 semper
1324 3468 1649 3521 adversariis
1693 3483 1897 3537 prazva-
2074 3439 2322 3501 Ῑί¹⁶¹¹⁰¹¹⁸ο

320 3559 451 3613 lere.
481 3560 723 3627 Cumque
751 3558 977 3613 sollicite
1003 3558 1352 3627 investigaret
1386 3558 1509 3628 quis
1546 3558 1704 3627 hujus
1748 3559 1900 3613 testis
2071 3546 2284 3603 ίηιθΐοίι
2320 3550 2938 3620 διιίίίιθδετῑυδοηυηίίῖε
2963 3557 3581 3627 νέεινυίῖιιιρειιυηιίιιυε.

317 3648 530 3702 Domini
559 3649 855 3717 patrocinia
891 3648 1208 3719 possideret,
1240 3648 1575 3702 Bertranntts
1618 3648 1900 3716 cpiscopus
2002 3652 2031 3689 a
2057 3636 2174 3693 loco
2200 3656 2309 3693 suae
2333 3642 2683 3698 habitationis
2713 3645 2985 3715 digressus
3023 3648 3239 3703 advenit
3263 3652 3311 3704 ei
3354 3650 3587 3705 collocu-

319 3737 459 3790 dixit
506 3749 626 3792 esse
661 3736 712 3790 ill
740 3738 927 3791 eadem
975 3740 1107 3791 urbe
1129 3738 1414 3805 quemdam
1440 3739 1636 3807 Syrum
1660 3740 1900 3806 negotia-

2005 3738 2179 3785 turus.
2224 3732 2390 3796 Tunc,
2416 3751 2480 3789 ex
2533 3747 2803 3807 prwcepto
2851 3738 3177 3806 Guntranni,
3209 3758 3584 3812 suprametno-

318 3839 516 3893 gul-cm,
554 3830 770 3884 umnine
805 3828 1117 3891 Eufronem,
1150 3830 1241 3899 qui
1283 3830 1409 3882 olim
1460 3832 1530 3884 ab
1567 3829 1787 3885 Oriente
1836 3846 1898 3884 ea
2003 3821 2105 3873 rati
2129 3820 2179 3874 ill
2208 3822 2488 3878 amborum
2514 3827 2851 3894 praesentiam
2875 3830 3115 3895 perducti
3140 3831 3402 3895 viri,cutn
3430 3836 3582 3903 prius

318 3922 531 3976 detulit.
552 3921 703 3985 tl’lic,
727 3922 1061 3991 inquiens,in
1088 3922 1248 3975 domo
1272 3938 1389 3984 sua,
1412 3937 1575 3990 quam
1606 3924 1899 3977 Ecclesiam

2002 3911 2171 3965 relata
2205 3913 2402 3966 iterum
2434 3915 2900 3984 recapitulassent,
2934 3920 3256 3974 addiderunt
3301 3926 3582 3981 universos

316 4012 679 4075 consecravit,
704 4011 840 4066 inter
865 4010 967 4065 alia
997 4011 1253 4065 miracula
1286 4010 1428 4064 illius
1459 4010 1640 4064 dilecti
1671 4012 1762 4065 Dei
1791 4026 1900 4064 tne-
2000 4005 2264 4076 Rigundis
2292 4006 2571 4060 thesauros
2599 4022 2629 4059 a
2664 4006 2981 4064 Gundoaldo
3010 4026 3267 4080 pervasus
3295 4015 3582 4085 ipsumque

318 4105 443 4158 ritis
468 4112 703 4173 patrata,
742 4104 840 4158 hoc
886 4104 1050 4159 etiam
1096 4104 1278 4157 videre
1301 4102 1597 4170 promeruit
1631 4104 1794 4171 quod,
1826 4102 1900 4154 ci-
2002 4098 2185 4152 dicere
2253 4097 2476 4153 solitum
2506 4139 2522 4164 ,
2573 4099 2836 4156 invitante
2900 4103 3461 4177 Guntranno-Bosone,
3514 4113 3583 4165 ab

317 4195 490 4249 vitate
520 4195 812 4256 ﬂammata,
860 4195 974 4263 ipsa
1021 4193 1241 4247 basilica
1287 4194 1584 4261 permansit
1616 4193 1836 4245 intacta.
1876 4213 1893 4243 ι
2000 4189 2222 4245 Oriente
2258 4205 2322 4245 se
2350 4192 2416 4245 ad
2446 4190 2648 4246 Gallias
2699 4194 2997 4250 transiisse.
3054 4196 3295 4267 Cumque
3324 4201 3582 4271 principi-

315 4286 553 4340 Mittitur
577 4303 608 4340 e
630 4286 850 4354 vestigio
872 4284 1192 4338 Mutntnolus
1214 4286 1317 4339 dux
1344 4300 1463 4339 cum
1491 4284 1606 4352 ipso
1629 4285 1897 4354 episcopo,
2000 4284 2103 4339 bus
2130 4283 2465 4339 Childeberti
2492 4286 2607 4341 haec
2633 4292 2904 4355 nota;esse
2920 4300 3313 4356 asseverarent,
3339 4296 3580 4364 suspicio

319 4387 653 4433 memoratas
690 4376 1042 4445 inquisiturus
1079 4375 1351 4443 reliquias.
1382 4374 1477 4427 Cui
1511 4376 1690 4428 acrius
1719 4375 1897 4443 inqui-
2004 4390 2130 4435 nata
2172 4388 2255 4433 est
2282 4378 2403 4432 ideo
2429 4377 2637 4445 aliquos
2667 4376 2733 4431 ad
2766 4394 3002 4447 praisens
3028 4382 3360 4452 colloquium
3395 4388 3581 4443 venire

318 4469 464 4523 renti
511 4482 824 4537 responsum
874 4465 1073 4519 Eufron
1126 4466 1392 4518 reddidit:
1434 4482 1452 4514 ι
1486 4464 1620 4527 Noli,
1650 4464 1890 4526 obsecro,

2002 4470 2292 4529 distulisse.
2325 4469 2475 4523 Tunc
2525 4474 2741 4523 demum
2791 4471 3139 4528 Gnntranntts
3194 4492 3286 4529 rex
3344 4478 3577 4543 basiant,

317 4578 409 4615 me
452 4570 612 4615 atate
657 4556 959 4613 confectum
1002 4557 1294 4626 defatigare
1333 4572 1538 4619 senem,
1574 4573 1671 4611 nec
1710 4567 1897 4611 sancto
2000 4580 2161 4636 quam
2208 4577 2371 4616 manu
2414 4563 2675 4631 gerebat,
2730 4564 2910 4633 nepoti
2968 4564 3230 4630 tradidit,
3285 4567 3580 4637 inquiens:

317 4652 398 4704 illi
444 4649 647 4704 inferre
690 4648 959 4715 iniuriam.
1012 4647 1203 4700 Verum
1248 4647 1482 4713 acceptis
1536 4656 1749 4699 centum
1805 4661 1899 4698 au-
2008 4676 2027 4708 ι
2058 4656 2191 4718 Hoc,
2222 4652 2596 4707 amantissime
2643 4667 2831 4721 nepos,
2862 4655 3062 4709 indicio
3094 4656 3311 4711 noveris
3362 4668 3412 4711 te
3446 4660 3578 4712 mihi

319 4742 463 4805 rcis,
496 4741 565 4794 ab
601 4741 700 4795 bac
738 4740 937 4794 desiste
972 4737 1288 4791 intentione.
1324 4757 1341 4788 ι
1374 4737 1602 4789 Econtra
1632 4736 1718 4791 ille
1749 4753 1896 4790 asse-

2002 4763 2375 4804 successnrum
2405 4746 2458 4799 in
2484 4760 2670 4812 regno.
2708 4745 2935 4810 Idcirco,
2967 4748 3162 4801 tradita
3184 4748 3281 4800 tibi
3316 4765 3343 4800 a
3379 4765 3464 4801 me
3485 4766 3578 4819 po—

321 4847 450 4885 rens
501 4846 600 4896 se,
647 4830 807 4883 etiam
861 4829 906 4883 si
945 4829 1160 4882 ducenti
1214 4829 1509 4890 darentur,
1559 4838 1732 4897 ccepta
1790 4845 1894 4882 non

2004 4847 2217 4901 testate,
2242 4845 2469 4890 cunctas
2514 4834 2661 4902 regni
2697 4836 2802 4889 mei
2851 4835 3122 4898 civitates,
3155 4844 3410 4904 tanquam
3445 4850 3584 4902 tuas,

318 4923 704 4986 deserturum,
750 4922 970 4987 insuper
1021 4919 1207 4974 videns
1255 4918 1528 4988 capsulam
1576 4920 1643 4974 de
1692 4930 1898 4986 pariete

2001 4929 2247 4995 dispone,
2278 4925 2633 4981 reminiscens
2665 4936 2715 4979 te
2744 4925 2922 4981 solum
2961 4943 3030 4981 ex
3079 4934 3259 4979 nostra
3306 4942 3591 4993 superesse

316 5011 587 5078 pendere,
627 5009 869 5079 apposita
914 5007 1084 5072 scala,
1138 5008 1295 5078 jubet
1350 5008 1578 5061 diacono
1607 5016 1665 5060 ut
1712 5023 1901 5060 ascen-
1999 5019 2189 5085 siirpe,
2228 5035 2247 5068 ι
2282 5015 2356 5069 [ta
2381 5018 2597 5083 quidem
2622 5028 2737 5081 rex,
2770 5015 3039 5071 audiente
3069 5013 3211 5067 omni
3232 5014 3450 5079 populi),
3473 5032 3599 5083 pro-

316 5105 457 5157 deus
512 5102 741 5156 loculum
791 5102 1101 5168 deponeret.
1179 5100 1281 5166 Qui
1336 5110 1606 5169 praecepto
1654 5115 1895 5169 parens,

2010 5108 2199 5169 ferens,
2233 5110 2502 5161 semotum‘
2539 5122 2568 5159 a
2617 5117 2761 5159 cuitu
2818 5104 3065 5160 aliorum
3097 5107 3346 5165 nepotem
3397 5106 3607 5157 monuit

2364 5194 2463 5214 μμ.
2529 5195 2569 5214 ιον
2592 5202 2731 5214 ay”.
2762 5208 2887 5214 ---η
2918 5192 2964 5214 :..
2996 5210 2999 5211 ν
3032 5210 3041 5211 γ
3097 5188 3139 5212 ..:
3184 5183 3427 5212 .I:nn..-....
3458 5189 3481 5212 r-

377 5209 446 5216 οι...
481 5204 654 5216 ..ε-...ιιι
684 5207 846 5216 ..-Α-δι,
885 5201 1118 5216 ΙΑ-ικ.ιωλο
1149 5201 1196 5216 ..ἑ
1221 5206 1369 5216 anno...
1434 5201 1581 5216 ,σι-..η
1635 5203 1896 5216 Α-αιηιίιι...
2002 5212 2015 5215 Α
2048 5209 2059 5214 α
2104 5201 2177 5214 ---Ζ
2218 5208 2333 5214 ...Ἀρσμ
