4044 5428
502 357 607 415 145

1596 360 1849 423 AlliiOlNl
1891 362 2195 427 MONAClll
2237 362 2730 430 FLORIACENSIS

3636 374 3737 445 itit

470 538 473 539 ν
503 469 889 526 consederunt.
921 470 987 526 Et
1008 472 1149 527 inter
1172 471 1602 530 redundantioris
1640 491 1837 531 mensae
1863 478 2070 545 epulas,
2105 485 2145 542 Α
2182 494 2343 536 sacro
2375 481 2497 551 igne
2527 483 2860 552 ardentibus,
2884 485 2975 542 alii
3003 488 3333 549 daemonibus
3371 496 3734 566 rapiebantur,

503 563 880 618 serenissimus
908 565 1158 634 princeps
1179 564 1492 623 Gnntranus
1519 569 1599 624 sic
1618 569 1911 639 alloquitur
1936 585 2068 624 con-

504 653 657 707 vivas
686 670 702 706 :
739 672 759 704 ι
801 652 998 709 Hortor
1028 667 1143 718 vos,
1172 655 1354 726 inclyti
1408 656 1649 714 Francia:
1677 663 1951 730 primates,
1984 676 2064 732 ut,

505 752 753 811 nepotem
790 757 968 796 meum
997 758 1208 800 summo
1246 746 1462 815 dignum
1510 749 1710 805 honore
1763 765 2062 821 censentes,

500 827 624 882 ﬁdei
652 828 850 882 cultum
895 831 942 884 ei
973 832 1252 898 exibeatis,
1277 836 1707 905 quandoquidem
1729 840 1862 910 ipse,
1884 850 2065 898 trans.

501 931 720 986 gressus
775 933 946 973 aevum
996 923 1257 991 pueritiae,
1290 926 1481 979 suadet
1509 928 1727 983 meliora
1763 930 1829 985 de
1854 947 1915 987 se
1943 947 2066 1003 spe-

499 1018 642 1058 rare.
674 1003 785 1060 Nec
823 1010 1204 1075 contetnnatis,
1230 1021 1289 1065 ut
1322 1027 1577 1080 puerum;
1605 1018 1699 1071 sed
1739 1022 2062 1076 reveremini

498 1104 559 1149 ut
582 1097 876 1152 dominum.
893 1117 912 1151 ι
945 1099 1073 1155 Post
1099 1102 1232 1167 haec,
1258 1101 1651 1170 Clnldebertus,
1677 1110 1940 1165 restitutis
1966 1113 2061 1167 sibi

498 1200 529 1238 a
582 1194 774 1255 patruo
803 1188 1133 1255 civitatibus,
1159 1206 1295 1260 quas
1342 1204 1498 1262 pater
1526 1204 1772 1251 tenuerat
1814 1214 1964 1266 suus,
1994 1202 2061 1257 ad

495 1276 712 1344 propria
741 1279 1034 1333 maturavit
1063 1294 1387 1351 regressum.

1049 1388 1278 1445 CAPUT
1317 1391 1480 1446 LXX.

758 1474 833 1528 De
864 1472 1167 1533 Gundouldt’
1197 1480 1251 1533 in
1290 1478 1558 1536 Convenas
1588 1482 1796 1549 fraude.

565 1561 639 1617 Ea
665 1572 995 1634 tempestate,
1019 1563 1365 1627 Gundoaldus
1404 1588 1434 1625 a
1460 1573 1740 1631 Desiderio
1768 1577 2060 1635 derelictus

494 1666 601 1709 una
623 1670 743 1711 cum
767 1657 1077 1725 Mnmmolo,
1105 1659 1355 1718 Bladaste
1387 1679 1451 1719 ac
1471 1663 1772 1733 Waddone,
1802 1670 1915 1725 sive
1959 1671 2059 1726 Sa-

493 1747 728 1816 gittario,
757 1747 1041 1805 Conveuas
1089 1753 1274 1807 urbem
1328 1754 1645 1825 ingreditur.
1697 1757 1770 1813 Ea
1826 1761 1955 1816 urbs
2005 1761 2057 1817 in

2165 569 2384 636 quidam
2412 573 2732 643 semetipsos
2779 576 3177 634 interimebant.
3216 582 3455 639 Tandem
3508 590 3735 656 residui,

2165 658 2447 714 Convenas
2478 663 2874 731 pervenientes,
2897 666 2951 720 in
2982 670 3376 738 campestribus
3415 686 3595 732 castra
3634 695 3737 748 μοι

2165 758 2411 803 suerunt.
2465 747 2721 806 Vastatur
2763 756 2996 823 primum
3050 766 3160 815 tota
3205 763 3515 821 suburbana
3562 747 3734 839 regio.

2168 835 2319 891 Unde
2351 838 2588 906 quidam,
2616 841 2816 897 acriori
2867 847 3062 914 prazdze
3107 851 3359 908 succensi
3416 835 3730 927 cupiditate,

2163 924 2288 979 dum
2320 925 2530 997 longius
2553 944 2582 983 a
2611 930 2721 986 suis
2756 935 3091 1002 recederent,
3120 954 3150 993 a
3180 924 3496 1000 vicinarum
3516 924 3733 1005 urbium

2162 1021 2476 1077 custodibus
2506 1024 3195 1096 trucidabantur.interea,
3225 1036 3504 1097 obsidione
3530 1051 3736 1110 empta,

2160 1109 2483 1166 audaciores
2510 1126 2609 1181 per
2628 1115 2796 1169 ardua
2822 1118 2975 1174 collis
3004 1126 3383 1191 ascendentes,
3414 1109 3738 1187 Gundoaldo

2160 1201 2601 1257 conviciabantur
2624 1244 2639 1270 ,
2671 1206 2914 1264 dicentes
2943 1225 2958 1264 :
3014 1231 3035 1264 ι
3077 1213 3228 1271 Unde
3252 1258 3267 1282 ,
3294 1233 3326 1274 ο
3367 1220 3730 1288 silicernium,

2164 1288 2276 1342 lucc
2301 1298 2449 1344 tanta
2481 1292 2571 1347 tibi
2600 1300 2948 1367 praesumptio
2977 1310 3055 1367 ut,
3087 1305 3249 1361 vitam
3294 1308 3558 1379 pictorum
3615 1325 3739 1369 arte

2160 1379 2349 1435 solitus
2382 1384 2699 1451 transigere,
2728 1404 2870 1444 nunc
2894 1400 2946 1444 te
2977 1407 3159 1463 regem
3189 1400 3387 1456 audeas
3408 1405 3691 1461 nominare
3710 1406 3738 1460 ἲ

2160 1465 2384 1538 Nempe,
2411 1486 2509 1541 pro
2547 1474 2813 1533 similibus
2852 1482 3020 1548 ausis,
3048 1499 3077 1536 a
3101 1485 3332 1543 dominis
3356 1504 3558 1557 rerum,
3587 1495 3732 1562 regi-

2160 1555 2260 1610 bus
2286 1559 2491 1615 scilicet
2517 1560 2874 1632 Francorum,
2906 1584 3049 1640 saepe
3080 1582 3326 1631 attonsus
3348 1555 3737 1652 exsilioque'es

2160 1643 2476 1704 damnatus.
2505 1651 2581 1707 Te
2609 1655 2808 1726 quippe
2851 1660 3119 1716 universae
3164 1662 3347 1720 Galliae
3391 1643 3734 1727 ballozitirem

2160 1737 2402 1793 vocitant
2438 1744 2778 1810 cognomine.
2827 1747 2942 1817 Age
2963 1766 3129 1817 nunc,
3165 1754 3381 1823 inepte;
3429 1760 3585 1814 nobis
3637 1776 3733 1816 rea

483 1837 776 1891 cacumine
806 1838 1044 1906 praecelsi
1079 1843 1276 1897 montis
1301 1850 1448 1899 trans
1470 1844 1797 1901 Garumnam
1824 1849 1926 1904 sita
1953 1860 2052 1915 est,

2160 1841 2412 1898 sponsum
2444 1834 2629 1898 redde,
2648 1838 2771 1906 quis
2795 1846 2848 1893 te
2889 1842 3069 1909 coegit
3097 1843 3198 1898 ista
3229 1853 3594 1916 praesumere?
3621 1854 3729 1918 vel,

493 1924 678 1992 procul
713 1927 923 1981 caeteris
953 1929 1175 1985 remotis
1225 1933 1516 1988 montibus.
1557 1936 1638 1989 Ad
1671 1934 1877 1992 radices
1910 1941 2060 2009 rupis
2097 1922 2102 1926 ³

492 2015 613 2071 fons
633 2017 826 2083 oritur,
856 2019 940 2073 cui
984 2021 1230 2078 imminet
1278 2024 1509 2095 desuper
1558 2029 1719 2083 turris
1772 2031 2056 2101 altissima,

490 2121 610 2175 quae
635 2108 778 2164 cives
806 2125 903 2179 per
929 2114 1235 2169 cuniculum
1283 2115 1672 2173 descendentes
1720 2136 1982 2190 aquarum
2026 2139 2056 2177 a

490 2197 702 2254 laesione
727 2200 978 2256 defendat
1024 2205 1280 2259 hostium.
1312 2206 1707 2265 Circumventis
1734 2213 1912 2283 igitur,
1945 2229 2058 2268 mc-

488 2298 729 2346 moratus
763 2292 864 2359 vir,
888 2294 1126 2363 ejusdem
1157 2297 1307 2351 urbis
1348 2297 1556 2362 incolis,
1590 2310 1647 2355 ut
1678 2302 1815 2356 bona
1844 2320 1938 2358 sua
1972 2304 2056 2358 in-

488 2391 570 2435 tra
606 2399 785 2438 llllll‘OS
815 2397 1037 2454 propter
1074 2387 1455 2443 adventantem
1498 2392 1854 2448 reconderent
1899 2407 2056 2449 cxcra

484 2472 676 2539 eitum,
698 2475 833 2528 dum
891 2476 964 2530 illi
1014 2476 1131 2548 ejus
1192 2478 1410 2533 monitis
1455 2481 1791 2550 paruissent,
1819 2484 1920 2539 hac
1960 2492 2056 2540 eos

486 2564 673 2620 fraude
703 2564 930 2636 decepit.
962 2567 1289 2638 Contingens
1318 2573 1465 2627 enim
1494 2573 1681 2629 hostes
1702 2573 1815 2643 jam
1844 2578 1894 2630 in
1929 2593 2055 2647 pro-

484 2655 632 2711 ximo
680 2672 816 2721 esse,
846 2659 918 2712 ita
950 2675 1042 2714 eos
1095 2660 1330 2717 allatur:
1366 2682 1385 2714 ι
1428 2660 1529 2728 En,
1561 2665 1805 2730 inimici,
1840 2670 2052 2738 egredi-

485 2746 613 2800 mini
641 2746 707 2801 ad
734 2749 1091 2803 resistendum
1113 2751 1212 2805 eis.
1251 2771 1270 2803 ι
1297 2750 1503 2818 Quibus
1526 2753 1802 2824 digressis.
1829 2758 2054 2829 expulso

483 2836 645 2889 etiam
675 2837 937 2901 antistite,
968 2847 1087 2906 post
1112 2854 1206 2895 eos
1232 2840 1428 2896 clausit
1456 2851 1640 2911 portas
1671 2859 1836 2912 seque
1873 2846 1940 2900 ad
1968 2863 2053 2901 rc-

484 2925 824 2995 puguandum
849 2942 968 2980 cum
991 2929 1315 2986 sateliitibns
1335 2942 1509 3000 parat.
1536 2931 1705 2999 Quam
1731 2949 1870 2988 eatea
1902 2949 2052 2990 mens

486 3015 761 3070 hominum
795 3016 976 3085 ignara
1001 3017 1194 3074 futuri!
1225 3019 1624 3092 Fuitprofecto,
1658 3033 1797 3092 post,
1828 3024 1911 3077 ill,-
1939 3026 2051 3079 dies

485 3108 759 3176 (videlicet
782 3112 872 3180 qui
897 3113 1057 3167 simili
1089 3115 1490 3186 orciinejpsum
1520 3117 1798 3187 eximiam:
1850 3128 2051 3173 morte.

484 3200 625 3256 ibus
654 3204 887 3257 ostendit
924 3206 992 3257 ab
1020 3205 1175 3278 urbe)
1199 3223 1327 3276 quo,
1362 3224 1554 3278 magno
1593 3219 1803 3277 emptos
1852 3213 2047 3280 pretio,

468 3306 582 3346 oens
631 3293 723 3360 qui
753 3294 1088 3361 pellebantur
1134 3296 1290 3352 vellet
1320 3299 1501 3353 videre
1549 3310 1811 3370 receptos,
1838 3301 2052 3369 rejectis

488 3379 574 3433 his
594 3380 685 3449 qui
718 3382 1049 3451 putabantur
1079 3384 1346 3440 ﬁdissimi.

1045 3514 1271 3571 CAPUT
1310 3513 1495 3573 LXXI.

486 3595 561 3653 De
610 3601 795 3677 litteris
851 3620 908 3677 a_
934 3601 1242 3661 Guntramw
1270 3608 1339 3677 ad
1366 3606 1732 3665 Gundoaldum
1767 3613 1958 3677 missis,
1985 3614 2049 3668 de

551 3673 671 3753 cruri
719 3675 1046 3753 direptione,
1079 3686 1125 3753 et
1165 3677 1229 3730 de
1280 3676 1879 3753 claustrii’incentiuni
1910 3673 2048 3753 apud

465 3762 473 3768 -
554 3743 891 3822 dgenneqses
914 3745 1238 3822 spoliatione,
1253 3757 1300 3800 et
1327 3747 1460 3822 ejus
1477 3748 1688 3822 ultione,
1718 3752 1879 3822 deque
1906 3743 2051 3807 calli-

553 3811 620 3865 da
644 3811 947 3867 Gundoaldi
970 3815 1177 3883 querela
1206 3827 1251 3870 et
1277 3811 1488 3888 reliquis
1514 3811 1691 3889 gestis.

466 3952 467 3955 η
551 3902 644 3957 llis
668 3903 877 3969 diebus,
908 3904 1256 3960 Guntrannus
1295 3923 1389 3961 rex
1432 3908 1649 3965 litteras
1695 3926 1758 3966 ex
1817 3927 2046 3983 persona

478 3990 843 4049 Brunicbildis
883 3995 931 4049 ei
982 3997 1303 4060 transmisit,
1352 3999 1627 4055 suadentis
1674 4011 1753 4067 ut,
1809 4004 2048 4058 dimissis

460 4098 614 4148 .quas
638 4094 1024 4154 aggregaverat
1051 4086 1119 4140 ad
1144 4086 1369 4141 hiberna
1398 4090 1589 4158 copiis,
1617 4091 1725 4159 ipse
1773 4090 2046 4163 Burdega-

478 4171 569 4225 lim
600 4173 893 4227 hiematum
932 4176 1232 4231 secederet.
1261 4176 1332 4231 At
1366 4177 1575 4234 hostilis
1602 4180 1767 4235 duces
1792 4182 2043 4251 agminis,

475 4275 614 4329 quos
641 4276 805 4330 super
835 4263 1157 4319 Dardaniam
1187 4276 1598 4323 castramctatos
1625 4268 1698 4324 fui
1716 4284 1792 4325 tse
1834 4271 2044 4340 praefati

477 4368 683 4419 sumus,
737 4354 1014 4411 audientes
1072 4356 1445 4415 Gundoaldnm
1495 4361 1804 4418 ulteriorem
1860 4374 2043 4420 tenere

476 4443 762 4500 Garumna:
793 4447 962 4513 ripam
1004 4447 1261 4514 (luminis,
1293 4450 1513 4506 collecta
1544 4454 1781 4507 virorum
1822 4454 2039 4509 fortium

476 4533 832 4603 expeditaque
857 4536 1222 4603 multitudine,
1244 4538 1464 4595 fluvium
1489 4550 1675 4596 natatu
1706 4553 2041 4600 transmeare

476 4624 876 4693 disposuerunt.
928 4626 970 4680 E
993 4628 1190 4696 quibus
1217 4630 1406 4701 aliqui,
1439 4632 1671 4687 infirmis
1700 4636 1853 4703 equis
1882 4636 2041 4703 vecti,

473 4715 705 4771 ﬂuvialis
725 4732 877 4786 aqua:
901 4721 1246 4789 oppressione
1272 4723 1569 4790 perierunt.
1596 4724 1830 4794 Reliqui,
1856 4736 2043 4782 natan-

475 4806 543 4861 do
571 4807 638 4860 ad
662 4810 993 4863 contrarium
1019 4811 1178 4866 delati
1202 4812 1373 4878 littus,
1397 4813 1738 4870 offenderunt
1767 4819 1825 4881 in,
1847 4820 2042 4874 itinere

474 4888 771 4953 maximum
796 4901 1124 4955 camelorum
1160 4904 1535 4975 mulorumque
1580 4924 1883 4974 numerum,
1909 4926 2042 4968 auro

473 4996 527 5039 et
552 4998 773 5056 argento
798 4999 1135 5054 onustarum,
1167 5008 1303 5063 quos
1333 4993 1602 5064 fugientes
1633 4999 1931 5057 adversarii
1958 5017 2041 5057 rec

476 5072 762 5143 liquerunt.
794 5076 996 5142 Quibus
1042 5083 1216 5150 captis
1251 5092 1327 5146 et,
1347 5084 1416 5138 ob
1463 5086 1866 5155 impedimenta,
1917 5106 2040 5146 eum

477 5165 707 5216 I'CSitiuis
732 5168 873 5216 νηΙαί
931 5168 1187 5216 dimissis-
1223 5173 1320 5216 inci
1351 5179 1769 5216 nttnmmnvirnia
1820 5191 2037 5216 nnecnnl

2156 1933 2297 1987 quos
2324 1920 2527 1987 habeas
2553 1923 2829 1992 adjutores
2879 1929 3097 1996 virium,
3129 1947 3354 2002 expone.
3388 1936 3631 2008 Namque
3673 1943 3733 1996 in

2158 2010 2404 2078 proximo
2429 2022 2610 2067 nostra
2655 2025 2846 2085 captus
2874 2021 3190 2091 muscipula,
3223 2027 3412 2079 merita
3456 2027 3573 2082 lues
3601 2044 3735 2098 sup:

2152 2098 2316 2167 plicia
2343 2115 2451 2168 pro
2469 2109 2559 2156 tua
2590 2104 2757 2159 stulta
2782 2109 3103 2177 pertinacia.
3142 2130 3163 2163 ι
3196 2112 3319 2169 Haec
3357 2126 3412 2170 et
3460 2119 3566 2175 alia
3622 2120 3733 2176 il.is

2160 2188 2595 2256 vociferantibus,
2628 2211 2969 2268 nequaquam
2994 2203 3304 2259 movebatur
3323 2207 3389 2260 ad
3425 2208 3555 2262 iram
3584 2208 3730 2264 Gun-

2155 2278 2397 2337 doaldus.
2431 2283 2822 2344 Tantummodo
2852 2290 3248 2361 ingemiscendo
3295 2296 3475 2353 aiebat
3522 2315 3730 2357 memo-

2158 2378 2303 2426 ratas
2346 2371 2450 2426 sibi
2468 2390 2517 2426 .a
2550 2387 2705 2443 patre
2732 2377 2909 2435 illatas
2928 2385 3309 2451 contumelias,
3339 2401 3525 2457 seque,
3550 2405 3584 2443 a
3604 2406 3735 2460 pro:

2153 2462 2372 2532 pinquis
2398 2465 2593 2557 inqute
2618 2471 2789 2539 patria
2820 2474 3052 2542 pulsum,
3081 2478 3147 2531 ab
3193 2483 3467 2536 extraneis
3513 2485 3729 2538 miseri-

2153 2553 2392 2609 corditer
2439 2553 2735 2628 receptum,
2767 2565 3029 2630 proximis
3058 2567 3238 2623 hostili
3283 2572 3410 2626 odio
3438 2587 3498 2631 se
3539 2588 3728 2642 perse-

2154 2643 2469 2710 quentibus,
2497 2646 2565 2699 ab
2616 2652 2894 2706 extraneis
2930 2655 3106 2730 amica
3149 2656 3518 2715 familiaritate
3565 2678 3728 2718 ηερ-ι

2151 2740 2324 2800 ptum.
2365 2750 2385 2784 ι
2419 2736 2644 2803 Deinde,
2668 2739 2936 2807 inquiens,
2970 2743 3093 2798 dum
3121 2759 3364 2819 perzegre
3395 2765 3582 2820 regum
3612 2753 3727 2822 pol-

2150 2821 2532 2880 leremdivitiis
2554 2826 2883 2898 iutimusque
2897 2845 3070 2887 essem
3092 2834 3432 2905 imperatoris
3459 2821 3727 2896 Constan-

2157 2913 2492 2981 tinopolitani
2544 2918 2839 2983 amicitiis,
2898 2922 3244 2983 Guntrannus
3269 2927 3410 2984 Boso
3471 2948 3560 2987 me
3610 2936 3726 2993 suis

2152 3001 2366 3073 decepit
2409 3004 2656 3063 fallat-iis.
2684 3008 2840 3076 Nam,
2866 3013 2919 3067 in
2972 3014 3191 3073 Oriente
3218 3022 3391 3090 gratia
3419 3024 3727 3091 profectum

2151 3093 2432 3160 orationis,
2447 3096 2513 3152 de
2533 3098 3358 3187 saLtesollicituantenogans
3370 3118 3559 3183 patr-Ls,
3574 3132 3728 3187 quaen

2155 3183 2337 3241 rebam
2366 3201 2469 3241 una
2496 3189 2731 3256 qualiter
2757 3207 2814 3265 se
2844 3202 3018 3251 status
3043 3202 3191 3268 regni
3221 3202 3303 3255 vel
3326 3184 3531 3259 fratres
3554 3183 3724 3262 habe-

2152 3282 2275 3327 rent
2304 3276 2431 3330 mei.
2471 3296 2493 3339 ι,
2530 3276 2666 3333 Tum
2697 3281 2792 3337 ille,
2833 3300 2847 3337 :
2892 3301 2913 3334 α
2959 3287 3031 3340 De
3059 3298 3232 3358 patre,
3264 3292 3360 3357 ait,
3385 3299 3623 3362 quzeris?
3676 3300 3725 3355 is

2153 3364 2288 3419 obiit
2315 3376 2563 3422 mortem.
2595 3370 2834 3439 Fratres,
2859 3377 3139 3435 moriendo
3165 3384 3334 3441 secuti
3364 3398 3595 3455 patrem,
3628 3390 3719 3443 vix

2151 3459 2457 3529 quempiam
2484 3476 2706 3517 suorum
2735 3465 2999 3536 reliquere
3036 3474 3405 3542 superstitem.
3437 3476 3726 3532 Remansit

2151 3563 2285 3603 sane
2303 3549 2449 3606 solus
2471 3550 2849 3627 Guntraunus,
2875 3567 2930 3613 et
2958 3559 3093 3629 ipse,
3119 3560 3304 3617 liberis
3323 3566 3567 3633 orbatus,
3593 3583 3723 3622 cum

2150 3642 2608 3714 parvulonepote,
2631 3662 2696 3702 ex
2726 3649 3007 3719 Sigcberto
3021 3654 3203 3723 genito
3225 3655 3409 3712 fratre.
3447 3677 3470 3711 ι
3495 3658 3578 3713 Ad
3604 3663 3720 3715 haec

2146 3746 2288 3802 ego:
2319 3754 2337 3786 ι
2366 3734 2435 3789 Et
2473 3738 2621 3806 quid,
2650 3740 2977 3809 inqttatn,mi
3010 3747 3397 3813 amantissime,
3418 3751 3549 3805 mihi
3577 3768 3719 3808 nunc

2147 3836 2340 3878 censes
2393 3827 2699 3896 agendum?
2751 3828 2852 3885 llic
2886 3847 3011 3887 vero
3047 3834 3153 3896 iile,
3186 3844 3354 3892 etme
3400 3841 3721 3897 hortabatur

2147 3912 2349 3969 Gallias
2396 3917 2570 3984 adire,
2596 3926 2649 3972 et
2687 3918 2726 3972 Ρ
2733 3936 2926 3977 raucos
2967 3922 3289 3991 afﬁrmabat,
3323 3930 3426 3984 mei
3471 3932 3721 4002 cupidos.

2147 4004 2281 4059 mihi
2302 4006 2438 4062 velle
2467 4023 2691 4080 regnum
2714 4013 2949 4079 tradere,
2973 4017 3312 4088 maximeque
3337 4036 3437 4076 eos
3456 4024 3545 4092 qui
3571 4024 3721 4079 Chil-

2144 4097 2351 4154 deberti
2377 4104 2584 4171 nepotis
2606 4105 2709 4160 mei
2735 4115 2949 4161 :etatem
2979 4110 3045 4163 ad
3077 4126 3190 4166 rem
3229 4114 3510 4169 tutandam
3538 4119 3720 4186 publi~

2145 4211 2264 4252 eam
2291 4202 2687 4269 perpenderent
2715 4203 2982 4262 inutilem.
3007 4207 3160 4265 Nunc
3184 4210 3350 4280 igitur
3376 4227 3471 4268 vos
3488 4228 3719 4285 qumque

2146 4288 2419 4343 dominum
2458 4303 2812 4361 agnoscentes
2834 4311 2919 4350 me
2950 4297 3064 4353 fore
3117 4312 3376 4368 vestrum,
3408 4318 3438 4357 a
3470 4320 3590 4359 mea
3620 4308 3718 4361 de‘

2142 4379 2318 4435 sistite
2338 4383 2643 4451 ohsidione,
2659 4387 2896 4457 mihique
2916 4388 3165 4458 favendo,
3191 4391 3412 4450 fratrem
3434 4394 3711 4452 Guntran-

2071 4494 2118 4552 ι)
2148 4486 2275 4525 num
2300 4474 2365 4526 ad
2401 4477 2743 4532 concordiam
2778 4494 3053 4537 revocare.
3086 4501 3110 4535 ι

2218 4562 2367 4617 Talia
2411 4564 2784 4623 Gundoaldum
2826 4583 3238 4643 prosequentem
3282 4578 3583 4637 maledictis
3628 4585 3721 4638 ad-

2141 4656 2364 4710 versarii
2397 4657 2759 4727 deterrebant,
2793 4663 3119 4736 insuperque
3154 4669 3255 4725 tela
3292 4671 3344 4725 in
3387 4686 3512 4728 eum
3546 4675 3715 4743 jacio.

2144 4744 2290 4798 bant.
2317 4745 2549 4812 Quintus
2589 4750 2829 4808 decimus
2861 4754 2994 4824 jam,
3020 4771 3091 4813 es
3115 4774 3225 4828 quo
3254 4760 3448 4817 ibidem
3480 4767 3714 4822 advene.

2144 4847 2282 4901 rant,
2317 4838 2546 4896 fluxerat
2582 4843 2717 4907 dies,
2749 4860 2869 4899 cttm
2904 4846 3269 4920 Leudegisiius
3296 4854 3552 4922 regalium
3577 4862 3715 4927 prc‘

2142 4928 2349 4994 positus
2374 4940 2654 4997 equorum,
2682 4948 2841 5002 quem
2876 4936 3035 5006 vulgo
3065 4940 3451 4996 comistabilcm
3491 4954 3715 5011 vocant,

2141 5032 2411 5087 quemque
2459 5035 2552 5075 rex
2599 5024 2647 5078 ei
2691 5025 3002 5093 prmia-cestu
3050 5031 3399 5099 expeditioni,
3429 5045 3709 5093 exstructa

2141 5107 2575 5165 machinamenta
2614 5113 2681 5165 ad
2721 5117 3061 5171 subruendos
3093 5119 3289 5175 deduci
3319 5121 3555 5191 imperat
3584 5142 3706 5181 mu-

2142 5208 2230 5216 ---
2287 5196 2353 5216 [3,,
2433 5208 2444 5216 .
