4044 5428
285 328 387 382 745

1264 319 1586 382 HISTORIA
1626 319 2074 374 FBM‘CORUI.
2112 349 2182 360 —-
2206 318 2330 374 LIB.
2371 319 2455 374 lil.

3425 321 3525 379 716

281 442 436 497 siccis
470 438 885 509 repletasliguis
904 453 1286 507 accensisque,
1309 437 1570 506 iacientes
1599 435 1848 505 desuper,
1879 441 1927 498 Α
1953 432 2235 498 exsolves,
2283 443 2340 488 et
2378 434 2472 489 tibi
2517 447 2744 505 pacique
2790 449 3058 492 consules.
3097 454 3117 490 ι
3171 437 3287 494 Non
3342 439 3532 497 fefellit

279 545 333 587 et
374 547 539 602 opera
581 533 910 592 exurebant,
957 539 1014 584 et
1055 530 1302 583 inimicos
1347 543 1566 584 accessu
1608 526 1855 596 prohibe-

278 627 427 680 bant.
455 624 894 690 Consumptoque
915 621 968 674 in
998 621 1098 674 hoc
1123 620 1420 674 certamine
1440 619 1545 683 die,
1575 618 1627 670 in
1657 617 1854 671 crasti-

277 735 404 773 num
455 717 548 786 qui
592 716 922 770 obsederant
971 713 1116 767 aliud
1162 713 1388 766 nocendi
1435 725 1603 782 genus
1641 709 1856 780 excogi-

278 819 414 863 tant.
459 808 719 876 Denique,
752 823 816 861 ex
867 806 1034 875 virgis
1075 806 1352 873 ramisque
1398 804 1650 856 arborum
1688 816 1853 854 unum

277 899 540 955 facientes
583 901 734 952 mira:
778 895 1163 966 magnitudinis
1205 896 1432 958 fascem,
1468 893 1756 962 cupiebant
1789 905 1855 944 eo

280 991 505 1058 implere
549 990 762 1044 vallem.
817 989 1014 1044 Verum
1071 987 1356 1042 conatibus
1397 998 1605 1046 eorum,
1639 992 1695 1037 et
1730 996 1858 1050 pro-

278 1068 517 1133 funditas
552 1078 728 1141 vallis,
759 1086 814 1130 et
856 1077 1014 1148 ignis,
1043 1078 1112 1131 ab
1149 1075 1479 1130 adversariis
1515 1073 1582 1128 de
1613 1072 1859 1143 superio-

279 1172 430 1224 ribus
474 1185 597 1223 cum
652 1169 918 1238 lapidibus
963 1169 1184 1234 missus,
1223 1165 1442 1220 restitit.
1493 1162 1853 1232 Leudcgisilo,

281 1257 667 1326 contemplanti
698 1273 887 1312 omnes
917 1267 1067 1311 actus
1095 1270 1223 1310 suos
1253 1255 1434 1308 irritos
1464 1254 1598 1314 fieri,
1626 1253 1678 1306 in
1707 1268 1856 1307 men-

282 1346 948 1416 tcniveuitOpportunius
996 1344 1113 1400 fore
1163 1335 1376 1399 clausos
1427 1345 1492 1397 de
1538 1342 1857 1411 proditionis

281 1449 492 1492 tentare
553 1438 842 1492 sententia.
895 1440 1226 1491 Advocatum
1279 1437 1461 1505 itaque
1509 1435 1855 1489 Mnmmolum

277 1530 342 1580 ad
376 1530 478 1584 sibi
509 1529 922 1597 colloquendum
954 1530 1202 1583 incusare
1246 1529 1429 1597 cmpit,
1490 1541 1588 1580 cur
1623 1527 1856 1581 clemen-

279 1621 548 1676 tissimum
582 1636 762 1692 regem
788 1621 1164 1675 Guntrannum
1197 1621 1517 1700 deseruerit,
1543 1630 1599 1674 et
1626 1621 1856 1688 iniquis-

280 1712 421 1764 simo
466 1719 780 1780 tyrannose
817 1710 1074 1780 junxerit.
1115 1729 1131 1760 ι
1167 1709 1305 1775 Quid
1350 1724 1512 1779 porro
1539 1719 1854 1778 exspectas.

276 1802 390 1855 ait?
423 1817 491 1854 an
531 1811 589 1855 ut
617 1811 771 1870 capta
814 1801 942 1855 urbe
988 1801 1126 1856 male
1167 1801 1480 1870 dispereas?
1505 1801 1644 1868 Quin
1678 1802 1854 1870 potius

281 1891 612 1960 resipiscens
640 1891 705 1944 ad
729 1891 1014 1960 benignum
1045 1905 1317 1945 revenere
1345 1890 1642 1954 dominum,
1667 1891 1856 1944 relicto

279 1983 370 2034 illo
417 1983 800 2052 nugacissimo,
839 1993 960 2052 post
1008 1983 1278 2052 paululutn
1327 1983 1614 2050 puniendo.
1648 2000 1665 2030 ι
1706 1980 1856 2034 Tunc

277 2069 604 2123 Mnmmolns
639 2085 699 2124 se
746 2071 960 2136 quidem
1002 2069 1372 2124 consulturum
1413 2069 1708 2136 respondit.
1756 2069 1856 2122 lle-

274 2173 498 2228 gressus
538 2174 668 2212 vero
697 2159 748 2211 in
778 2158 964 2212 urbem
997 2167 1258 2212 convocat
1293 2158 1642 2226 Sagittarium
1692 2168 1856 2226 atque

278 2251 643 2306 Waddonem.
676 2251 952 2305 Bladastes
980 2250 1123 2304 enim
1170 2250 1362 2303 timens
1400 2258 1616 2318 captum
1656 2249 1719 2302 iri
1760 2265 1854 2301 ur-

275 2344 420 2409 bem,
454 2343 655 2411 injecto
683 2342 859 2397 domui
911 2343 1158 2397 ecclesia:
1201 2344 1345 2409 igne,
1377 2341 1502 2395 dum
1545 2341 1758 2395 caeteris
1788 2340 1854 2394 ad

275 2434 727 2504 restinguendum
774 2443 1126 2504 properarent
1174 2433 1504 2498 incendium,
1553 2432 1667 2501 ipse
1715 2431 1853 2485 clam

272 2525 509 2595 aufugit.
563 2525 858 2580 Junxerant
908 2534 1086 2578 autem
1134 2523 1355 2578 factioni
1404 2539 1515 2578 suae
1557 2523 1852 2577 Cat-iulium

271 2615 520 2682 ejusdem
551 2615 695 2669 urbis
716 2615 912 2679 civem,
937 2615 1088 2684 cujus
1110 2614 1407 2682 apothecis,
1431 2629 1550 2683 qua:
1576 2614 1854 2683 permulta:

270 2717 466 2767 eratut,
502 2707 600 2774 ipsi
649 2706 946 2760 alebantur.
990 2706 1144 2759 llunc
1183 2720 1313 2773 ergo
1363 2704 1686 2759 Mummolus
1731 2721 1852 2759 cum

271 2797 555 2866 praedictis
597 2797 745 2850 adiit.
789 2795 1040 2851 Ostendit
1088 2796 1283 2851 deinde
1331 2810 1494 2865 quant
1546 2797 1731 2866 iniquo
1767 2810 1855 2850 res

239 2903 385 2941 .sute
411 2889 524 2942 sint
553 2888 856 2941 constituta:
889 2887 1025 2950 loco,
1058 2901 1330 2954 quamque
1372 2887 1543 2940 odiosi
1589 2887 1687 2955 ipsi
1724 2902 1854 2941 cun-

273 2979 380 3030 ctis
419 2969 601 3030 effecti
643 2977 752 3030 sint
787 2977 1060 3047 gentibus,
1088 2979 1213 3030 dum
1257 2978 1447 3031 incerti
1490 2979 1702 3045 generis
1743 2979 1850 3047 rcgi

276 3068 482 3122 favent.
515 3068 600 3122 Ad
640 3077 939 3122 extremum
970 3069 1220 3122 hortatur
1245 3069 1440 3123 cedant
1471 3070 1630 3122 rebus
1663 3071 1853 3123 adver-

276 3175 394 3213 smn
415 3175 476 3213 se
503 3158 788 3214 fluentibus
807 3169 884 3222 et,
898 3161 944 3215 si
967 3161 1066 3214 sibi
1088 3171 1426 3214 sacramento
1454 3163 1715 3216 securitas
1732 3164 1853 3216 vitae

273 3265 339 3304 ac
382 3250 575 3304 salutis
620 3251 796 3314 detur,
845 3251 1121 3305 civitatem
1166 3251 1495 3321 jamjamqne
1535 3253 1852 3320 capiendam

274 3356 399 3394 cum
450 3338 783 3410 pscudorcge
840 3341 1087 3395 hostibus
1141 3343 1362 3396 dedant.
1415 3343 1854 3397 Assentientibus

277 3431 461 3492 sociis,
497 3441 824 3485 memoratus
862 3431 970 3485 dux
995 3430 1392 3500 Leudegisilum
1424 3433 1638 3486 mandat
1669 3434 1853 3487 venire

278 3523 346 3576 ad
380 3522 732 3592 colloquium,
763 3531 816 3580 et
854 3538 974 3591 qua:
1016 3522 1118 3576 sibi
1156 3539 1278 3576 cum
1315 3521 1590 3578 sodalibus
1617 3525 1855 3594 compla-

277 3615 493 3667 cncriut
537 3615 781 3683 exponit.
825 3613 1034 3675 Laudat
1078 3613 1168 3666 ille
1212 3614 1556 3678 sententiam,
1584 3614 1856 3684 jusjuran-

278 3706 514 3772 domque
539 3707 738 3773 prsebet
769 3720 828 3758 se
856 3705 994 3774 apud
1044 3720 1225 3774 regem
1263 3720 1418 3759 suum
1463 3721 1650 3760 eorum
1693 3707 1855 3760 vitam

276 3798 343 3852 iri
386 3800 759 3867 impetratum.
787 3795 937 3862 Quod
979 3795 1023 3850 si
1074 3796 1334 3865 principis
1372 3797 1618 3850 voluntas
1663 3799 1712 3851 in
1756 3811 1853 3851 sna

273 3888 558 3943 (limaverit
605 3887 937 3957 pertinacia,
987 3887 1042 3940 in
1089 3885 1331 3956 qualibet
1373 3887 1493 3942 illus
1535 3902 1592 3942 se
1631 3891 1855 3956 spondet

270 3980 562 4034 clansuros
608 3977 859 4045 ecclesia,
896 3979 1064 4033 donec
1108 3977 1412 4033 Guntranni
1459 3976 1856 4032 defervesceret

270 4075 378 4130 ira.

345 4163 466 4218 Hac
512 4163 834 4220 Mummolus
880 4165 1132 4220 seductus
1181 4164 1434 4224 versutia.
1478 4161 1853 4219 Gundoaldum

271 4257 368 4310 tali
422 4256 716 4310 identidem
771 4256 1126 4310 circumvenit
1179 4255 1474 4325 muscipula
1523 4272 1536 4308 :
1589 4274 1606 4305 ε
1653 4254 1854 4316 Prono.

271 4348 486 4418 inquit,
541 4347 720 4415 animo
766 4348 1066 4415 devotaque
1120 4353 1301 4400 mente
1351 4361 1438 4401 me
1494 4345 1591 4399 tibi
1647 4343 1854 4398 fidelem

1957 526 2168 580 animus
2198 525 2570 581 Gundoaldnm
2602 541 2663 582 se
2693 543 2722 581 a
2769 528 3056 585 Mummolo
3094 531 3159 586 iri
3203 533 3530 606 deceptum:

1955 620 2114 688 eique
2164 619 2266 674 hoc
2321 620 2551 675 reddidit
2597 635 2960 690 responsum:
3006 643 3024 675 ‹
3056 624 3204 694 Ego,
3253 627 3531 697 inquiens.

1957 707 2086 762 licet
2130 708 2332 762 invitus
2373 709 2470 762 has
2505 713 2615 778 jam
2667 711 2996 767 deseruerim
3042 724 3226 783 partes
3271 717 3536 787 vobisque

1957 800 2340 869 impulsoribus
2366 801 2631 870 Europam
2664 804 2912 871 adierim,
2941 808 3079 862 bona
3122 816 3301 866 tamen
3339 812 3535 867 volun-

1958 898 2068 944 tate
2116 898 2279 958 atque
2321 890 2528 962 integra
2560 893 2664 947 fide
2704 909 2916 964 semper
2950 909 3160 954 vestras
3185 901 3292 956 fovi
3323 911 3535 971 partes,

1956 993 2056 1033 nec
2105 994 2254 1033 meas
2290 981 2549 1036 utilitates
2597 984 2790 1037 vestris
2839 987 3049 1053 praetuli
3096 992 3412 1047 commodis.
3468 992 3542 1047 Et

1956 1072 2202 1139 quamvis
2241 1073 2375 1142 ejus,
2408 1075 2496 1142 qni
2539 1089 2627 1127 me
2669 1076 2772 1130 huc
2807 1078 3025 1145 pellexit
3064 1083 3268 1149 venire,
3300 1085 3530 1154 perfidia

1959 1161 2012 1215 in
2043 1164 2323 1233 propatulo
2353 1164 2630 1231 claruerit,
2661 1167 2784 1222 dum
2817 1178 2872 1224 et
2909 1187 2992 1226 me
3035 1172 3197 1244 fugax
3228 1177 3446 1248 reliquit
3475 1188 3533 1235 et

1959 1249 2332 1306 thesaurorum
2363 1266 2569 1322 partem
2613 1255 2759 1311 furto
2787 1259 3025 1326 abstulit,
3059 1265 3406 1322 nihilominus
3431 1285 3530 1338 ego

1958 1355 2081 1406 vos,
2121 1345 2272 1410 quasi
2325 1360 2458 1400 mete
2515 1357 2764 1404 auctores
2825 1352 3043 1417 salutis,
3108 1367 3364 1426 perpetuo
3387 1361 3525 1414 colui

1958 1447 2021 1487 ae
2047 1434 2097 1487 in
2127 1435 2350 1489 fratrum
2379 1435 2498 1492 loco
2521 1438 2704 1493 dilexi.
2739 1440 2892 1497 Nunc
2919 1444 3100 1514 igitur,
3130 1447 3174 1501 si
3201 1463 3358 1503 secus
3387 1453 3528 1518 quod

1957 1533 2198 1593 oportet,
2258 1527 2367 1580 imo
2405 1529 2546 1595 quod
2600 1531 2775 1597 decet,
2830 1535 3114 1589 adversum
3160 1553 3246 1592 me
3289 1543 3529 1609 egeritis,

1958 1617 2256 1684 praesertim
2308 1632 2429 1671 cum
2476 1633 2576 1688 ego
2627 1635 2820 1690 corpus
2853 1625 3194 1696 animamque
3235 1644 3430 1696 meam,
3456 1633 3531 1686 si-

1959 1705 2067 1758 mul
2098 1721 2218 1758 eum
2245 1708 2469 1762 consilio
2495 1724 2559 1762 ac
2594 1713 2808 1780 opibus,
2839 1714 2895 1767 in
2931 1717 3125 1770 vestris
3153 1721 3526 1775 constituerim

1885 1788 1929 1846 Β
1957 1795 2226 1857 manibus,
2256 1806 2526 1852 scrutator
2569 1801 2811 1856 eordium
2857 1803 2986 1858 illud
3028 1808 3275 1863 advertat
3311 1809 3470 1866 Deus.
3505 1831 3524 1864 ι

1957 1883 2051 1938 llis
2092 1885 2272 1947 dictis,
2317 1902 2594 1941 assensum
2633 1892 2860 1958 praebuit
2902 1903 3106 1959 nt_cum
3137 1899 3217 1952 eis
3249 1899 3314 1953 ad
3346 1901 3532 1957 hostes

1956 1975 2325 2030 descenderet.
2373 1977 2660 2034 Mummolo
2707 1995 2838 2035 vero
2883 1995 3151 2048 monente.
3185 2002 3252 2041 ne
3299 1993 3531 2060 superbo

1957 2075 2115 2118 utens
2139 2066 2204 2118 ad
2231 2081 2326 2120 eos
2356 2067 2454 2121 iret
2497 2069 2712 2135 habitu;
2755 2073 2885 2141 quin
2923 2075 3099 2142 potius
3135 2079 3423 2135 reformato
3453 2082 3529 2146 ei,

1954 2169 2114 2222 quem
2159 2155 2227 2208 ab
2274 2157 2390 2225 ipso
2441 2170 2744 2229 acceperat,
2794 2163 2974 2218 balteo
3023 2181 3157 2221 auro
3209 2167 3529 2235 fabrefacta,

1955 2246 2176 2315 proprio
2217 2248 2605 2316 accingeretur,
2641 2252 2729 2319 qui
2762 2251 2954 2322 fulgori
2991 2259 3273 2312 memorati
3310 2262 3533 2315 carebat

1955 2335 2179 2390 metalli.
2210 2336 2266 2391 In
2301 2338 2425 2403 hoc,
2471 2340 2666 2410 inquit,
2713 2353 2802 2396 tua
2823 2344 2934 2411 jam
2967 2357 3111 2415 patet
3143 2347 3528 2417 fraudulentia,

1954 2428 2082 2481 dum
2109 2443 2173 2482 ea
2201 2443 2321 2496 quae
2355 2443 2418 2483 ex
2468 2441 2559 2487 tuo
2601 2449 2769 2502 usque
2798 2436 2866 2489 ad
2897 2436 3039 2490 istud
3068 2440 3277 2506 possedi
3320 2451 3532 2510 tempus

1956 2517 2174 2585 repetis.
2229 2518 2322 2572 lllo
2374 2535 2589 2590 quoque
2637 2532 2862 2591 negante
2911 2525 3016 2579 ulla
3062 2540 3121 2581 se
3167 2537 3354 2582 contra
3404 2544 3530 2582 eum

1956 2621 2180 2660 usurum
2227 2609 2440 2674 fraude,
2490 2621 2707 2666 ventum
2751 2624 2836 2668 est
2886 2617 2953 2669 ad
3009 2627 3253 2685 portam,
3301 2619 3388 2672 ubi
3437 2635 3532 2675 eos

1955 2695 2236 2752 fortissimi
2267 2700 2683 2768 opperiebantur
2711 2704 3140 2758 adversariorum
3173 2708 3356 2774 duces,
3391 2711 3533 2764 Boso

1953 2785 2200 2840 videlicet
2253 2802 2377 2841 cum
2426 2787 2648 2845 Bellone
2693 2789 2991 2863 Biturigum
3031 2795 3244 2858 comite,
3280 2812 3388 2852 non
3427 2801 3531 2853 mi-

1953 2877 2098 2930 nima
2127 2878 2419 2932 satellitum
2451 2880 2634 2934 vallati
2666 2895 2900 2936 caterva.

2023 2968 2228 3032 Quibus
2283 2970 2656 3027 Gundoaldum
2724 2965 3150 3043 excipientibus,
3207 2978 3530 3039 Mnmnzoluo

1957 3059 2009 3112 in
2050 3059 2236 3113 urbem
2282 3077 2596 3131 regressus,
2644 3075 2829 3134 portas
2879 3065 3184 3123 firmissime
3229 3070 3526 3126 obseravit.

1881 3123 1925 3184 (ἶ
1957 3148 2195 3204 Cernetis
2238 3149 2585 3208 Gundoaldus
2627 3169 2686 3209 se
2735 3169 2764 3208 a
2809 3156 2922 3210 suis
2970 3158 3311 3224 derelictum,
3361 3173 3416 3216 et
3459 3163 3530 3216 ab

1955 3242 2200 3296 hostibus
2223 3244 2641 3310 circumdatum,
2673 3246 3061 3319 introitumque
3088 3250 3236 3305 urbis
3266 3253 3367 3306 sibi
3394 3269 3532 3322 pra:-

1954 3335 2185 3400 clusum,
2236 3351 2430 3391 manus
2468 3337 2685 3392 elevans
2721 3339 2788 3392 ad
2821 3340 3040 3406 coelum,
3075 3355 3196 3396 cum
3228 3345 3408 3399 cordis
3436 3359 3531 3414 ge-

1955 3426 2087 3480 mitu
2131 3427 2212 3482 sic
2255 3429 2448 3483 orabat
2488 3429 2554 3483 ad
2599 3430 2882 3486 Dominum
2918 3447 2930 3483 :
2966 3450 2984 3482 ι
3019 3431 3191 3488 Judex
3227 3445 3430 3490 aeterne
3464 3454 3530 3491 ac

1956 3518 2098 3572 ultor
2127 3520 2516 3584 innocentium,
2547 3521 2712 3585 Deus,
2741 3522 2825 3576 cui
2861 3537 3021 3578 omne
3061 3534 3208 3594 patet
3233 3539 3525 3593 secretum,

1953 3610 2044 3678 qui
2088 3610 2286 3667 nullius
2325 3611 2669 3680 amplecteris
2712 3613 2913 3677 dolum,
2948 3629 3050 3668 nec
3089 3615 3290 3671 lzetaris
3322 3617 3533 3673 fraudi-

1954 3701 2054 3754 bus
2083 3701 2514 3771 malignantium,
2541 3714 2658 3758 esto
2687 3703 2837 3758 velox
2869 3706 3060 3759 vindex
3091 3723 3330 3762 mearum
3367 3711 3533 3765 mise-

1958 3792 2180 3858 riarum,
2205 3802 2526 3862 retorquens
2555 3796 2604 3846 in
2634 3810 2727 3850 eos
2750 3798 2839 3864 qui
2869 3812 2955 3851 me
2991 3799 3324 3854 tradiderunt
3354 3803 3532 3856 inimi-

1956 3883 2034 3937 cis
2061 3884 2392 3952 deceptionis
2419 3884 2658 3953 ipsorum
2692 3887 2958 3954 laqueum.
2992 3907 3012 3940 ι
3048 3889 3176 3944 Post
3206 3892 3318 3946 haec
3343 3894 3530 3958 verba,

1955 3975 2278 4044 consignatis
2308 3989 2366 4049 se
2398 3990 2559 4028 cruce
2592 3977 2890 4043 Dominica,
2916 3993 3036 4034 cum
3065 3981 3148 4035 bis
3171 3981 3260 4048 qui
3289 3997 3350 4037 se
3374 3999 3531 4053 cepe-

1957 4074 2080 4118 rant
2137 4065 2286 4119 ahire
2339 4065 2508 4135 ccepit
2555 4065 2621 4118 ad
2669 4080 2856 4120 eorum
2898 4077 3098 4122 castra.
3141 4069 3386 4124 Nondum
3424 4072 3534 4127 col-

1958 4157 2084 4221 lem,
2124 4156 2210 4211 cui
2245 4155 2438 4211 civitas
2479 4156 2745 4221 imminet,
2777 4157 3134 4226 prazterierat,
3176 4167 3230 4212 et
3271 4160 3550 4229 impulsus

1959 4262 1988 4300 a
2019 4246 2238 4300 Bollane
2273 4247 2381 4302 ruit
2407 4245 2459 4300 in
2493 4243 2684 4300 faciem
2713 4247 3097 4317 ferebaturque
3126 4250 3177 4303 in
3209 4235 3535 4318 profundum

1961 4337 2132 4392 vallis.
2159 4339 2402 4408 Ctnnque
2427 4341 2754 4394 surrexisset
2781 4348 2834 4393 et
2861 4351 3046 4394 contra
3077 4343 3360 4398 adversum
3389 4360 3537 4400 mon-

270 4439 420 4505 fore,
453 4454 563 4493 non
596 4439 766 4494 solum
807 4448 996 4493 contra
1027 4439 1211 4492 hostes
1234 4437 1540 4507 pugnando,
1570 4437 1664 4492 sed
1694 4437 1852 4491 etiam
1886 4451 1933 4510 ι)
1959 4439 2066 4487 tem
2101 4431 2385 4490 niteretur.
2417 4445 2448 4484 a
2486 4429 2697 4484 Bosone
2738 4430 2917 4500 lapide
2950 4445 3238 4500 percussus
3272 4435 3324 4488 in
3357 4436 3538 4506 capite

272 4536 396 4604 ipse
450 4523 694 4602 probasti
740 4529 1083 4598 experiendo.
1140 4527 1272 4581 Nam
1318 4543 1482 4597 quam
1529 4541 1668 4596 saepe
1718 4527 1853 4582 meis

274 4637 411 4679 usus
463 4619 738 4684 consiliis,
783 4632 994 4687 semper
1045 4618 1237 4673 fruitus
1266 4618 1341 4672 sis
1391 4618 1695 4688 prosperis,
1741 4625 1853 4670 tute

275 4714 477 4770 melius
517 4712 647 4768 scis.
695 4710 847 4765 Nunc
883 4724 1096 4778 quoque
1134 4723 1232 4778 par
1275 4708 1403 4762 mihi
1443 4716 1622 4761 manet
1657 4721 1856 4762 consu-

273 4802 424 4859 lendi
458 4800 707 4867 affectus,
736 4801 876 4855 sicut
906 4809 960 4853 tu
991 4802 1126 4854 bene
1157 4814 1218 4855 es
1247 4798 1492 4852 meritus.
1538 4796 1659 4850 Ideo
1696 4797 1852 4851 deni-

275 4908 389 4965 que
432 4908 559 4948 cum
609 4890 934 4946 adversariis
977 4904 1282 4946 sermonem
1333 4889 1516 4944 habuit
1563 4895 1621 4940 ut
1666 4901 1852 4942 eorum

276 4998 412 5054 erga
456 4997 556 5038 nos
598 4983 1041 5052 persentiscerem
1080 4982 1203 5052 quis
1246 4980 1318 5035 sit
1356 4982 1587 5035 animus.
1643 4978 1767 5047 Qui,
1801 4981 1852 5032 in

280 5083 539 5098 -..--I-.M
582 5072 915 5098 “-mnan-a
945 5072 1083 5098 κιιζσοξ
1141 5084 1246 5098 ...Μ
1283 5086 1621 5098 ηιικι-Αιπιθηυυι
1660 5072 1826 5098 ,λινῆ-

1958 4522 2194 4578 concidit
2254 4522 2611 4590 spiritumque
2664 4521 2961 4576 exhalavit.
3010 4522 3137 4578 lnde
3182 4525 3312 4580 fune
3357 4527 3539 4597 ligatis

1955 4613 2180 4683 pedibus
2206 4623 2538 4678 protractus,
2578 4612 2850 4682 loriCaque
2877 4629 2979 4682 qua
3013 4615 3368 4671 amiciebatur
3411 4635 3540 4674 exn-

1957 4713 2063 4768 tus,
2103 4717 2166 4756 ae
2205 4702 2407 4757 lanceis
2453 4704 2718 4766 confixus,
2756 4717 2852 4772 per
2899 4712 3071 4757 totum
3116 4706 3542 4762 circumducitur

1955 4793 2279 4848 exercitum.
2339 4791 2695 4855 Mnmmolns,
2751 4806 2881 4845 sane
2934 4795 3220 4848 thesaurus
3281 4797 3550 4862 diripiens

1956 4887 2272 4949 universos,
2318 4887 2370 4938 in
2414 4884 2645 4940 diversis
2689 4884 2926 4938 occuluit
2977 4885 3141 4947 locis,
3177 4886 3411 4953 dataque
3472 4905 3554 4942 se-

1957 4978 2173 5047 quentis
2220 4976 2343 5032 luce
2389 4976 2525 5040 diei,
2572 4977 2817 5031 hostibus
2869 4986 3064 5044 portas
3117 4978 3323 5044 aperuit
3370 4980 3565 5036 urbis.

1958 5069 2057 5098 n..:
2095 5069 2146 5098 :n
2186 5077 2389 5098 Inus-un
2445 5069 2606 5098 πηλίκα
2651 5081 2905 5098 Λναιιεομο
2962 5066 3233 5098 ἑῇι-ηηῖοηη
3285 5071 3338 5098 ιιι
3385 5068 3572 5098 ηιξ-νη
