  <div class='ocr_page' id='page_1' title='image "/cluster/home/n/w/nwhite01/storage/ocr_20150623/139/hvd.32044015471782/379.png"; bbox 0 0 4044 5428; ppageno 0'>
   <div class='ocr_carea' id='block_1_1' title="bbox 468 303 573 357">
    <p class='ocr_par' dir='ltr' id='par_1_1' title="bbox 468 303 573 357">
     <span class='ocr_line' id='line_1_1' title="bbox 468 303 573 357; baseline 0 -1"><span class='ocrx_word' id='word_1_1' title='bbox 468 303 573 357; x_wconf 73' lang='grc'><strong>747</strong></span> 
     </span>
    </p>
   </div>
   <div class='ocr_carea' id='block_1_2' title="bbox 1524 297 2659 359">
    <p class='ocr_par' dir='ltr' id='par_1_2' title="bbox 1524 297 2659 359">
     <span class='ocr_line' id='line_1_2' title="bbox 1524 297 2659 359; baseline -0.001 -3"><span class='ocrx_word' id='word_1_2' title='bbox 1524 299 1787 359; x_wconf 76' lang='lat' dir='ltr'><strong>AIMOINI</strong></span> <span class='ocrx_word' id='word_1_3' title='bbox 1820 298 2126 358; x_wconf 72' lang='lat' dir='ltr'><strong>MONACIII</strong></span> <span class='ocrx_word' id='word_1_4' title='bbox 2164 297 2659 357; x_wconf 74' lang='lat' dir='ltr'><strong>FLORIACENSIS</strong></span> 
     </span>
    </p>
   </div>
   <div class='ocr_carea' id='block_1_3' title="bbox 3618 308 3724 368">
    <p class='ocr_par' dir='ltr' id='par_1_3' title="bbox 3618 308 3724 368">
     <span class='ocr_line' id='line_1_3' title="bbox 3618 308 3724 368; baseline 0.028 -3"><span class='ocrx_word' id='word_1_5' title='bbox 3618 308 3724 368; x_wconf 70' lang='grc' dir='ltr'><strong>τιὸ</strong></span> 
     </span>
    </p>
   </div>
   <div class='ocr_carea' id='block_1_4' title="bbox 462 411 3730 499">
    <p class='ocr_par' dir='ltr' id='par_1_4' title="bbox 462 411 3730 499">
     <span class='ocr_line' id='line_1_4' title="bbox 462 411 3730 499; baseline 0.002 -28"><span class='ocrx_word' id='word_1_6' title='bbox 462 414 746 485; x_wconf 67' lang='lat' dir='ltr'><strong>«itfragari</strong></span> <span class='ocrx_word' id='word_1_7' title='bbox 797 411 1038 474; x_wconf 68' lang='lat' dir='ltr'><strong>ualeret.</strong></span> <span class='ocrx_word' id='word_1_8' title='bbox 1077 431 1096 466; x_wconf 73' lang='grc' dir='ltr'><strong><em>ι</em></strong></span> <span class='ocrx_word' id='word_1_9' title='bbox 1140 411 1259 483; x_wconf 83' lang='lat' dir='ltr'><strong>Quo</strong></span> <span class='ocrx_word' id='word_1_10' title='bbox 1310 412 1546 499; x_wconf 82' lang='lat' dir='ltr'><strong>cognito,</strong></span> <span class='ocrx_word' id='word_1_11' title='bbox 1594 412 1862 471; x_wconf 86' lang='lat' dir='ltr'><strong>Carlulfus</strong></span> <span class='ocrx_word' id='word_1_12' title='bbox 1914 417 2113 477; x_wconf 63' lang='lat' dir='ltr'><strong>cumA</strong></span> <span class='ocrx_word' id='word_1_13' title='bbox 2144 412 2412 469; x_wconf 84' lang='lat' dir='ltr'><strong>maximas</strong></span> <span class='ocrx_word' id='word_1_14' title='bbox 2451 412 2502 467; x_wconf 93' lang='lat' dir='ltr'><strong>iu</strong></span> <span class='ocrx_word' id='word_1_15' title='bbox 2531 427 2593 469; x_wconf 90' lang='lat' dir='ltr'><strong>ea</strong></span> <span class='ocrx_word' id='word_1_16' title='bbox 2627 411 2875 484; x_wconf 83' lang='lat' dir='ltr'><strong>regiones</strong></span> <span class='ocrx_word' id='word_1_17' title='bbox 2912 413 3256 487; x_wconf 81' lang='lat' dir='ltr'><strong>occuparent.</strong></span> <span class='ocrx_word' id='word_1_18' title='bbox 3304 414 3605 477; x_wconf 81' lang='lat' dir='ltr'><strong>Snbsecuta</strong></span> <span class='ocrx_word' id='word_1_19' title='bbox 3640 433 3730 480; x_wconf 81' lang='lat' dir='ltr'><strong>est</strong></span> 
     </span>
    </p>
   </div>
   <div class='ocr_carea' id='block_1_5' title="bbox 461 506 2040 578">
    <p class='ocr_par' dir='ltr' id='par_1_5' title="bbox 461 506 2040 578">
     <span class='ocr_line' id='line_1_5' title="bbox 461 506 2040 578; baseline 0.001 -14"><span class='ocrx_word' id='word_1_20' title='bbox 461 509 749 576; x_wconf 82' lang='lat' dir='ltr'><strong>Waddone</strong></span> <span class='ocrx_word' id='word_1_21' title='bbox 799 522 831 564; x_wconf 90' lang='lat' dir='ltr'><strong>e</strong></span> <span class='ocrx_word' id='word_1_22' title='bbox 874 507 1073 563; x_wconf 86' lang='lat' dir='ltr'><strong>castris</strong></span> <span class='ocrx_word' id='word_1_23' title='bbox 1124 506 1247 578; x_wconf 89' lang='lat' dir='ltr'><strong>fuga</strong></span> <span class='ocrx_word' id='word_1_24' title='bbox 1312 506 1445 577; x_wconf 84' lang='lat' dir='ltr'><strong>lapsi</strong></span> <span class='ocrx_word' id='word_1_25' title='bbox 1503 515 1649 563; x_wconf 90' lang='lat' dir='ltr'><strong>sunt.</strong></span> <span class='ocrx_word' id='word_1_26' title='bbox 1698 506 2040 574; x_wconf 79' lang='lat' dir='ltr'><strong>Mummolus,</strong></span> 
     </span>
    </p>
   </div>
   <div class='ocr_carea' id='block_1_6' title="bbox 2142 502 3724 581">
    <p class='ocr_par' dir='ltr' id='par_1_6' title="bbox 2142 502 3724 581">
     <span class='ocr_line' id='line_1_6' title="bbox 2142 502 3724 581; baseline 0.008 -24"><span class='ocrx_word' id='word_1_27' title='bbox 2142 502 2327 560; x_wconf 87' lang='lat' dir='ltr'><strong>statim</strong></span> <span class='ocrx_word' id='word_1_28' title='bbox 2377 502 2516 559; x_wconf 87' lang='lat' dir='ltr'><strong>hanc</strong></span> <span class='ocrx_word' id='word_1_29' title='bbox 2566 504 2974 561; x_wconf 75' lang='lat' dir='ltr'><strong>inundationem</strong></span> <span class='ocrx_word' id='word_1_30' title='bbox 3017 505 3338 576; x_wconf 79' lang='lat' dir='ltr'><strong>gravissima</strong></span> <span class='ocrx_word' id='word_1_31' title='bbox 3376 510 3724 581; x_wconf 70' lang='lat' dir='ltr'><strong>pestilentia,</strong></span> 
     </span>
    </p>
   </div>
   <div class='ocr_carea' id='block_1_7' title="bbox 458 590 2047 671">
    <p class='ocr_par' dir='ltr' id='par_1_7' title="bbox 458 599 2044 671">
     <span class='ocr_line' id='line_1_7' title="bbox 458 599 2044 671; baseline 0.002 -16"><span class='ocrx_word' id='word_1_32' title='bbox 458 601 719 671; x_wconf 88' lang='lat' dir='ltr'><strong>quosdam</strong></span> <span class='ocrx_word' id='word_1_33' title='bbox 748 599 817 653; x_wconf 92' lang='lat' dir='ltr'><strong>ad</strong></span> <span class='ocrx_word' id='word_1_34' title='bbox 844 612 994 653; x_wconf 89' lang='lat' dir='ltr'><strong>arma</strong></span> <span class='ocrx_word' id='word_1_35' title='bbox 1043 612 1372 654; x_wconf 91' lang='lat' dir='ltr'><strong>concurrere</strong></span> <span class='ocrx_word' id='word_1_36' title='bbox 1398 613 1628 655; x_wconf 81' lang='lat' dir='ltr'><strong>cernens</strong></span> <span class='ocrx_word' id='word_1_37' title='bbox 1674 609 1730 655; x_wconf 91' lang='lat' dir='ltr'><strong>et</strong></span> <span class='ocrx_word' id='word_1_38' title='bbox 1780 615 1946 671; x_wconf 80' lang='lat' dir='ltr'><strong>super</strong></span> <span class='ocrx_word' id='word_1_39' title='bbox 1983 613 2044 658; x_wconf 85' lang='lat' dir='ltr'><strong>se</strong></span> 
     </span>
    </p>
   </div>
   <div class='ocr_carea' id='block_1_8' title="bbox 2146 590 3726 671">
    <p class='ocr_par' dir='ltr' id='par_1_8' title="bbox 2146 590 3726 671">
     <span class='ocr_line' id='line_1_8' title="bbox 2146 590 3726 671; baseline 0.009 -27"><span class='ocrx_word' id='word_1_40' title='bbox 2146 604 2302 660; x_wconf 89' lang='lat' dir='ltr'><strong>quam</strong></span> <span class='ocrx_word' id='word_1_41' title='bbox 2350 590 2707 662; x_wconf 87' lang='lat' dir='ltr'><strong>inguinariam</strong></span> <span class='ocrx_word' id='word_1_42' title='bbox 2749 595 3040 663; x_wconf 87' lang='lat' dir='ltr'><strong>appellant.</strong></span> <span class='ocrx_word' id='word_1_43' title='bbox 3078 596 3208 663; x_wconf 70' lang='lat' dir='ltr'><strong>Qua:</strong></span> <span class='ocrx_word' id='word_1_44' title='bbox 3256 598 3487 667; x_wconf 85' lang='lat' dir='ltr'><strong>primum</strong></span> <span class='ocrx_word' id='word_1_45' title='bbox 3526 614 3726 671; x_wconf 85' lang='lat' dir='ltr'><strong>papam</strong></span> 
     </span>
    </p>
   </div>
   <div class='ocr_carea' id='block_1_9' title="bbox 460 689 2043 760">
    <p class='ocr_par' dir='ltr' id='par_1_9' title="bbox 460 689 2043 760">
     <span class='ocr_line' id='line_1_9' title="bbox 460 689 2043 760; baseline 0.001 -12"><span class='ocrx_word' id='word_1_46' title='bbox 460 692 671 748; x_wconf 90' lang='lat' dir='ltr'><strong>irruere</strong></span> <span class='ocrx_word' id='word_1_47' title='bbox 705 705 803 745; x_wconf 90' lang='lat' dir='ltr'><strong>eos</strong></span> <span class='ocrx_word' id='word_1_48' title='bbox 837 689 972 744; x_wconf 87' lang='lat' dir='ltr'><strong>velle</strong></span> <span class='ocrx_word' id='word_1_49' title='bbox 1001 689 1328 760; x_wconf 86' lang='lat' dir='ltr'><strong>intelligens,</strong></span> <span class='ocrx_word' id='word_1_50' title='bbox 1360 691 1426 745; x_wconf 88' lang='lat' dir='ltr'><strong>ad</strong></span> <span class='ocrx_word' id='word_1_51' title='bbox 1466 691 1871 748; x_wconf 91' lang='lat' dir='ltr'><strong>tabernaculum</strong></span> <span class='ocrx_word' id='word_1_52' title='bbox 1903 693 2043 749; x_wconf 85' lang='lat' dir='ltr'><strong>Leu-</strong></span> 
     </span>
    </p>
   </div>
   <div class='ocr_carea' id='block_1_10' title="bbox 459 779 2046 853">
    <p class='ocr_par' dir='ltr' id='par_1_10' title="bbox 459 779 2046 853">
     <span class='ocr_line' id='line_1_10' title="bbox 459 779 2046 853; baseline 0.001 -17"><span class='ocrx_word' id='word_1_53' title='bbox 459 780 666 853; x_wconf 86' lang='lat' dir='ltr'><strong>degisili</strong></span> <span class='ocrx_word' id='word_1_54' title='bbox 700 788 843 836; x_wconf 85' lang='lat' dir='ltr'><strong>recta</strong></span> <span class='ocrx_word' id='word_1_55' title='bbox 876 780 1118 850; x_wconf 74' lang='lat' dir='ltr'><strong>graditur</strong></span> <span class='ocrx_word' id='word_1_56' title='bbox 1144 779 1253 846; x_wconf 88' lang='lat' dir='ltr'><strong>via,</strong></span> <span class='ocrx_word' id='word_1_57' title='bbox 1284 780 1541 835; x_wconf 88' lang='lat' dir='ltr'><strong>incusans</strong></span> <span class='ocrx_word' id='word_1_58' title='bbox 1581 780 1742 836; x_wconf 84' lang='lat' dir='ltr'><strong>fidem</strong></span> <span class='ocrx_word' id='word_1_59' title='bbox 1768 781 1869 837; x_wconf 88' lang='lat' dir='ltr'><strong>sibi</strong></span> <span class='ocrx_word' id='word_1_60' title='bbox 1898 783 2046 853; x_wconf 83' lang='lat' dir='ltr'><strong>polli-</strong></span> 
     </span>
    </p>
   </div>
   <div class='ocr_carea' id='block_1_11' title="bbox 458 870 2041 943">
    <p class='ocr_par' dir='ltr' id='par_1_11' title="bbox 458 870 2041 943">
     <span class='ocr_line' id='line_1_11' title="bbox 458 870 2041 943; baseline 0 -15"><span class='ocrx_word' id='word_1_61' title='bbox 458 872 623 928; x_wconf 85' lang='lat' dir='ltr'><strong>citam</strong></span> <span class='ocrx_word' id='word_1_62' title='bbox 669 870 908 941; x_wconf 77' lang='lat' dir='ltr'><strong>infringi.</strong></span> <span class='ocrx_word' id='word_1_63' title='bbox 960 870 1059 926; x_wconf 87' lang='lat' dir='ltr'><strong>Cui</strong></span> <span class='ocrx_word' id='word_1_64' title='bbox 1110 870 1480 941; x_wconf 86' lang='lat' dir='ltr'><strong>Leudegisilus</strong></span> <span class='ocrx_word' id='word_1_65' title='bbox 1522 889 1537 927; x_wconf 90' lang='lat'><strong>:</strong></span> <span class='ocrx_word' id='word_1_66' title='bbox 1579 890 1599 924; x_wconf 74' lang='grc' dir='ltr'><strong><em>ι</em></strong></span> <span class='ocrx_word' id='word_1_67' title='bbox 1637 872 1779 941; x_wconf 79' lang='lat' dir='ltr'><strong>Ego,</strong></span> <span class='ocrx_word' id='word_1_68' title='bbox 1833 874 2041 943; x_wconf 87' lang='lat' dir='ltr'><strong>inquit,</strong></span> 
     </span>
    </p>
   </div>
   <div class='ocr_carea' id='block_1_12' title="bbox 455 963 2047 1035">
    <p class='ocr_par' dir='ltr' id='par_1_12' title="bbox 455 963 2047 1035">
     <span class='ocr_line' id='line_1_12' title="bbox 455 963 2047 1035; baseline 0.001 -17"><span class='ocrx_word' id='word_1_69' title='bbox 455 978 782 1035; x_wconf 83' lang='lat' dir='ltr'><strong>progressus</strong></span> <span class='ocrx_word' id='word_1_70' title='bbox 811 971 1012 1018; x_wconf 88' lang='lat' dir='ltr'><strong>cuncta</strong></span> <span class='ocrx_word' id='word_1_71' title='bbox 1058 963 1337 1033; x_wconf 87' lang='lat' dir='ltr'><strong>mitigabo.</strong></span> <span class='ocrx_word' id='word_1_72' title='bbox 1368 981 1386 1016; x_wconf 73' lang='grc' dir='ltr'><strong><em>ι</em></strong></span> <span class='ocrx_word' id='word_1_73' title='bbox 1410 965 1487 1019; x_wconf 81' lang='lat' dir='ltr'><strong>Et</strong></span> <span class='ocrx_word' id='word_1_74' title='bbox 1516 964 1601 1020; x_wconf 90' lang='lat' dir='ltr'><strong>his</strong></span> <span class='ocrx_word' id='word_1_75' title='bbox 1630 964 1809 1029; x_wconf 89' lang='lat' dir='ltr'><strong>dictis,</strong></span> <span class='ocrx_word' id='word_1_76' title='bbox 1835 965 2047 1035; x_wconf 90' lang='lat' dir='ltr'><strong>prolato</strong></span> 
     </span>
    </p>
   </div>
   <div class='ocr_carea' id='block_1_13' title="bbox 456 1052 2045 1122">
    <p class='ocr_par' dir='ltr' id='par_1_13' title="bbox 456 1052 2045 1122">
     <span class='ocr_line' id='line_1_13' title="bbox 456 1052 2045 1122; baseline 0 -13"><span class='ocrx_word' id='word_1_77' title='bbox 456 1064 611 1109; x_wconf 80' lang='lat' dir='ltr'><strong>extra</strong></span> <span class='ocrx_word' id='word_1_78' title='bbox 639 1052 802 1107; x_wconf 88' lang='lat' dir='ltr'><strong>limen</strong></span> <span class='ocrx_word' id='word_1_79' title='bbox 844 1052 968 1117; x_wconf 87' lang='lat' dir='ltr'><strong>ostii</strong></span> <span class='ocrx_word' id='word_1_80' title='bbox 1001 1052 1158 1122; x_wconf 84' lang='lat' dir='ltr'><strong>pede,</strong></span> <span class='ocrx_word' id='word_1_81' title='bbox 1189 1053 1402 1122; x_wconf 82' lang='lat' dir='ltr'><strong>signum</strong></span> <span class='ocrx_word' id='word_1_82' title='bbox 1433 1055 1568 1119; x_wconf 88' lang='lat' dir='ltr'><strong>suis,</strong></span> <span class='ocrx_word' id='word_1_83' title='bbox 1593 1063 1655 1109; x_wconf 91' lang='lat' dir='ltr'><strong>ut</strong></span> <span class='ocrx_word' id='word_1_84' title='bbox 1694 1052 2045 1110; x_wconf 85' lang='lat' dir='ltr'><strong>Mummolum</strong></span> 
     </span>
    </p>
   </div>
   <div class='ocr_carea' id='block_1_14' title="bbox 457 1143 2047 1215">
    <p class='ocr_par' dir='ltr' id='par_1_14' title="bbox 457 1143 2047 1215">
     <span class='ocr_line' id='line_1_14' title="bbox 457 1143 2047 1215; baseline 0 -15"><span class='ocrx_word' id='word_1_85' title='bbox 457 1159 583 1200; x_wconf 90' lang='lat' dir='ltr'><strong>cum</strong></span> <span class='ocrx_word' id='word_1_86' title='bbox 614 1143 905 1215; x_wconf 79' lang='lat' dir='ltr'><strong>Sagittario</strong></span> <span class='ocrx_word' id='word_1_87' title='bbox 931 1144 1184 1215; x_wconf 90' lang='lat' dir='ltr'><strong>episcopo</strong></span> <span class='ocrx_word' id='word_1_88' title='bbox 1214 1144 1375 1199; x_wconf 87' lang='lat' dir='ltr'><strong>morti</strong></span> <span class='ocrx_word' id='word_1_89' title='bbox 1407 1145 1704 1209; x_wconf 82' lang='lat' dir='ltr'><strong>traderent,</strong></span> <span class='ocrx_word' id='word_1_90' title='bbox 1737 1144 1907 1199; x_wconf 86' lang='lat' dir='ltr'><strong>dedit.</strong></span> <span class='ocrx_word' id='word_1_91' title='bbox 1935 1143 2047 1200; x_wconf 89' lang='lat' dir='ltr'><strong>Illis</strong></span> 
     </span>
    </p>
   </div>
   <div class='ocr_carea' id='block_1_15' title="bbox 452 1233 2048 1307">
    <p class='ocr_par' dir='ltr' id='par_1_15' title="bbox 452 1233 2048 1307">
     <span class='ocr_line' id='line_1_15' title="bbox 452 1233 2048 1307; baseline 0.001 -17"><span class='ocrx_word' id='word_1_92' title='bbox 452 1233 607 1304; x_wconf 87' lang='lat' dir='ltr'><strong>jussa</strong></span> <span class='ocrx_word' id='word_1_93' title='bbox 649 1233 830 1290; x_wconf 87' lang='lat' dir='ltr'><strong>facere</strong></span> <span class='ocrx_word' id='word_1_94' title='bbox 876 1235 1292 1298; x_wconf 86' lang='lat' dir='ltr'><strong>maturantibus.</strong></span> <span class='ocrx_word' id='word_1_95' title='bbox 1325 1236 1478 1305; x_wconf 89' lang='lat' dir='ltr'><strong>pueri</strong></span> <span class='ocrx_word' id='word_1_96' title='bbox 1512 1236 1785 1291; x_wconf 84' lang='lat' dir='ltr'><strong>Mummoli</strong></span> <span class='ocrx_word' id='word_1_97' title='bbox 1818 1251 1883 1293; x_wconf 86' lang='lat' dir='ltr'><strong>eo</strong></span> <span class='ocrx_word' id='word_1_98' title='bbox 1911 1253 2048 1307; x_wconf 66' lang='lat' dir='ltr'><strong>pra:-</strong></span> 
     </span>
    </p>
   </div>
   <div class='ocr_carea' id='block_1_16' title="bbox 434 1326 2047 1397">
    <p class='ocr_par' dir='ltr' id='par_1_16' title="bbox 434 1326 2047 1397">
     <span class='ocr_line' id='line_1_16' title="bbox 434 1326 2047 1397; baseline 0.001 -14"><span class='ocrx_word' id='word_1_99' title='bbox 434 1329 690 1397; x_wconf 22' lang='lat' dir='ltr'><strong>Acipiente</strong></span> <span class='ocrx_word' id='word_1_100' title='bbox 720 1328 924 1383; x_wconf 85' lang='lat' dir='ltr'><strong>aditum</strong></span> <span class='ocrx_word' id='word_1_101' title='bbox 965 1329 1158 1384; x_wconf 88' lang='lat' dir='ltr'><strong>domus</strong></span> <span class='ocrx_word' id='word_1_102' title='bbox 1192 1326 1476 1385; x_wconf 88' lang='lat' dir='ltr'><strong>defensare</strong></span> <span class='ocrx_word' id='word_1_103' title='bbox 1506 1329 1844 1396; x_wconf 85' lang='lat' dir='ltr'><strong>nitebantur,</strong></span> <span class='ocrx_word' id='word_1_104' title='bbox 1876 1329 2047 1385; x_wconf 90' lang='lat' dir='ltr'><strong>donec</strong></span> 
     </span>
    </p>
   </div>
   <div class='ocr_carea' id='block_1_17' title="bbox 457 1420 2049 1496">
    <p class='ocr_par' dir='ltr' id='par_1_17' title="bbox 457 1420 2049 1496">
     <span class='ocr_line' id='line_1_17' title="bbox 457 1420 2049 1496; baseline 0.001 -22"><span class='ocrx_word' id='word_1_105' title='bbox 457 1420 713 1474; x_wconf 88' lang='lat' dir='ltr'><strong>dominus</strong></span> <span class='ocrx_word' id='word_1_106' title='bbox 762 1435 951 1476; x_wconf 87' lang='lat' dir='ltr'><strong>eorum</strong></span> <span class='ocrx_word' id='word_1_107' title='bbox 995 1420 1167 1475; x_wconf 89' lang='lat' dir='ltr'><strong>armis</strong></span> <span class='ocrx_word' id='word_1_108' title='bbox 1207 1434 1266 1476; x_wconf 90' lang='lat' dir='ltr'><strong>se</strong></span> <span class='ocrx_word' id='word_1_109' title='bbox 1306 1420 1562 1476; x_wconf 91' lang='lat' dir='ltr'><strong>muniret.</strong></span> <span class='ocrx_word' id='word_1_110' title='bbox 1610 1420 1718 1476; x_wconf 90' lang='lat' dir='ltr'><strong>Sed</strong></span> <span class='ocrx_word' id='word_1_111' title='bbox 1778 1421 2049 1496; x_wconf 75' lang='lat' dir='ltr'><strong>aliquibus</strong></span> 
     </span>
    </p>
   </div>
   <div class='ocr_carea' id='block_1_18' title="bbox 455 1512 2051 1579">
    <p class='ocr_par' dir='ltr' id='par_1_18' title="bbox 455 1512 2051 1579">
     <span class='ocr_line' id='line_1_18' title="bbox 455 1512 2051 1579; baseline 0.002 -14"><span class='ocrx_word' id='word_1_112' title='bbox 455 1525 645 1568; x_wconf 83' lang='lat' dir='ltr'><strong>eorum</strong></span> <span class='ocrx_word' id='word_1_113' title='bbox 692 1512 841 1568; x_wconf 87' lang='lat' dir='ltr'><strong>letho</strong></span> <span class='ocrx_word' id='word_1_114' title='bbox 871 1513 1341 1578; x_wconf 89' lang='lat' dir='ltr'><strong>occumbentibus,</strong></span> <span class='ocrx_word' id='word_1_115' title='bbox 1363 1512 1490 1568; x_wconf 86' lang='lat' dir='ltr'><strong>aliis</strong></span> <span class='ocrx_word' id='word_1_116' title='bbox 1530 1513 1846 1579; x_wconf 86' lang='lat' dir='ltr'><strong>vulneratis,</strong></span> <span class='ocrx_word' id='word_1_117' title='bbox 1880 1512 2051 1568; x_wconf 79' lang='lat' dir='ltr'><strong>Mum-</strong></span> 
     </span>
    </p>
   </div>
   <div class='ocr_carea' id='block_1_19' title="bbox 459 1601 2049 1672">
    <p class='ocr_par' dir='ltr' id='par_1_19' title="bbox 459 1601 2049 1672">
     <span class='ocr_line' id='line_1_19' title="bbox 459 1601 2049 1672; baseline 0.004 -19"><span class='ocrx_word' id='word_1_118' title='bbox 459 1602 638 1655; x_wconf 89' lang='lat' dir='ltr'><strong>molus</strong></span> <span class='ocrx_word' id='word_1_119' title='bbox 667 1610 939 1657; x_wconf 89' lang='lat' dir='ltr'><strong>armatum</strong></span> <span class='ocrx_word' id='word_1_120' title='bbox 967 1617 1027 1658; x_wconf 89' lang='lat' dir='ltr'><strong>se</strong></span> <span class='ocrx_word' id='word_1_121' title='bbox 1052 1603 1193 1658; x_wconf 91' lang='lat' dir='ltr'><strong>ostio</strong></span> <span class='ocrx_word' id='word_1_122' title='bbox 1220 1601 1409 1672; x_wconf 80' lang='lat' dir='ltr'><strong>objicit</strong></span> <span class='ocrx_word' id='word_1_123' title='bbox 1437 1611 1512 1667; x_wconf 90' lang='lat' dir='ltr'><strong>et,</strong></span> <span class='ocrx_word' id='word_1_124' title='bbox 1536 1602 1880 1659; x_wconf 82' lang='lat' dir='ltr'><strong>adversarios</strong></span> <span class='ocrx_word' id='word_1_125' title='bbox 1901 1604 2049 1659; x_wconf 92' lang='lat' dir='ltr'><strong>omni</strong></span> 
     </span>
    </p>
   </div>
   <div class='ocr_carea' id='block_1_20' title="bbox 456 1694 2047 1762">
    <p class='ocr_par' dir='ltr' id='par_1_20' title="bbox 456 1694 2047 1762">
     <span class='ocr_line' id='line_1_20' title="bbox 456 1694 2047 1762; baseline 0.003 -18"><span class='ocrx_word' id='word_1_126' title='bbox 456 1694 675 1750; x_wconf 79' lang='lat' dir='ltr'><strong>virtutis</strong></span> <span class='ocrx_word' id='word_1_127' title='bbox 722 1694 1012 1748; x_wconf 90' lang='lat' dir='ltr'><strong>conamine</strong></span> <span class='ocrx_word' id='word_1_128' title='bbox 1061 1694 1303 1759; x_wconf 74' lang='lat' dir='ltr'><strong>caedetis,</strong></span> <span class='ocrx_word' id='word_1_129' title='bbox 1357 1694 1557 1750; x_wconf 82' lang='lat' dir='ltr'><strong>exinde</strong></span> <span class='ocrx_word' id='word_1_130' title='bbox 1603 1695 1852 1749; x_wconf 87' lang='lat' dir='ltr'><strong>removit.</strong></span> <span class='ocrx_word' id='word_1_131' title='bbox 1896 1694 2047 1762; x_wconf 91' lang='lat' dir='ltr'><strong>Quos</strong></span> 
     </span>
    </p>
   </div>
   <div class='ocr_carea' id='block_1_21' title="bbox 457 1781 2050 1857">
    <p class='ocr_par' dir='ltr' id='par_1_21' title="bbox 457 1781 2050 1857">
     <span class='ocr_line' id='line_1_21' title="bbox 457 1781 2050 1857; baseline 0.005 -22"><span class='ocrx_word' id='word_1_132' title='bbox 457 1781 585 1836; x_wconf 90' lang='lat' dir='ltr'><strong>dum</strong></span> <span class='ocrx_word' id='word_1_133' title='bbox 623 1781 740 1838; x_wconf 88' lang='lat' dir='ltr'><strong>loco</strong></span> <span class='ocrx_word' id='word_1_134' title='bbox 774 1783 1030 1838; x_wconf 88' lang='lat' dir='ltr'><strong>cedentes</strong></span> <span class='ocrx_word' id='word_1_135' title='bbox 1065 1784 1281 1838; x_wconf 90' lang='lat' dir='ltr'><strong>incaute</strong></span> <span class='ocrx_word' id='word_1_136' title='bbox 1317 1785 1632 1849; x_wconf 73' lang='lat' dir='ltr'><strong>insectatur,</strong></span> <span class='ocrx_word' id='word_1_137' title='bbox 1664 1801 1917 1857; x_wconf 80' lang='lat' dir='ltr'><strong>egressus</strong></span> <span class='ocrx_word' id='word_1_138' title='bbox 1951 1787 2050 1843; x_wconf 88' lang='lat' dir='ltr'><strong>do-</strong></span> 
     </span>
    </p>
   </div>
   <div class='ocr_carea' id='block_1_22' title="bbox 454 1872 2048 1948">
    <p class='ocr_par' dir='ltr' id='par_1_22' title="bbox 454 1872 2048 1948">
     <span class='ocr_line' id='line_1_22' title="bbox 454 1872 2048 1948; baseline 0.004 -20"><span class='ocrx_word' id='word_1_139' title='bbox 454 1888 605 1928; x_wconf 87' lang='lat' dir='ltr'><strong>mum</strong></span> <span class='ocrx_word' id='word_1_140' title='bbox 652 1888 682 1927; x_wconf 89' lang='lat' dir='ltr'><strong>a</strong></span> <span class='ocrx_word' id='word_1_141' title='bbox 734 1872 997 1929; x_wconf 86' lang='lat' dir='ltr'><strong>lateribus</strong></span> <span class='ocrx_word' id='word_1_142' title='bbox 1045 1875 1476 1930; x_wconf 88' lang='lat' dir='ltr'><strong>circumvenitur</strong></span> <span class='ocrx_word' id='word_1_143' title='bbox 1521 1876 1877 1948; x_wconf 80' lang='lat' dir='ltr'><strong>conﬁxusque</strong></span> <span class='ocrx_word' id='word_1_144' title='bbox 1924 1876 2048 1934; x_wconf 91' lang='lat' dir='ltr'><strong>telis</strong></span> 
     </span>
    </p>
   </div>
   <div class='ocr_carea' id='block_1_23' title="bbox 450 1963 2046 2038">
    <p class='ocr_par' dir='ltr' id='par_1_23' title="bbox 450 1963 2046 2038">
     <span class='ocr_line' id='line_1_23' title="bbox 450 1963 2046 2038; baseline 0.003 -20"><span class='ocrx_word' id='word_1_145' title='bbox 450 1963 696 2019; x_wconf 81' lang='lat' dir='ltr'><strong>concidit</strong></span> <span class='ocrx_word' id='word_1_146' title='bbox 724 1966 1011 2020; x_wconf 79' lang='lat' dir='ltr'><strong>exanimis.</strong></span> <span class='ocrx_word' id='word_1_147' title='bbox 1041 1964 1205 2034; x_wconf 83' lang='lat' dir='ltr'><strong>Cujus</strong></span> <span class='ocrx_word' id='word_1_148' title='bbox 1233 1982 1363 2022; x_wconf 83' lang='lat' dir='ltr'><strong>casu</strong></span> <span class='ocrx_word' id='word_1_149' title='bbox 1396 1966 1744 2035; x_wconf 75' lang='lat' dir='ltr'><strong>Sagittarius,</strong></span> <span class='ocrx_word' id='word_1_150' title='bbox 1773 1969 2046 2038; x_wconf 87' lang='lat' dir='ltr'><strong>quondam</strong></span> 
     </span>
    </p>
   </div>
   <div class='ocr_carea' id='block_1_24' title="bbox 451 2053 2045 2128">
    <p class='ocr_par' dir='ltr' id='par_1_24' title="bbox 451 2053 2045 2128">
     <span class='ocr_line' id='line_1_24' title="bbox 451 2053 2045 2128; baseline 0.006 -23"><span class='ocrx_word' id='word_1_151' title='bbox 451 2053 764 2128; x_wconf 73' lang='lat' dir='ltr'><strong>episcopus,</strong></span> <span class='ocrx_word' id='word_1_152' title='bbox 794 2054 1067 2119; x_wconf 88' lang='lat' dir='ltr'><strong>turbatus,</strong></span> <span class='ocrx_word' id='word_1_153' title='bbox 1095 2055 1223 2111; x_wconf 92' lang='lat' dir='ltr'><strong>dum</strong></span> <span class='ocrx_word' id='word_1_154' title='bbox 1254 2064 1423 2112; x_wconf 86' lang='lat' dir='ltr'><strong>staret</strong></span> <span class='ocrx_word' id='word_1_155' title='bbox 1453 2066 1700 2127; x_wconf 85' lang='lat' dir='ltr'><strong>stupens,</strong></span> <span class='ocrx_word' id='word_1_156' title='bbox 1728 2058 1947 2127; x_wconf 88' lang='lat' dir='ltr'><strong>quidam</strong></span> <span class='ocrx_word' id='word_1_157' title='bbox 1980 2059 2045 2114; x_wconf 89' lang='lat' dir='ltr'><strong>ad</strong></span> 
     </span>
    </p>
   </div>
   <div class='ocr_carea' id='block_1_25' title="bbox 455 2144 2050 2217">
    <p class='ocr_par' dir='ltr' id='par_1_25' title="bbox 455 2144 2050 2217">
     <span class='ocr_line' id='line_1_25' title="bbox 455 2144 2050 2217; baseline 0.004 -20"><span class='ocrx_word' id='word_1_158' title='bbox 455 2159 578 2198; x_wconf 85' lang='lat' dir='ltr'><strong>eum</strong></span> <span class='ocrx_word' id='word_1_159' title='bbox 615 2162 628 2198; x_wconf 91' lang='lat'>:</span> <span class='ocrx_word' id='word_1_160' title='bbox 670 2163 688 2196; x_wconf 77' lang='grc' dir='ltr'>ι</span> <span class='ocrx_word' id='word_1_161' title='bbox 721 2144 792 2201; x_wconf 90' lang='lat' dir='ltr'><strong>Ut</strong></span> <span class='ocrx_word' id='word_1_162' title='bbox 816 2144 967 2217; x_wconf 90' lang='lat' dir='ltr'><strong>quid,</strong></span> <span class='ocrx_word' id='word_1_163' title='bbox 998 2145 1093 2209; x_wconf 86' lang='lat' dir='ltr'><strong>ait,</strong></span> <span class='ocrx_word' id='word_1_164' title='bbox 1115 2146 1388 2216; x_wconf 89' lang='lat' dir='ltr'><strong>episcope,</strong></span> <span class='ocrx_word' id='word_1_165' title='bbox 1420 2146 1507 2202; x_wconf 91' lang='lat' dir='ltr'><strong>hic</strong></span> <span class='ocrx_word' id='word_1_166' title='bbox 1533 2162 1598 2201; x_wconf 87' lang='lat' dir='ltr'><strong>ac</strong></span> <span class='ocrx_word' id='word_1_167' title='bbox 1629 2148 1674 2202; x_wconf 90' lang='lat' dir='ltr'><strong>si</strong></span> <span class='ocrx_word' id='word_1_168' title='bbox 1704 2163 1892 2203; x_wconf 89' lang='lat' dir='ltr'><strong>amens</strong></span> <span class='ocrx_word' id='word_1_169' title='bbox 1921 2164 2050 2204; x_wconf 88' lang='lat' dir='ltr'><strong>con-</strong></span> 
     </span>
    </p>
   </div>
   <div class='ocr_carea' id='block_1_26' title="bbox 455 2235 2047 2312">
    <p class='ocr_par' dir='ltr' id='par_1_26' title="bbox 455 2235 2047 2312">
     <span class='ocr_line' id='line_1_26' title="bbox 455 2235 2047 2312; baseline 0.004 -22"><span class='ocrx_word' id='word_1_170' title='bbox 455 2236 645 2290; x_wconf 82' lang='lat' dir='ltr'><strong>sistis?</strong></span> <span class='ocrx_word' id='word_1_171' title='bbox 676 2235 815 2303; x_wconf 92' lang='lat' dir='ltr'><strong>Quin</strong></span> <span class='ocrx_word' id='word_1_172' title='bbox 866 2237 1048 2306; x_wconf 86' lang='lat' dir='ltr'><strong>potius</strong></span> <span class='ocrx_word' id='word_1_173' title='bbox 1093 2247 1315 2307; x_wconf 88' lang='lat' dir='ltr'><strong>operto,</strong></span> <span class='ocrx_word' id='word_1_174' title='bbox 1363 2254 1433 2295; x_wconf 91' lang='lat' dir='ltr'><strong>ne</strong></span> <span class='ocrx_word' id='word_1_175' title='bbox 1477 2239 1820 2310; x_wconf 86' lang='lat' dir='ltr'><strong>agnosearis,</strong></span> <span class='ocrx_word' id='word_1_176' title='bbox 1874 2242 2047 2312; x_wconf 90' lang='lat' dir='ltr'><strong>capite</strong></span> 
     </span>
    </p>
   </div>
   <div class='ocr_carea' id='block_1_27' title="bbox 454 2324 2047 2399">
    <p class='ocr_par' dir='ltr' id='par_1_27' title="bbox 454 2324 2047 2399">
     <span class='ocr_line' id='line_1_27' title="bbox 454 2324 2047 2399; baseline 0.005 -21"><span class='ocrx_word' id='word_1_177' title='bbox 454 2324 691 2380; x_wconf 82' lang='lat' dir='ltr'><strong>festinus</strong></span> <span class='ocrx_word' id='word_1_178' title='bbox 747 2325 938 2380; x_wconf 87' lang='lat' dir='ltr'><strong>silvam</strong></span> <span class='ocrx_word' id='word_1_179' title='bbox 996 2337 1138 2396; x_wconf 82' lang='lat' dir='ltr'><strong>pete.</strong></span> <span class='ocrx_word' id='word_1_180' title='bbox 1182 2345 1201 2379; x_wconf 76' lang='grc' dir='ltr'><strong><em>ι</em></strong></span> <span class='ocrx_word' id='word_1_181' title='bbox 1242 2325 1341 2382; x_wconf 86' lang='lat' dir='ltr'><strong>Cui</strong></span> <span class='ocrx_word' id='word_1_182' title='bbox 1385 2328 1511 2382; x_wconf 92' lang='lat' dir='ltr'><strong>dum</strong></span> <span class='ocrx_word' id='word_1_183' title='bbox 1560 2328 1803 2399; x_wconf 74' lang='lat' dir='ltr'><strong>pontifex</strong></span> <span class='ocrx_word' id='word_1_184' title='bbox 1850 2345 2047 2399; x_wconf 88' lang='lat' dir='ltr'><strong>parens</strong></span> 
     </span>
    </p>
   </div>
   <div class='ocr_carea' id='block_1_28' title="bbox 456 2415 2048 2491">
    <p class='ocr_par' dir='ltr' id='par_1_28' title="bbox 456 2415 2048 2491">
     <span class='ocr_line' id='line_1_28' title="bbox 456 2415 2048 2491; baseline 0.004 -22"><span class='ocrx_word' id='word_1_185' title='bbox 456 2416 671 2483; x_wconf 74' lang='lat' dir='ltr'><strong>plumas</strong></span> <span class='ocrx_word' id='word_1_186' title='bbox 711 2415 850 2487; x_wconf 80' lang='lat' dir='ltr'><strong>fuga:</strong></span> <span class='ocrx_word' id='word_1_187' title='bbox 893 2418 1348 2483; x_wconf 86' lang='lat' dir='ltr'><strong>commendasset,</strong></span> <span class='ocrx_word' id='word_1_188' title='bbox 1381 2419 1602 2489; x_wconf 89' lang='lat' dir='ltr'><strong>quidam</strong></span> <span class='ocrx_word' id='word_1_189' title='bbox 1642 2420 1904 2476; x_wconf 89' lang='lat' dir='ltr'><strong>velociter</strong></span> <span class='ocrx_word' id='word_1_190' title='bbox 1928 2436 2048 2491; x_wconf 88' lang='lat' dir='ltr'><strong>gra-</strong></span> 
     </span>
    </p>
   </div>
   <div class='ocr_carea' id='block_1_29' title="bbox 457 2502 2042 2580">
    <p class='ocr_par' dir='ltr' id='par_1_29' title="bbox 457 2502 2042 2580">
     <span class='ocr_line' id='line_1_29' title="bbox 457 2502 2042 2580; baseline 0.004 -20"><span class='ocrx_word' id='word_1_191' title='bbox 457 2507 625 2564; x_wconf 84' lang='lat' dir='ltr'><strong>dienti</strong></span> <span class='ocrx_word' id='word_1_192' title='bbox 649 2502 811 2580; x_wconf 85' lang='lat' dir='ltr'><strong>caput</strong></span> <span class='ocrx_word' id='word_1_193' title='bbox 835 2523 959 2565; x_wconf 89' lang='lat' dir='ltr'><strong>cum</strong></span> <span class='ocrx_word' id='word_1_194' title='bbox 983 2508 1321 2579; x_wconf 84' lang='lat' dir='ltr'><strong>operimento</strong></span> <span class='ocrx_word' id='word_1_195' title='bbox 1342 2526 1464 2566; x_wconf 92' lang='lat' dir='ltr'><strong>eum</strong></span> <span class='ocrx_word' id='word_1_196' title='bbox 1492 2519 1775 2567; x_wconf 85' lang='lat' dir='ltr'><strong>assecutus</strong></span> <span class='ocrx_word' id='word_1_197' title='bbox 1800 2512 2042 2567; x_wconf 85' lang='lat' dir='ltr'><strong>abstulit.</strong></span> 
     </span>
    </p>
   </div>
   <div class='ocr_carea' id='block_1_30' title="bbox 456 2597 2045 2675">
    <p class='ocr_par' dir='ltr' id='par_1_30' title="bbox 456 2597 2045 2675">
     <span class='ocr_line' id='line_1_30' title="bbox 456 2597 2045 2675; baseline 0.003 -22"><span class='ocrx_word' id='word_1_198' title='bbox 456 2597 834 2669; x_wconf 80' lang='lat' dir='ltr'><strong>Lcudegisilus</strong></span> <span class='ocrx_word' id='word_1_199' title='bbox 877 2599 947 2654; x_wconf 86' lang='lat' dir='ltr'><strong>ad</strong></span> <span class='ocrx_word' id='word_1_200' title='bbox 986 2614 1083 2654; x_wconf 89' lang='lat' dir='ltr'><strong>sua</strong></span> <span class='ocrx_word' id='word_1_201' title='bbox 1125 2615 1250 2655; x_wconf 87' lang='lat' dir='ltr'><strong>cum</strong></span> <span class='ocrx_word' id='word_1_202' title='bbox 1290 2601 1499 2657; x_wconf 89' lang='lat' dir='ltr'><strong>victore</strong></span> <span class='ocrx_word' id='word_1_203' title='bbox 1543 2603 1784 2657; x_wconf 80' lang='lat' dir='ltr'><strong>exercitu</strong></span> <span class='ocrx_word' id='word_1_204' title='bbox 1835 2603 2045 2675; x_wconf 76' lang='lat' dir='ltr'><strong>regredi</strong></span> 
     </span>
    </p>
   </div>
   <div class='ocr_carea' id='block_1_31' title="bbox 457 2687 2047 2764">
    <p class='ocr_par' dir='ltr' id='par_1_31' title="bbox 457 2687 2047 2764">
     <span class='ocr_line' id='line_1_31' title="bbox 457 2687 2047 2764; baseline 0.005 -22"><span class='ocrx_word' id='word_1_205' title='bbox 457 2687 743 2761; x_wconf 76' lang='lat' dir='ltr'><strong>festinans,</strong></span> <span class='ocrx_word' id='word_1_206' title='bbox 777 2689 905 2745; x_wconf 92' lang='lat' dir='ltr'><strong>dum</strong></span> <span class='ocrx_word' id='word_1_207' title='bbox 946 2689 1147 2747; x_wconf 88' lang='lat' dir='ltr'><strong>milites</strong></span> <span class='ocrx_word' id='word_1_208' title='bbox 1197 2707 1541 2763; x_wconf 87' lang='lat' dir='ltr'><strong>nequaquam</strong></span> <span class='ocrx_word' id='word_1_209' title='bbox 1589 2710 1617 2747; x_wconf 90' lang='lat' dir='ltr'><strong>a</strong></span> <span class='ocrx_word' id='word_1_210' title='bbox 1657 2696 1844 2764; x_wconf 86' lang='lat' dir='ltr'><strong>rapina</strong></span> <span class='ocrx_word' id='word_1_211' title='bbox 1893 2710 2047 2750; x_wconf 86' lang='lat' dir='ltr'><strong>coer-</strong></span> 
     </span>
    </p>
   </div>
   <div class='ocr_carea' id='block_1_32' title="bbox 453 2782 2048 2854">
    <p class='ocr_par' dir='ltr' id='par_1_32' title="bbox 453 2782 2048 2854">
     <span class='ocr_line' id='line_1_32' title="bbox 453 2782 2048 2854; baseline 0.006 -21"><span class='ocrx_word' id='word_1_212' title='bbox 453 2788 628 2847; x_wconf 89' lang='lat' dir='ltr'><strong>ceret,</strong></span> <span class='ocrx_word' id='word_1_213' title='bbox 652 2790 848 2839; x_wconf 87' lang='lat' dir='ltr'><strong>cuncta</strong></span> <span class='ocrx_word' id='word_1_214' title='bbox 899 2796 997 2853; x_wconf 89' lang='lat' dir='ltr'><strong>per</strong></span> <span class='ocrx_word' id='word_1_215' title='bbox 1039 2797 1162 2854; x_wconf 74' lang='lat' dir='ltr'><strong>qua:</strong></span> <span class='ocrx_word' id='word_1_216' title='bbox 1211 2784 1473 2840; x_wconf 86' lang='lat' dir='ltr'><strong>transitus</strong></span> <span class='ocrx_word' id='word_1_217' title='bbox 1513 2782 1633 2853; x_wconf 87' lang='lat' dir='ltr'><strong>fuit,</strong></span> <span class='ocrx_word' id='word_1_218' title='bbox 1666 2793 1876 2841; x_wconf 89' lang='lat' dir='ltr'><strong>vastata</strong></span> <span class='ocrx_word' id='word_1_219' title='bbox 1920 2786 2048 2842; x_wconf 88' lang='lat' dir='ltr'><strong>reli-</strong></span> 
     </span>
    </p>
   </div>
   <div class='ocr_carea' id='block_1_33' title="bbox 454 2873 1270 2942">
    <p class='ocr_par' dir='ltr' id='par_1_33' title="bbox 454 2873 1270 2942">
     <span class='ocr_line' id='line_1_33' title="bbox 454 2873 1270 2942; baseline 0.007 -17"><span class='ocrx_word' id='word_1_220' title='bbox 454 2873 594 2942; x_wconf 90' lang='lat' dir='ltr'><strong>quit.</strong></span> <span class='ocrx_word' id='word_1_221' title='bbox 1266 2904 1270 2908; x_wconf 29' lang='grc' dir='ltr'><strong>Α</strong></span> 
     </span>
    </p>
   </div>
   <div class='ocr_carea' id='block_1_34' title="bbox 1032 2966 1510 3026">
    <p class='ocr_par' dir='ltr' id='par_1_34' title="bbox 1032 2966 1510 3026">
     <span class='ocr_line' id='line_1_34' title="bbox 1032 2966 1510 3026; baseline 0.002 -2"><span class='ocrx_word' id='word_1_222' title='bbox 1032 2966 1264 3026; x_wconf 79' lang='lat' dir='ltr'><strong>CAPUT</strong></span> <span class='ocrx_word' id='word_1_223' title='bbox 1291 2968 1510 3025; x_wconf 78' lang='lat' dir='ltr'><strong>LXXII.</strong></span> 
     </span>
    </p>
   </div>
   <div class='ocr_carea' id='block_1_35' title="bbox 733 3056 1786 3129">
    <p class='ocr_par' dir='ltr' id='par_1_35' title="bbox 733 3056 1786 3129">
     <span class='ocr_line' id='line_1_35' title="bbox 733 3056 1786 3129; baseline 0.006 -17"><span class='ocrx_word' id='word_1_224' title='bbox 733 3056 813 3113; x_wconf 87' lang='lat' dir='ltr'><strong>De</strong></span> <span class='ocrx_word' id='word_1_225' title='bbox 843 3056 1099 3129; x_wconf 75' lang='lat' dir='ltr'><strong>Rigundis</strong></span> <span class='ocrx_word' id='word_1_226' title='bbox 1127 3062 1197 3114; x_wconf 87' lang='lat' dir='ltr'><strong>ad</strong></span> <span class='ocrx_word' id='word_1_227' title='bbox 1226 3073 1446 3117; x_wconf 80' lang='lat' dir='ltr'><strong>matrem</strong></span> <span class='ocrx_word' id='word_1_228' title='bbox 1480 3065 1786 3118; x_wconf 82' lang='lat' dir='ltr'><strong>revectione.</strong></span> 
     </span>
    </p>
   </div>
   <div class='ocr_carea' id='block_1_36' title="bbox 525 3146 2046 3224">
    <p class='ocr_par' dir='ltr' id='par_1_36' title="bbox 525 3146 2046 3224">
     <span class='ocr_line' id='line_1_36' title="bbox 525 3146 2046 3224; baseline 0.006 -23"><span class='ocrx_word' id='word_1_229' title='bbox 525 3146 626 3202; x_wconf 78' lang='lat' dir='ltr'><strong>llis</strong></span> <span class='ocrx_word' id='word_1_230' title='bbox 655 3147 867 3215; x_wconf 89' lang='lat' dir='ltr'><strong>diebus,</strong></span> <span class='ocrx_word' id='word_1_231' title='bbox 898 3149 1270 3221; x_wconf 81' lang='lat' dir='ltr'><strong>Fredegundis</strong></span> <span class='ocrx_word' id='word_1_232' title='bbox 1305 3153 1616 3224; x_wconf 86' lang='lat' dir='ltr'><strong>Cuppanem</strong></span> <span class='ocrx_word' id='word_1_233' title='bbox 1655 3153 2046 3210; x_wconf 88' lang='lat' dir='ltr'><strong>cubicularium</strong></span> 
     </span>
    </p>
   </div>
   <div class='ocr_carea' id='block_1_37' title="bbox 460 3237 2047 3314">
    <p class='ocr_par' dir='ltr' id='par_1_37' title="bbox 460 3237 2047 3314">
     <span class='ocr_line' id='line_1_37' title="bbox 460 3237 2047 3314; baseline 0.008 -25"><span class='ocrx_word' id='word_1_234' title='bbox 460 3250 617 3293; x_wconf 82' lang='lat' dir='ltr'><strong>suum</strong></span> <span class='ocrx_word' id='word_1_235' title='bbox 648 3237 902 3293; x_wconf 85' lang='lat' dir='ltr'><strong>Tolosam</strong></span> <span class='ocrx_word' id='word_1_236' title='bbox 943 3239 1167 3304; x_wconf 85' lang='lat' dir='ltr'><strong>direxit,</strong></span> <span class='ocrx_word' id='word_1_237' title='bbox 1194 3241 1599 3311; x_wconf 85' lang='lat' dir='ltr'><strong>exploraturum</strong></span> <span class='ocrx_word' id='word_1_238' title='bbox 1627 3259 1860 3314; x_wconf 89' lang='lat' dir='ltr'><strong>quonam</strong></span> <span class='ocrx_word' id='word_1_239' title='bbox 1886 3254 2047 3314; x_wconf 88' lang='lat' dir='ltr'><strong>pacto</strong></span> 
     </span>
    </p>
   </div>
   <div class='ocr_carea' id='block_1_38' title="bbox 456 3328 2049 3399">
    <p class='ocr_par' dir='ltr' id='par_1_38' title="bbox 456 3328 2049 3399">
     <span class='ocr_line' id='line_1_38' title="bbox 456 3328 2049 3399; baseline 0.004 -16"><span class='ocrx_word' id='word_1_240' title='bbox 456 3342 587 3399; x_wconf 89' lang='lat' dir='ltr'><strong>erga</strong></span> <span class='ocrx_word' id='word_1_241' title='bbox 623 3328 791 3386; x_wconf 84' lang='lat' dir='ltr'><strong>filiam</strong></span> <span class='ocrx_word' id='word_1_242' title='bbox 832 3345 985 3386; x_wconf 89' lang='lat' dir='ltr'><strong>suam</strong></span> <span class='ocrx_word' id='word_1_243' title='bbox 1015 3347 1105 3388; x_wconf 85' lang='lat' dir='ltr'><strong>res</strong></span> <span class='ocrx_word' id='word_1_244' title='bbox 1132 3346 1255 3388; x_wconf 89' lang='lat' dir='ltr'><strong>sese</strong></span> <span class='ocrx_word' id='word_1_245' title='bbox 1294 3333 1578 3390; x_wconf 87' lang='lat' dir='ltr'><strong>haberent.</strong></span> <span class='ocrx_word' id='word_1_246' title='bbox 1614 3335 1711 3391; x_wconf 91' lang='lat' dir='ltr'><strong>Cui</strong></span> <span class='ocrx_word' id='word_1_247' title='bbox 1749 3337 1912 3391; x_wconf 88' lang='lat' dir='ltr'><strong>etiam</strong></span> <span class='ocrx_word' id='word_1_248' title='bbox 1943 3338 2049 3394; x_wconf 91' lang='lat' dir='ltr'><strong>hoc</strong></span> 
     </span>
    </p>
   </div>
   <div class='ocr_carea' id='block_1_39' title="bbox 456 3420 2042 3496">
    <p class='ocr_par' dir='ltr' id='par_1_39' title="bbox 456 3420 2042 3496">
     <span class='ocr_line' id='line_1_39' title="bbox 456 3420 2042 3496; baseline 0.007 -22"><span class='ocrx_word' id='word_1_249' title='bbox 456 3420 731 3476; x_wconf 85' lang='lat' dir='ltr'><strong>commisit</strong></span> <span class='ocrx_word' id='word_1_250' title='bbox 773 3421 1012 3476; x_wconf 89' lang='lat' dir='ltr'><strong>mandati</strong></span> <span class='ocrx_word' id='word_1_251' title='bbox 1056 3429 1147 3487; x_wconf 91' lang='lat' dir='ltr'><strong>ut,</strong></span> <span class='ocrx_word' id='word_1_252' title='bbox 1197 3438 1520 3494; x_wconf 89' lang='lat' dir='ltr'><strong>quocunque</strong></span> <span class='ocrx_word' id='word_1_253' title='bbox 1558 3424 1765 3481; x_wconf 89' lang='lat' dir='ltr'><strong>valeret</strong></span> <span class='ocrx_word' id='word_1_254' title='bbox 1804 3426 2042 3496; x_wconf 86' lang='lat' dir='ltr'><strong>ingenio,</strong></span> 
     </span>
    </p>
   </div>
   <div class='ocr_carea' id='block_1_40' title="bbox 450 3508 2050 3581">
    <p class='ocr_par' dir='ltr' id='par_1_40' title="bbox 450 3508 2050 3581">
     <span class='ocr_line' id='line_1_40' title="bbox 450 3508 2050 3581; baseline 0.007 -19"><span class='ocrx_word' id='word_1_255' title='bbox 450 3524 577 3563; x_wconf 79' lang='lat' dir='ltr'><strong>eam</strong></span> <span class='ocrx_word' id='word_1_256' title='bbox 607 3508 674 3563; x_wconf 89' lang='lat' dir='ltr'><strong>ad</strong></span> <span class='ocrx_word' id='word_1_257' title='bbox 714 3521 965 3580; x_wconf 87' lang='lat' dir='ltr'><strong>patruum</strong></span> <span class='ocrx_word' id='word_1_258' title='bbox 1001 3512 1286 3567; x_wconf 87' lang='lat' dir='ltr'><strong>reveheret</strong></span> <span class='ocrx_word' id='word_1_259' title='bbox 1325 3512 1519 3568; x_wconf 89' lang='lat' dir='ltr'><strong>solum.</strong></span> <span class='ocrx_word' id='word_1_260' title='bbox 1549 3513 1650 3581; x_wconf 86' lang='lat' dir='ltr'><strong>Qui</strong></span> <span class='ocrx_word' id='word_1_261' title='bbox 1690 3515 1854 3572; x_wconf 89' lang='lat' dir='ltr'><strong>dictis</strong></span> <span class='ocrx_word' id='word_1_262' title='bbox 1880 3517 2050 3573; x_wconf 91' lang='lat' dir='ltr'><strong>obau-</strong></span> 
     </span>
    </p>
   </div>
   <div class='ocr_carea' id='block_1_41' title="bbox 456 3600 2046 3682">
    <p class='ocr_par' dir='ltr' id='par_1_41' title="bbox 456 3600 2046 3682">
     <span class='ocr_line' id='line_1_41' title="bbox 456 3600 2046 3682; baseline 0.007 -27"><span class='ocrx_word' id='word_1_263' title='bbox 456 3602 614 3657; x_wconf 84' lang='lat' dir='ltr'><strong>diens</strong></span> <span class='ocrx_word' id='word_1_264' title='bbox 655 3600 905 3658; x_wconf 73' lang='lat' dir='ltr'><strong>Tolosam</strong></span> <span class='ocrx_word' id='word_1_265' title='bbox 945 3604 1132 3674; x_wconf 89' lang='lat' dir='ltr'><strong>petiit,</strong></span> <span class='ocrx_word' id='word_1_266' title='bbox 1182 3606 1491 3676; x_wconf 67' lang='lat' dir='ltr'><strong>reginaeque</strong></span> <span class='ocrx_word' id='word_1_267' title='bbox 1532 3608 1699 3663; x_wconf 82' lang='lat' dir='ltr'><strong>ﬁliam</strong></span> <span class='ocrx_word' id='word_1_268' title='bbox 1745 3609 1802 3664; x_wconf 90' lang='lat' dir='ltr'><strong>iu</strong></span> <span class='ocrx_word' id='word_1_269' title='bbox 1851 3626 2046 3682; x_wconf 87' lang='lat' dir='ltr'><strong>magna</strong></span> 
     </span>
    </p>
   </div>
   <div class='ocr_carea' id='block_1_42' title="bbox 457 3692 2046 3771">
    <p class='ocr_par' dir='ltr' id='par_1_42' title="bbox 457 3692 2046 3771">
     <span class='ocr_line' id='line_1_42' title="bbox 457 3692 2046 3771; baseline 0.008 -23"><span class='ocrx_word' id='word_1_270' title='bbox 457 3692 835 3749; x_wconf 71' lang='lat' dir='ltr'><strong>tumiliatione</strong></span> <span class='ocrx_word' id='word_1_271' title='bbox 886 3696 1241 3751; x_wconf 86' lang='lat' dir='ltr'><strong>constitutam</strong></span> <span class='ocrx_word' id='word_1_272' title='bbox 1299 3697 1550 3764; x_wconf 78' lang='lat' dir='ltr'><strong>otl’endit;</strong></span> <span class='ocrx_word' id='word_1_273' title='bbox 1614 3708 1667 3755; x_wconf 87' lang='lat' dir='ltr'><strong>et</strong></span> <span class='ocrx_word' id='word_1_274' title='bbox 1703 3701 1754 3756; x_wconf 92' lang='lat' dir='ltr'><strong>in</strong></span> <span class='ocrx_word' id='word_1_275' title='bbox 1782 3712 2046 3771; x_wconf 84' lang='lat' dir='ltr'><strong>quantum</strong></span> 
     </span>
    </p>
   </div>
   <div class='ocr_carea' id='block_1_43' title="bbox 460 3783 1902 3855">
    <p class='ocr_par' dir='ltr' id='par_1_43' title="bbox 460 3783 1902 3855">
     <span class='ocr_line' id='line_1_43' title="bbox 460 3783 1902 3855; baseline 0.006 -16"><span class='ocrx_word' id='word_1_276' title='bbox 460 3799 631 3855; x_wconf 83' lang='lat' dir='ltr'><strong>posse</strong></span> <span class='ocrx_word' id='word_1_277' title='bbox 658 3784 738 3841; x_wconf 89' lang='lat' dir='ltr'><strong>illi</strong></span> <span class='ocrx_word' id='word_1_278' title='bbox 768 3783 962 3852; x_wconf 81' lang='lat' dir='ltr'><strong>adfuit,</strong></span> <span class='ocrx_word' id='word_1_279' title='bbox 991 3788 1058 3843; x_wconf 89' lang='lat' dir='ltr'><strong>ad</strong></span> <span class='ocrx_word' id='word_1_280' title='bbox 1092 3798 1325 3844; x_wconf 90' lang='lat' dir='ltr'><strong>matrem</strong></span> <span class='ocrx_word' id='word_1_281' title='bbox 1355 3789 1640 3847; x_wconf 88' lang='lat' dir='ltr'><strong>celerrime</strong></span> <span class='ocrx_word' id='word_1_282' title='bbox 1667 3792 1902 3849; x_wconf 81' lang='lat' dir='ltr'><strong>devexit.</strong></span> 
     </span>
    </p>
   </div>
   <div class='ocr_carea' id='block_1_44' title="bbox 1008 3896 1508 3955">
    <p class='ocr_par' dir='ltr' id='par_1_44' title="bbox 1008 3896 1508 3955">
     <span class='ocr_line' id='line_1_44' title="bbox 1008 3896 1508 3955; baseline 0.004 -2"><span class='ocrx_word' id='word_1_283' title='bbox 1008 3896 1239 3954; x_wconf 83' lang='lat' dir='ltr'><strong>CAPUT</strong></span> <span class='ocrx_word' id='word_1_284' title='bbox 1274 3898 1508 3955; x_wconf 78' lang='lat' dir='ltr'><strong>LXXIII.</strong></span> 
     </span>
    </p>
   </div>
   <div class='ocr_carea' id='block_1_45' title="bbox 457 3985 2044 4059">
    <p class='ocr_par' dir='ltr' id='par_1_45' title="bbox 457 3985 2044 4059">
     <span class='ocr_line' id='line_1_45' title="bbox 457 3985 2044 4059; baseline 0.008 -19"><span class='ocrx_word' id='word_1_285' title='bbox 457 3986 537 4041; x_wconf 86' lang='lat' dir='ltr'><strong>De</strong></span> <span class='ocrx_word' id='word_1_286' title='bbox 567 3985 846 4044; x_wconf 57' lang='grc' dir='ltr'><strong>Μαθηωοιὲ</strong></span> <span class='ocrx_word' id='word_1_287' title='bbox 885 3989 1038 4044; x_wconf 77' lang='lat' dir='ltr'><strong>rebus</strong></span> <span class='ocrx_word' id='word_1_288' title='bbox 1086 3990 1214 4059; x_wconf 83' lang='lat' dir='ltr'><strong>ﬁsco</strong></span> <span class='ocrx_word' id='word_1_289' title='bbox 1261 3991 1506 4055; x_wconf 76' lang='lat' dir='ltr'><strong>addictis,</strong></span> <span class='ocrx_word' id='word_1_290' title='bbox 1537 4001 1585 4047; x_wconf 85' lang='lat' dir='ltr'><strong>et</strong></span> <span class='ocrx_word' id='word_1_291' title='bbox 1629 3992 1809 4049; x_wconf 77' lang='lat' dir='ltr'><strong>Italia:</strong></span> <span class='ocrx_word' id='word_1_292' title='bbox 1845 3995 2044 4053; x_wconf 82' lang='lat' dir='ltr'><strong>diluvio</strong></span> 
     </span>
    </p>
   </div>
   <div class='ocr_carea' id='block_1_46' title="bbox 953 4063 1558 4131">
    <p class='ocr_par' dir='ltr' id='par_1_46' title="bbox 953 4063 1558 4131">
     <span class='ocr_line' id='line_1_46' title="bbox 953 4063 1558 4131; baseline 0.007 -18"><span class='ocrx_word' id='word_1_293' title='bbox 953 4076 1143 4130; x_wconf 85' lang='lat' dir='ltr'><strong>magno</strong></span> <span class='ocrx_word' id='word_1_294' title='bbox 1167 4071 1214 4114; x_wconf 87' lang='lat' dir='ltr'><strong>et</strong></span> <span class='ocrx_word' id='word_1_295' title='bbox 1242 4063 1558 4131; x_wconf 76' lang='lat' dir='ltr'><strong>pestilentia.</strong></span> 
     </span>
    </p>
   </div>
   <div class='ocr_carea' id='block_1_47' title="bbox 528 4148 2046 4215">
    <p class='ocr_par' dir='ltr' id='par_1_47' title="bbox 528 4148 2046 4215">
     <span class='ocr_line' id='line_1_47' title="bbox 528 4148 2046 4215; baseline 0.005 -10"><span class='ocrx_word' id='word_1_296' title='bbox 528 4148 880 4206; x_wconf 83' lang='lat' dir='ltr'><strong>Guntraunus</strong></span> <span class='ocrx_word' id='word_1_297' title='bbox 920 4165 1070 4215; x_wconf 87' lang='lat' dir='ltr'><strong>vero,</strong></span> <span class='ocrx_word' id='word_1_298' title='bbox 1106 4154 1390 4207; x_wconf 77' lang='lat' dir='ltr'><strong>thesauros</strong></span> <span class='ocrx_word' id='word_1_299' title='bbox 1417 4153 1693 4211; x_wconf 83' lang='lat' dir='ltr'><strong>Mummoli</strong></span> <span class='ocrx_word' id='word_1_300' title='bbox 1743 4155 1848 4212; x_wconf 89' lang='lat' dir='ltr'><strong>sibi</strong></span> <span class='ocrx_word' id='word_1_301' title='bbox 1894 4157 2046 4214; x_wconf 78' lang='lat' dir='ltr'><strong>exhi-</strong></span> 
     </span>
    </p>
   </div>
   <div class='ocr_carea' id='block_1_48' title="bbox 455 4234 2045 4318">
    <p class='ocr_par' dir='ltr' id='par_1_48' title="bbox 455 4234 2045 4318">
     <span class='ocr_line' id='line_1_48' title="bbox 455 4234 2045 4318; baseline 0.008 -27"><span class='ocrx_word' id='word_1_302' title='bbox 455 4234 571 4293; x_wconf 88' lang='lat' dir='ltr'><strong>beri</strong></span> <span class='ocrx_word' id='word_1_303' title='bbox 597 4241 939 4310; x_wconf 72' lang='lat' dir='ltr'><strong>prrecipiens,</strong></span> <span class='ocrx_word' id='word_1_304' title='bbox 966 4242 1123 4297; x_wconf 78' lang='lat' dir='ltr'><strong>uxori</strong></span> <span class='ocrx_word' id='word_1_305' title='bbox 1151 4242 1291 4313; x_wconf 84' lang='lat' dir='ltr'><strong>ejus,</strong></span> <span class='ocrx_word' id='word_1_306' title='bbox 1320 4253 1547 4312; x_wconf 90' lang='lat' dir='ltr'><strong>propter</strong></span> <span class='ocrx_word' id='word_1_307' title='bbox 1575 4245 1911 4302; x_wconf 82' lang='lat' dir='ltr'><strong>nobilitatem</strong></span> <span class='ocrx_word' id='word_1_308' title='bbox 1939 4262 2045 4318; x_wconf 86' lang='lat' dir='ltr'><strong>qua</strong></span> 
     </span>
    </p>
   </div>
   <div class='ocr_carea' id='block_1_49' title="bbox 456 4328 2045 4404">
    <p class='ocr_par' dir='ltr' id='par_1_49' title="bbox 456 4328 2045 4404">
     <span class='ocr_line' id='line_1_49' title="bbox 456 4328 2045 4404; baseline 0.008 -23"><span class='ocrx_word' id='word_1_309' title='bbox 456 4328 694 4397; x_wconf 87' lang='lat' dir='ltr'><strong>pollebat</strong></span> <span class='ocrx_word' id='word_1_310' title='bbox 738 4333 973 4401; x_wconf 83' lang='lat' dir='ltr'><strong>generis,</strong></span> <span class='ocrx_word' id='word_1_311' title='bbox 1001 4347 1064 4387; x_wconf 88' lang='lat' dir='ltr'><strong>ea</strong></span> <span class='ocrx_word' id='word_1_312' title='bbox 1096 4348 1219 4403; x_wconf 84' lang='lat' dir='ltr'><strong>quae</strong></span> <span class='ocrx_word' id='word_1_313' title='bbox 1247 4350 1345 4404; x_wconf 92' lang='lat' dir='ltr'><strong>per</strong></span> <span class='ocrx_word' id='word_1_314' title='bbox 1377 4335 1738 4391; x_wconf 90' lang='lat' dir='ltr'><strong>arrhabonem</strong></span> <span class='ocrx_word' id='word_1_315' title='bbox 1770 4347 2045 4394; x_wconf 88' lang='lat' dir='ltr'><strong>meruerat</strong></span> 
     </span>
    </p>
   </div>
   <div class='ocr_carea' id='block_1_50' title="bbox 458 4420 2122 4497">
    <p class='ocr_par' dir='ltr' id='par_1_50' title="bbox 458 4420 2122 4497">
     <span class='ocr_line' id='line_1_50' title="bbox 458 4420 2122 4497; baseline 0.007 -25"><span class='ocrx_word' id='word_1_316' title='bbox 458 4420 752 4474; x_wconf 89' lang='lat' dir='ltr'><strong>concessit.</strong></span> <span class='ocrx_word' id='word_1_317' title='bbox 806 4420 1049 4477; x_wconf 84' lang='lat' dir='ltr'><strong>Fuerunt</strong></span> <span class='ocrx_word' id='word_1_318' title='bbox 1099 4433 1281 4479; x_wconf 89' lang='lat' dir='ltr'><strong>autem</strong></span> <span class='ocrx_word' id='word_1_319' title='bbox 1330 4421 1387 4480; x_wconf 88' lang='lat' dir='ltr'><strong>iu</strong></span> <span class='ocrx_word' id='word_1_320' title='bbox 1436 4426 1708 4482; x_wconf 88' lang='lat' dir='ltr'><strong>thesauris</strong></span> <span class='ocrx_word' id='word_1_321' title='bbox 1760 4430 2122 4497; x_wconf 82' lang='lat' dir='ltr'><strong>memoratiD</strong></span> 
     </span>
    </p>
   </div>
   <div class='ocr_carea' id='block_1_51' title="bbox 457 4508 2045 4584">
    <p class='ocr_par' dir='ltr' id='par_1_51' title="bbox 457 4508 2045 4584">
     <span class='ocr_line' id='line_1_51' title="bbox 457 4508 2045 4584; baseline 0.006 -20"><span class='ocrx_word' id='word_1_322' title='bbox 457 4508 609 4565; x_wconf 81' lang='lat' dir='ltr'><strong>ducis</strong></span> <span class='ocrx_word' id='word_1_323' title='bbox 636 4510 833 4566; x_wconf 87' lang='lat' dir='ltr'><strong>talenta</strong></span> <span class='ocrx_word' id='word_1_324' title='bbox 865 4513 981 4567; x_wconf 90' lang='lat' dir='ltr'><strong>auri</strong></span> <span class='ocrx_word' id='word_1_325' title='bbox 1019 4529 1150 4578; x_wconf 78' lang='lat' dir='ltr'><strong>xxx,</strong></span> <span class='ocrx_word' id='word_1_326' title='bbox 1175 4516 1387 4584; x_wconf 87' lang='lat' dir='ltr'><strong>argenti</strong></span> <span class='ocrx_word' id='word_1_327' title='bbox 1415 4531 1500 4571; x_wconf 87' lang='lat' dir='ltr'><strong>cc.</strong></span> <span class='ocrx_word' id='word_1_328' title='bbox 1533 4516 1663 4584; x_wconf 74' lang='lat' dir='ltr'><strong>Quae</strong></span> <span class='ocrx_word' id='word_1_329' title='bbox 1691 4520 1872 4573; x_wconf 88' lang='lat' dir='ltr'><strong>omnia</strong></span> <span class='ocrx_word' id='word_1_330' title='bbox 1894 4518 2045 4575; x_wconf 78' lang='lat' dir='ltr'><strong>Gun-</strong></span> 
     </span>
    </p>
   </div>
   <div class='ocr_carea' id='block_1_52' title="bbox 457 4600 2043 4677">
    <p class='ocr_par' dir='ltr' id='par_1_52' title="bbox 457 4600 2043 4677">
     <span class='ocr_line' id='line_1_52' title="bbox 457 4600 2043 4677; baseline 0.009 -26"><span class='ocrx_word' id='word_1_331' title='bbox 457 4607 704 4666; x_wconf 87' lang='lat' dir='ltr'><strong>trannus,</strong></span> <span class='ocrx_word' id='word_1_332' title='bbox 733 4600 1194 4669; x_wconf 19' lang='lat' dir='ltr'><strong>etIChildebertus</strong></span> <span class='ocrx_word' id='word_1_333' title='bbox 1241 4620 1408 4674; x_wconf 89' lang='lat' dir='ltr'><strong>nepos</strong></span> <span class='ocrx_word' id='word_1_334' title='bbox 1445 4607 1586 4675; x_wconf 84' lang='lat' dir='ltr'><strong>ejus,</strong></span> <span class='ocrx_word' id='word_1_335' title='bbox 1620 4609 1827 4677; x_wconf 89' lang='lat' dir='ltr'><strong>partiti,</strong></span> <span class='ocrx_word' id='word_1_336' title='bbox 1861 4609 2043 4665; x_wconf 87' lang='lat' dir='ltr'><strong>Clota-</strong></span> 
     </span>
    </p>
   </div>
   <div class='ocr_carea' id='block_1_53' title="bbox 459 4689 2044 4769">
    <p class='ocr_par' dir='ltr' id='par_1_53' title="bbox 459 4689 2044 4769">
     <span class='ocr_line' id='line_1_53' title="bbox 459 4689 2044 4769; baseline 0.008 -28"><span class='ocrx_word' id='word_1_337' title='bbox 459 4689 600 4743; x_wconf 89' lang='lat' dir='ltr'><strong>rium</strong></span> <span class='ocrx_word' id='word_1_338' title='bbox 643 4700 800 4745; x_wconf 81' lang='lat' dir='ltr'><strong>extra</strong></span> <span class='ocrx_word' id='word_1_339' title='bbox 846 4701 1055 4761; x_wconf 89' lang='lat' dir='ltr'><strong>partem</strong></span> <span class='ocrx_word' id='word_1_340' title='bbox 1102 4695 1523 4750; x_wconf 87' lang='lat' dir='ltr'><strong>constituerunt.</strong></span> <span class='ocrx_word' id='word_1_341' title='bbox 1571 4696 1643 4750; x_wconf 85' lang='lat' dir='ltr'><strong>Ea</strong></span> <span class='ocrx_word' id='word_1_342' title='bbox 1696 4706 1873 4752; x_wconf 90' lang='lat' dir='ltr'><strong>tamen</strong></span> <span class='ocrx_word' id='word_1_343' title='bbox 1922 4714 2044 4769; x_wconf 67' lang='lat' dir='ltr'><strong>quae</strong></span> 
     </span>
    </p>
   </div>
   <div class='ocr_carea' id='block_1_54' title="bbox 437 4777 2041 4857">
    <p class='ocr_par' dir='ltr' id='par_1_54' title="bbox 437 4777 2041 4857">
     <span class='ocr_line' id='line_1_54' title="bbox 437 4777 2041 4857; baseline 0.007 -23"><span class='ocrx_word' id='word_1_344' title='bbox 437 4777 779 4857; x_wconf 55' lang='lat' dir='ltr'><strong>,Guntranno</strong></span> <span class='ocrx_word' id='word_1_345' title='bbox 815 4783 930 4852; x_wconf 83' lang='lat' dir='ltr'><strong>regi</strong></span> <span class='ocrx_word' id='word_1_346' title='bbox 973 4793 1288 4850; x_wconf 85' lang='lat' dir='ltr'><strong>evenerant,</strong></span> <span class='ocrx_word' id='word_1_347' title='bbox 1320 4784 1388 4839; x_wconf 84' lang='lat' dir='ltr'><strong>ab</strong></span> <span class='ocrx_word' id='word_1_348' title='bbox 1436 4787 1551 4857; x_wconf 92' lang='lat' dir='ltr'><strong>ipso</strong></span> <span class='ocrx_word' id='word_1_349' title='bbox 1587 4787 1910 4845; x_wconf 84' lang='lat' dir='ltr'><strong>utilitatibus</strong></span> <span class='ocrx_word' id='word_1_350' title='bbox 1949 4790 2041 4846; x_wconf 84' lang='lat' dir='ltr'><strong>Dei</strong></span> 
     </span>
    </p>
   </div>
   <div class='ocr_carea' id='block_1_55' title="bbox 437 4853 2042 4936">
    <p class='ocr_par' dir='ltr' id='par_1_55' title="bbox 437 4853 2042 4936">
     <span class='ocr_line' id='line_1_55' title="bbox 437 4853 2042 4936; baseline 0.008 -13"><span class='ocrx_word' id='word_1_351' title='bbox 437 4853 809 4927; x_wconf 58' lang='lat' dir='ltr'><strong>&#39;ccclesiarum</strong></span> <span class='ocrx_word' id='word_1_352' title='bbox 841 4874 1129 4931; x_wconf 90' lang='lat' dir='ltr'><strong>distributa</strong></span> <span class='ocrx_word' id='word_1_353' title='bbox 1159 4886 1304 4931; x_wconf 90' lang='lat' dir='ltr'><strong>sunt.</strong></span> <span class='ocrx_word' id='word_1_354' title='bbox 1333 4853 1620 4932; x_wconf 78' lang='lat' dir='ltr'><strong>Enimvero</strong></span> <span class='ocrx_word' id='word_1_355' title='bbox 1652 4879 1863 4936; x_wconf 87' lang='lat' dir='ltr'><strong>oblatus</strong></span> <span class='ocrx_word' id='word_1_356' title='bbox 1884 4890 1967 4935; x_wconf 87' lang='lat' dir='ltr'><strong>est</strong></span> <span class='ocrx_word' id='word_1_357' title='bbox 1991 4882 2042 4936; x_wconf 89' lang='lat' dir='ltr'><strong>ei</strong></span> 
     </span>
    </p>
   </div>
   <div class='ocr_carea' id='block_1_56' title="bbox 458 4959 2042 5035">
    <p class='ocr_par' dir='ltr' id='par_1_56' title="bbox 458 4959 2042 5035">
     <span class='ocr_line' id='line_1_56' title="bbox 458 4959 2042 5035; baseline 0.008 -23"><span class='ocrx_word' id='word_1_358' title='bbox 458 4972 524 5024; x_wconf 75' lang='lat' dir='ltr'><strong>ex</strong></span> <span class='ocrx_word' id='word_1_359' title='bbox 562 4959 766 5016; x_wconf 85' lang='lat' dir='ltr'><strong>familia</strong></span> <span class='ocrx_word' id='word_1_360' title='bbox 793 4961 905 5031; x_wconf 90' lang='lat' dir='ltr'><strong>jam</strong></span> <span class='ocrx_word' id='word_1_361' title='bbox 936 4965 1064 5019; x_wconf 90' lang='lat' dir='ltr'><strong>dicti</strong></span> <span class='ocrx_word' id='word_1_362' title='bbox 1095 4965 1386 5035; x_wconf 90' lang='lat' dir='ltr'><strong>principis,</strong></span> <span class='ocrx_word' id='word_1_363' title='bbox 1432 4967 1573 5021; x_wconf 91' lang='lat' dir='ltr'><strong>inter</strong></span> <span class='ocrx_word' id='word_1_364' title='bbox 1611 4979 1905 5024; x_wconf 85' lang='lat' dir='ltr'><strong>memorata</strong></span> <span class='ocrx_word' id='word_1_365' title='bbox 1944 4973 2042 5026; x_wconf 62' lang='lat' dir='ltr'><strong>se~</strong></span> 
     </span>
    </p>
   </div>
   <div class='ocr_carea' id='block_1_57' title="bbox 458 5047 2041 5124">
    <p class='ocr_par' dir='ltr' id='par_1_57' title="bbox 458 5047 2041 5124">
     <span class='ocr_line' id='line_1_57' title="bbox 458 5047 2041 5124; baseline 0.009 -26"><span class='ocrx_word' id='word_1_366' title='bbox 458 5047 571 5110; x_wconf 91' lang='lat' dir='ltr'><strong>nia,</strong></span> <span class='ocrx_word' id='word_1_367' title='bbox 601 5048 762 5104; x_wconf 88' lang='lat' dir='ltr'><strong>homo</strong></span> <span class='ocrx_word' id='word_1_368' title='bbox 792 5060 900 5105; x_wconf 88' lang='lat' dir='ltr'><strong>tam</strong></span> <span class='ocrx_word' id='word_1_369' title='bbox 925 5051 1177 5107; x_wconf 90' lang='lat' dir='ltr'><strong>immensi</strong></span> <span class='ocrx_word' id='word_1_370' title='bbox 1209 5054 1453 5124; x_wconf 89' lang='lat' dir='ltr'><strong>corporis</strong></span> <span class='ocrx_word' id='word_1_371' title='bbox 1480 5064 1539 5109; x_wconf 91' lang='lat' dir='ltr'><strong>ut</strong></span> <span class='ocrx_word' id='word_1_372' title='bbox 1567 5056 1796 5110; x_wconf 90' lang='lat' dir='ltr'><strong>aliorum</strong></span> <span class='ocrx_word' id='word_1_373' title='bbox 1836 5066 2041 5113; x_wconf 87' lang='lat' dir='ltr'><strong>statum</strong></span> 
     </span>
    </p>
   </div>
   <div class='ocr_carea' id='block_1_58' title="bbox 454 5133 2042 5214">
    <p class='ocr_par' dir='ltr' id='par_1_58' title="bbox 454 5133 2042 5214">
     <span class='ocr_line' id='line_1_58' title="bbox 454 5133 2042 5214; baseline 0.008 -25"><span class='ocrx_word' id='word_1_374' title='bbox 454 5133 740 5197; x_wconf 76' lang='lat' dir='ltr'><strong>hominum</strong></span> <span class='ocrx_word' id='word_1_375' title='bbox 766 5139 926 5193; x_wconf 91' lang='lat' dir='ltr'><strong>trium</strong></span> <span class='ocrx_word' id='word_1_376' title='bbox 957 5141 1245 5196; x_wconf 81' lang='lat' dir='ltr'><strong>excederet</strong></span> <span class='ocrx_word' id='word_1_377' title='bbox 1276 5157 1530 5197; x_wconf 84' lang='lat' dir='ltr'><strong>mensura</strong></span> <span class='ocrx_word' id='word_1_378' title='bbox 1556 5143 1772 5214; x_wconf 90' lang='lat' dir='ltr'><strong>pedum.</strong></span> <span class='ocrx_word' id='word_1_379' title='bbox 1800 5146 1876 5201; x_wconf 89' lang='lat' dir='ltr'><strong>Eo</strong></span> <span class='ocrx_word' id='word_1_380' title='bbox 1907 5155 2042 5202; x_wconf 87' lang='lat' dir='ltr'><strong>tem-</strong></span> 
     </span>
    </p>
   </div>
   <div class='ocr_carea' id='block_1_59' title="bbox 458 5226 2043 5282">
    <p class='ocr_par' dir='ltr' id='par_1_59' title="bbox 458 5226 2043 5282">
     <span class='ocr_line' id='line_1_59' title="bbox 458 5226 2043 5282; baseline 0 0"><span class='ocrx_word' id='word_1_381' title='bbox 458 5237 623 5282; x_wconf 72' lang='grc' dir='ltr'>ὓΟιὍ.</span> <span class='ocrx_word' id='word_1_382' title='bbox 671 5226 897 5282; x_wconf 87' lang='lat' dir='ltr'><strong>Authari</strong></span> <span class='ocrx_word' id='word_1_383' title='bbox 944 5246 1106 5282; x_wconf 76' lang='lat' dir='ltr'><strong>super</strong></span> <span class='ocrx_word' id='word_1_384' title='bbox 1151 5230 1540 5282; x_wconf 80' lang='lat' dir='ltr'><strong>Lontmbardos</strong></span> <span class='ocrx_word' id='word_1_385' title='bbox 1590 5245 1878 5282; x_wconf 67' lang='lat' dir='ltr'><strong>regnante-</strong></span> <span class='ocrx_word' id='word_1_386' title='bbox 1942 5238 2043 5282; x_wconf 79' lang='lat' dir='ltr'><strong>fuit</strong></span> 
     </span>
    </p>
   </div>
   <div class='ocr_carea' id='block_1_60' title="bbox 2143 679 3725 761">
    <p class='ocr_par' dir='ltr' id='par_1_60' title="bbox 2143 679 3725 761">
     <span class='ocr_line' id='line_1_60' title="bbox 2143 679 3725 761; baseline 0.009 -26"><span class='ocrx_word' id='word_1_387' title='bbox 2143 679 2417 751; x_wconf 81' lang='lat' dir='ltr'><strong>Pelagium</strong></span> <span class='ocrx_word' id='word_1_388' title='bbox 2457 683 2686 753; x_wconf 88' lang='lat' dir='ltr'><strong>perculit</strong></span> <span class='ocrx_word' id='word_1_389' title='bbox 2731 692 2787 739; x_wconf 90' lang='lat' dir='ltr'><strong>et</strong></span> <span class='ocrx_word' id='word_1_390' title='bbox 2823 686 2943 740; x_wconf 90' lang='lat' dir='ltr'><strong>sine</strong></span> <span class='ocrx_word' id='word_1_391' title='bbox 2982 701 3133 741; x_wconf 83' lang='lat' dir='ltr'><strong>mora</strong></span> <span class='ocrx_word' id='word_1_392' title='bbox 3170 690 3454 746; x_wconf 82' lang='lat' dir='ltr'><strong>exstinxit.</strong></span> <span class='ocrx_word' id='word_1_393' title='bbox 3495 691 3725 761; x_wconf 77' lang='lat' dir='ltr'><strong>Deinde,</strong></span> 
     </span>
    </p>
   </div>
   <div class='ocr_carea' id='block_1_61' title="bbox 2143 773 3475 847">
    <p class='ocr_par' dir='ltr' id='par_1_61' title="bbox 2143 773 3475 847">
     <span class='ocr_line' id='line_1_61' title="bbox 2143 773 3475 847; baseline 0.008 -22"><span class='ocrx_word' id='word_1_394' title='bbox 2143 782 2365 842; x_wconf 88' lang='lat' dir='ltr'><strong>pastore</strong></span> <span class='ocrx_word' id='word_1_395' title='bbox 2389 773 2734 845; x_wconf 85' lang='lat' dir='ltr'><strong>interempto,</strong></span> <span class='ocrx_word' id='word_1_396' title='bbox 2759 791 2817 831; x_wconf 91' lang='lat' dir='ltr'><strong>se</strong></span> <span class='ocrx_word' id='word_1_397' title='bbox 2846 777 2900 831; x_wconf 92' lang='lat' dir='ltr'><strong>in</strong></span> <span class='ocrx_word' id='word_1_398' title='bbox 2926 778 3151 847; x_wconf 86' lang='lat' dir='ltr'><strong>populos</strong></span> <span class='ocrx_word' id='word_1_399' title='bbox 3176 780 3440 835; x_wconf 82' lang='lat' dir='ltr'><strong>extendit.</strong></span> <span class='ocrx_word' id='word_1_400' title='bbox 3472 814 3475 815; x_wconf 52' lang='grc' dir='ltr'><em>ν</em></span> 
     </span>
    </p>
   </div>
   <div class='ocr_carea' id='block_1_62' title="bbox 2682 882 3185 941">
    <p class='ocr_par' dir='ltr' id='par_1_62' title="bbox 2682 882 3185 941">
     <span class='ocr_line' id='line_1_62' title="bbox 2682 882 3185 941; baseline 0.008 -4"><span class='ocrx_word' id='word_1_401' title='bbox 2682 882 2910 939; x_wconf 80' lang='lat' dir='ltr'><strong>CAPUT</strong></span> <span class='ocrx_word' id='word_1_402' title='bbox 2949 884 3185 941; x_wconf 78' lang='lat' dir='ltr'><strong>LXXIV.</strong></span> 
     </span>
    </p>
   </div>
   <div class='ocr_carea' id='block_1_63' title="bbox 2146 967 3730 1053">
    <p class='ocr_par' dir='ltr' id='par_1_63' title="bbox 2146 967 3730 1053">
     <span class='ocr_line' id='line_1_63' title="bbox 2146 967 3730 1053; baseline 0.009 -30"><span class='ocrx_word' id='word_1_403' title='bbox 2146 967 2226 1023; x_wconf 84' lang='lat' dir='ltr'><strong>De</strong></span> <span class='ocrx_word' id='word_1_404' title='bbox 2248 969 2405 1053; x_wconf 53' lang='lat' dir='ltr'><strong>beati</strong></span> <span class='ocrx_word' id='word_1_405' title='bbox 2426 968 2665 1042; x_wconf 81' lang='lat' dir='ltr'><strong>Gregorii</strong></span> <span class='ocrx_word' id='word_1_406' title='bbox 2721 977 2783 1053; x_wconf 78' lang='lat' dir='ltr'><strong>it_</strong></span> <span class='ocrx_word' id='word_1_407' title='bbox 2817 992 3008 1053; x_wconf 66' lang='lat' dir='ltr'><strong>papam</strong></span> <span class='ocrx_word' id='word_1_408' title='bbox 3061 978 3333 1053; x_wconf 74' lang='lat' dir='ltr'><strong>electione,</strong></span> <span class='ocrx_word' id='word_1_409' title='bbox 3359 992 3406 1035; x_wconf 88' lang='lat' dir='ltr'><strong>et</strong></span> <span class='ocrx_word' id='word_1_410' title='bbox 3433 978 3730 1053; x_wconf 74' lang='lat' dir='ltr'><strong>Anglorum</strong></span> 
     </span>
    </p>
   </div>
   <div class='ocr_carea' id='block_1_64' title="bbox 2180 1040 3705 1114">
    <p class='ocr_par' dir='ltr' id='par_1_64' title="bbox 2180 1040 3705 1114">
     <span class='ocr_line' id='line_1_64' title="bbox 2180 1040 3705 1114; baseline 0.01 -21"><span class='ocrx_word' id='word_1_411' title='bbox 2180 1056 2273 1094; x_wconf 72' lang='lat' dir='ltr'><strong>seu</strong></span> <span class='ocrx_word' id='word_1_412' title='bbox 2308 1040 2692 1097; x_wconf 80' lang='lat' dir='ltr'><strong>Britannorum</strong></span> <span class='ocrx_word' id='word_1_413' title='bbox 2714 1046 2783 1098; x_wconf 85' lang='lat' dir='ltr'><strong>ad</strong></span> <span class='ocrx_word' id='word_1_414' title='bbox 2814 1040 2974 1114; x_wconf 72' lang='lat' dir='ltr'><strong>ﬁdem</strong></span> <span class='ocrx_word' id='word_1_415' title='bbox 3003 1040 3329 1104; x_wconf 63' lang='lat' dir='ltr'><strong>catholicam</strong></span> <span class='ocrx_word' id='word_1_416' title='bbox 3341 1040 3705 1108; x_wconf 39' lang='lat' dir='ltr'><strong>conversione:</strong></span> 
     </span>
    </p>
   </div>
   <div class='ocr_carea' id='block_1_65' title="bbox 2136 1129 3728 1214">
    <p class='ocr_par' dir='ltr' id='par_1_65' title="bbox 2136 1129 3728 1214">
     <span class='ocr_line' id='line_1_65' title="bbox 2136 1129 3728 1214; baseline 0.013 -32"><span class='ocrx_word' id='word_1_417' title='bbox 2136 1164 2143 1170; x_wconf 65' lang='grc' dir='ltr'>ι</span> <span class='ocrx_word' id='word_1_418' title='bbox 2216 1129 2356 1185; x_wconf 87' lang='lat' dir='ltr'><strong>Dum</strong></span> <span class='ocrx_word' id='word_1_419' title='bbox 2389 1133 2554 1204; x_wconf 88' lang='lat' dir='ltr'><strong>igitur</strong></span> <span class='ocrx_word' id='word_1_420' title='bbox 2577 1144 2726 1190; x_wconf 87' lang='lat' dir='ltr'><strong>tanta</strong></span> <span class='ocrx_word' id='word_1_421' title='bbox 2760 1136 3038 1195; x_wconf 90' lang='lat' dir='ltr'><strong>tribulatio</strong></span> <span class='ocrx_word' id='word_1_422' title='bbox 3069 1140 3325 1197; x_wconf 86' lang='lat' dir='ltr'><strong>miseram</strong></span> <span class='ocrx_word' id='word_1_423' title='bbox 3358 1156 3728 1214; x_wconf 84' lang='lat' dir='ltr'><strong>quateretur-</strong></span> 
     </span>
    </p>
   </div>
   <div class='ocr_carea' id='block_1_66' title="bbox 2146 1217 3730 1297">
    <p class='ocr_par' dir='ltr' id='par_1_66' title="bbox 2146 1217 3730 1297">
     <span class='ocr_line' id='line_1_66' title="bbox 2146 1217 3730 1297; baseline 0.009 -21"><span class='ocrx_word' id='word_1_424' title='bbox 2146 1217 2301 1286; x_wconf 85' lang='lat' dir='ltr'><strong>hem,</strong></span> <span class='ocrx_word' id='word_1_425' title='bbox 2325 1223 2515 1277; x_wconf 89' lang='lat' dir='ltr'><strong>beatus</strong></span> <span class='ocrx_word' id='word_1_426' title='bbox 2536 1222 2861 1294; x_wconf 84' lang='lat' dir='ltr'><strong>Gregorius,</strong></span> <span class='ocrx_word' id='word_1_427' title='bbox 2903 1231 2994 1297; x_wconf 92' lang='lat' dir='ltr'><strong>qui</strong></span> <span class='ocrx_word' id='word_1_428' title='bbox 3024 1238 3152 1285; x_wconf 90' lang='lat' dir='ltr'><strong>tunc</strong></span> <span class='ocrx_word' id='word_1_429' title='bbox 3196 1231 3357 1287; x_wconf 79' lang='lat' dir='ltr'><strong>levita</strong></span> <span class='ocrx_word' id='word_1_430' title='bbox 3393 1243 3515 1288; x_wconf 88' lang='lat' dir='ltr'><strong>erat</strong></span> <span class='ocrx_word' id='word_1_431' title='bbox 3546 1244 3604 1289; x_wconf 88' lang='lat' dir='ltr'><strong>et</strong></span> <span class='ocrx_word' id='word_1_432' title='bbox 3625 1236 3730 1291; x_wconf 84' lang='lat' dir='ltr'><strong>sub</strong></span> 
     </span>
    </p>
   </div>
   <div class='ocr_carea' id='block_1_67' title="bbox 2148 1309 3709 1391">
    <p class='ocr_par' dir='ltr' id='par_1_67' title="bbox 2148 1309 3709 1391">
     <span class='ocr_line' id='line_1_67' title="bbox 2148 1309 3709 1391; baseline 0.012 -28"><span class='ocrx_word' id='word_1_433' title='bbox 2148 1309 2406 1379; x_wconf 80' lang='lat' dir='ltr'><strong>pontiﬁce</strong></span> <span class='ocrx_word' id='word_1_434' title='bbox 2432 1312 2651 1385; x_wconf 87' lang='lat' dir='ltr'><strong>Pelagio</strong></span> <span class='ocrx_word' id='word_1_435' title='bbox 2701 1319 3040 1384; x_wconf 87' lang='lat' dir='ltr'><strong>apocrisiarii</strong></span> <span class='ocrx_word' id='word_1_436' title='bbox 3083 1320 3300 1377; x_wconf 87' lang='lat' dir='ltr'><strong>functus</strong></span> <span class='ocrx_word' id='word_1_437' title='bbox 3323 1322 3519 1391; x_wconf 77' lang='lat' dir='ltr'><strong>oﬂicio,</strong></span> <span class='ocrx_word' id='word_1_438' title='bbox 3542 1341 3577 1379; x_wconf 86' lang='lat' dir='ltr'><strong>a</strong></span> <span class='ocrx_word' id='word_1_439' title='bbox 3601 1341 3709 1381; x_wconf 82' lang='lat' dir='ltr'><strong>cun</strong></span> 
     </span>
    </p>
   </div>
   <div class='ocr_carea' id='block_1_68' title="bbox 2149 1403 3734 1485">
    <p class='ocr_par' dir='ltr' id='par_1_68' title="bbox 2149 1403 3734 1485">
     <span class='ocr_line' id='line_1_68' title="bbox 2149 1403 3734 1485; baseline 0.011 -28"><span class='ocrx_word' id='word_1_440' title='bbox 2149 1403 2255 1459; x_wconf 89' lang='lat' dir='ltr'><strong>ctis</strong></span> <span class='ocrx_word' id='word_1_441' title='bbox 2282 1407 2612 1475; x_wconf 83' lang='lat' dir='ltr'><strong>generaliter</strong></span> <span class='ocrx_word' id='word_1_442' title='bbox 2655 1423 2793 1479; x_wconf 89' lang='lat' dir='ltr'><strong>papa</strong></span> <span class='ocrx_word' id='word_1_443' title='bbox 2824 1410 3033 1466; x_wconf 91' lang='lat' dir='ltr'><strong>electus</strong></span> <span class='ocrx_word' id='word_1_444' title='bbox 3066 1422 3167 1467; x_wconf 86' lang='lat' dir='ltr'><strong>est.</strong></span> <span class='ocrx_word' id='word_1_445' title='bbox 3209 1414 3264 1469; x_wconf 90' lang='lat' dir='ltr'><strong>In</strong></span> <span class='ocrx_word' id='word_1_446' title='bbox 3296 1415 3451 1485; x_wconf 88' lang='lat' dir='ltr'><strong>cujus</strong></span> <span class='ocrx_word' id='word_1_447' title='bbox 3502 1418 3734 1474; x_wconf 85' lang='lat' dir='ltr'><strong>ordina-</strong></span> 
     </span>
    </p>
   </div>
   <div class='ocr_carea' id='block_1_69' title="bbox 2148 1494 3737 1580">
    <p class='ocr_par' dir='ltr' id='par_1_69' title="bbox 2148 1494 3737 1580">
     <span class='ocr_line' id='line_1_69' title="bbox 2148 1494 3737 1580; baseline 0.012 -31"><span class='ocrx_word' id='word_1_448' title='bbox 2148 1494 2299 1550; x_wconf 81' lang='lat' dir='ltr'><strong>tione</strong></span> <span class='ocrx_word' id='word_1_449' title='bbox 2324 1512 2446 1551; x_wconf 92' lang='lat' dir='ltr'><strong>cum</strong></span> <span class='ocrx_word' id='word_1_450' title='bbox 2487 1499 2620 1554; x_wconf 89' lang='lat' dir='ltr'><strong>nihil</strong></span> <span class='ocrx_word' id='word_1_451' title='bbox 2654 1501 2799 1557; x_wconf 85' lang='lat' dir='ltr'><strong>aliud</strong></span> <span class='ocrx_word' id='word_1_452' title='bbox 2824 1519 2988 1573; x_wconf 81' lang='lat' dir='ltr'><strong>quam</strong></span> <span class='ocrx_word' id='word_1_453' title='bbox 3012 1504 3190 1573; x_wconf 91' lang='lat' dir='ltr'><strong>jussio</strong></span> <span class='ocrx_word' id='word_1_454' title='bbox 3226 1507 3486 1580; x_wconf 87' lang='lat' dir='ltr'><strong>principis</strong></span> <span class='ocrx_word' id='word_1_455' title='bbox 3514 1510 3737 1568; x_wconf 80' lang='lat' dir='ltr'><strong>deesset</strong></span> 
     </span>
    </p>
   </div>
   <div class='ocr_carea' id='block_1_70' title="bbox 2151 1584 3732 1670">
    <p class='ocr_par' dir='ltr' id='par_1_70' title="bbox 2151 1584 3732 1670">
     <span class='ocr_line' id='line_1_70' title="bbox 2151 1584 3732 1670; baseline 0.015 -30"><span class='ocrx_word' id='word_1_456' title='bbox 2151 1584 2283 1656; x_wconf 85' lang='lat' dir='ltr'><strong>(non</strong></span> <span class='ocrx_word' id='word_1_457' title='bbox 2305 1590 2449 1644; x_wconf 90' lang='lat' dir='ltr'><strong>enim</strong></span> <span class='ocrx_word' id='word_1_458' title='bbox 2471 1590 2671 1648; x_wconf 89' lang='lat' dir='ltr'><strong>licebat</strong></span> <span class='ocrx_word' id='word_1_459' title='bbox 2692 1602 2821 1650; x_wconf 88' lang='lat' dir='ltr'><strong>tunc</strong></span> <span class='ocrx_word' id='word_1_460' title='bbox 2849 1598 3109 1668; x_wconf 88' lang='lat' dir='ltr'><strong>temporis</strong></span> <span class='ocrx_word' id='word_1_461' title='bbox 3132 1603 3496 1670; x_wconf 86' lang='lat' dir='ltr'><strong>quemlibetin</strong></span> <span class='ocrx_word' id='word_1_462' title='bbox 3525 1604 3732 1662; x_wconf 82' lang='lat' dir='ltr'><strong>Roma-</strong></span> 
     </span>
    </p>
   </div>
   <div class='ocr_carea' id='block_1_71' title="bbox 2151 1676 3735 1766">
    <p class='ocr_par' dir='ltr' id='par_1_71' title="bbox 2151 1676 3735 1766">
     <span class='ocr_line' id='line_1_71' title="bbox 2151 1676 3735 1766; baseline 0.012 -33"><span class='ocrx_word' id='word_1_463' title='bbox 2151 1693 2223 1733; x_wconf 87' lang='lat' dir='ltr'><strong>na</strong></span> <span class='ocrx_word' id='word_1_464' title='bbox 2251 1678 2473 1737; x_wconf 88' lang='lat' dir='ltr'><strong>civitate</strong></span> <span class='ocrx_word' id='word_1_465' title='bbox 2502 1684 2570 1737; x_wconf 87' lang='lat' dir='ltr'><strong>ad</strong></span> <span class='ocrx_word' id='word_1_466' title='bbox 2610 1676 2980 1755; x_wconf 83' lang='lat' dir='ltr'><strong>pontificatum</strong></span> <span class='ocrx_word' id='word_1_467' title='bbox 3003 1694 3335 1759; x_wconf 81' lang='lat' dir='ltr'><strong>promoveri,</strong></span> <span class='ocrx_word' id='word_1_468' title='bbox 3365 1694 3573 1764; x_wconf 88' lang='lat' dir='ltr'><strong>absque</strong></span> <span class='ocrx_word' id='word_1_469' title='bbox 3612 1696 3735 1766; x_wconf 86' lang='lat' dir='ltr'><strong>jus-</strong></span> 
     </span>
    </p>
   </div>
   <div class='ocr_carea' id='block_1_72' title="bbox 2078 1757 3737 1851">
    <p class='ocr_par' dir='ltr' id='par_1_72' title="bbox 2078 1757 3737 1851">
     <span class='ocr_line' id='line_1_72' title="bbox 2078 1757 3737 1851; baseline 0.011 -27"><span class='ocrx_word' id='word_1_470' title='bbox 2078 1757 2135 1817; x_wconf 81' lang='grc' dir='ltr'><strong>Β·</strong></span> <span class='ocrx_word' id='word_1_471' title='bbox 2154 1771 2307 1827; x_wconf 87' lang='lat' dir='ltr'><strong>sione</strong></span> <span class='ocrx_word' id='word_1_472' title='bbox 2331 1774 2588 1844; x_wconf 86' lang='lat' dir='ltr'><strong>principis</strong></span> <span class='ocrx_word' id='word_1_473' title='bbox 2603 1757 3230 1851; x_wconf 77' lang='lat' dir='ltr'><strong>Constantinopolilaui),</strong></span> <span class='ocrx_word' id='word_1_474' title='bbox 3257 1784 3343 1838; x_wconf 87' lang='lat' dir='ltr'><strong>vir</strong></span> <span class='ocrx_word' id='word_1_475' title='bbox 3362 1757 3574 1841; x_wconf 73' lang='grc' dir='ltr'><strong>Βουίίιή</strong></span> <span class='ocrx_word' id='word_1_476' title='bbox 3595 1757 3737 1843; x_wconf 66' lang='lat' dir='ltr'><strong>Cre-</strong></span> 
     </span>
    </p>
   </div>
   <div class='ocr_carea' id='block_1_73' title="bbox 2147 1864 3733 1946">
    <p class='ocr_par' dir='ltr' id='par_1_73' title="bbox 2147 1864 3733 1946">
     <span class='ocr_line' id='line_1_73' title="bbox 2147 1864 3733 1946; baseline 0.012 -31"><span class='ocrx_word' id='word_1_477' title='bbox 2147 1864 2332 1934; x_wconf 88' lang='lat' dir='ltr'><strong>gorius</strong></span> <span class='ocrx_word' id='word_1_478' title='bbox 2364 1864 2600 1937; x_wconf 85' lang='lat' dir='ltr'><strong>legatum</strong></span> <span class='ocrx_word' id='word_1_479' title='bbox 2638 1869 2706 1923; x_wconf 90' lang='lat' dir='ltr'><strong>ad</strong></span> <span class='ocrx_word' id='word_1_480' title='bbox 2737 1869 3051 1926; x_wconf 83' lang='lat' dir='ltr'><strong>Mauriciunt</strong></span> <span class='ocrx_word' id='word_1_481' title='bbox 3092 1874 3291 1930; x_wconf 84' lang='lat' dir='ltr'><strong>direxit</strong></span> <span class='ocrx_word' id='word_1_482' title='bbox 3321 1876 3733 1946; x_wconf 85' lang='lat' dir='ltr'><strong>imperatorem,</strong></span> 
     </span>
    </p>
   </div>
   <div class='ocr_carea' id='block_1_74' title="bbox 2148 1957 3735 2037">
    <p class='ocr_par' dir='ltr' id='par_1_74' title="bbox 2148 1957 3735 2037">
     <span class='ocr_line' id='line_1_74' title="bbox 2148 1957 3735 2037; baseline 0.009 -26"><span class='ocrx_word' id='word_1_483' title='bbox 2148 1957 2445 2013; x_wconf 87' lang='lat' dir='ltr'><strong>obsecrans</strong></span> <span class='ocrx_word' id='word_1_484' title='bbox 2476 1974 2543 2014; x_wconf 91' lang='lat' dir='ltr'><strong>ne</strong></span> <span class='ocrx_word' id='word_1_485' title='bbox 2568 1961 2846 2030; x_wconf 89' lang='lat' dir='ltr'><strong>populoin</strong></span> <span class='ocrx_word' id='word_1_486' title='bbox 2900 1964 2982 2018; x_wconf 89' lang='lat' dir='ltr'><strong>sui</strong></span> <span class='ocrx_word' id='word_1_487' title='bbox 3008 1963 3279 2021; x_wconf 83' lang='lat' dir='ltr'><strong>electione</strong></span> <span class='ocrx_word' id='word_1_488' title='bbox 3317 1969 3589 2037; x_wconf 68' lang='lat' dir='ltr'><strong>praeberet</strong></span> <span class='ocrx_word' id='word_1_489' title='bbox 3637 1985 3735 2026; x_wconf 86' lang='lat' dir='ltr'><strong>as-</strong></span> 
     </span>
    </p>
   </div>
   <div class='ocr_carea' id='block_1_75' title="bbox 2149 2048 3738 2131">
    <p class='ocr_par' dir='ltr' id='par_1_75' title="bbox 2149 2048 3738 2131">
     <span class='ocr_line' id='line_1_75' title="bbox 2149 2048 3738 2131; baseline 0.011 -30"><span class='ocrx_word' id='word_1_490' title='bbox 2149 2060 2391 2102; x_wconf 90' lang='lat' dir='ltr'><strong>sensum.</strong></span> <span class='ocrx_word' id='word_1_491' title='bbox 2446 2048 2612 2119; x_wconf 90' lang='lat' dir='ltr'><strong>Cujus</strong></span> <span class='ocrx_word' id='word_1_492' title='bbox 2647 2050 2857 2108; x_wconf 87' lang='lat' dir='ltr'><strong>litteras</strong></span> <span class='ocrx_word' id='word_1_493' title='bbox 2902 2055 3187 2124; x_wconf 76' lang='lat' dir='ltr'><strong>praefectus</strong></span> <span class='ocrx_word' id='word_1_494' title='bbox 3230 2059 3738 2131; x_wconf 81' lang='lat' dir='ltr'><strong>urbisinterceptas</strong></span> 
     </span>
    </p>
   </div>
   <div class='ocr_carea' id='block_1_76' title="bbox 2149 2136 3736 2217">
    <p class='ocr_par' dir='ltr' id='par_1_76' title="bbox 2149 2136 3736 2217">
     <span class='ocr_line' id='line_1_76' title="bbox 2149 2136 3736 2217; baseline 0.011 -27"><span class='ocrx_word' id='word_1_495' title='bbox 2149 2136 2402 2207; x_wconf 87' lang='lat' dir='ltr'><strong>disrupit,</strong></span> <span class='ocrx_word' id='word_1_496' title='bbox 2433 2148 2489 2193; x_wconf 90' lang='lat' dir='ltr'><strong>et</strong></span> <span class='ocrx_word' id='word_1_497' title='bbox 2512 2155 2838 2197; x_wconf 90' lang='lat' dir='ltr'><strong>consensum</strong></span> <span class='ocrx_word' id='word_1_498' title='bbox 2872 2145 3052 2215; x_wconf 90' lang='lat' dir='ltr'><strong>populi</strong></span> <span class='ocrx_word' id='word_1_499' title='bbox 3107 2146 3423 2217; x_wconf 87' lang='lat' dir='ltr'><strong>imperatori</strong></span> <span class='ocrx_word' id='word_1_500' title='bbox 3477 2152 3736 2207; x_wconf 83' lang='lat' dir='ltr'><strong>transmi-</strong></span> 
     </span>
    </p>
   </div>
   <div class='ocr_carea' id='block_1_77' title="bbox 2148 2227 3736 2313">
    <p class='ocr_par' dir='ltr' id='par_1_77' title="bbox 2148 2227 3736 2313">
     <span class='ocr_line' id='line_1_77' title="bbox 2148 2227 3736 2313; baseline 0.011 -32"><span class='ocrx_word' id='word_1_501' title='bbox 2148 2227 2242 2281; x_wconf 91' lang='lat' dir='ltr'><strong>sit.</strong></span> <span class='ocrx_word' id='word_1_502' title='bbox 2273 2227 2376 2294; x_wconf 88' lang='lat' dir='ltr'><strong>Qui</strong></span> <span class='ocrx_word' id='word_1_503' title='bbox 2427 2231 2585 2286; x_wconf 89' lang='lat' dir='ltr'><strong>valde</strong></span> <span class='ocrx_word' id='word_1_504' title='bbox 2610 2234 2834 2303; x_wconf 88' lang='lat' dir='ltr'><strong>gavisns</strong></span> <span class='ocrx_word' id='word_1_505' title='bbox 2861 2236 3003 2305; x_wconf 89' lang='lat' dir='ltr'><strong>quod</strong></span> <span class='ocrx_word' id='word_1_506' title='bbox 3036 2237 3213 2292; x_wconf 89' lang='lat' dir='ltr'><strong>locum</strong></span> <span class='ocrx_word' id='word_1_507' title='bbox 3246 2249 3432 2309; x_wconf 88' lang='lat' dir='ltr'><strong>aptum</strong></span> <span class='ocrx_word' id='word_1_508' title='bbox 3468 2241 3736 2313; x_wconf 82' lang='lat' dir='ltr'><strong>largiendi</strong></span> 
     </span>
    </p>
   </div>
   <div class='ocr_carea' id='block_1_78' title="bbox 2149 2316 3726 2388">
    <p class='ocr_par' dir='ltr' id='par_1_78' title="bbox 2149 2316 3726 2388">
     <span class='ocr_line' id='line_1_78' title="bbox 2149 2316 3726 2388; baseline 0.011 -18"><span class='ocrx_word' id='word_1_509' title='bbox 2149 2316 2371 2374; x_wconf 83' lang='lat' dir='ltr'><strong>honoris</strong></span> <span class='ocrx_word' id='word_1_510' title='bbox 2416 2320 2665 2386; x_wconf 87' lang='lat' dir='ltr'><strong>diacono,</strong></span> <span class='ocrx_word' id='word_1_511' title='bbox 2721 2324 2850 2378; x_wconf 92' lang='lat' dir='ltr'><strong>olim</strong></span> <span class='ocrx_word' id='word_1_512' title='bbox 2904 2327 3007 2381; x_wconf 89' lang='lat' dir='ltr'><strong>sibi</strong></span> <span class='ocrx_word' id='word_1_513' title='bbox 3047 2329 3301 2384; x_wconf 69' lang='lat' dir='ltr'><strong>amicitize</strong></span> <span class='ocrx_word' id='word_1_514' title='bbox 3345 2329 3726 2388; x_wconf 83' lang='lat' dir='ltr'><strong>familiaritate</strong></span> 
     </span>
    </p>
   </div>
   <div class='ocr_carea' id='block_1_79' title="bbox 2147 2407 3736 2492">
    <p class='ocr_par' dir='ltr' id='par_1_79' title="bbox 2147 2407 3736 2492">
     <span class='ocr_line' id='line_1_79' title="bbox 2147 2407 3736 2492; baseline 0.012 -31"><span class='ocrx_word' id='word_1_515' title='bbox 2147 2407 2495 2478; x_wconf 80' lang='lat' dir='ltr'><strong>charissima,</strong></span> <span class='ocrx_word' id='word_1_516' title='bbox 2530 2415 2825 2482; x_wconf 86' lang='lat' dir='ltr'><strong>reperisset</strong></span> <span class='ocrx_word' id='word_1_517' title='bbox 2873 2415 3023 2487; x_wconf 88' lang='lat' dir='ltr'><strong>(nam</strong></span> <span class='ocrx_word' id='word_1_518' title='bbox 3065 2419 3231 2474; x_wconf 84' lang='lat' dir='ltr'><strong>lilium</strong></span> <span class='ocrx_word' id='word_1_519' title='bbox 3282 2420 3634 2492; x_wconf 84' lang='lat' dir='ltr'><strong>imperatoris</strong></span> <span class='ocrx_word' id='word_1_520' title='bbox 3663 2419 3736 2480; x_wconf 81' lang='lat' dir='ltr'><strong>de</strong></span> 
     </span>
    </p>
   </div>
   <div class='ocr_carea' id='block_1_80' title="bbox 2148 2498 3735 2579">
    <p class='ocr_par' dir='ltr' id='par_1_80' title="bbox 2148 2498 3735 2579">
     <span class='ocr_line' id='line_1_80' title="bbox 2148 2498 3735 2579; baseline 0.01 -26"><span class='ocrx_word' id='word_1_521' title='bbox 2148 2512 2307 2553; x_wconf 87' lang='lat' dir='ltr'><strong>sacro</strong></span> <span class='ocrx_word' id='word_1_522' title='bbox 2329 2498 2478 2557; x_wconf 89' lang='lat' dir='ltr'><strong>fonte</strong></span> <span class='ocrx_word' id='word_1_523' title='bbox 2515 2509 2876 2574; x_wconf 82' lang='lat' dir='ltr'><strong>susceperat),</strong></span> <span class='ocrx_word' id='word_1_524' title='bbox 2907 2522 3036 2562; x_wconf 91' lang='lat' dir='ltr'><strong>eum</strong></span> <span class='ocrx_word' id='word_1_525' title='bbox 3062 2509 3269 2579; x_wconf 87' lang='lat' dir='ltr'><strong>absque</strong></span> <span class='ocrx_word' id='word_1_526' title='bbox 3290 2510 3551 2567; x_wconf 87' lang='lat' dir='ltr'><strong>dilatione</strong></span> <span class='ocrx_word' id='word_1_527' title='bbox 3580 2512 3735 2568; x_wconf 80' lang='lat' dir='ltr'><strong>ordi-</strong></span> 
     </span>
    </p>
   </div>
   <div class='ocr_carea' id='block_1_81' title="bbox 2149 2589 3736 2665">
    <p class='ocr_par' dir='ltr' id='par_1_81' title="bbox 2149 2589 3736 2665">
     <span class='ocr_line' id='line_1_81' title="bbox 2149 2589 3736 2665; baseline 0.012 -25"><span class='ocrx_word' id='word_1_528' title='bbox 2149 2589 2266 2642; x_wconf 87' lang='lat' dir='ltr'><strong>nari</strong></span> <span class='ocrx_word' id='word_1_529' title='bbox 2302 2592 2580 2660; x_wconf 69' lang='lat' dir='ltr'><strong>praecepit.</strong></span> <span class='ocrx_word' id='word_1_530' title='bbox 2609 2592 2908 2652; x_wconf 83' lang='lat' dir='ltr'><strong>Ordinatus</strong></span> <span class='ocrx_word' id='word_1_531' title='bbox 2937 2606 3141 2661; x_wconf 85' lang='lat' dir='ltr'><strong>autem,</strong></span> <span class='ocrx_word' id='word_1_532' title='bbox 3177 2609 3283 2654; x_wconf 89' lang='lat' dir='ltr'><strong>tam</strong></span> <span class='ocrx_word' id='word_1_533' title='bbox 3333 2612 3559 2665; x_wconf 88' lang='lat' dir='ltr'><strong>cautum</strong></span> <span class='ocrx_word' id='word_1_534' title='bbox 3588 2612 3736 2659; x_wconf 83' lang='lat' dir='ltr'><strong>tam-</strong></span> 
     </span>
    </p>
   </div>
   <div class='ocr_carea' id='block_1_82' title="bbox 2148 2683 3731 2762">
    <p class='ocr_par' dir='ltr' id='par_1_82' title="bbox 2148 2683 3731 2762">
     <span class='ocr_line' id='line_1_82' title="bbox 2148 2683 3731 2762; baseline 0.011 -30"><span class='ocrx_word' id='word_1_535' title='bbox 2148 2695 2255 2750; x_wconf 89' lang='lat' dir='ltr'><strong>que</strong></span> <span class='ocrx_word' id='word_1_536' title='bbox 2310 2683 2567 2739; x_wconf 88' lang='lat' dir='ltr'><strong>humilem</strong></span> <span class='ocrx_word' id='word_1_537' title='bbox 2620 2701 2680 2741; x_wconf 93' lang='lat' dir='ltr'><strong>se</strong></span> <span class='ocrx_word' id='word_1_538' title='bbox 2706 2687 2759 2741; x_wconf 91' lang='lat' dir='ltr'><strong>iu</strong></span> <span class='ocrx_word' id='word_1_539' title='bbox 2799 2689 2944 2742; x_wconf 92' lang='lat' dir='ltr'><strong>omni</strong></span> <span class='ocrx_word' id='word_1_540' title='bbox 2991 2705 3087 2744; x_wconf 90' lang='lat' dir='ltr'><strong>sua</strong></span> <span class='ocrx_word' id='word_1_541' title='bbox 3133 2692 3363 2761; x_wconf 70' lang='lat' dir='ltr'><strong>prazbuit</strong></span> <span class='ocrx_word' id='word_1_542' title='bbox 3394 2695 3614 2750; x_wconf 83' lang='lat' dir='ltr'><strong>actione</strong></span> <span class='ocrx_word' id='word_1_543' title='bbox 3644 2706 3731 2762; x_wconf 88' lang='lat' dir='ltr'><strong>ut,</strong></span> 
     </span>
    </p>
   </div>
   <div class='ocr_carea' id='block_1_83' title="bbox 2148 2770 3724 2855">
    <p class='ocr_par' dir='ltr' id='par_1_83' title="bbox 2148 2770 3724 2855">
     <span class='ocr_line' id='line_1_83' title="bbox 2148 2770 3724 2855; baseline 0.011 -32"><span class='ocrx_word' id='word_1_544' title='bbox 2148 2770 2291 2825; x_wconf 89' lang='lat' dir='ltr'><strong>sicut</strong></span> <span class='ocrx_word' id='word_1_545' title='bbox 2331 2788 2395 2826; x_wconf 79' lang='lat' dir='ltr'><strong>ex</strong></span> <span class='ocrx_word' id='word_1_546' title='bbox 2444 2775 2613 2844; x_wconf 86' lang='lat' dir='ltr'><strong>gestis</strong></span> <span class='ocrx_word' id='word_1_547' title='bbox 2664 2777 2779 2832; x_wconf 86' lang='lat' dir='ltr'><strong>sive</strong></span> <span class='ocrx_word' id='word_1_548' title='bbox 2807 2780 3024 2848; x_wconf 89' lang='lat' dir='ltr'><strong>scriptis</strong></span> <span class='ocrx_word' id='word_1_549' title='bbox 3070 2779 3466 2853; x_wconf 77' lang='lat' dir='ltr'><strong>ejusdignosci</strong></span> <span class='ocrx_word' id='word_1_550' title='bbox 3513 2795 3724 2855; x_wconf 83' lang='lat' dir='ltr'><strong>potest,</strong></span> 
     </span>
    </p>
   </div>
   <div class='ocr_carea' id='block_1_84' title="bbox 2147 2862 3789 2945">
    <p class='ocr_par' dir='ltr' id='par_1_84' title="bbox 2147 2862 3789 2945">
     <span class='ocr_line' id='line_1_84' title="bbox 2147 2862 3789 2945; baseline 0.01 -31"><span class='ocrx_word' id='word_1_551' title='bbox 2147 2862 2237 2915; x_wconf 83' lang='lat' dir='ltr'><strong>vix</strong></span> <span class='ocrx_word' id='word_1_552' title='bbox 2278 2862 2417 2918; x_wconf 88' lang='lat' dir='ltr'><strong>ullus</strong></span> <span class='ocrx_word' id='word_1_553' title='bbox 2452 2864 2505 2918; x_wconf 93' lang='lat' dir='ltr'><strong>in</strong></span> <span class='ocrx_word' id='word_1_554' title='bbox 2527 2869 2936 2923; x_wconf 88' lang='lat' dir='ltr'><strong>successoribus</strong></span> <span class='ocrx_word' id='word_1_555' title='bbox 2955 2869 3072 2939; x_wconf 86' lang='lat' dir='ltr'><strong>ejus</strong></span> <span class='ocrx_word' id='word_1_556' title='bbox 3099 2871 3175 2925; x_wconf 92' lang='lat' dir='ltr'><strong>illi</strong></span> <span class='ocrx_word' id='word_1_557' title='bbox 3202 2872 3431 2927; x_wconf 89' lang='lat' dir='ltr'><strong>inveniri</strong></span> <span class='ocrx_word' id='word_1_558' title='bbox 3458 2875 3632 2945; x_wconf 87' lang='lat' dir='ltr'><strong>possit</strong></span> <span class='ocrx_word' id='word_1_559' title='bbox 3656 2875 3735 2930; x_wconf 66' lang='grc' dir='ltr'><strong>εἰη</strong></span> <span class='ocrx_word' id='word_1_560' title='bbox 3769 2905 3789 2925; x_wconf 80' lang='grc' dir='ltr'><strong><em>ο</em></strong></span> 
     </span>
    </p>
   </div>
   <div class='ocr_carea' id='block_1_85' title="bbox 2149 2951 3733 3031">
    <p class='ocr_par' dir='ltr' id='par_1_85' title="bbox 2149 2951 3733 3031">
     <span class='ocr_line' id='line_1_85' title="bbox 2149 2951 3733 3031; baseline 0.01 -27"><span class='ocrx_word' id='word_1_561' title='bbox 2149 2951 2293 3007; x_wconf 88' lang='lat' dir='ltr'><strong>milis</strong></span> <span class='ocrx_word' id='word_1_562' title='bbox 2322 2953 2374 3007; x_wconf 89' lang='lat' dir='ltr'><strong>in</strong></span> <span class='ocrx_word' id='word_1_563' title='bbox 2400 2952 2533 3009; x_wconf 81' lang='lat' dir='ltr'><strong>flore</strong></span> <span class='ocrx_word' id='word_1_564' title='bbox 2582 2955 2907 3026; x_wconf 76' lang='lat' dir='ltr'><strong>eloquentia:</strong></span> <span class='ocrx_word' id='word_1_565' title='bbox 2952 2975 3018 3014; x_wconf 88' lang='lat' dir='ltr'><strong>ac</strong></span> <span class='ocrx_word' id='word_1_566' title='bbox 3045 2962 3281 3031; x_wconf 86' lang='lat' dir='ltr'><strong>puritate</strong></span> <span class='ocrx_word' id='word_1_567' title='bbox 3326 2964 3620 3029; x_wconf 62' lang='lat' dir='ltr'><strong>doctrinae,</strong></span> <span class='ocrx_word' id='word_1_568' title='bbox 3641 2966 3733 3020; x_wconf 83' lang='lat' dir='ltr'><strong>vel</strong></span> 
     </span>
    </p>
   </div>
   <div class='ocr_carea' id='block_1_86' title="bbox 2149 3044 3735 3132">
    <p class='ocr_par' dir='ltr' id='par_1_86' title="bbox 2149 3044 3735 3132">
     <span class='ocr_line' id='line_1_86' title="bbox 2149 3044 3735 3132; baseline 0.009 -34"><span class='ocrx_word' id='word_1_569' title='bbox 2149 3044 2313 3100; x_wconf 88' lang='lat' dir='ltr'><strong>etiam</strong></span> <span class='ocrx_word' id='word_1_570' title='bbox 2344 3045 2399 3101; x_wconf 91' lang='lat' dir='ltr'><strong>iu</strong></span> <span class='ocrx_word' id='word_1_571' title='bbox 2423 3049 2716 3104; x_wconf 88' lang='lat' dir='ltr'><strong>sanctitate</strong></span> <span class='ocrx_word' id='word_1_572' title='bbox 2739 3052 2880 3106; x_wconf 81' lang='lat' dir='ltr'><strong>vitae.</strong></span> <span class='ocrx_word' id='word_1_573' title='bbox 2916 3051 3068 3109; x_wconf 85' lang='lat' dir='ltr'><strong>Tunc</strong></span> <span class='ocrx_word' id='word_1_574' title='bbox 3115 3056 3378 3132; x_wconf 87' lang='lat' dir='ltr'><strong>temporis</strong></span> <span class='ocrx_word' id='word_1_575' title='bbox 3420 3056 3561 3112; x_wconf 87' lang='lat' dir='ltr'><strong>idem</strong></span> <span class='ocrx_word' id='word_1_576' title='bbox 3602 3056 3735 3111; x_wconf 82' lang='lat' dir='ltr'><strong>bea-</strong></span> 
     </span>
    </p>
   </div>
   <div class='ocr_carea' id='block_1_87' title="bbox 2154 3134 3732 3214">
    <p class='ocr_par' dir='ltr' id='par_1_87' title="bbox 2154 3134 3732 3214">
     <span class='ocr_line' id='line_1_87' title="bbox 2154 3134 3732 3214; baseline 0.01 -25"><span class='ocrx_word' id='word_1_577' title='bbox 2154 3143 2240 3189; x_wconf 92' lang='lat' dir='ltr'><strong>tus</strong></span> <span class='ocrx_word' id='word_1_578' title='bbox 2296 3134 2594 3209; x_wconf 75' lang='lat' dir='ltr'><strong>Gregorius</strong></span> <span class='ocrx_word' id='word_1_579' title='bbox 2648 3142 3013 3213; x_wconf 82' lang='lat' dir='ltr'><strong>Augustinum</strong></span> <span class='ocrx_word' id='word_1_580' title='bbox 3069 3153 3124 3201; x_wconf 90' lang='lat' dir='ltr'><strong>et</strong></span> <span class='ocrx_word' id='word_1_581' title='bbox 3182 3144 3467 3214; x_wconf 73' lang='lat' dir='ltr'><strong>Mellitum,</strong></span> <span class='ocrx_word' id='word_1_582' title='bbox 3517 3163 3732 3203; x_wconf 72' lang='lat' dir='ltr'><strong>necnon</strong></span> 
     </span>
    </p>
   </div>
   <div class='ocr_carea' id='block_1_88' title="bbox 2148 3223 3733 3301">
    <p class='ocr_par' dir='ltr' id='par_1_88' title="bbox 2148 3223 3733 3301">
     <span class='ocr_line' id='line_1_88' title="bbox 2148 3223 3733 3301; baseline 0.011 -21"><span class='ocrx_word' id='word_1_583' title='bbox 2148 3223 2435 3296; x_wconf 85' lang='lat' dir='ltr'><strong>Joannem,</strong></span> <span class='ocrx_word' id='word_1_584' title='bbox 2465 3245 2591 3285; x_wconf 90' lang='lat' dir='ltr'><strong>cum</strong></span> <span class='ocrx_word' id='word_1_585' title='bbox 2617 3233 2739 3288; x_wconf 89' lang='lat' dir='ltr'><strong>aliis</strong></span> <span class='ocrx_word' id='word_1_586' title='bbox 2783 3235 2960 3291; x_wconf 90' lang='lat' dir='ltr'><strong>servis</strong></span> <span class='ocrx_word' id='word_1_587' title='bbox 2993 3236 3108 3301; x_wconf 91' lang='lat' dir='ltr'><strong>Dei,</strong></span> <span class='ocrx_word' id='word_1_588' title='bbox 3139 3239 3207 3293; x_wconf 88' lang='lat' dir='ltr'><strong>ad</strong></span> <span class='ocrx_word' id='word_1_589' title='bbox 3234 3238 3551 3294; x_wconf 84' lang='lat' dir='ltr'><strong>Britannias</strong></span> <span class='ocrx_word' id='word_1_590' title='bbox 3598 3242 3733 3296; x_wconf 83' lang='lat' dir='ltr'><strong>diri-</strong></span> 
     </span>
    </p>
   </div>
   <div class='ocr_carea' id='block_1_89' title="bbox 2149 3318 3731 3400">
    <p class='ocr_par' dir='ltr' id='par_1_89' title="bbox 2149 3318 3731 3400">
     <span class='ocr_line' id='line_1_89' title="bbox 2149 3318 3731 3400; baseline 0.012 -31"><span class='ocrx_word' id='word_1_591' title='bbox 2149 3330 2307 3386; x_wconf 86' lang='lat' dir='ltr'><strong>gens,</strong></span> <span class='ocrx_word' id='word_1_592' title='bbox 2336 3318 2451 3373; x_wconf 90' lang='lat' dir='ltr'><strong>suis</strong></span> <span class='ocrx_word' id='word_1_593' title='bbox 2485 3321 2815 3389; x_wconf 87' lang='lat' dir='ltr'><strong>eoslitteris,</strong></span> <span class='ocrx_word' id='word_1_594' title='bbox 2845 3326 3114 3396; x_wconf 89' lang='lat' dir='ltr'><strong>episcopis</strong></span> <span class='ocrx_word' id='word_1_595' title='bbox 3145 3344 3209 3383; x_wconf 87' lang='lat' dir='ltr'><strong>ac</strong></span> <span class='ocrx_word' id='word_1_596' title='bbox 3235 3330 3453 3400; x_wconf 89' lang='lat' dir='ltr'><strong>regibus</strong></span> <span class='ocrx_word' id='word_1_597' title='bbox 3483 3330 3731 3388; x_wconf 85' lang='lat' dir='ltr'><strong>Franco-</strong></span> 
     </span>
    </p>
   </div>
   <div class='ocr_carea' id='block_1_90' title="bbox 2150 3413 3731 3487">
    <p class='ocr_par' dir='ltr' id='par_1_90' title="bbox 2150 3413 3731 3487">
     <span class='ocr_line' id='line_1_90' title="bbox 2150 3413 3731 3487; baseline 0.012 -26"><span class='ocrx_word' id='word_1_598' title='bbox 2150 3422 2293 3474; x_wconf 88' lang='lat' dir='ltr'><strong>rum,</strong></span> <span class='ocrx_word' id='word_1_599' title='bbox 2318 3424 2415 3478; x_wconf 90' lang='lat' dir='ltr'><strong>per</strong></span> <span class='ocrx_word' id='word_1_600' title='bbox 2428 3427 2566 3481; x_wconf 87' lang='lat' dir='ltr'><strong>quos</strong></span> <span class='ocrx_word' id='word_1_601' title='bbox 2584 3413 2689 3470; x_wconf 88' lang='lat' dir='ltr'><strong>illis</strong></span> <span class='ocrx_word' id='word_1_602' title='bbox 2713 3420 3103 3473; x_wconf 89' lang='lat' dir='ltr'><strong>transeundum</strong></span> <span class='ocrx_word' id='word_1_603' title='bbox 3127 3429 3271 3487; x_wconf 87' lang='lat' dir='ltr'><strong>erat,</strong></span> <span class='ocrx_word' id='word_1_604' title='bbox 3302 3424 3731 3480; x_wconf 83' lang='lat' dir='ltr'><strong>commendavit.</strong></span> 
     </span>
    </p>
   </div>
   <div class='ocr_carea' id='block_1_91' title="bbox 2149 3499 3731 3584">
    <p class='ocr_par' dir='ltr' id='par_1_91' title="bbox 2149 3499 3731 3584">
     <span class='ocr_line' id='line_1_91' title="bbox 2149 3499 3731 3584; baseline 0.012 -31"><span class='ocrx_word' id='word_1_605' title='bbox 2149 3499 2392 3568; x_wconf 90' lang='lat' dir='ltr'><strong>Quorum</strong></span> <span class='ocrx_word' id='word_1_606' title='bbox 2428 3506 2814 3574; x_wconf 71' lang='lat' dir='ltr'><strong>praedicatione</strong></span> <span class='ocrx_word' id='word_1_607' title='bbox 2842 3513 3117 3567; x_wconf 89' lang='lat' dir='ltr'><strong>nationem</strong></span> <span class='ocrx_word' id='word_1_608' title='bbox 3132 3514 3430 3584; x_wconf 79' lang='lat' dir='ltr'><strong>Anglorum</strong></span> <span class='ocrx_word' id='word_1_609' title='bbox 3481 3516 3551 3570; x_wconf 90' lang='lat' dir='ltr'><strong>ad</strong></span> <span class='ocrx_word' id='word_1_610' title='bbox 3572 3516 3731 3572; x_wconf 81' lang='lat' dir='ltr'><strong>Chri-</strong></span> 
     </span>
    </p>
   </div>
   <div class='ocr_carea' id='block_1_92' title="bbox 2148 3593 3731 3676">
    <p class='ocr_par' dir='ltr' id='par_1_92' title="bbox 2148 3593 3731 3676">
     <span class='ocr_line' id='line_1_92' title="bbox 2148 3593 3731 3676; baseline 0.011 -30"><span class='ocrx_word' id='word_1_611' title='bbox 2148 3593 2217 3647; x_wconf 90' lang='lat' dir='ltr'><strong>sti</strong></span> <span class='ocrx_word' id='word_1_612' title='bbox 2241 3594 2401 3649; x_wconf 76' lang='lat' dir='ltr'><strong>ftdem</strong></span> <span class='ocrx_word' id='word_1_613' title='bbox 2425 3612 2749 3653; x_wconf 86' lang='lat' dir='ltr'><strong>conversam</strong></span> <span class='ocrx_word' id='word_1_614' title='bbox 2774 3615 2896 3656; x_wconf 88' lang='lat' dir='ltr'><strong>esse</strong></span> <span class='ocrx_word' id='word_1_615' title='bbox 2915 3602 2968 3656; x_wconf 92' lang='lat' dir='ltr'><strong>in</strong></span> <span class='ocrx_word' id='word_1_616' title='bbox 2986 3612 3192 3658; x_wconf 88' lang='lat' dir='ltr'><strong>tantum</strong></span> <span class='ocrx_word' id='word_1_617' title='bbox 3217 3606 3437 3676; x_wconf 83' lang='lat' dir='ltr'><strong>gavisus</strong></span> <span class='ocrx_word' id='word_1_618' title='bbox 3457 3615 3646 3675; x_wconf 85' lang='lat' dir='ltr'><strong>estut,</strong></span> <span class='ocrx_word' id='word_1_619' title='bbox 3674 3607 3731 3663; x_wconf 85' lang='lat' dir='ltr'><strong>in</strong></span> 
     </span>
    </p>
   </div>
   <div class='ocr_carea' id='block_1_93' title="bbox 2147 3680 3733 3763">
    <p class='ocr_par' dir='ltr' id='par_1_93' title="bbox 2147 3680 3733 3763">
     <span class='ocr_line' id='line_1_93' title="bbox 2147 3680 3733 3763; baseline 0.015 -28"><span class='ocrx_word' id='word_1_620' title='bbox 2147 3680 2303 3739; x_wconf 89' lang='lat' dir='ltr'><strong>libris</strong></span> <span class='ocrx_word' id='word_1_621' title='bbox 2331 3684 2614 3742; x_wconf 79' lang='lat' dir='ltr'><strong>Moralium</strong></span> <span class='ocrx_word' id='word_1_622' title='bbox 2646 3689 2810 3761; x_wconf 91' lang='lat' dir='ltr'><strong>hujus</strong></span> <span class='ocrx_word' id='word_1_623' title='bbox 2840 3693 2920 3748; x_wconf 89' lang='lat' dir='ltr'><strong>rei</strong></span> <span class='ocrx_word' id='word_1_624' title='bbox 2950 3691 3162 3751; x_wconf 85' lang='lat' dir='ltr'><strong>faciens</strong></span> <span class='ocrx_word' id='word_1_625' title='bbox 3190 3698 3549 3763; x_wconf 86' lang='lat' dir='ltr'><strong>mentionem,</strong></span> <span class='ocrx_word' id='word_1_626' title='bbox 3584 3700 3733 3760; x_wconf 78' lang='lat' dir='ltr'><strong>inter</strong></span> 
     </span>
    </p>
   </div>
   <div class='ocr_carea' id='block_1_94' title="bbox 2148 3776 3731 3861">
    <p class='ocr_par' dir='ltr' id='par_1_94' title="bbox 2148 3776 3731 3861">
     <span class='ocr_line' id='line_1_94' title="bbox 2148 3776 3731 3861; baseline 0.011 -33"><span class='ocrx_word' id='word_1_627' title='bbox 2148 3782 2345 3831; x_wconf 73' lang='lat' dir='ltr'><strong>czetera</strong></span> <span class='ocrx_word' id='word_1_628' title='bbox 2377 3777 2445 3834; x_wconf 90' lang='lat' dir='ltr'><strong>de</strong></span> <span class='ocrx_word' id='word_1_629' title='bbox 2468 3776 2650 3835; x_wconf 81' lang='lat' dir='ltr'><strong>fructu</strong></span> <span class='ocrx_word' id='word_1_630' title='bbox 2689 3780 2958 3838; x_wconf 87' lang='lat' dir='ltr'><strong>bonorum</strong></span> <span class='ocrx_word' id='word_1_631' title='bbox 2993 3799 3223 3854; x_wconf 81' lang='lat' dir='ltr'><strong>operum</strong></span> <span class='ocrx_word' id='word_1_632' title='bbox 3267 3802 3493 3843; x_wconf 85' lang='lat' dir='ltr'><strong>suorum</strong></span> <span class='ocrx_word' id='word_1_633' title='bbox 3537 3800 3731 3861; x_wconf 82' lang='lat' dir='ltr'><strong>gratu-</strong></span> 
     </span>
    </p>
   </div>
   <div class='ocr_carea' id='block_1_95' title="bbox 2149 3864 3731 3949">
    <p class='ocr_par' dir='ltr' id='par_1_95' title="bbox 2149 3864 3731 3949">
     <span class='ocr_line' id='line_1_95' title="bbox 2149 3864 3731 3949; baseline 0.011 -30"><span class='ocrx_word' id='word_1_634' title='bbox 2149 3864 2290 3927; x_wconf 89' lang='lat' dir='ltr'><strong>lans.</strong></span> <span class='ocrx_word' id='word_1_635' title='bbox 2318 3866 2549 3923; x_wconf 86' lang='lat' dir='ltr'><strong>diceret:</strong></span> <span class='ocrx_word' id='word_1_636' title='bbox 2579 3887 2600 3920; x_wconf 72' lang='grc' dir='ltr'><strong><em>ι</em></strong></span> <span class='ocrx_word' id='word_1_637' title='bbox 2639 3869 2800 3938; x_wconf 88' lang='lat' dir='ltr'><strong>Ecce,</strong></span> <span class='ocrx_word' id='word_1_638' title='bbox 2823 3874 2919 3939; x_wconf 88' lang='lat' dir='ltr'><strong>ait,</strong></span> <span class='ocrx_word' id='word_1_639' title='bbox 2950 3873 3132 3946; x_wconf 84' lang='lat' dir='ltr'><strong>lingua</strong></span> <span class='ocrx_word' id='word_1_640' title='bbox 3154 3876 3473 3944; x_wconf 66' lang='lat' dir='ltr'><strong>Britanniae,</strong></span> <span class='ocrx_word' id='word_1_641' title='bbox 3502 3893 3629 3949; x_wconf 63' lang='lat' dir='ltr'><strong>qua</strong></span> <span class='ocrx_word' id='word_1_642' title='bbox 3649 3880 3731 3936; x_wconf 85' lang='lat' dir='ltr'><strong>ni-</strong></span> 
     </span>
    </p>
   </div>
   <div class='ocr_carea' id='block_1_96' title="bbox 2158 3956 3732 4034">
    <p class='ocr_par' dir='ltr' id='par_1_96' title="bbox 2158 3956 3732 4034">
     <span class='ocr_line' id='line_1_96' title="bbox 2158 3956 3732 4034; baseline 0.011 -23"><span class='ocrx_word' id='word_1_643' title='bbox 2158 3956 2237 4012; x_wconf 88' lang='lat' dir='ltr'><strong>hil</strong></span> <span class='ocrx_word' id='word_1_644' title='bbox 2260 3957 2406 4013; x_wconf 90' lang='lat' dir='ltr'><strong>aliud</strong></span> <span class='ocrx_word' id='word_1_645' title='bbox 2433 3971 2658 4017; x_wconf 82' lang='lat' dir='ltr'><strong>noverat</strong></span> <span class='ocrx_word' id='word_1_646' title='bbox 2685 3978 2849 4033; x_wconf 88' lang='lat' dir='ltr'><strong>quam</strong></span> <span class='ocrx_word' id='word_1_647' title='bbox 2870 3965 3163 4022; x_wconf 85' lang='lat' dir='ltr'><strong>barbarum</strong></span> <span class='ocrx_word' id='word_1_648' title='bbox 3187 3967 3465 4034; x_wconf 88' lang='lat' dir='ltr'><strong>frendere,</strong></span> <span class='ocrx_word' id='word_1_649' title='bbox 3494 3985 3650 4027; x_wconf 85' lang='lat' dir='ltr'><strong>nunc</strong></span> <span class='ocrx_word' id='word_1_650' title='bbox 3672 3971 3732 4029; x_wconf 82' lang='lat' dir='ltr'><strong>in</strong></span> 
     </span>
    </p>
   </div>
   <div class='ocr_carea' id='block_1_97' title="bbox 2150 4050 3628 4118">
    <p class='ocr_par' dir='ltr' id='par_1_97' title="bbox 2150 4050 3628 4118">
     <span class='ocr_line' id='line_1_97' title="bbox 2150 4050 3628 4118; baseline 0.009 -13"><span class='ocrx_word' id='word_1_651' title='bbox 2150 4050 2245 4105; x_wconf 92' lang='lat' dir='ltr'><strong>Dei</strong></span> <span class='ocrx_word' id='word_1_652' title='bbox 2271 4050 2523 4109; x_wconf 86' lang='lat' dir='ltr'><strong>laudibus</strong></span> <span class='ocrx_word' id='word_1_653' title='bbox 2554 4054 2840 4112; x_wconf 78' lang='lat' dir='ltr'><strong>Hebrmum</strong></span> <span class='ocrx_word' id='word_1_654' title='bbox 2864 4058 3014 4112; x_wconf 89' lang='lat' dir='ltr'><strong>novit</strong></span> <span class='ocrx_word' id='word_1_655' title='bbox 3032 4059 3260 4115; x_wconf 81' lang='lat' dir='ltr'><strong>Alleluia</strong></span> <span class='ocrx_word' id='word_1_656' title='bbox 3289 4075 3573 4118; x_wconf 84' lang='lat' dir='ltr'><strong>resonare.</strong></span> <span class='ocrx_word' id='word_1_657' title='bbox 3604 4082 3628 4117; x_wconf 77' lang='grc' dir='ltr'><strong>ι</strong></span> 
     </span>
    </p>
   </div>
   <div class='ocr_carea' id='block_1_98' title="bbox 2698 4164 3182 4225">
    <p class='ocr_par' dir='ltr' id='par_1_98' title="bbox 2698 4164 3182 4225">
     <span class='ocr_line' id='line_1_98' title="bbox 2698 4164 3182 4225; baseline 0.006 -3"><span class='ocrx_word' id='word_1_658' title='bbox 2698 4164 2931 4223; x_wconf 81' lang='lat' dir='ltr'><strong>CAPUT</strong></span> <span class='ocrx_word' id='word_1_659' title='bbox 2970 4167 3182 4225; x_wconf 79' lang='lat' dir='ltr'><strong>LXXV.</strong></span> 
     </span>
    </p>
   </div>
   <div class='ocr_carea' id='block_1_99' title="bbox 2146 4251 3722 4333">
    <p class='ocr_par' dir='ltr' id='par_1_99' title="bbox 2146 4251 3722 4333">
     <span class='ocr_line' id='line_1_99' title="bbox 2146 4251 3722 4333; baseline 0.008 -26"><span class='ocrx_word' id='word_1_660' title='bbox 2146 4251 2224 4307; x_wconf 86' lang='lat' dir='ltr'><strong>De</strong></span> <span class='ocrx_word' id='word_1_661' title='bbox 2256 4253 2532 4333; x_wconf 51' lang='grc' dir='ltr'><strong>μαργινηοιᾷ</strong></span> <span class='ocrx_word' id='word_1_662' title='bbox 2563 4260 2841 4333; x_wconf 62' lang='lat' dir='ltr'><strong>supplicio,</strong></span> <span class='ocrx_word' id='word_1_663' title='bbox 2874 4261 2939 4314; x_wconf 81' lang='lat' dir='ltr'><strong>de</strong></span> <span class='ocrx_word' id='word_1_664' title='bbox 2967 4262 3106 4333; x_wconf 77' lang='lat' dir='ltr'><strong>aeris</strong></span> <span class='ocrx_word' id='word_1_665' title='bbox 3148 4263 3473 4333; x_wconf 78' lang='lat' dir='ltr'><strong>intemperie,</strong></span> <span class='ocrx_word' id='word_1_666' title='bbox 3513 4263 3722 4320; x_wconf 60' lang='lat' dir='ltr'><strong>Leyde-</strong></span> 
     </span>
    </p>
   </div>
   <div class='ocr_carea' id='block_1_100' title="bbox 2214 4327 3729 4405">
    <p class='ocr_par' dir='ltr' id='par_1_100' title="bbox 2214 4327 3729 4405">
     <span class='ocr_line' id='line_1_100' title="bbox 2214 4327 3729 4405; baseline 0.009 -27"><span class='ocrx_word' id='word_1_667' title='bbox 2214 4327 2359 4405; x_wconf 64' lang='lat' dir='ltr'><strong>qisili</strong></span> <span class='ocrx_word' id='word_1_668' title='bbox 2386 4327 2725 4405; x_wconf 36' lang='lat' dir='ltr'><strong>patriciam,</strong></span> <span class='ocrx_word' id='word_1_669' title='bbox 2748 4331 3087 4405; x_wconf 68' lang='lat' dir='ltr'><strong>Theodeberti</strong></span> <span class='ocrx_word' id='word_1_670' title='bbox 3121 4344 3262 4401; x_wconf 78' lang='lat' dir='ltr'><strong>ortu,</strong></span> <span class='ocrx_word' id='word_1_671' title='bbox 3292 4327 3339 4388; x_wconf 80' lang='lat' dir='ltr'><strong>et</strong></span> <span class='ocrx_word' id='word_1_672' title='bbox 3374 4327 3642 4405; x_wconf 75' lang='lat' dir='ltr'><strong>aquarum</strong></span> <span class='ocrx_word' id='word_1_673' title='bbox 3672 4340 3729 4391; x_wconf 80' lang='lat' dir='ltr'><strong>in</strong></span> 
     </span>
    </p>
   </div>
   <div class='ocr_carea' id='block_1_101' title="bbox 2216 4398 2926 4466">
    <p class='ocr_par' dir='ltr' id='par_1_101' title="bbox 2216 4398 2926 4466">
     <span class='ocr_line' id='line_1_101' title="bbox 2216 4398 2926 4466; baseline 0.01 -17"><span class='ocrx_word' id='word_1_674' title='bbox 2216 4398 2530 4466; x_wconf 78' lang='lat' dir='ltr'><strong>Burgundia</strong></span> <span class='ocrx_word' id='word_1_675' title='bbox 2558 4400 2926 4456; x_wconf 82' lang='lat' dir='ltr'><strong>inundatione.</strong></span> 
     </span>
    </p>
   </div>
   <div class='ocr_carea' id='block_1_102' title="bbox 2215 4507 3729 4589">
    <p class='ocr_par' dir='ltr' id='par_1_102' title="bbox 2215 4507 3729 4589">
     <span class='ocr_line' id='line_1_102' title="bbox 2215 4507 3729 4589; baseline 0.01 -28"><span class='ocrx_word' id='word_1_676' title='bbox 2215 4507 2376 4563; x_wconf 83' lang='lat' dir='ltr'><strong>Anno</strong></span> <span class='ocrx_word' id='word_1_677' title='bbox 2403 4524 2512 4563; x_wconf 78' lang='lat' dir='ltr'><strong>xxv</strong></span> <span class='ocrx_word' id='word_1_678' title='bbox 2549 4514 2703 4582; x_wconf 85' lang='lat' dir='ltr'><strong>regni</strong></span> <span class='ocrx_word' id='word_1_679' title='bbox 2731 4513 3066 4583; x_wconf 83' lang='lat' dir='ltr'><strong>Guntranni,</strong></span> <span class='ocrx_word' id='word_1_680' title='bbox 3088 4516 3417 4573; x_wconf 80' lang='lat' dir='ltr'><strong>Mummolus</strong></span> <span class='ocrx_word' id='word_1_681' title='bbox 3438 4521 3729 4589; x_wconf 75' lang='lat' dir='ltr'><strong>patricius,</strong></span> 
     </span>
    </p>
   </div>
   <div class='ocr_carea' id='block_1_103' title="bbox 2145 4599 3731 4680">
    <p class='ocr_par' dir='ltr' id='par_1_103' title="bbox 2145 4599 3731 4680">
     <span class='ocr_line' id='line_1_103' title="bbox 2145 4599 3731 4680; baseline 0.009 -28"><span class='ocrx_word' id='word_1_682' title='bbox 2145 4599 2459 4655; x_wconf 87' lang='lat' dir='ltr'><strong>rebellionis</strong></span> <span class='ocrx_word' id='word_1_683' title='bbox 2510 4604 2815 4669; x_wconf 86' lang='lat' dir='ltr'><strong>convictus,</strong></span> <span class='ocrx_word' id='word_1_684' title='bbox 2842 4603 3000 4672; x_wconf 87' lang='lat' dir='ltr'><strong>jussu</strong></span> <span class='ocrx_word' id='word_1_685' title='bbox 3062 4607 3235 4677; x_wconf 88' lang='lat' dir='ltr'><strong>ipsius</strong></span> <span class='ocrx_word' id='word_1_686' title='bbox 3287 4609 3435 4680; x_wconf 86' lang='lat' dir='ltr'><strong>regis</strong></span> <span class='ocrx_word' id='word_1_687' title='bbox 3486 4608 3731 4666; x_wconf 85' lang='lat' dir='ltr'><strong>Senouia</strong></span> 
     </span>
    </p>
   </div>
   <div class='ocr_carea' id='block_1_104' title="bbox 2144 4687 3729 4762">
    <p class='ocr_par' dir='ltr' id='par_1_104' title="bbox 2144 4687 3729 4762">
     <span class='ocr_line' id='line_1_104' title="bbox 2144 4687 3729 4762; baseline 0.01 -22"><span class='ocrx_word' id='word_1_688' title='bbox 2144 4687 2588 4760; x_wconf 85' lang='lat' dir='ltr'><strong>villajugulatur.</strong></span> <span class='ocrx_word' id='word_1_689' title='bbox 2622 4691 2752 4762; x_wconf 87' lang='lat' dir='ltr'><strong>Ejus</strong></span> <span class='ocrx_word' id='word_1_690' title='bbox 2792 4708 2922 4749; x_wconf 88' lang='lat' dir='ltr'><strong>vero</strong></span> <span class='ocrx_word' id='word_1_691' title='bbox 2967 4711 3107 4751; x_wconf 87' lang='lat' dir='ltr'><strong>uxor</strong></span> <span class='ocrx_word' id='word_1_692' title='bbox 3133 4696 3376 4760; x_wconf 84' lang='lat' dir='ltr'><strong>Sidonia,</strong></span> <span class='ocrx_word' id='word_1_693' title='bbox 3413 4715 3541 4753; x_wconf 90' lang='lat' dir='ltr'><strong>cum</strong></span> <span class='ocrx_word' id='word_1_694' title='bbox 3577 4702 3729 4756; x_wconf 73' lang='lat' dir='ltr'><strong>omni</strong></span> 
     </span>
    </p>
   </div>
   <div class='ocr_carea' id='block_1_105' title="bbox 2148 4779 3730 4851">
    <p class='ocr_par' dir='ltr' id='par_1_105' title="bbox 2148 4779 3730 4851">
     <span class='ocr_line' id='line_1_105' title="bbox 2148 4779 3730 4851; baseline 0.009 -19"><span class='ocrx_word' id='word_1_695' title='bbox 2148 4779 2532 4835; x_wconf 89' lang='lat' dir='ltr'><strong>thesaurorum</strong></span> <span class='ocrx_word' id='word_1_696' title='bbox 2560 4782 2736 4851; x_wconf 92' lang='lat' dir='ltr'><strong>copia,</strong></span> <span class='ocrx_word' id='word_1_697' title='bbox 2769 4799 2800 4837; x_wconf 90' lang='lat' dir='ltr'><strong>a</strong></span> <span class='ocrx_word' id='word_1_698' title='bbox 2835 4785 3091 4842; x_wconf 91' lang='lat' dir='ltr'><strong>domnulo</strong></span> <span class='ocrx_word' id='word_1_699' title='bbox 3140 4788 3442 4844; x_wconf 89' lang='lat' dir='ltr'><strong>domestico</strong></span> <span class='ocrx_word' id='word_1_700' title='bbox 3463 4806 3534 4846; x_wconf 91' lang='lat' dir='ltr'><strong>ac</strong></span> <span class='ocrx_word' id='word_1_701' title='bbox 3561 4790 3730 4847; x_wconf 84' lang='lat' dir='ltr'><strong>Wan-</strong></span> 
     </span>
    </p>
   </div>
   <div class='ocr_carea' id='block_1_106' title="bbox 2143 4865 3727 4950">
    <p class='ocr_par' dir='ltr' id='par_1_106' title="bbox 2143 4865 3727 4950">
     <span class='ocr_line' id='line_1_106' title="bbox 2143 4865 3727 4950; baseline 0.011 -31"><span class='ocrx_word' id='word_1_702' title='bbox 2143 4865 2391 4924; x_wconf 89' lang='lat' dir='ltr'><strong>dalmaro</strong></span> <span class='ocrx_word' id='word_1_703' title='bbox 2411 4884 2643 4926; x_wconf 85' lang='lat' dir='ltr'><strong>camerae</strong></span> <span class='ocrx_word' id='word_1_704' title='bbox 2670 4873 2814 4940; x_wconf 89' lang='lat' dir='ltr'><strong>regis</strong></span> <span class='ocrx_word' id='word_1_705' title='bbox 2839 4874 3115 4944; x_wconf 65' lang='lat' dir='ltr'><strong>praefecto,</strong></span> <span class='ocrx_word' id='word_1_706' title='bbox 3141 4876 3468 4934; x_wconf 85' lang='lat' dir='ltr'><strong>Guntranno</strong></span> <span class='ocrx_word' id='word_1_707' title='bbox 3488 4896 3727 4950; x_wconf 71' lang='lat' dir='ltr'><strong>praesen-</strong></span> 
     </span>
    </p>
   </div>
   <div class='ocr_carea' id='block_1_107' title="bbox 2145 4964 3727 5044">
    <p class='ocr_par' dir='ltr' id='par_1_107' title="bbox 2145 4964 3727 5044">
     <span class='ocr_line' id='line_1_107' title="bbox 2145 4964 3727 5044; baseline 0.007 -28"><span class='ocrx_word' id='word_1_708' title='bbox 2145 4969 2311 5018; x_wconf 88' lang='lat' dir='ltr'><strong>tatur.</strong></span> <span class='ocrx_word' id='word_1_709' title='bbox 2347 4964 2506 5019; x_wconf 86' lang='lat' dir='ltr'><strong>Anno</strong></span> <span class='ocrx_word' id='word_1_710' title='bbox 2536 4980 2663 5020; x_wconf 80' lang='lat' dir='ltr'><strong>xxvi</strong></span> <span class='ocrx_word' id='word_1_711' title='bbox 2718 4965 2959 5034; x_wconf 88' lang='lat' dir='ltr'><strong>ejusdem</strong></span> <span class='ocrx_word' id='word_1_712' title='bbox 3006 4969 3293 5040; x_wconf 85' lang='lat' dir='ltr'><strong>principis,</strong></span> <span class='ocrx_word' id='word_1_713' title='bbox 3325 4975 3612 5029; x_wconf 84' lang='lat' dir='ltr'><strong>exercitus</strong></span> <span class='ocrx_word' id='word_1_714' title='bbox 3649 4975 3727 5044; x_wconf 84' lang='lat' dir='ltr'><strong>ip-</strong></span> 
     </span>
    </p>
   </div>
   <div class='ocr_carea' id='block_1_108' title="bbox 2143 5052 3726 5133">
    <p class='ocr_par' dir='ltr' id='par_1_108' title="bbox 2143 5052 3726 5133">
     <span class='ocr_line' id='line_1_108' title="bbox 2143 5052 3726 5133; baseline 0.006 -25"><span class='ocrx_word' id='word_1_715' title='bbox 2143 5052 2257 5108; x_wconf 88' lang='lat' dir='ltr'><strong>sius</strong></span> <span class='ocrx_word' id='word_1_716' title='bbox 2280 5052 2564 5124; x_wconf 79' lang='lat' dir='ltr'><strong>Hispanias</strong></span> <span class='ocrx_word' id='word_1_717' title='bbox 2587 5064 2800 5121; x_wconf 90' lang='lat' dir='ltr'><strong>petens,</strong></span> <span class='ocrx_word' id='word_1_718' title='bbox 2824 5057 3041 5113; x_wconf 89' lang='lat' dir='ltr'><strong>insolita</strong></span> <span class='ocrx_word' id='word_1_719' title='bbox 3070 5060 3212 5115; x_wconf 89' lang='lat' dir='ltr'><strong>aeris</strong></span> <span class='ocrx_word' id='word_1_720' title='bbox 3234 5062 3504 5130; x_wconf 83' lang='lat' dir='ltr'><strong>temperie</strong></span> <span class='ocrx_word' id='word_1_721' title='bbox 3527 5077 3726 5133; x_wconf 79' lang='lat' dir='ltr'><strong>grava-</strong></span> 
     </span>
    </p>
   </div>
   <div class='ocr_carea' id='block_1_109' title="bbox 2144 5146 3725 5222">
    <p class='ocr_par' dir='ltr' id='par_1_109' title="bbox 2144 5146 3725 5222">
     <span class='ocr_line' id='line_1_109' title="bbox 2144 5146 3725 5222; baseline 0.006 -22"><span class='ocrx_word' id='word_1_722' title='bbox 2144 5153 2255 5211; x_wconf 84' lang='lat' dir='ltr'><strong>tus,</strong></span> <span class='ocrx_word' id='word_1_723' title='bbox 2284 5146 2488 5203; x_wconf 84' lang='lat' dir='ltr'><strong>infecto</strong></span> <span class='ocrx_word' id='word_1_724' title='bbox 2516 5151 2737 5220; x_wconf 89' lang='lat' dir='ltr'><strong>negotio</strong></span> <span class='ocrx_word' id='word_1_725' title='bbox 2763 5161 2850 5205; x_wconf 91' lang='lat' dir='ltr'><strong>est</strong></span> <span class='ocrx_word' id='word_1_726' title='bbox 2876 5166 3180 5222; x_wconf 89' lang='lat' dir='ltr'><strong>regressus.</strong></span> <span class='ocrx_word' id='word_1_727' title='bbox 3213 5153 3490 5209; x_wconf 83' lang='lat' dir='ltr'><strong>Vicesimo</strong></span> <span class='ocrx_word' id='word_1_728' title='bbox 3542 5165 3725 5210; x_wconf 87' lang='lat' dir='ltr'><strong>autem</strong></span> 
     </span>
    </p>
   </div>
   <div class='ocr_carea' id='block_1_110' title="bbox 2143 5237 3723 5282">
    <p class='ocr_par' dir='ltr' id='par_1_110' title="bbox 2143 5237 3723 5282">
     <span class='ocr_line' id='line_1_110' title="bbox 2143 5237 3723 5282; baseline 0 0"><span class='ocrx_word' id='word_1_729' title='bbox 2143 5237 2396 5282; x_wconf 76' lang='lat' dir='ltr'><strong>sentimn-</strong></span> <span class='ocrx_word' id='word_1_730' title='bbox 2434 5237 2809 5282; x_wconf 68' lang='lat' dir='ltr'><strong>Letuleaiailnc</strong></span> <span class='ocrx_word' id='word_1_731' title='bbox 2838 5240 2907 5282; x_wconf 58' lang='grc' dir='ltr'><strong>ΩΒ</strong></span> <span class='ocrx_word' id='word_1_732' title='bbox 2952 5244 3142 5282; x_wconf 71' lang='grc' dir='ltr'><strong>ρητΙοπη</strong></span> <span class='ocrx_word' id='word_1_733' title='bbox 3190 5243 3525 5282; x_wconf 62' lang='lat' dir='ltr'><strong>alitur-uana</strong></span> <span class='ocrx_word' id='word_1_734' title='bbox 3551 5247 3723 5282; x_wconf 58' lang='lat' dir='ltr'><strong>nul-vi-</strong></span> 
     </span>
    </p>
   </div>
  </div>
