4044 5428
298 322 401 380 ’119

1294 314 1615 376 HISTORIA
1659 314 2115 374 FRANCORUM.
2147 349 2215 358 -—
2250 313 2377 372 LIB.
2418 312 2505 371 111.

3456 315 3559 371 750

301 437 474 492 nitrus
500 430 716 505 fragore
769 433 1073 490 scintillans
1124 433 1179 489 in
1241 441 1442 489 terram
1484 433 1706 489 decidit.
1757 432 1878 503 Ipso
1907 437 1954 493 Λ
1982 431 2112 485 mini
2147 431 2315 485 nostri
2362 429 2489 485 Iesu
2543 428 2768 491 Christi,
2797 443 2918 498 qua:
2953 428 3001 485 ei
3035 428 3087 484 in
3128 443 3383 501 passione
3431 432 3560 485 sub-

302 542 517 597 qnoqne
539 541 682 579 anno
711 524 959 596 Siagrius
982 540 1183 588 comes,
1209 540 1275 579 ex
1304 535 1572 595 praecepto
1601 524 1877 579 Guntran-

303 621 378 679 ni,
421 619 949 689 Constantinopolim
982 619 1048 672 ad
1080 619 1510 688 componendam
1543 634 1664 672 cum
1710 618 1883 687 impe-

304 720 484 767 ratore
522 726 709 780 pacem
764 709 1064 779 profectus,
1130 710 1261 763 inibi
1297 708 1487 763 fraude
1532 709 1878 778 patriciatum

305 819 579 859 assumere
608 803 797 857 voluit.
826 802 956 867 Qua:
996 816 1083 856 res
1103 809 1276 871 coepta
1314 802 1528 871 quidem
1556 811 1663 865 est,
1694 801 1787 854 sed
1814 799 1882 854 ad

304 892 551 948 eﬁectum
607 893 833 946 minime
887 890 1505 962 deducta.Lewigildus,
1563 891 1729 943 etiam
1789 889 1884 943 Hi-

304 984 508 1053 spaniac
530 997 625 1038 rex
659 983 918 1045 moriens,
962 980 1268 1036 Richaredo
1316 982 1427 1037 ﬁlio
1478 995 1703 1050 regnum
1757 978 1885 1035 reli-

306 1083 443 1145 (Μ’
840 1145 1067 1201 CAPUT
1108 1143 1341 1199 LXXVI.

307 1237 384 1291 De
416 1235 727 1290 Theoderici
776 1236 874 1300 ﬁlii
908 1235 1225 1290 Childeberti
1275 1234 1568 1297 nativitate,
1620 1242 1667 1286 et
1719 1232 1885 1303 ipsius

413 1307 733 1361 (Iliildeberti
760 1308 812 1359 in
845 1308 987 1375 regni
1012 1308 1338 1359 successione
1359 1306 1778 1371 conﬁrmatione.

379 1400 538 1452 Anno
570 1410 743 1451 xxvm
784 1412 947 1466 supra
979 1395 1264 1451 memorati
1308 1395 1468 1463 regis,
1516 1393 1615 1463 ipsi
1656 1390 1887 1462 principi

318 1489 602 1543 nuntiatur
642 1484 989 1541 Cbildeberto
1034 1501 1133 1540 suo
1180 1486 1361 1555 nepoti
1410 1484 1641 1537 alterum
1700 1491 1888 1536 natum

307 1597 427 1637 esse
461 1582 652 1645 ﬁlium,
685 1581 910 1634 nomine
959 1578 1383 1634 Theodericum.
1416 1577 1573 1632 Unde
1609 1591 1731 1631 eum
1765 1589 1889 1631 cum

308 1672 672 1726 Bruiiecbilde
697 1679 873 1726 matre
901 1670 1019 1740 ejus
1046 1671 1112 1725 ad
1161 1684 1219 1724 se
1250 1684 1507 1731 evocans,
1538 1668 1734 1722 iterum
1782 1666 1891 1721 ha:-

311 1766 499 1821 redem
557 1764 707 1835 regni
736 1764 818 1818 sui
848 1771 1175 1818 testamento
1207 1762 1381 1830 ipsum
1412 1759 1528 1814 fore
1558 1759 1884 1829 designavit.

312 1856 451 1910 Acta
480 1865 605 1909 sunt
630 1855 745 1909 haec
784 1854 902 1908 loco
930 1863 1239 1923 nuncupata
1288 1851 1552 1915 Andalao,
1590 1866 1698 1921 quo
1730 1864 1889 1904 soror

304 1947 579 2015 simulque
630 1960 769 1999 uxor
819 1944 1148 2000 Cltildeberti
1194 1943 1482 1997 adfuerunt
1543 1942 1805 2009 multique
1858 1955 1891 1995 e

306 2034 546 2089 Francia
578 2043 633 2088 et
674 2034 979 2105 Burgundia
1014 2043 1286 2103 potentes,
1320 2042 1378 2086 ιιι
1406 2032 1581 2103 palam
1629 2031 1889 2086 omnibus

304 2127 535 2179 daretur
602 2124 823 2193 agnosci
872 2122 1261 2185 Cltildeberto,
1319 2135 1441 2193 post
1503 2123 1756 2177 avunculi
1805 2122 1888 2177 sui

302 2216 618 2270 Guntranni
648 2214 830 2281 funus,
863 2231 1086 2285 regnum
1121 2216 1443 2285 Burgundia:
1466 2215 1673 2271 deberi.

835 2306 1062 2362 CAPUT
1093 2307 1354 2361 LXXVII.

303 2397 384 2452 De
420 2400 736 2469 primatibus
776 2398 1091 2469 Childeberti
1129 2398 1270 2453 la’ste
1295 2398 1584 2469 majestatis
1613 2399 1886 2463 convictis,

374 2481 427 2522 et
460 2473 525 2523 de
575 2472 792 2522 Aut/tari
836 2468 1167 2538 Langobardi
1213 2485 1328 2521 cum
1382 2468 1738 2522 Tlteudelinda
1792 2485 1892 2522 nu—

373 2541 524 2609 ptiis,
558 2540 943 2607 Reclmrediqne
996 2538 1237 2609 Hispani
1269 2540 1373 2606 ﬁde
1412 2540 1693 2602 catholica,
1732 2550 1779 2593 et
1827 2540 1891 2593 de

374 2608 615 2663 exercitu
640 2610 1072 2680 Burgundionum
1106 2610 1161 2663 in
1191 2608 1506 2679 Hispaniam
1545 2611 1728 2663 misso.

380 2702 461 2754 Eo
491 2710 756 2769 tempore,
802 2701 1234 2771 Setacecliingus
1262 2710 1318 2755 et
1343 2699 1888 2767 Baso-Guntrannus,

304 2790 475 2847 Ursio
503 2808 722 2862 quoque
751 2810 813 2848 ac
843 2794 1208 2857 Bertefredus,
1236 2794 1525 2863 optimates
1560 2792 1891 2850 Cliildcberti

306 2885 477 2954 regis,
511 2900 577 2938 eo
606 2885 745 2954 quod
771 2901 897 2940 eum
956 2894 1286 2940 tractassem
1314 2886 1601 2954 perimere,
1655 2886 1769 2953 ipso
1802 2901 1892 2939 or-

304 2976 539 3029 dinante
562 2977 820 3044 perempti
850 2987 999 3031 sunt.
1031 2976 1138 3031 Sed
1170 2990 1225 3031 et
1245 2976 1616 3032 Leudefredus
1637 2977 1892 3031 Aleman-

305 3082 513 3119 uorum
541 3067 651 3120 dux
673 3067 934 3123 offensam
976 3067 1236 3122 antedicti
1268 3067 1379 3137 regi
1412 3067 1717 3132 incurrens,
1764 3067 1891 3139 fuga

303 3158 533 3227 elapsus
558 3174 629 3212 ne
646 3160 805 3214 morti
833 3158 1255 3227 adjudicaretur,
1288 3160 1471 3225 latuit,
1498 3172 1554 3215 et
1585 3160 1893 3216 Uncelenus

307 3248 436 3304 loco
459 3248 633 3319 ipsius
673 3251 776 3304 dux
810 3251 1133 3305 substitutus
1178 3260 1277 3305 est.
1316 3251 1487 3306 Porro
1514 3254 1654 3322 apud
1704 3252 1895 3323 Bajoa-

308 3341 453 3394 riam
480 3348 605 3410 post
631 3338 980 3395 Garibaldum
1004 3342 1293 3399 Tassiloab
1321 3344 1674 3400 Childeberto
1693 3360 1785 3400 rex
1808 3360 1897 3399 or-

306 3432 540 3487 dinatus
594 3442 695 3488 est.
747 3434 850 3502 Qui
920 3450 1045 3490 mox
1094 3450 1218 3491 cum
1284 3438 1529 3493 exercitu
1577 3437 1895 3493 Sclavorum

307 3519 658 3576 Provinciam
737 3523 1036 3591 introiens,
1113 3535 1270 3595 parta
1346 3528 1575 3582 victoria
1662 3528 1764 3583 ad-
1802 3541 1895 3581 so-

305 3613 428 3667 lum
506 3615 784 3684 praprinm
843 3631 970 3671 cum
1048 3617 1284 3671 maxima
1357 3620 1623 3675 remeavit
1690 3619 1892 3688 prmda.

305 3705 443 3759 Fuit
465 3717 649 3760 autem
678 3706 1006 3763 Garibaldus
1033 3709 1210 3781 (cujus
1235 3728 1380 3768 nunc
1402 3714 1733 3768 mentionem
1759 3713 1894 3768 feci-

304 3798 461 3869 mus)
490 3812 650 3853 socer
692 3799 924 3855 Anthari
950 3801 1091 3871 regis
1119 3802 1597 3872 Langobardorum
1622 3819 1685 3857 ex
1718 3803 1897 3859 Theu-

304 3889 535 3944 delinda
580 3891 686 3944 ﬁlia
738 3906 855 3945 sua.
897 3892 1069 3958 Quam
1120 3904 1452 3950 memoratus
1507 3896 1737 3950 Autltari
1796 3910 1895 3965 per

304 3981 693 4050 semetipsum,
716 3983 815 4037 sub
839 3985 1022 4053 specie
1049 3984 1293 4055 legataril
1332 3988 1630 4055 proiectus,
1654 3989 1707 4042 in
1734 3990 1895 4044 domo

302 4081 549 4142 paterna
603 4076 1001 4145 contemplatus
1055 4085 1157 4141 est,
1207 4092 1439 4147 eamque
1488 4078 1783 4144 adamavit,
1839 4091 1897 4136 et

303 4164 664 4229 postmodum
713 4165 812 4219 sibi
833 4165 889 4219 in
932 4166 1341 4222 matrimonium
1364 4166 1566 4235 junxit.
1599 4169 1717 4235 Quo
1761 4179 1897 4224 tem-

302 4270 448 4325 pore
480 4254 829 4314 Recharedus
850 4274 945 4315 rex
969 4259 1294 4325 Gothorum,
1324 4276 1427 4315 non
1456 4264 1626 4331 patris
1648 4262 1899 4333 Lewigil-

302 4347 363 4400 di
388 4346 703 4415 perﬁdiam,
728 4349 818 4403 sed
838 4349 1025 4404 fratris
1049 4350 1449 4423 Hermencgildi
1477 4354 1635 4408 ﬁdem
1661 4364 1899 4410 sectatus

1984 524 2088 578 lata
2118 536 2203 579 est
2242 532 2297 580 et
2344 525 2435 579 ttni
2488 524 2717 579 militum
2760 533 2906 579 sorte
2954 525 3172 585 tradita,
3231 522 3388 592 juxta
3428 524 3559 577 illud

1985 615 2273 685 Propheta:
2304 616 2652 669 vaticinium:
2682 616 2819 680 Quia
2854 632 3007 685 super
3033 626 3218 670 restem
3250 632 3417 669 meam
3458 617 3561 668 nti-

1980 716 2159 760 serunt
2186 716 2377 760 sortem
2406 704 2575 775 (Psal.
2630 710 2768 773 xxi),
2803 708 3073 761 inventam
3105 722 3226 762 esse
3271 708 3563 777 profitente

1983 797 2216 864 quodam
2271 797 2510 857 Simone,
2556 795 2758 851 Iacobo
2802 807 2956 866 patre
2985 798 3286 869 pragenita.
3313 798 3415 868 Qui
3466 814 3564 869 per

1982 888 2118 943 duas
2148 888 2262 943 fere
2297 890 2660 944 hebdomadas
2704 891 2879 959 pomis
2911 891 3156 956 all‘cctus,
3191 893 3409 947 tandem
3436 908 3561 961 pro—

1983 978 2164 1034 fessus
2185 987 2269 1034 est
2298 980 2466 1050 ipsam
2499 980 2735 1034 tunicam
2760 981 2813 1034 in
2845 981 3064 1037 civitate
3093 983 3322 1051 Zapltat,
3372 982 3565 1052 procul

1984 1083 2015 1123 a
2046 1068 2457 1140 Hierosolymis,
2514 1069 2568 1123 in
2599 1084 2728 1123 arca
2786 1085 3089 1125 marmorea
3137 1072 3369 1140 positam
3419 1088 3563 1127 esse.

1986 1158 2159 1226 Quam
2213 1158 2509 1229 Gregorius
2563 1157 2960 1225 Antiocltenus,
3007 1169 3062 1213 et
3092 1158 3334 1214 Thomas
3374 1160 3566 1216 lliero-

1987 1249 2361 1319 solymitauus,
2386 1247 2623 1302 Joannes
2670 1262 2886 1316 quoque
2928 1247 3567 1318 Caustantinopolitanns

1986 1341 2295 1410 episcopus,
2355 1354 2477 1394 cum
2536 1339 2657 1394 aliis
2687 1338 2872 1394 multis
2914 1339 3279 1409 pontiﬁcibus,
3316 1342 3569 1396 triduano

1989 1431 2261 1499 completo
2276 1428 2506 1497 jejunio,
2536 1444 2660 1483 cum
2699 1430 2986 1485 devotione
3018 1431 3253 1485 maxima
3284 1434 3569 1488 transtule-

1991 1530 2139 1585 runt,
2174 1537 2237 1575 ac
2278 1522 2329 1575 in
2370 1522 2488 1576 loco
2528 1536 2634 1590 quo
2662 1536 2794 1575 crux
2848 1522 3125 1576 Dominica
3161 1533 3447 1577 veneratur
3472 1536 3571 1593 po.

1992 1621 2237 1677 suerunt,
2268 1629 2389 1667 cum
2428 1614 2565 1681 ipsa,
2620 1613 2806 1681 inqua
2835 1614 2986 1683 prius
3024 1613 3225 1677 fuerat,
3268 1630 3569 1669 marmorea

1994 1717 2141 1756 arca.
2174 1703 2305 1769 Quae
2357 1712 2521 1757 tantae
2568 1702 2830 1768 levitatis,
2882 1704 3009 1758 dum
3043 1703 3351 1767 elferretur,
3405 1704 3572 1757 fuisse

1917 1781 1963 1840 Β
1990 1795 2105 1848 visa
2131 1803 2215 1847 est
2246 1803 2303 1848 ut
2340 1794 2547 1847 nullunt
2574 1809 2713 1848 onus
2738 1802 3017 1862 portantes
3049 1794 3335 1848 sentirent.
3362 1793 3438 1847 Eo
3469 1810 3567 1846 an-

1990 1899 2060 1938 no
2086 1884 2208 1937 luna
2248 1883 2539 1938 obscurata
2584 1893 2691 1949 est,
2722 1894 2778 1938 et
2805 1884 2948 1939 inter
2985 1883 3227 1938 Francus
3258 1899 3319 1938 ac
3357 1883 3570 1937 Britan-

1992 1991 2091 2029 nos
2118 1991 2281 2045 super
2316 1974 2537 2029 ilnviutn
2561 1976 2825 2030 Wisuona
2856 1974 3052 2029 bellum
3098 1985 3299 2037 ortum,
3324 1975 3412 2027 tibi
3438 1972 3575 2043 Βερ-

1991 2067 2214 2137 pclenus
2260 2069 2365 2121 dux
2394 2066 2749 2131 Francorum,
2803 2066 3039 2120 factione
3083 2066 3400 2120 Ebrecbarii
3440 2065 3576 2118 alti-.-

1992 2159 2106 2213 rius
2135 2158 2309 2223 ducis,
2338 2175 2367 2210 a
2398 2158 2712 2211 Britonibus
2735 2157 3034 2227 jugulatur.
3065 2157 3218 2212 Unde
3238 2164 3381 2226 post,
3410 2156 3576 2210 Ebrc-

1992 2248 2221 2303 charius
2243 2246 2491 2312 multam,
2524 2262 2685 2315 quant
2719 2246 2802 2301 lex
2829 2247 3150 2315 parentibus
3182 2245 3578 2301 interiectisol-

1990 2340 2221 2393 vendam
2252 2353 2374 2393 esse
2413 2338 2689 2408 praecepit,
2733 2325 2961 2393 reddere
2990 2348 3232 2405 coactus,
3264 2338 3331 2392 ad
3382 2338 3576 2407 inopia:

1993 2431 2195 2486 malum
2228 2430 2516 2486 devolutus
2537 2442 2644 2485 eet.

2533 2543 2760 2601 CAPUT
2789 2543 3025 2600 LXXIX.

1992 2636 2071 2691 De
2092 2636 2316 2691 Aut/tari
2338 2635 2669 2707 Langobardi
2691 2637 2946 2708 legatione
2966 2636 3035 2690 ad
3057 2651 3199 2707 reges
3223 2633 3577 2702 Francorum,

2639 2719 2685 2761 et
2722 2718 2906 2761 marte.

2070 2798 2221 2852 Auno
2268 2814 2397 2851 xxxx
2446 2797 2749 2852 Guntranni
2802 2797 2973 2867 regis,
3024 2794 3430 2851 Theodel‘redus
3471 2796 3581 2849 dux

1996 2885 2373 2954 Ultrajuranus
2416 2888 2643 2940 moritur
2663 2929 2678 2951 ,
2706 2886 2866 2956 eique
2897 2886 3277 2941 Wadalmarus
3311 2885 3581 2941 succedit.

1993 2976 2202 3031 Interea
2232 2992 2324 3031 rex
2354 2976 2836 3047 Langobardorum
2862 2977 3089 3031 Authari
3114 2976 3437 3047 legationem
3465 2992 3585 3030 ver-

1995 3070 2079 3125 bis
2131 3070 2369 3140 paciﬁcis
2403 3071 2470 3125 ad
2518 3070 2893 3125 Guntrannum
2928 3085 3107 3141 regem
3142 3071 3345 3140 dirigit.
3391 3069 3434 3122 A
3477 3083 3588 3138 quo

1998 3163 2159 3218 iidem
2206 3163 2365 3234 legati
2410 3162 2646 3231 jucunde
2690 3163 2944 3232 suscepti,
2978 3171 3035 3216 et
3073 3161 3141 3216 ad
3179 3159 3589 3216 Childebertum

1996 3262 2124 3308 sunt
2146 3253 2359 3318 directi,
2388 3264 2449 3307 nt
2474 3268 2570 3321 per
2594 3252 2712 3321 ejus
2742 3262 2933 3307 nutum
2968 3268 3071 3322 pax
3100 3267 3222 3306 cum
3252 3262 3413 3323 gente
3442 3252 3588 3306 Lon-

1996 3342 2354 3413 gobardorum
2387 3343 2717 3398 ﬁrmaretur.
2731 3342 2977 3413 Dumque
2998 3342 3159 3412 legati
3182 3342 3410 3396 Authari
3443 3342 3590 3413 regis

1996 3434 2050 3488 in
2094 3434 2325 3490 Francia
2376 3445 2740 3502 morarentur,
2773 3450 2867 3490 rex
2898 3434 3129 3490 Authari
3167 3433 3309 3504 apud
3337 3431 3589 3489 Ticinum

1996 3540 2228 3590 veneno,
2256 3535 2314 3580 ut
2356 3527 2596 3593 tradunt,
2642 3536 2864 3596 accepto
2918 3525 3170 3579 moritur.
3228 3521 3529 3594 Statimque
3556 3538 3590 3577 a

1996 3614 2366 3687 Longobardis
2391 3618 2612 3673 nuntius
2632 3618 2867 3672 mittitur
2889 3618 2957 3672 ad
2972 3616 3378 3673 Ch‘ildebertum
3409 3631 3589 3687 regem

1996 3707 2357 3773 Francorum,
2388 3707 2483 3778 qui
2526 3708 2757 3762 Authari
2790 3706 2935 3777 regis
2980 3715 3208 3762 mortem
3238 3706 3411 3759 eidem
3454 3722 3591 3759 nun-

1998 3799 2159 3854 tiaret
2183 3815 2483 3869 pacemque
2513 3800 2581 3855 ab
2604 3814 2670 3854 eo
2700 3808 2998 3869 expeteret.
3043 3798 3197 3865 Quod
3227 3798 3314 3852 ille
3340 3799 3588 3865 audiens,

1997 3891 2233 3962 legatum
2262 3892 2437 3946 amice
2465 3893 2683 3962 quidem
2711 3892 2972 3962 suscepit,
3003 3906 3191 3961 pacem
3236 3906 3366 3945 vero
3402 3892 3453 3944 in
3487 3906 3589 3960 po-

1997 3991 2201 4037 sterum
2249 3996 2311 4037 se
2359 3983 2612 4038 daturum
2667 3983 2937 4052 promisit.
2985 3981 3111 4037 Post
3152 3980 3357 4051 aliquot
3407 3990 3589 4036 tamen

1997 4075 2114 4131 dies
2144 4088 2266 4131 eum
2296 4074 2564 4145 promissa
2593 4090 2727 4145 pace
2755 4073 2980 4129 dimisit.

2551 4186 2781 4243 CAPUT
2806 4185 3018 4241 LXXX.

2069 4278 2147 4332 De
2170 4277 2530 4334 Tlteudelinda
2561 4278 2790 4332 Aulhari
2810 4279 2990 4341 vidua,
3018 4278 3252 4350 Agilulfa
3274 4281 3513 4334 nubente.

2068 4370 2332 4425 Defuncto
2360 4372 2613 4436 Authari,
2646 4371 3014 4427 Thetidelinda
3061 4373 3266 4442 regina,
3295 4387 3415 4441 quae
3456 4370 3594 4426 satis

303 4439 671 4504 catholicam,
705 4441 856 4510 prius
877 4457 907 4495 a
932 4440 1185 4497 Leandro
1206 4445 1459 4513 episcopo
1483 4446 1789 4515 baptizatur
1816 4461 1892 4501 se-

2000 4460 2244 4529 placehat
2274 4461 2669 4533 Longobardis,
2704 4462 2972 4535 permissu
3031 4439 3347 4517 earumdem
3384 4463 3593 4533 Agilul-

302 4529 570 4594 cretius;
624 4530 816 4586 deinde
842 4547 1031 4588 omnes
1084 4534 1252 4589 libros
1283 4546 1442 4590 sectae
1490 4538 1707 4592 Arianze
1756 4543 1900 4610 apud

303 4619 573 4675 Toletum
606 4636 713 4675 uno
743 4621 798 4675 in
833 4622 951 4676 loco
977 4624 1202 4678 adunari
1234 4626 1577 4695 prmcipiens,
1630 4628 1752 4699 igne
1783 4644 1900 4684 cre-

303 4713 519 4776 mavit,
552 4721 609 4766 et
637 4712 846 4769 Gothos
886 4715 951 4768 ad
1004 4730 1146 4770 verae
1195 4716 1319 4770 ﬁdei
1353 4718 1615 4771 unitatem
1652 4720 1895 4774 adduxit.

304 4805 476 4859 Anno
506 4820 635 4859 xxix
669 4806 819 4876 regni
854 4804 1190 4872 Guntranni,
1231 4808 1430 4863 iterata
1453 4811 1729 4866 exercitus
1763 4812 1901 4867 Bur-

304 4896 654 4962 gundionum
711 4896 1028 4965 Hispaniam
1076 4900 1535 4971 ingreditur;sed
1569 4902 1898 4972 negligentia

302 4984 551 5040 Bosonis
574 4985 782 5039 militiae
806 4987 1079 5056 principis,
1110 4989 1349 5059 graviter
1373 4990 1677 5047 Gothorum
1706 4994 1903 5063 gladiis

304 5078 657 5134 obtruncatis
694 5076 1018 5149 quihusdam
1048 5097 1078 5138 e
1122 5082 1262 5147 suis,
1300 5083 1389 5137 vix
1439 5084 1507 5139 ad
1546 5087 1780 5154 patriam
1815 5100 1904 5146 est

304 5182 622 5237 regressus.

838 5236 1058 5297 CAPUT
1093 5242 1379 5301 LXXVIII.

300 5329 386 5382 De
418 5329 880 5412 tunicis-Domini
923 5332 1614 5412 iitcgnsutilisjnventiane,
1641 5343 1707 5394 de
1754 5340 1902 5399 (una:

2004 4548 2137 4617 fum,
2184 4552 2275 4623 qui
2327 4564 2383 4608 et
2424 4553 2541 4622 Ago
2594 4555 2771 4609 dictus
2819 4564 2923 4618 eSt,
2968 4553 3156 4607 ducem
3188 4553 3587 4616 Taurinatimn,

2002 4642 2178 4696 virum
2227 4651 2505 4699 strenuum
2544 4659 2607 4699 ac
2646 4646 2985 4710 bellicosum,
3017 4654 3069 4699 et
3103 4644 3202 4699 sibi
3252 4644 3506 4698 maritum
3539 4654 3595 4697 et

2002 4732 2479 4801 Langobardorum
2528 4738 2672 4808 genti
2721 4752 2903 4808 regem
2948 4736 3128 4805 elegit.
3162 4736 3242 4789 Ad
3275 4735 3418 4789 hanc
3452 4737 3595 4803 regi-

2004 4839 2128 4879 nam
2152 4825 2584 4894 sapientissimus
2612 4842 2747 4895 papa
2777 4827 3071 4896 Gregorius
3115 4834 3347 4894 quatuor
3390 4823 3593 4891 Dialogi

2006 4915 2087 4970 sui
2136 4914 2320 4979 libros,
2353 4931 2488 4985 quos
2526 4918 2592 4972 de
2638 4916 2755 4971 Vita
2784 4925 3095 4972 sanctorum
3143 4915 3453 4983 scripserat,
3512 4912 3595 4965 di-

2005 5006 2165 5073 rexit,
2198 5008 2372 5063 sciens
2393 5022 2515 5062 eam
2540 5016 2595 5062 et
2619 5006 2820 5063 Christi
2846 5006 2971 5062 ﬁdei
3002 5007 3235 5062 deditam
3261 5012 3316 5057 et
3342 5004 3395 5057 in
3438 5001 3596 5058 bonis

2006 5098 2220 5153 actibus
2245 5110 2365 5152 esse
2395 5099 2748 5167 praecipuam.

2077 5188 2233 5244 Circa
2263 5189 2380 5242 haec
2403 5195 2670 5258 tempora,
2699 5182 3006 5244 coenobium
3043 5184 3185 5237 beati
3227 5182 3399 5251 patris
3428 5184 3598 5238 Bene-

2006 5281 2156 5346 dicti,
2192 5281 2333 5351 quod
2361 5280 2411 5333 in
2441 5290 2623 5335 castra
2646 5280 2874 5335 Cassino
2914 5277 3077 5330 situm
3101 5283 3200 5338 est,
3225 5289 3256 5327 a
3286 5274 3599 5347 Langobar-

2006 5376 2089 5412 mc
2139 5382 2300 5412 nnnln
2356 5371 2647 5412 invaditur-
2703 5369 2828 5412 nni-
2863 5366 3112 5412 universa
3160 5363 3497 5412 dirinienlas-
3532 5381 3601 5412 ne
