4044 5428
394 266 490 321 751
1448 257 1709 315 AlﬂOlNl
1747 254 1982 313 MONAC

2088 251 2590 314 FLORIACENSIS

3558 256 3669 316 τει

396 386 501 430 tur.
540 395 557 426 ι
600 372 890 446 Fugientes
919 388 1084 444 parra
1114 387 1179 425 ex
1227 371 1416 425 eodem
1448 369 1695 425 emnobio
1724 367 1972 422 monachi
2004 375 2050 431 Α
2081 373 2186 418 tur.
2213 363 2564 437 Congrcgatis
2595 366 2754 436 igitur
2784 367 2996 423 cunctis
3020 366 3302 423 anstrasiis
3328 378 3383 423 et
3407 369 3474 424 de
3498 386 3665 443 regno

394 463 622 518 Romam
690 463 961 532 petierunt
1004 476 1188 523 secum
1234 460 1474 514 codicem
1514 468 1712 513 saneta:
1759 456 1976 527 regular,

395 572 556 633 quam
602 556 857 626 prmfatus
905 563 1061 624 pater
1088 561 1490 624 composuerat,
1514 562 1564 608 et
1601 553 1846 621 quaedam
1874 550 1976 604 alia

395 646 619 715 scripta,
648 660 857 699 necnon
900 645 1109 715 pondus
1140 645 1295 714 panis
1322 655 1377 699 et
1410 660 1713 700 mensuram
1741 642 1873 707 vini,
1898 658 1979 699 iac

400 736 655 805 quidquid
691 749 754 789 ex
790 735 1108 805 supellectili
1146 736 1425 806 subripere
1459 743 1705 806 potuere,
1733 734 1980 790 deferen-

399 835 501 880 tes.
534 820 844 889 Monasterii
872 833 1052 879 autem
1083 823 1463 888 Cassiniensis,
1497 835 1617 895 post
1643 827 1859 880 beatum
1887 824 1981 882 Βε-

400 915 672 975 nudietum
699 915 1108 981 Constantinus,
1136 926 1257 985 post
1279 917 1420 971 hunc
1442 916 1769 987 Simplicius,
1786 916 1982 972 deinde

400 990 611 1072 Vitatis,
632 1007 699 1059 ad
724 1015 1025 1061 extremum
1052 1004 1298 1073 Bonitas,
1322 1007 1791 1079 congregationem
1815 1006 1979 1074 rexit,

397 1096 495 1155 sub
522 1115 629 1169 quo
651 1101 767 1156 haec
797 1101 1094 1157 destructio
1119 1102 1259 1157 facta
1286 1109 1390 1157 est.

464 1194 623 1247 Anno
647 1209 794 1247 xxxii
821 1202 1077 1261 regnante
1096 1193 1435 1259 Guntranno,
1470 1194 1542 1249 ita
1564 1208 1594 1248 a
1619 1207 1776 1247 mane
1806 1208 1979 1264 usque

397 1281 477 1336 ad
496 1283 732 1339 medium
758 1285 899 1339 diem
930 1283 1011 1338 sil
1037 1284 1339 1340 minoratus
1378 1296 1461 1341 est
1488 1295 1547 1340 ut
1571 1286 1726 1339 tertia
1758 1299 1884 1354 pars
1913 1299 1981 1339 ex

402 1374 515 1443 ipso
542 1374 628 1428 vix
659 1384 968 1444 appareret.
994 1431 999 1436 ,
1248 1410 1251 1413 η

931 1469 1159 1525 CAPUT
1208 1467 1449 1527 LXXXI.

469 1560 547 1614 De
581 1560 879 1617 Guntranni
907 1564 1038 1631 regis
1060 1562 1199 1615 obitu
1223 1572 1268 1616 et
1293 1560 1564 1615 διαμείναΙὶ
1586 1560 1929 1615 institutione.

472 1654 628 1709 Anno
654 1670 824 1709 xxxiii
847 1654 1086 1725 ejusdem
1115 1654 1407 1724 regis,ipse
1433 1667 1527 1706 rex
1553 1666 1779 1721 corpore
1798 1667 1982 1706 exem-

401 1754 546 1813 ptus,
587 1755 858 1799 terrenum
909 1746 992 1817 (ut
1037 1743 1297 1813 creditur)
1354 1757 1577 1813 regnum
1633 1759 1730 1812 pro
1773 1742 1978 1799 cmlesti
2015 1715 2054 1774 Β

400 1842 756 1897 commutans,
784 1835 835 1889 in
863 1834 1089 1891 ecclesia
1124 1832 1307 1889 Sancti
1339 1832 1574 1886 Marcelli
1600 1832 1874 1888 Cahilonis
1897 1850 1983 1888 se-

398 1923 579 1992 pultus
618 1933 721 1978 est.
757 1922 904 1977 lianc
929 1923 1159 1997 denique
1188 1922 1466 1977 basilicam
1510 1923 1642 1992 ipse,
1690 1933 1747 1978 ut
1775 1921 1979 1993 ιιι-(Μειιί

401 2029 610 2079 smnus,
634 2014 815 2068 divino
841 2027 1137 2068 succensus
1169 2028 1372 2082 amore,
1403 2013 1455 2065 in
1484 2013 1742 2067 suburbio
1763 2013 1981 2085 quidem

400 2107 671 2174 praedictae
699 2105 969 2170 civitatis,
1003 2105 1096 2160 sed
1150 2104 1201 2158 in
1233 2104 1509 2158 territorio
1540 2106 1839 2174 Segonum,
1873 2105 1980 2159 sal-

400 2205 566 2266 tuque
591 2193 785 2250 Brexio
811 2194 1206 2273 studiosissime
1227 2195 1534 2250 :edilicavit.
1563 2194 1660 2249 Ubi
1689 2196 1983 2251 monachos

399 2302 721 2357 aggregans,
766 2287 1158 2342 monasterium
1201 2288 1537 2351 construxit,
1566 2288 1709 2357 quod
1739 2288 1982 2358 pluribus

406 2380 624 2448 prmdiis
650 2378 1104 2449 facultatibusque
1125 2379 1337 2433 ditavit.
1366 2377 1647 2453 Synodum
1674 2396 1742 2435 xu.
1772 2380 1981 2448 episco-

409 2486 600 2540 porum
634 2470 913 2541 aggregari
943 2470 1281 2540 praecipiens,
1314 2480 1371 2523 ut
1399 2471 1532 2525 ordo
1576 2470 1853 2540 psallendi,
1887 2471 1982 2540 qui

400 2562 455 2615 in
502 2561 621 2615 loco
668 2569 979 2615 sanctorum
1007 2559 1406 2631 Agaunensium
1450 2561 1780 2630 temporibus
1808 2559 1981 2631 Sig’s-

400 2651 585 2705 nmndi
642 2651 785 2720 regis
815 2651 885 2706 ab
919 2650 1081 2705 Avito
1126 2661 1182 2705 et
1230 2651 1440 2705 caeteris
1466 2651 1808 2720 pontiﬁcibus
1839 2652 1983 2707 illius

400 2741 658 2810 temporis
690 2740 967 2796 institutus
998 2740 1192 2806 fuerat,
1225 2740 1278 2795 in
1305 2739 1552 2796 coenobio
1579 2741 1719 2809 quod
1750 2741 1864 2810 ipse
1902 2740 1983 2794 fa-

400 2829 639 2884 bricat-at
666 2836 957 2895 teneretur,
980 2828 1178 2885 eﬂ‘ecit.
1212 2828 1312 2896 Qui
1359 2829 1608 2885 videlicet
1648 2832 1781 2886 ordo
1818 2830 1982 2886 etiam

400 2927 467 2974 ad
509 2919 817 2989 sepulcrum
862 2921 1032 2975 sancti
1060 2909 1289 2975 Martini
1322 2923 1620 2992 antiquitus
1659 2923 1980 2989 celebratus,

2080 455 2406 527 Burguudizn
2464 457 2818 514 auxiliaribus
2871 457 3106 521 validis,
3164 458 3541 516 Gundoaldtnn
3599 478 3665 520 ac

2080 544 2443 603 Wintriouem
2475 551 2640 607 duces
2686 551 2770 606 his
2795 550 3042 621 praeficit,
3080 551 3410 621 mandatque
3439 560 3516 615 ut,
3552 561 3663 608 ter—

2080 654 2196 695 ram
2221 641 2470 697 hostilem
2497 652 2762 712 petentes,
2789 644 2996 714 praedas
3022 652 3205 713 agant,
3236 644 3481 700 incendia
3513 660 3669 714 spar.

2081 740 2229 801 gant,
2248 734 2493 802 captivos
2509 735 2859 805 quamplures
2885 724 3177 790 abducant.
3199 734 3298 801 Qui
3315 751 3346 791 e
3366 735 3668 807 Campania

2084 821 2333 878 Remensi
2382 826 2646 896 digressi,
2694 842 2889 897 pagum
2954 826 3359 882 Sue-sionienm
3401 829 3667 885 vastaturi

2081 905 2492 986 aggrediuntur,
2550 935 2672 975 cum
2727 921 2940 975 interim
2989 921 3380 999 Fredegttndis,
3427 924 3669 981 evocatis

2080 1007 2173 1075 qui
2202 1007 2303 1061 sibi
2349 1010 2615 1077 parebant
2655 1010 2898 1074 Francis,
2930 1011 3103 1066 ascito
3152 1012 3314 1065 etiam
3368 1012 3671 1068 Landeriro

2081 1096 2195 1167 (qui
2228 1106 2370 1152 tutor
2394 1115 2422 1152 a
2449 1099 2792 1166 Guutranno,
2822 1111 2882 1155 ut
2909 1101 3531 1167 meminimus,Clotario
3558 1104 3671 1158 lilio

2081 1201 2178 1241 suo
2206 1188 2365 1243 datus
2394 1187 2593 1261 fuerat)
2620 1191 2761 1246 facta
2791 1192 3054 1247 concione
3091 1193 3171 1248 sie
3198 1193 3485 1248 universos
3528 1196 3667 1249 allo-

2080 1275 2266 1344 quitur
2312 1288 2366 1331 et
2419 1293 2645 1347 puerum
2677 1296 2788 1349 pra:
2817 1296 2877 1335 se
2906 1292 3148 1351 gestans,
3197 1293 3352 1353 rogat
3378 1302 3392 1336 :
3425 1302 3445 1335 ι
3477 1283 3557 1339 Ne
3587 1287 3671 1338 in.

2080 1363 2313 1429 fantiam,
2348 1367 2490 1438 regis
2529 1370 2714 1439 pupilli
2747 1380 3178 1436 contemnentes,
3212 1373 3455 1428 hostibus
3502 1375 3670 1443 depo-

2081 1458 2346 1526 pulandos
2379 1476 2538 1531 agros
2569 1463 2894 1533 relinquant.
2938 1459 3279 1520 Meminerint
3306 1481 3364 1521 se
3392 1482 3496 1521 non
3529 1483 3669 1523 con-

2083 1558 2346 1618 temptum
2397 1553 2645 1622 pueritiae
2707 1556 3050 1627 promisisse,
3103 1558 3197 1612 sed
3258 1560 3669 1615 venerationem

2085 1639 2354 1709 majestati
2403 1644 2582 1714 regiae.
2638 1644 2905 1701 Fovercut
2960 1660 3123 1717 porro
3171 1648 3452 1714 honori-m,
3503 1665 3671 1720 quem

2082 1733 2467 1789 conferendum
2496 1736 2549 1790 in
2576 1737 2734 1792 cunis
2779 1737 2953 1793 adhuc
2997 1738 3174 1808 posito
3219 1740 3670 1805 :estimavissent,

2082 1839 2153 1881 ne
2199 1825 2253 1879 in
2301 1836 2516 1882 matura
2542 1837 2702 1884 tetate
2728 1844 2932 1885 vacuus
2960 1831 3260 1900 potestatis,
3291 1832 3482 1900 plenus
3511 1834 3672 1902 igno-

2084 1917 2262 1973 minia:
2289 1933 2383 1972 rex
2406 1929 2734 1976 remaneret.
2760 1920 2832 1977 Se
2852 1933 3020 1986 certe,
3048 1923 3245 1991 quibus
3265 1935 3446 1992 posset
3472 1927 3671 1989 modis,

2083 2012 2505 2066 remuneratioui
2530 2027 2629 2081 pro
2658 2013 2767 2068 filio
2798 2030 2903 2069 non
2945 2013 3273 2081 defuturam,
3304 2032 3424 2086 quae
3457 2027 3673 2085 specta-

2085 2101 2186 2154 trix
2218 2111 2555 2167 cunctorum,
2583 2119 2647 2160 ac
2676 2106 2830 2160 testis
2852 2096 3274 2177 uniuscujusque
3307 2107 3388 2162 vel
3416 2109 3673 2179 ignavite,

2082 2193 2168 2246 vel
2211 2195 2444 2259 virtutis,
2497 2196 2554 2250 in
2594 2197 2941 2252 eminentiori
2968 2199 3258 2254 constituta
3289 2198 3408 2253 loco
3438 2201 3674 2269 desuper

2082 2300 2316 2356 pugnam
2364 2297 2651 2356 spectaret.
2693 2308 2713 2341 ι
2747 2288 2989 2359 Cumque
3039 2289 3125 2345 his
3167 2291 3669 2354 exhortationibus,

2084 2377 2399 2431 muneribus
2443 2393 2679 2449 quoque,
2712 2394 2808 2435 eos
2865 2380 2933 2433 ad
2980 2379 3107 2434 belli
3155 2380 3449 2434 certamina
3498 2378 3674 2435 reddi-

2083 2469 2253 2524 disset
2276 2470 2651 2535 aninosiores,
2682 2470 2749 2524 ad
2794 2480 3097 2526 extremum
3132 2471 3310 2526 intulit
3340 2490 3353 2525 :
3385 2491 3403 2522 ι
3440 2472 3539 2538 Ne,
3567 2474 3671 2537 ait,

2082 2560 2371 2630 quempian
2402 2570 2644 2616 vestrum
2696 2562 2986 2618 multitudo
3025 2563 3296 2618 deterreat
3325 2563 3672 2628 adversario-

2083 2668 2224 2727 rum.
2257 2652 2314 2707 Si
2337 2661 2525 2723 aperta
2555 2655 2976 2736 congrediamini
3013 2655 3211 2721 fronte,
3243 2656 3422 2711 inveni
3451 2656 3671 2710 fallendi

2081 2756 2176 2798 eos
2199 2744 2361 2808 viam,
2386 2758 2509 2813 quae
2553 2745 2707 2805 vobis
2749 2746 2926 2814 pariat
2968 2746 3275 2801 victoriam.
3306 2745 3414 2802 Vos
3458 2757 3672 2803 tantum

2085 2838 2371 2907 sequimini
2404 2853 2488 2893 me
2523 2839 2780 2908 prteviam
2802 2882 2816 2905 ,
2850 2848 2905 2896 et
2934 2855 3052 2909 qute
3077 2832 3459 2904 Landericum,
3494 2841 3670 2895 vicem

2084 2930 2228 3000 regis
2273 2939 2544 3001 agentem,
2578 2944 2665 2986 me
2691 2922 3016 3003 suggerente
3047 2932 3292 2988 videritis
3319 2931 3532 2996 facere,
3575 2946 3674 2986 vos

401 3028 609 3087 necnon
640 3013 692 3066 in
724 3014 1055 3069 monasterio
1077 3015 1133 3067 S.
1167 3014 1403 3085 Dionysii
1429 3015 1511 3085 (ut
1540 3025 1663 3086 post
1684 3016 1984 3072 declarabi-
2008 3058 2054 3119 Ο
2085 3034 2300 3089 quoque
2324 3021 2514 3075 eadem
2543 3020 2723 3075 facite.
2758 3042 2777 3074 ι
2811 3021 3018 3077 Placuit
3041 3023 3254 3093 cunctis
3292 3026 3436 3092 quod
3461 3026 3676 3078 dixerat

406 3104 517 3175 tur)
539 3120 568 3162 a
598 3104 904 3176 Dagoberto
943 3119 1069 3176 rege
1091 3106 1175 3176 agi
1200 3115 1517 3176 praeceptus,
1565 3117 1620 3162 et
1646 3124 1673 3162 a
1708 3109 1865 3165 nobis
1884 3125 1981 3183 cu:

398 3189 636 3269 jnsmodi
668 3184 811 3257 esset
855 3201 1177 3268 exquisitus,
1220 3200 1398 3256 taliter
1440 3216 1498 3256 se
1552 3201 1755 3257 habere
1783 3213 1866 3257 est
1895 3217 1983 3257 re-

403 3286 608 3367 pertus.
640 3292 695 3349 In
724 3294 912 3349 diebus
952 3309 1186 3364 namque
1211 3294 1411 3349 aestivis
1440 3309 1537 3349 sex
1569 3294 1875 3363 antiphonze
1903 3295 1984 3349 bi-

412 3388 498 3443 nis
524 3386 746 3459 psalmis
773 3386 1203 3456 explicabantur.
1226 3386 1397 3443 Porro
1426 3396 1537 3441 toto
1559 3388 1821 3458 Augusto,
1859 3396 1983 3457 pro-

404 3489 525 3551 pter
586 3478 832 3549 crebras,
870 3477 1232 3545 festivitates,
1299 3479 1691 3534 manicatioues
1758 3480 1979 3536 fiebant.

402 3569 678 3645 hianicare
703 3576 884 3623 autem
914 3583 1071 3622 mane
1098 3582 1320 3639 surgere
1343 3568 1558 3639 dicitur.
1596 3568 1652 3622 In
1678 3568 1982 3639 Septembri

406 3673 537 3714 vero
564 3668 769 3735 septem
798 3658 1105 3726 antiphonze
1138 3658 1491 3723 canebantur,
1531 3658 1832 3713 distributis
1864 3661 1984 3713 uni-

401 3748 599 3819 «uique
638 3747 783 3803 binis
824 3748 1078 3817 psalmis;
1132 3747 1184 3801 in
1224 3747 1443 3804 Octobri
1468 3759 1612 3815 octo,
1660 3766 1781 3805 cum
1815 3752 1984 3823 ternis

400 3837 664 3908 psalmis;
725 3837 777 3891 in
826 3836 1103 3892 novembri
1144 3852 1359 3904 novem,
1413 3853 1534 3893 cum
1580 3840 1750 3894 ternis
1798 3841 1980 3895 itidem

399 3930 661 4011 psalmis;
693 3929 747 3985 in
791 3930 1073 3986 Decembri
1106 3931 1327 3995 decem,
1358 3946 1480 3985 cum
1522 3931 1692 4005 ternis
1732 3931 1984 3985 similiter

399 4023 642 4092 psalmis.
674 4022 867 4079 Verum
896 4023 951 4077 in
971 4021 1232 4077 Januario
1259 4038 1325 4077 ac
1372 4022 1687 4088 Februario,
1725 4032 1782 4076 ut
1810 4022 1982 4093 possi-

401 4115 585 4169 bilitas
614 4115 850 4179 sinebat,
874 4114 977 4169 hoe
1024 4123 1202 4168 tamen
1253 4115 1618 4178 observantes,
1652 4130 1720 4169 ne
1746 4114 1924 4168 minus
1950 4128 1981 4167 a

400 4206 683 4260 duodecim
712 4206 1043 4277 psalmorum
1068 4206 1370 4276 quantitate
1395 4190 1462 4261 ad
1492 4205 1700 4276 vigilias
1741 4206 1983 4260 dicerent

402 4308 716 4352 nocturnas.
745 4297 824 4352 Ad
856 4306 1062 4352 sextam
1092 4306 1269 4352 tamen
1298 4312 1391 4352 sex
1438 4297 1629 4366 psalmi
1671 4311 1793 4351 cum
1838 4295 1981 4350 Alle-

2087 3110 2301 3180 rcgina,
2330 3119 2382 3164 et
2410 3125 2478 3164 ex
2505 3110 2715 3165 consilii
2745 3112 3016 3166 sententia
3062 3127 3243 3181 regem
3273 3114 3450 3168 adhuc
3480 3115 3675 3169 matris

2085 3208 2365 3269 sugentem
2408 3199 2578 3255 ubera
2617 3199 2820 3255 ferrata
2862 3211 3163 3271 sequuntur
3199 3203 3434 3273 agmina.
3464 3201 3672 3257 Intem-

2085 3301 2233 3360 pesta
2256 3300 2415 3346 nocte
2441 3306 2670 3363 surgens
2697 3293 2990 3357 exercitus,
3031 3292 3220 3348 silvam
3238 3292 3542 3348 Landerico
3569 3296 3671 3348 du-

2085 3391 2243 3437 cente
2289 3390 2372 3437 est
2422 3381 2717 3453 ingressus.
2769 3383 2904 3451 Qui,
2952 3391 3167 3453 arrepta
3208 3384 3419 3451 securi,
3451 3398 3670 3438 ramum

2083 3475 2331 3546 praecidit
2354 3475 2585 3543 arboris,
2614 3490 3045 3546 suspensumque
3078 3474 3500 3532 tintinnabulum
3531 3475 3675 3530 collo

2083 3563 2207 3633 equi
2236 3564 2322 3618 cui
2352 3563 2625 3619 insidebat
2662 3564 2876 3628 ferens.
2925 3564 3173 3619 hortatur
3218 3565 3398 3621 socios
3427 3573 3482 3618 ut
3512 3579 3674 3618 suum

2084 3670 2276 3711 omnes
2302 3668 2602 3726 sequantur
2645 3657 2971 3729 exemplum.
3005 3658 3105 3724 Qui
3134 3659 3384 3713 certatim
3411 3657 3673 3711 arborum

2083 3749 2326 3817 praecisis
2346 3749 2536 3813 ramis,
2558 3750 2898 3820 arreptisque
2918 3764 3022 3803 una
3048 3748 3445 3818 tintinnabulis,
3463 3748 3674 3804 factum

2086 3840 2280 3894 imitati
2324 3838 2507 3904 ducis,
2557 3841 2804 3913 matutini
2857 3839 3142 3907 hostilibus
3186 3840 3409 3894 astitere
3454 3842 3672 3895 castris.

2084 3929 2294 4001 Interea
2325 3929 3015 4000 FredegundisClotarium
3043 3929 3210 3984 tilium
3249 3945 3405 3985 suum
3435 3930 3676 3999 propriis

2085 4030 2304 4090 gestans
2332 4021 2498 4088 ulnis,
2534 4036 2704 4090 usque
2746 4021 2814 4076 ad
2842 4021 3015 4077 locum
3059 4020 3375 4091 certaminis
3399 4034 3674 4076 armatum

2084 4112 2424 4183 przecedebat
2470 4113 2809 4177 exercitum,
2867 4120 2923 4166 ut
2962 4112 3240 4181 miseratio
3290 4127 3387 4168 eos
3444 4111 3677 4168 infantis

2086 4208 2427 4271 accenderet,
2455 4219 2636 4275 quem,
2669 4206 2713 4283 si
2746 4205 2872 4275 victi
2912 4205 3110 4268 forent.
3145 4205 3419 4275 captivum
3446 4206 3515 4260 de
3548 4219 3677 4274 rege

2085 4295 2283 4353 facturi
2311 4297 2653 4352 videbantur.
2688 4293 2794 4351 Sed
2826 4312 2963 4350 unus
3003 4295 3262 4366 hostium,
3292 4295 3399 4365 qui
3428 4310 3555 4350 cum
3580 4299 3674 4349 so-

403 4384 541 4452 luia,
568 4387 633 4440 ad
655 4388 1048 4453 duodecimam,
1076 4388 1382 4453 duodecim,
1404 4389 1563 4457 idque
1582 4403 1706 4442 cum
1731 4384 1981 4452 Alleluia,
2011 4397 2060 4456 ι)
2087 4388 2187 4442 ciis
2218 4387 2583 4456 praetendebat
2632 4386 2815 4440 munia
2862 4386 3191 4453 vigiliarum,
3244 4383 3391 4438 clara
3440 4386 3676 4438 necdum

404 4478 789 4547 psallebantur.
817 4477 923 4533 Sed
949 4478 1015 4535 de
1044 4478 1129 4532 his
1158 4479 1259 4532 ista
1309 4477 1595 4532 sutiiciant.
1639 4476 1763 4530 Fuit
1807 4487 1987 4532 autem

405 4572 763 4626 Gnntrannus
789 4572 841 4625 in
866 4572 1107 4627 bonitate
1130 4556 1454 4643 praecipuus,
1486 4572 1537 4625 in
1566 4572 1833 4641 eroganda
1859 4572 1988 4641 pau-

406 4662 626 4733 peribus
656 4662 911 4717 alimonia
953 4662 1248 4731 largiﬂuus.
1291 4662 1489 4717 Christi
1528 4662 1901 4717 sacerdotibus
1929 4677 1988 4717 se

406 4753 663 4808 humilem
685 4755 957 4823 pra-hens,
997 4753 1171 4810 leudis
1215 4755 1328 4808 suis
1358 4754 1700 4825 benivolum,
1740 4747 1991 4823 gentibus

404 4846 651 4901 externis
689 4854 963 4916 pacatum.
997 4845 1216 4900 Talibus
1242 4845 1425 4914 itaque
1446 4845 1656 4927 pollens
1682 4843 1986 4907 virtutibus,

622 4937 923 4972 nnl:nn:lulo
948 4936 1057 4970 i‘:‘-*
1091 4937 1103 4958 '
1200 4938 1269 4956 "’

2089 4479 2207 4533 luce
2230 4494 2324 4533 eos
2346 4478 2683 4547 conspiciens
2707 4478 3020 4549 adventare,
3047 4485 3103 4532 et
3133 4491 3245 4531 rem
3278 4491 3503 4546 prorsus
3524 4476 3677 4543 i300?

2090 4582 2239 4627 rans.
2267 4581 2564 4622 conversus
2586 4569 2652 4622 ad
2679 4568 2887 4622 socium
2911 4586 2924 4621 :
2955 4585 2973 4617 ι
3009 4568 3268 4633 Quianam
3290 4575 3396 4631 est,
3417 4566 3517 4633 ait,
3559 4567 3677 4619 inec

2087 4672 2248 4727 quam
2291 4655 2627 4726 contemplor
2664 4656 2820 4715 silva.
2852 4671 2977 4710 cum
3020 4656 3276 4709 hesterno
3319 4669 3546 4723 vespere
3589 4655 3675 4709 hic

2089 4747 2233 4823 nulla
2257 4756 2581 4816 apparerent
2606 4746 2689 4800 vel
2720 4746 2942 4800 minima
2974 4745 3246 4816 virgulta?
3279 4765 3298 4797 ι
3326 4746 3425 4800 Cui
3454 4747 3673 4800 socius:

2094 4856 2112 4888 ι
2159 4838 2271 4903 Τιι,
2306 4837 2514 4908 inquit,
2548 4837 2823 4908 pridianas
2857 4837 3036 4891 adhuc
3085 4846 3309 4892 ructans
3348 4836 3567 4905 epulas,
3596 4835 3676 4889 vi-

2091 4944 2267 4982 amme
2308 4916 2551 4992 ‘solutus,
2587 4928 2847 4983 oblivioni
2891 4928 3160 4982 mandasti
3210 4927 3450 4992 proximi
3505 4926 3675 4981 saltus
