4052 6324
278 419 386 475 753

1292 421 1605 482 HlS'l‘ORtA
1647 427 2088 485 ras-acorum.
2120 430 2400 485 —LIBER
2425 395 2523 486 illi.

3401 413 3530 508 ‘75;

281 535 478 598 densa,
503 532 874 588 de'cldentibus
904 534 1067 588 ramis
1097 533 1282 591 fronde
1311 537 1525 605 quidem
1557 538 1850 601 rarissima,
1888 555 1929 610 Α
1961 551 2101 604 ruta,
2145 551 2197 596 et
2223 552 2625 598 commanentes
2661 544 2712 598 in
2744 545 2822 599 eis
2865 546 3098 602 universi
3130 547 3274 604 ducti
3309 553 3534 620 captivi.

280 626 379 679 sed
409 639 682 678 armormn
708 625 888 681 nitore
909 625 1196 679 videbatur
1229 627 1570 680 densissima.
1603 627 1858 682 Turbatis

281 715 468 784 itaque
495 715 828 778 custodibus,
855 727 910 769 et
934 716 1059 784 qttid
1081 725 1307 786 agerem
1337 717 1734 780 haesitantibus,
1764 734 1856 770 su-

279 805 634 874 perveniente
671 807 932 868 exercitu,
959 820 1080 859 cum
1108 807 1284 859 adhuc
1323 805 1450 859 fessi
1487 805 1655 858 multo
1696 820 1855 873 supe-

281 894 450 947 rioris
501 895 606 948 diei
663 894 845 949 labore
893 895 1257 964 quiescerent,
1289 895 1378 948 alii
1412 896 1462 949 in
1497 897 1608 950 suis
1651 897 1856 961 stratis,

279 986 373 1040 alii
404 985 789 1057 expergefacti,
840 990 932 1042 sed
979 1003 1170 1042 somno
1206 987 1366 1042 soluti
1419 1003 1604 1056 pcenas
1634 988 1854 1041 dabant.

253 1079 417 1134 Caesi
460 1081 609 1133 multi
656 1081 948 1148 mortales;
1004 1081 1191 1149 reliqui
1240 1083 1291 1135 in
1344 1080 1520 1151 fugam
1554 1087 1854 1137 vertuntur.

275 1174 388 1243 Ipsi
420 1177 612 1238 duces,
655 1177 892 1231 ascensis
938 1177 1121 1245 cquis,
1151 1178 1236 1230 vix
1296 1177 1583 1230 discrimen
1639 1190 1860 1228 evasere

275 1268 492 1320 mortis.
523 1265 858 1322 Landericus
884 1267 1242 1321 Wintrionem
1275 1266 1472 1320 frustra
1505 1266 1655 1334 sequi
1689 1280 1858 1319 cona-

274 1369 386 1421 tus,
407 1358 611 1412 velocis
642 1359 761 1428 equi
787 1359 973 1429 rapido
1007 1368 1218 1413 vectum
1247 1375 1410 1412 cursu
1445 1359 1665 1410 minime
1695 1356 1859 1409 valuit

272 1449 516 1520 assequi.
541 1449 701 1504 Parta
733 1461 876 1505 tanta
909 1466 971 1505 ac
1004 1451 1110 1504 tam
1141 1452 1416 1520 insperata
1450 1449 1692 1510 victoria,
1728 1448 1858 1501 Fre-

271 1541 541 1609 degundis
589 1556 710 1594 cum
764 1541 872 1595 lilio
921 1541 1199 1602 Clotario,
1249 1551 1305 1594 et
1354 1555 1475 1594 cum
1523 1546 1856 1592 armatorum

272 1632 514 1686 maximo
537 1646 731 1696 cuneo,
759 1630 1079 1687 Remensem
1126 1631 1332 1685 invadit
1361 1630 1730 1699 Campaniam,
1775 1645 1859 1684 re-

269 1719 428 1790 plens
489 1719 668 1772 omnia
721 1719 970 1774 incendio
1033 1729 1086 1774 et
1154 1718 1436 1788 sanguine.
1499 1718 1859 1771 Vastabantut‘

253 1811 474 1864 cuncta
508 1810 593 1862 die
634 1818 921 1878 noctuque,
957 1811 1325 1865 exurebantur
1359 1809 1604 1872 nidificia,
1640 1809 1857 1876 diripie-

268 1899 477 1953 bantur
527 1900 873 1968 patrimonia,
915 1901 1315 1969 perimebantnr
1355 1900 1662 1969 quicunque
1706 1909 1860 1954 erant
1891 1895 1934 1950 B

267 1987 488 2042 habiles
526 1989 590 2040 ad
622 1989 781 2050 bella,
832 1990 1029 2043 infirmi
1075 1991 1433 2044 servabantur
1469 1990 1533 2043 ad
1583 1989 1858 2044 servitutis

263 2077 467 2130 officia.
508 2077 602 2132 Ubi
640 2078 875 2132 cmdibus
922 2094 985 2133 ac
1017 2081 1219 2148 rapinis
1251 2079 1622 2146 satisfactum,
1655 2079 1854 2134 Frede-

264 2169 468 2239 gundis
511 2185 666 2222 suum
713 2170 1034 2225 Suessionas
1089 2172 1303 2227 reduxit
1354 2173 1678 2228 exercitum.
1721 2171 1856 2228 Acta

265 2269 396 2314 sunt
431 2260 545 2315 haec
576 2261 628 2314 in
667 2278 803 2332 pago
851 2261 1218 2328 Suessionico,
1278 2264 1330 2317 itt
1377 2264 1496 2320 loco
1548 2273 1856 2334 nuncupato

265 2351 506 2408 Trueco.

789 2461 1018 2518 CAPUT
1058 2463 1336 2518 LXXXIII.

265 2575 348 2629 De
373 2574 911 2648 mutuaqFrancormu
946 2576 1338 2648 Brittonumque
1365 2577 1519 2648 ccede,
1551 2577 1615 2631 de
1655 2575 1854 2648 ναι-ηο-

343 2646 646 2717 runtexitio
669 2686 684 2710 ,
727 2645 1007 2713 Gripponis
1048 2645 1326 2717 legatione,
1366 2659 1411 2702 et
1445 2645 1774 2702 Francorum
1801 2647 1855 2701 in

340 2714 560 2768 Italiam
590 2717 936 2784 expediti-one.

337 2806 498 2857 Anno
528 2806 762 2860 secundo
777 2822 898 2861 cum
927 2822 1152 2877 regnum
1183 2809 1501 2877 suscepisset
1533 2807 1856 2878 Burgundia:

263 2893 674 2960 Childebertus,
706 2897 978 2952 exercitus
1014 2897 1345 2952 Francorum
1385 2899 1542 2953 simul
1569 2915 1630 2953 ac
1655 2899 1855 2954 Britto-

265 3005 396 3041 nmu
434 2988 486 3040 in
537 2997 778 3042 mutuum
807 2989 1076 3044 inhiantes
1107 2991 1383 3044 interitum
1412 3031 1426 3053 ,
1460 3000 1640 3044 mutua
1685 3001 1858 3047 semet

261 3080 414 3134 cede
444 3088 811 3148 prosternunt.
845 3081 1100 3150 Sequenti
1125 3098 1265 3136 anno
1289 3083 1452 3136 multa
1475 3083 1527 3136 in
1547 3082 1683 3136 cielo
1707 3083 1857 3152 signa

261 3182 394 3224 sunt
424 3179 636 3225 ostensa
680 3181 731 3224 et
772 3172 1023 3241 apparuit
1069 3173 1224 3227 stella
1276 3177 1534 3228 cometes.
1589 3173 1684 3229 Eo'
1713 3191 1854 3229 anno

261 3260 546 3314 exercitus
571 3258 896 3315 Childeberti
926 3278 1047 3316 cum
1075 3263 1290 3328 Varnis,
1319 3263 1410 3333 qui
1447 3263 1709 3319 rebellare
1733 3275 1850 3320 ten-
1879 3233 1924 3294 ο

265 3354 482 3414 tahant,
516 3353 785 3419 conflixit;
819 3371 953 3425 quos
979 3357 1140 3411 etiam
1187 3372 1323 3426 pene
1360 3372 1528 3425 usque
1562 3358 1626 3412 ad
1668 3373 1855 3427 supre-

261 3459 417 3496 tnum
451 3443 618 3498 exitio
643 3444 807 3498 dedit.
843 3445 952 3500 Hac
978 3447 1139 3500 etiam
1175 3457 1492 3516 tempestate
1533 3447 1734 3518 Grippo
1781 3448 1856 3502 le—

264 3545 426 3602 gatus
453 3533 814 3601 Childebcrti,
845 3552 964 3590 cum
986 3551 1016 3590 a
1042 3536 1502 3609 Constantinopoli
1537 3551 1852 3604 remeasset,

263 3634 322 3678 et
363 3625 540 3680 eidem
587 3629 695 3697 regi
747 3630 1014 3697 quomodo
1065 3630 1358 3686 honorifice
1411 3631 1479 3686 ab
1529 3633 1856 3703 imperatore

265 3713 530 3770 Mauricio
556 3725 833 3787 susceptus
855 3718 990 3773 foret
1017 3721 1336 3784 nuntiasset,
1361 3731 1414 3775 et
1438 3725 1580 3792 quod
1608 3723 1854 3792 injurias,

263 3820 405 3874 quas
437 3806 574 3876 apud
606 3806 985 3877 Carthaginem
1017 3824 1300 3879 perpessus
1329 3809 1527 3876 fuerat,
1561 3813 1856 3882 imperator

264 3895 335 3947 ad
367 3895 697 3950 voluntatem
724 3897 1054 3952 Childeberti
1085 3914 1142 3954 se
1171 3901 1340 3955 ultum
1381 3902 1459 3956 ire
1493 3903 1852 3971 promisisset,

264 3986 650 4043 Cbildebertus
681 3991 876 4045 iterato
914 3992 1097 4062 viginti
1128 3993 1290 4048 duces
1325 4011 1446 4048 cum
1479 3995 1616 4050 lecta
1653 3996 1705 4049 in
1753 3997 1856 4050 lla-

264 4077 399 4131 liam
448 4079 631 4149 dirigit
685 4080 864 4149 pube,
919 4082 984 4135 ad
1039 4083 1318 4138 delendam
1379 4083 1854 4153 Loagobardorum

265 4181 512 4242 gentem.
537 4172 580 4225 E
603 4173 798 4241 quibus
827 4174 1169 4240 Andoahlus,
1210 4185 1265 4231 et
1287 4175 1406 4242 Olo,
1433 4187 1594 4247 atque
1624 4178 1856 4232 Cedinus

266 4263 659 4318 eminentiores
691 4264 860 4319 fuere.
893 4264 998 4320 Sed
1020 4265 1118 4321 Olo
1142 4308 1155 4330 ,
1184 4282 1304 4322 cum
1350 4269 1647 4339 improvide
1674 4270 1739 4323 ad
1771 4267 1858 4321 Bi-

267 4350 476 4407 litionis
504 4361 737 4407 castrum
763 4357 1101 4422 accessisset,
1126 4357 1306 4428 jaculo
1333 4360 1430 4413 sub
1466 4358 1704 4413 mamilla
1733 4374 1857 4412 sau-

266 4443 441 4498 ciatus
467 4446 662 4500 cecidit
689 4454 742 4500 et
767 4439 1012 4503 mortuus
1050 4457 1154 4503 est.
1196 4449 1266 4502 At
1296 4464 1426 4503 vero
1455 4449 1765 4504 Andoaldus
1804 4458 1858 4504 et

267 4553 364 4591 sex
406 4537 575 4592 duces
612 4538 980 4606 Francorum,
1031 4541 1096 4594 ad
1141 4539 1618 4596 Mediolanensium
1664 4542 1853 4595 urbem
1880 4573 1931 4632 Ι)

268 4628 586 4695 venientes,
619 4629 673 4682 in
717 4631 1111 4700 campestribus
1155 4642 1333 4687 castra
1375 4644 1690 4703 posuerunt.
1736 4633 1854 4700 Quo

269 4718 391 4772 loco
419 4719 762 4787 imperatoris
786 4720 943 4791 legati
987 4721 1053 4775 ad
1094 4737 1189 4777 eos
1217 4732 1509 4788 venerunt,
1542 4723 1853 4777 nuntiantes

268 4812 462 4864 adesse
497 4811 793 4865 exercitum
820 4813 874 4866 in
905 4813 1172 4884 adjutorio
1211 4829 1422 4879 eorum,
1456 4815 1804 4884 dicentesque
1835 4833 1848 4868 :

274 4914 293 4948 ι
323 4897 462 4964 Quia
493 4907 615 4968 post
640 4901 876 4955 triduum
909 4919 1016 4958 una
1053 4919 1175 4959 cum
1203 4905 1284 4959 eis
1322 4905 1617 4970 veniemus,
1661 4908 1854 4960 et-hoc

269 4994 424 5048 vobis
467 4996 574 5048 erit
617 4997 828 5066 signum
861 5015 874 5050 :
905 5014 1026 5054 cum
1055 4987 1300 5056 videritis
1343 5002 1482 5056 villa:
1513 5003 1704 5074 hujus,
1729 5019 1852 5073 quae

269 5082 326 5137 in
361 5095 543 5140 monte
569 5097 650 5142 est
681 5089 783 5142 sita
804 5130 818 5153 ,
851 5090 1040 5144 domos
1072 5091 1318 5147 incendio
1347 5095 1726 5158 concremari,
1769 5095 1854 5148 fu-

273 5189 530 5244 mumque
552 5191 723 5247 usque
746 5178 813 5233 ad
851 5180 1017 5235 cmlos
1045 5182 1435 5244 conscendere,
1469 5183 1727 5237 noveritis
1753 5185 1853 5238 nos

273 5283 398 5321 cunt
423 5270 766 5334 cohortibus,
789 5286 926 5340 quas
959 5272 1300 5341 pollicemur,
1339 5274 1648 5328 adventare.
1690 5293 1709 5326 ι
1745 5274 1852 5328 Sed

273 5371 649 5428 exspectantes
675 5362 1012 5418 Francorum
1039 5365 1203 5418 duces
1223 5365 1412 5420 diebus
1437 5380 1530 5420 sex
1556 5364 1710 5432 juxta
1740 5367 1853 5437 pla-

276 5449 461 5514 citum,
519 5453 723 5508 nullum
763 5469 827 5508 ex
868 5455 952 5509 bis
991 5470 1125 5524 quos
1171 5456 1329 5524 legati
1365 5457 1726 5524 promiserant
1757 5467 1884 5512 ve-'

277 5539 422 5593 nisse
463 5553 883 5612 conspexerunt.
934 5545 1167 5600 Cedinus
1212 5555 1387 5600 autem
1428 5562 1548 5600 cum
1592 5547 1851 5602 tredecim

277 5630 502 5686 ducibus
526 5631 713 5686 lzevam
741 5633 906 5689 Italiae
941 5636 1231 5705 ingressus,
1262 5637 1497 5704 quinque
1527 5637 1742 5690 castella
1766 5653 1854 5692 ce-

278 5719 371 5786 pit,
402 5735 432 5773 a
472 5720 666 5790 quibus
695 5725 858 5778 etiam
911 5734 1248 5779 sacramenta
1279 5727 1479 5794 exegit.
1521 5725 1578 5779 In
1627 5725 1852 5780 Triden-

279 5808 389 5864 tino
415 5826 634 5881 quoque
669 5814 960 5880 territorio,
993 5814 1176 5870 decem
1207 5814 1423 5870 castella
1461 5829 1491 5867 a
1523 5815 1744 5870 Francis
1775 5815 1852 5870 di-

1965 632 2071 685 Pro
2097 632 2334 702 Ferruge
2377 649 2503 688 vero
2553 645 2760 700 castro,
2789 637 3246 695 intercedentibus
3274 631 3538 712 episcopis

1967 721 2258 792 lngenuino
2284 723 2350 777 de
2381 722 2630 790 Savione,
2677 735 2734 780 et
2773 719 3008 795 'Agnello
3053 713 3391 796 Tridentino,
3415 734 3538 786 data

1959 821 2044 866 est
2073 813 2396 881 redemptio,
2426 831 2522 883 per
2559 827 2718 886 caput
2744 820 3173 890 uniuscujusque
3197 822 3294 876 viri
3339 825 3540 878 solidus

1961 911 2119 962 uitus,
2145 903 2314 970 usque
2340 903 2404 955 ad
2428 918 2690 956 summam
2713 917 3091 960 sexcentorum
3116 908 3429 963 solidorum.
3457 912 3540 964 ln-

1962 1003 2105 1047 terea
2133 993 2460 1048 Francorum
2494 995 2783 1059 exercitus,
2810 1011 2930 1051 cum
2965 1007 3108 1052 esset
3145 1009 3355 1070 tempus
3393 1003 3538 1072 aesti-

1961 1100 2106 1148 vum,
2133 1091 2348 1153 propter
2372 1085 2667 1138 iuconsueti
2699 1084 2861 1140 acris
2884 1087 3376 1144 incommoditatem
3399 1131 3414 1154 ,
3447 1092 3536 1162 dy-

1961 1175 2210 1228 senteriae
2253 1173 2441 1229 morbo
2491 1177 2728 1245 graviter
2774 1177 3074 1232 laborabat.
3141 1179 3383 1250 Cumque
3447 1197 3542 1249 per

1963 1265 2124 1318 trium
2153 1265 2418 1319 curricula
2453 1267 2720 1320 mensium
2751 1267 2954 1320 Italiam
3000 1281 3418 1336 pervagaretur,
3449 1288 3542 1336 ue-

1937 1369 2064 1422 -que
2094 1369 2293 1422 regem,
2332 1369 2490 1422 quem
2531 1355 2802 1423 perditmn
2844 1365 3103 1423 venerat,
3143 1358 3408 1427 attingere
3449 1375 3542 1410 va-

1937 1442 2115 1506 ‘lerct,
2148 1459 2211 1497 eo
2241 1443 2380 1512 quod
2404 1459 2462 1498 se
2490 1444 2629 1496 intra
2657 1443 2995 1498 Ticinenscm
3025 1445 3310 1502 clausisset
3331 1447 3536 1511 urbem,

1937 1535 2125 1598 aeris,
2158 1543 2214 1587 ut
2243 1534 2493 1598 diximus,
2526 1534 2830 1590 infirmatus
2876 1536 3286 1606 intemperantia
3309 1538 3376 1592 ad
3418 1524 3543 1606 pro-

1957 1627 2074 1698 pt'ia
2107 1627 2286 1683 rediit.

2477 1715 2703 1772 CAPUT
2735 1715 3019 1772 LXXXIV.

1958 1828 2036 1884 De
2070 1827 2405 1905 Cltilgeberti
2430 1840 2478 1884 et
2507 1821 2697 1905 uxoris
2761 1833 3013 1905 interitu,
3059 1843 3105 1887 et
3151 1834 3382 1899 ﬁliorum
3427 1835 3541 1905 ejus

2184 1899 2514 1954 Theodeberti
2541 1912 2586 1954 et
2621 1900 2927 1955 Tlteodorici
2949 1905 3294 1957 successione.

2027 1991 2182 2044 Auno
2207 2005 2256 2043 tv
2287 1991 2439 2060 regni
2485 1990 2808 2060 Burguudiac
2840 2007 2869 2044 a
2900 1991 3242 2046 Cltildeberto
3280 1995 3534 2064 suscepti,

1957 2081 2168 2150 palertti
2199 2095 2325 2135 vero
2359 2081 2509 2150 regni
2544 2083 2802 2136 vicesimo
2834 2081 3013 2145 tertio,
3045 2083 3218 2136 aetatis
3239 2098 3401 2153 porro
3431 2101 3541 2139 sua:

1957 2184 2083 2234 xxv,
2111 2169 2250 2221 idem
2273 2184 2366 2224 rex
2397 2169 2776 2224 Childebertus
2804 2187 2924 2224 cum
2958 2187 3126 2225 uxore
3153 2174 3394 2242 propria,
3433 2175 3533 2230 sic~

1958 2265 2016 2313 u't
2064 2258 2269 2324 fertur,
2312 2259 2363 2314 vi
2392 2261 2584 2314 veneni
2635 2255 3019 2330 exstinguitur.
3071 2260 3170 2316 ilic
3209 2271 3291 2316 est
3329 2263 3542 2318 Childc-

1954 2348 2143 2402 bcrtus
2175 2343 2330 2402 tilius'
2363 2345 2630 2420 Sigeberti
2655 2390 2668 2415 ,
2700 2351 2792 2420 qui
2823 2349 2986 2404 etiam
3011 2339 3200 2405 Junior
3235 2352 3410 2406 dictus
3435 2362 3538 2407 est.

1955 2438 2052 2494 Cui
2084 2448 2466 2494 successerunt
2510 2441 2614 2495 duo
2662 2440 2918 2512 tiliisui,
2963 2441 3139 2496 adhuc
3190 2443 3395 2512 pueruli
3445 2446 3544 2498 sub

1958 2529 2121 2583 tutela
2165 2531 2299 2584 avia:
2329 2531 2703 2585 Brunechildis
2725 2533 3038 2600 constituti;
3075 2541 3130 2586 et
3171 2533 3544 2588 'l‘heodeberto

1955 2621 2172 2690 quidem
2215 2635 2439 2691 regnum
2485 2621 2927 2686 Austrasiorum,
2973 2621 3116 2690 quod
3146 2630 3300 2690 pater
3327 2621 3539 2676 Cltildc-

1944 2713 2140 2786 ‘hertus
2170 2727 2199 2766 a
2230 2713 2472 2782 genitore
2501 2727 2598 2766 suo
2622 2709 2904 2781 Sigeberto
2930 2711 3028 2764 sibi
3057 2711 3299 2766 relictum
3327 2727 3544 2780 accepe-

1959 2817 2073 2874 rat;
2109 2808 2448 2862 Theodorico
2501 2817 2680 2861 autem
2733 2822 2956 2876 regnum
3004 2803 3340 2863 Cuntranni.
3395 2804 3540 2871 quod

1956 2899 2332 2954 Childebertus
2355 2897 2478 2967 jurc
2503 2889 2809 2969 adoptionis
2839 2904 3104 2957 tenuerat,
3132 2905 3276 2949 sorte
3300 2894 3538 2948 obvenit.

1957 2992 2058 3060 Qui
2085 2993 2249 3047 etiam
2283 2993 2384 3048 sibi
2406 2994 2562 3047 sedes
2592 2994 2642 3045 in
2677 2991 2760 3046 his
2783 2987 2937 3056 lotis,
2971 2988 3239 3058 inquibus
3260 2995 3311 3042 et
3334 2987 3542 3056 priores

1957 3088 2288 3142 constituere
2319 3102 2494 3156 reges.
2523 3087 2600 3140 Ad
2628 3088 2725 3140 hos
2756 3087 2952 3140 fratres
2979 3086 3121 3139 etad
3144 3083 3317 3136 aviam
3349 3098 3539 3149 eorum

1957 3175 2374 3231 Brtmechildem.
2397 3186 2609 3232 exstant
2661 3176 2906 3246 epistola:
2955 3174 3098 3229 beati
3141 3171 3385 3243 Gregorii
3434 3171 3542 3225 Ro-

1946 3266 2100 3340 mani
2126 3266 2426 3335 pontificis,
2458 3267 2850 3334 Augustinum,
2881 3279 3040 3334 quem
3083 3263 3270 3334 Anglis
3313 3261 3545 3316 Saxoni-

1955 3361 2055 3413 bus
2086 3359 2454 3428 destinaverat
2483 3359 2819 3428 episcopum,
2870 3357 2974 3411 illis
3004 3354 3452 3411 commendantis.
3483 3353 3541 3407 ln

1954 3450 2150 3520 quibus
2191 3451 2331 3504 idem
2364 3450 2447 3504 vir
2492 3450 2700 3504 Domini
2737 3449 2936 3518 petenti
2980 3457 3291 3502 t'uernoratze
3345 3446 3542 3515 reginae

1955 3540 2154 3597 fatetur
2195 3557 2252 3597 se
2282 3541 2537 3612 reliquias
2582 3542 2863 3606 beatorum
2897 3539 3265 3611 apostolorum
3307 3537 3454 3592 Petri
3486 3550 3541 3594 et

1955 3632 2103 3686 Pauli
2130 3633 2361 3688 misisse.
2595 3639 2599 3643 ‘

2439 3736 2445 3740 -
2483 3721 2719 3794 carm
2758 3719 3022 3776 Lxxxv.

1959 3812 2032 3866 De
2065 3810 2388 3891 Hunnorum
2413 3813 2467 3863 in
2511 3812 2830 3891 :i'lioringmn
2870 3810 3186 3891 irruptione,
3235 3818 3283 3864 et
3321 3807 3537 3878 Agilulﬁ

2239 3899 2328 3935 seu
2358 3883 2548 3951 Agonis
2582 3879 2837 3950 lcgut’ione
2863 3880 2916 3934 in
2942 3879 3249 3932 Franciam.

1945 4002 1948 4005 -
2026 3973 2176 4028 Tunc
2211 3974 2469 4042 temporis
2496 3967 2697 4033 Hunni,
2726 3971 2818 4040 qui
2871 3979 2924 4025 et
2947 3964 3154 4024 A'vares
3180 3969 3454 4031 dicuntur,
3506 3981 3536 4020 a

1956 4064 2229 4118 Pannonia
2272 4063 2507 4132 egressi,
2559 4062 2612 4115 in
2650 4061 2983 4128 Thoringam
3022 4059 3162 4114 bella
3213 4053 3538 4129 gravissima

1956 4172 2074 4212 cum
2096 4155 2317 4208 Francis
2343 4161 2644 4224 gesserunt.
2666 4152 2766 4218 Qui
2791 4162 2969 4206 tamen
2987 4167 3015 4204 a
3037 4148 3414 4211 Brunechildc,
3443 4162 3539 4201 seu

1957 4251 2024 4303 ab
2047 4246 2164 4317 ejus
2191 4247 2496 4316 nepotibus,
2525 4254 2745 4314 accepta
2768 4244 2994 4314 pecunia
3028 4242 3303 4298 redierunt
3326 4240 3390 4293 ad
3415 4253 3540 4308 pro-

1958 4341 2100 4409 pria.
2131 4340 2245 4408 Ago
2272 4353 2486 4407 quoque
2516 4353 2610 4392 rex
2639 4335 3142 4406 Langobardorum,
3171 4349 3330 4388 causa
3353 4347 3538 4387 eorum

1957 4431 2048 4500 qui
2075 4447 2142 4483 ex
2177 4428 2417 4485 castellis
2451 4429 2785 4483 Tridentinis
2828 4427 3028 4494 captivi
3074 4441 3105 4480 a
3137 4424 3362 4479 Francis
3391 4425 3534 4478 ducti

1957 4519 2195 4588 fuerant,
2219 4519 2498 4590 Agnellum
2532 4518 2908 4574 Tridentinutn
2936 4518 3248 4588 episcopum
3277 4517 3332 4569 in
3361 4516 3536 4569 Frau-

1957 4611 2094 4666 ciam
2128 4612 2292 4667 misit.
2337 4610 2437 4678 Qui
2473 4611 2667 4665 exinde
2713 4609 2960 4672 rediens,
3009 4608 3310 4678 aliquantos
3353 4620 3536 4660 secum

1955 4701 2216 4771 captivos,
2253 4715 2389 4770 quos
2431 4699 2814 4756 Brunechildis
2833 4715 2900 4753 ex
2953 4696 3170 4769 proprio
3215 4699 3535 4756 redemerat,

1955 4789 2250 4844 revocavit.
2283 4789 2452 4843 Evuin
2500 4789 2662 4844 etiam
2704 4788 2812 4842 dux
2861 4787 3298 4843 Tridentiuorum
3337 4802 3365 4838 a
3397 4801 3537 4854 pra:-

1954 4878 2065 4934 fato
2100 4880 2345 4949 principe
2375 4882 2591 4946 missus,
2638 4896 2734 4950 pro
2759 4880 3050 4936 obtinenda
3083 4893 3212 4949 pace
3241 4879 3306 4931 ad
3335 4876 3536 4930 Gallias

1955 4972 2210 5040 perrexit.
2239 4971 2354 5038 Qua
2385 4971 2694 5040 impetrata,
2719 4973 2785 5026 ad
2814 4970 3019 5025 Italiam
3049 4983 3298 5024 reversus
3324 4975 3427 5020 est.

2471 5062 2698 5117 CAPUT
2741 5062 3025 5117 LXXXVI.

1955 5152 2032 5206 De
2075 5150 2436 5234 F‘redegttudjs
2482 5155 2803 5232 grassatione
2852 5161 2919 5232 et.
2953 5160 3152 5228 morte,
3209 5148 3533 5228 Quiutrioms

2023 5223 2184 5296 ca'de,
2218 5223 3074 5296 Coleniipatricialu,_inguinariq
3111 5231 3283 5296 peste,
3315 5223 3532 5296 piscium

2022 5309 2128 5412 pnle
2157 5293 2357 5360 fervore
2381 5286 2525 5362 ﬂuvii
2558 5286 2854 5345 decoctioné
2878 5329 2892 5354 ,
2919 5299 2965 5342 et
3005 5286 3370 5342 Warnecltarit
3409 5286 3554 5339 Νὺξ--

2026 5379 2082 5414 ra
2109 5372 2251 5414 tlrtle.

2026 5379 2251 5415 t'aumle.

2025 5452 2102 5506 Eo
2134 5453 2296 5520 igitur
2349 5465 2490 5506 anno
2544 5466 2650 5519 quo
2693 5448 3065 5504 Childebertus
3108 5453 3222 5500 ‘vrta
3279 5446 3534 5506 decessit,

1955 5543 2322 5615 Frcdegundis
2367 5545 2582 5612 regina,
2622 5556 2742 5595 cum
2788 5541 2897 5595 tilio
2925 5529 3192 5604 Clotario,
3239 5537 3564 5609 superioris.

1955 5633 2198 5687 victoria:
2237 5632 2378 5685 elata
2422 5630 2724 5699 triumpho,
2754 5629 2990 5683 Parisios
3020 5638 3076 5684 et
3113 5629 3347 5697 reliquas
3376 5627 3560 5682 ιιι-θοι,

1957 5725 2063 5777 ritu
2120 5722 2359 5790 pervasit
2410 5720 2716 5774 barbarico.
2764 5709 3002 5786 Quorum
3057 5719 3328 5775 exercitus
3373 5728 3534 5784 super

1955 5813 2386 5869 'I'heodebertum
2408 5823 2464 5866 et
2481 5802 2874 5868 Theodoricum
2899 5824 3052 5882 reges
3076 5809 3309 5875 irruens,
3333 5807 3548 5862 θάψω-ι
