4044 5428
435 389 541 445 755

1491 389 1747 446 AIMOINI
1786 387 2089 447 MONACIII
2129 389 2620 452 FLORIACENSIS

3572 384 3682 444 756

434 509 521 556 tas
546 501 616 557 ab
639 498 769 574 ipsis
794 498 1057 558 militares
1085 499 1270 570 copias
1295 498 1414 554 loco
1444 501 1721 559 nominato
1745 500 2012 572 Lutopltao
2039 521 2090 576 Α
2118 506 2316 561 lseram
2343 521 2513 577 usque
2561 507 2629 563 ad
2681 507 2848 566 maris
2876 505 3077 569 Oceani
3109 503 3310 568 littora,
3343 500 3581 558 Clotarle
3614 516 3698 555 rc-

434 591 590 660 gravi
617 591 762 646 caede
785 589 1129 646 labefactavit
1184 589 1524 660 reliquosque
1564 591 1617 646 in
1660 590 1840 662 fugam
1880 591 2011 662 egit.

435 687 596 742 Anno
626 699 661 737 ιι
690 683 840 752 regni
870 681 1226 740 Theodeberti
1253 697 1318 738 ac
1340 680 1680 748 Theoderici,
1711 681 2018 752 Fredegun-

435 773 521 828 dis
551 773 737 843 regina
764 785 931 826 senex
958 782 1012 826 et
1039 773 1192 842 plena
1221 773 1430 827 dierum
1453 772 1702 827 defuncta
1731 782 1835 839 est,
1860 789 1923 828 ac
1960 773 2017 828 in

435 863 662 917 basilica
691 860 876 917 Sancti
914 861 1183 918 Vincentii
1220 863 1272 917 in
1311 864 1623 918 suburbano
1656 863 2017 920 Parisiacensi

425 956 671 1032 sepulta.
722 957 884 1012 Auno
933 973 993 1012 nt
1042 957 1475 1027 supradicterum
1522 971 1730 1027 regum,
1767 955 2019 1023 Quintrio

437 1049 573 1113 dux,
606 1048 898 1118 instigante
933 1047 1319 1113 Brunechilde,
1366 1046 1709 1101 interﬁcitur.
1759 1045 2018 1115 Sequenti

434 1141 634 1196 abhinc
663 1155 806 1195 anno
834 1139 1088 1205 Colenus,
1115 1152 1312 1210 genere
1338 1138 1582 1193 Francus
1602 1178 1617 1202 ,
1652 1137 1908 1208 patricius
1933 1152 2021 1192 er-

435 1238 672 1292 dinatur.
704 1236 799 1292 His
828 1237 1040 1301 diebus,
1069 1237 1210 1306 apud
1239 1235 1526 1290 Massiliam
1559 1241 1614 1288 et
1644 1234 1877 1302 reliquas
1895 1231 2022 1286 Pro-

433 1327 626 1383 vinciae
645 1327 912 1392 civitates,
935 1327 1281 1381 nascentibus
1306 1326 1357 1380 in
1386 1325 1660 1380 hominum
1691 1322 2018 1392 inguinibus,

435 1435 534 1474 seu
564 1418 966 1474 delicatioribus
994 1416 1149 1482 Iocis,
1175 1417 1496 1487 quibusdam
1523 1416 1789 1487 glandulis
1820 1415 1872 1468 in
1905 1428 2020 1469 me-

435 1509 564 1564 dum
592 1509 766 1575 nucis,
791 1508 1022 1563 maxima
1047 1517 1301 1580 generata
1341 1516 1424 1562 est
1455 1505 1777 1560 mortalitas.
1819 1505 1877 1558 In
1903 1503 2022 1558 lacu

437 1614 653 1668 quoque
677 1599 939 1663 Dunensi,
965 1599 1019 1653 in
1048 1613 1208 1666 quem
1233 1598 1398 1652 Arula
1423 1597 1621 1652 ﬂumen
1665 1595 1854 1659 inﬂuit,
1881 1608 2020 1663 aqua

435 1692 658 1747 fervens
684 1692 818 1746 adeo
843 1691 1090 1746 ebullivit
1110 1732 1123 1754 ,
1159 1699 1217 1745 ut
1251 1675 1648 1745 multitudinem
1684 1689 1909 1758 piscium
1931 1685 2025 1740 de-

437 1795 650 1840 coctam
674 1786 741 1840 ad
761 1785 910 1840 littus
925 1785 1232 1856 prejiceret.
1256 1782 1685 1839 Warnecharius
1707 1791 1885 1836 autem
1910 1791 2026 1831 nta-

435 1872 524 1949 jor
545 1877 737 1933 demus
762 1878 902 1949 regis
925 1877 1244 1933 Theoderici
1271 1878 1508 1932 moriens
1527 1889 1719 1932 omnes
1738 1871 2022 1929 facultates

2136 1857 2204 1904 est
2231 1847 2556 1903 Adaloaldus
2595 1863 2687 1903 rex

439 1987 569 2028 suas
593 1972 645 2026 in
677 1971 957 2026 alitnonias
979 1985 1277 2042 pauperum
1305 1969 1596 2025 distribuit.

942 2102 1170 2160 CAPUT
1208 2101 1511 2159 LXXXVII.

442 2222 523 2276 De
555 2219 922 2275 Brunechildis
953 2235 1104 2282 casu,
1139 2215 1469 2287 mirabilique
1493 2230 1689 2280 errore,
1719 2223 1780 2287 et
1800 2212 2023 2287 gratitu-

518 2293 641 2345 dine
670 2293 725 2345 in
748 2305 1028 2361 pauperem
1067 2291 1334 2342 ductorem
1360 2283 1391 2353 ,⁷
1430 2286 1594 2356 deque
1629 2283 1882 2355 prodigiis
1923 2297 2025 2338 cae-

513 2362 750 2416 testibus.

511 2474 684 2528 Porro
711 2470 1081 2526 Brunecliil'dis
1107 2485 1137 2524 a
1158 2469 1531 2524 Theodeberte
1562 2473 1756 2536 nepote
1798 2478 1924 2531 suo,
1970 2473 2027 2520 et

443 2564 758 2635 proceribus
787 2562 880 2632 qui
911 2562 960 2617 ci
1002 2562 1286 2631 parebant,
1318 2559 1384 2615 de
1415 2573 1581 2629 regno
1613 2555 2026 2612 Austrasierum

443 2655 689 2726 expulsa,
705 2663 761 2710 et
786 2667 816 2707 a
841 2652 1072 2723 quodam
1103 2665 1338 2721 paupere
1361 2650 1412 2703 in
1431 2645 1780 2703 Marciacensi
1805 2659 2028 2716 campa-

443 2747 534 2801 nia
572 2744 685 2801 sola
716 2745 932 2800 inventa
964 2751 1020 2796 et
1051 2742 1268 2812 cognita
1289 2780 1304 2805 ,
1351 2741 1464 2810 ipsa
1507 2748 1724 2809 petente
1763 2738 1831 2792 ab
1869 2751 1935 2791 eo
1962 2735 2030 2790 ad

445 2835 840 2893 Theodericum
873 2833 1102 2889 alterum
1143 2839 1393 2902 nepotem
1435 2845 1591 2884 suum
1638 2839 1721 2885 est
1778 2829 2028 2884 deducta.

445 2927 816 2983 Theodericus
844 2925 1020 2979 aviam
1051 2921 1488 2989 Bruncchildcm,
1509 2937 1574 2977 eo
1598 2936 1705 2993 quo
1730 2921 1886 2993 digna
1915 2927 2033 2976 erat

448 3023 652 3075 honore
673 3027 1000 3088 susceptam,
1032 2995 1218 3072 secum
1261 3016 1438 3084 quoad
1479 3014 1615 3069 vixit
1637 3013 1767 3068 fecit
1793 3025 2028 3067 manere.

2117 609 2450 654 manserunt.

2637 708 2865 766 CAPUT
2912 705 3197 764 LXXXIX.

2119 795 2196 851 De
2221 795 2396 852 Cotini
2441 799 2602 863 caede,
2632 797 2887 870 Sigeberti
2923 811 3062 870 ortu,
3101 797 3275 870 Egilia
3305 811 3458 870 περς,
3505 790 3699 870 vasco-

2195 883 2318 920 num
2343 870 2661 931 domatione,
2692 864 2921 922 Rdoaldi
2942 864 3276 938 Langobardi
3302 864 3688 926 sublimatione,

2188 948 2364 1007 strage
2383 938 2522 1006 apud
2556 939 2812 994 Saxones.

2189 1027 2346 1082 Auno
2369 1043 2421 1082 vr
2447 1029 2594 1099 regni
2627 1028 3009 1093 Theodebcrti,
3037 1041 3246 1082 necnon
3271 1033 3327 1082 et
3352 1023 3696 1086 Theoderici,

2121 1119 2349 1174 Catinus
2375 1120 2482 1174 dux
2517 1119 2876 1176 Theodeberti
2910 1119 3256 1174 interﬁcitur.
3302 1116 3558 1185 Sequenti
3611 1115 3702 1168 ab-

2123 1211 2250 1267 hinc
2271 1226 2435 1276 anno,
2465 1210 2801 1266 Theoderico
2829 1226 2896 1266 ex
2926 1209 3227 1265 concubina
3259 1207 3499 1261 nascitur
3523 1187 3698 1265 ﬁlius,

2123 1301 2340 1356 nomine
2378 1299 2712 1370 Sigobcrtns.
2751 1299 2818 1354 Et
2836 1299 2988 1370 Egila
3035 1296 3298 1368 patricius
3328 1293 3487 1348 nullis
3521 1292 3700 1362 culpis

2122 1390 2478 1453 exstantibus,
2508 1390 2600 1444 sed
2630 1390 2742 1444 sola
2771 1398 3093 1460 suggerente
3121 1385 3432 1455 cupiditate,
3456 1399 3553 1454 per
3574 1398 3705 1437 cen-

2123 1479 2301 1534 silium
2316 1479 2688 1534 Brunechildis
2709 1488 2792 1534 est
2813 1489 3142 1550 peremptus,
3168 1476 3563 1544 facultatesque
3585 1471 3705 1540 ejus

2125 1569 2257 1624 ﬁsco
2284 1569 2584 1624 associatze.
2612 1570 2690 1624 Eo
2719 1579 2960 1639 tempore
2991 1567 3398 1622 Theodebertus
3435 1579 3501 1618 ac
3527 1561 3706 1617 Theo-

2125 1662 2343 1717 doricus
2374 1660 2672 1716 Wascenes
2699 1662 3045 1725 domuerunt,
3072 1660 3372 1728 ducemque
3400 1671 3562 1726 super
3584 1670 3701 1718 eos,

2126 1754 2346 1808 nomine
2381 1753 2686 1819 Genialem,
2717 1753 3087 1808 instituerunt.
3122 1750 3216 1805 llis
3243 1750 3464 1812 diebus,
3497 1749 3706 1801 levatus

2728 1862 2889 1917 super
2919 1844 3305 1913 Longobardes
3334 1840 3616 1896 Mediolani
3648 1838 3702 1891 in

2121 1936 2405 2006 praesentia
2433 1937 2603 2006 patris
2632 1936 2714 1991 sui
2749 1934 2961 2006 Agilulﬁ
2992 1934 3153 2004 regis,
3183 1931 3483 1986 astantibus
3513 1929 3705 1998 legatis

2122 2025 2484 2081 Theodeherti
2513 2026 2653 2096 regis
2676 2026 3028 2088 Francorum,
3061 2034 3115 2078 ct
3142 2023 3465 2090 desponsata
3494 2028 3578 2072 est
3622 2018 3704 2072 ei-

2123 2117 2244 2172 dem
2282 2118 2431 2188 regio
2456 2132 2626 2188 puero
2659 2116 2768 2170 ﬁlia
2815 2115 2959 2186 regis
2990 2113 3377 2177 Theodeberti,
3407 2120 3461 2166 et
3487 2110 3706 2162 ﬁrmata

2122 2215 2208 2260 est
2255 2222 2358 2276 pax
2411 2215 2669 2278 perpetua
2719 2221 2842 2259 cum
2912 2203 3157 2259 Francis.
3206 2202 3406 2256 Eodem
3461 2211 3707 2266 tempore

2122 2298 2348 2356 Francis
2368 2313 2490 2353 cum
2521 2296 2825 2351 Saxonibus
2852 2295 3234 2366 pugnantibus,
3262 2306 3456 2363 magna
3487 2299 3706 2360 strages

2126 2394 2194 2450 ab
2220 2392 2466 2462 utrisque
2491 2389 2736 2462 partibus
2757 2387 2899 2443 facta
2929 2395 3034 2442 est.

2722 2522 2949 2580 CAPUT
2974 2521 3085 2577 XC.

2128 2617 2207 2673 De
2253 2616 2542 2672 inventione
2593 2615 2825 2681 corporis
2881 2613 3017 2666 beati
3076 2608 3472 2681 νὶειοο-ῑιξηφεΔ
3501 2603 3710 2681 Etherii

2204 2685 2564 2756 Lugdunensis
2584 2676 2961 2756 archiepiscopi
2985 2683 3146 2756 obitu,
3178 2680 3241 2756 de
3268 2677 3586 2756 Cltildelgerti
3613 2676 3710 2756 uti:

2199 2743 2340 2811 noris
2363 2765 2505 2820 ortu,
2531 2743 2789 2807 Desideri'i
2810 2743 3034 2821 episcopi
3056 2750 3359 2820 dejectione,
3386 2758 3431 2802 et
3457 2743 3710 2800 Dommili

2199 2825 2589 2896 subrogatione,
2618 2839 2680 2876 ac
2707 2821 2833 2876 solis
2857 2821 3058 2891 eclipsi.

2200 2945 2398 3001 Beatus
2421 2959 2548 2999 vero
2578 2941 2810 2999 Econius
2844 2937 3086 3010 pontifex
3127 2935 3556 2991 Maurtenncnsis
3589 2947 3711 2987 cor-

2133 3052 2233 3106 pus
2262 3035 2432 3091 sancti
2458 3033 2710 3097 Victoris,
2761 3030 2853 3101 qui
2895 3029 3160 3084 Solodoro
3199 3041 3304 3080 una
3347 3039 3469 3080 cum
3524 3033 3712 3078 sancto

447 3111 806 3181 P‘wper’q'w
822 3110 1046 3164 δυείοτθ
1086 3121 1226 3176 saepe
1252 3107 1361 3161 ma
1393 3121 1488 3162 ⁸⁸³
1519 3103 1693 3160 tum“
1719 3105 1934 3176 regina,
1962 3102 2034 3196 _°b
2073 3191 2102 3196 Α
2133 3102 2296 3183 llrsio
2343 3140 2534 3196 passus
2586 3123 2780 3186 fuerat,
2823 3121 2925 3176 hoc
2978 3120 3134 3175 modo
3189 3119 3394 3173 invenit
3429 3115 3712 3182 :Quadnm

450 3201 615 3270 hujus
641 3200 1069 3256 vicissitudinem
1092 3197 1339 3254 beneﬁcii
1365 3195 1889 3252 Antissiodorensem
1909 3194 2034 3248 ade-
2060 3191 2105 3254 C
2137 3227 2296 3273 Hoc“,
2339 3191 2393 3271 i'n
2442 3230 2541 3271 sua
2580 3215 2801 3270 civitate
2828 3211 3197 3282 quiescentem
3245 3206 3504 3262 revelatio
3533 3204 3712 3258 divina

448 3303 575 3362 ptus
616 3302 698 3348 est
743 3292 1134 3362 episcopatum.
1167 3289 1323 3344 Anno
1364 3304 1397 3343 v
1424 3296 1780 3342 memoratum
1816 3301 2034 3354 regum,

451 3388 650 3441 iterum
670 3399 755 3448 ea,
779 3398 899 3454 qua:
927 3381 1293 3451 superioribus
1320 3379 1496 3442 annis,
1528 3393 1825 3450 apparuere
1850 3377 2000 3448 signa
2019 3417 2035 3442 ,

451 3475 596 3546 globi
627 3474 836 3530 scilicet
854 3474 1018 3544 ignei,
1045 3472 1095 3526 in
1126 3471 1370 3542 partibus
1395 3469 1689 3526 occidentis
1717 3483 1815 3539 per
1839 3467 2036 3524 coelum

453 3574 758 3631 currentes,
790 3564 961 3620 instar
990 3560 1349 3617 multitudinis
1375 3567 1665 3616 astrorum.

951 3691 1179 3752 CAPUT
1218 3690 1547 3748 LXXXVIII.

459 3791 538 3846 De
583 3788 946 3845 crudelissimo
978 3803 1156 3856 regum
1198 3786 1333 3840 inter
1372 3800 1428 3839 se
1465 3783 1735 3856 conﬂictu,
1780 3792 1827 3836 et
1870 3781 2042 3851 angeli

737 3859 949 3923 visione,
982 3856 1308 3926 Clotariique
1332 3857 1458 3926 fuga
1486 3865 1533 3909 et
1563 3855 1780 3907 damno.

528 3971 938 4029 Theotlebertus
980 3969 1162 4037 itaque
1204 3982 1269 4023 ac
1313 3965 1681 4023 Theodericus
1728 3974 2042 4033 conceptam

455 4067 570 4134 jam
596 4063 800 4117 dudum
829 4067 1018 4115 contra
1042 4057 1342 4113 Clotarium
1372 4054 1668 4125 patruelem
1696 4068 1850 4108 suum
1871 4053 2045 4106 rixam

459 4157 677 4211 tandem
707 4152 1045 4224 parturiunt,
1077 4159 1152 4217 et,
1181 4149 1458 4203 adnitente
1498 4147 1619 4200 avia
1656 4142 2043 4207 Brunechilde,

459 4262 624 4316 super
645 4244 862 4300 ﬂuvium
888 4244 1159 4306 Arvenna,
1190 4254 1288 4294 nec
1309 4237 1497 4310 procul
1523 4253 1553 4293 a
1579 4235 1886 4293 Doromello
1903 4235 2046 4299 vico,

462 4354 586 4393 cum
633 4351 698 4392 co
742 4335 940 4406 praelia
968 4332 1284 4402 conﬂigunt.
1316 4330 1504 4401 Ibique
1551 4338 1698 4384 tanta
1744 4335 1954 4398 strages
1981 4339 2048 4380 ex

465 4430 715 4497 utrisque
771 4426 1048 4496 partibus,
1095 4432 1150 4478 et
1211 4422 1446 4477 maxime
1493 4435 1559 4476 ex
1605 4419 1827 4475 Clotarii
1871 4426 2046 4487 parte,

2135 3324 2233 3380 per
2261 3309 2435 3363 visum
2463 3304 2774 3368 admonuit,
2819 3311 2876 3357 ut
2905 3317 3131 3372 surgens
3157 3299 3480 3370 quantocius
3523 3296 3593 3350 ad
3622 3310 3714 3350 ec-

2136 3398 2385 3461 clesiam,
2417 3411 2580 3466 quant
2629 3393 2925 3450 Sedeleuba
2957 3392 3229 3463 quondam
3269 3387 3718 3459 Burgundionum

2139 3489 2322 3560 regina
2348 3488 2400 3541 in
2427 3486 2733 3542 suburbano
2754 3483 3057 3540 Genabensi
3083 3480 3402 3544 construxit,
3429 3480 3591 3533 irent.
3617 3476 3714 3540 Ihi,

2140 3584 2194 3638 in
2226 3582 2400 3637 medio
2434 3579 2692 3645 basilicae,
2718 3593 2838 3634 esse
2859 3576 3107 3647 designat
3146 3575 3352 3635 locum,
3383 3585 3490 3642 quo
3519 3585 3720 3640 corpus

2141 3680 2387 3727 sanctum
2416 3678 2560 3725 esset
2601 3670 2903 3724 humatum.
2950 3667 3194 3735 Cumque
3218 3663 3508 3734 episcopus
3539 3661 3720 3716 Gena-

2141 3767 2361 3820 bensem
2407 3760 2638 3817 festinus
2693 3761 2898 3816 adisset
2943 3759 3150 3821 urbem,
3199 3755 3492 3824 assumptis
3533 3767 3720 3808 secum

2142 3856 2364 3912 Rustice
2405 3865 2460 3911 et
2511 3853 2748 3909 Patricio
2800 3852 3167 3914 antistitibus,
3202 3848 3454 3903 triduano
3497 3853 3722 3914 peracto

2137 3946 2364 4017 jejunio,
2402 3955 2559 4001 nocte
2591 3945 2858 4014 sequenti,
2889 3959 2954 3998 co
2979 3942 3103 4006 loci,
3134 3934 3242 4010 que
3267 3938 3484 4010 gloriosi
3519 3945 3724 4005 marty-

2146 4039 2220 4092 ris
2243 4036 2593 4106 quiescebant
2621 4035 2882 4096 membra,
2909 4031 2999 4085 lux
3021 4030 3254 4085 celestis
3275 4028 3545 4097 apparuit.
3569 4025 3725 4079 Tunc

2147 4129 2201 4184 hi
2241 4138 2351 4182 tres
2397 4126 2607 4181 Domini
2658 4125 3004 4188 sacerdotes,
3051 4121 3262 4176 elevato
3290 4135 3398 4188 quo
3440 4117 3725 4186 tegebatur

2147 4217 2344 4288 lapide,
2386 4216 2714 4270 invenerunt
2741 4222 2985 4268 sanctum
3018 4211 3072 4265 in
3099 4225 3224 4264 arca
3255 4218 3511 4278 argentea
3536 4205 3725 4274 jacen-

2149 4321 2278 4366 tem.
2302 4308 2466 4378 Cujus
2504 4307 2694 4373 iacies,
2747 4303 3171 4376 septempliciter
3219 4317 3382 4372 quam
3435 4297 3727 4369 cujuslibet

2148 4405 2380 4460 viventis
2407 4401 2664 4467 hominis,
2692 4400 2875 4455 divino
2904 4397 3160 4452 irradiata
3205 4393 3586 4464 rcsplendchal
3618 4391 3727 4444 iul-

467 4483 744 4583 facmres“
771 4483 842 4570 -ιιι
871 4516 1067 4570 ﬂuvius
1093 4514 1210 4585 ipse
1238 4511 1490 4568 humanis
1523 4507 1771 4581 oppletus
1811 4483 2049 4577 co'mori-
2073 4527 2124 4587 υ
2151 4510 2298 4568 gere.
2336 4494 2474 4548 Huic
2500 4501 2606 4546 tam
2634 4492 2890 4546 miranda:
2915 4487 3113 4558 egregii
3143 4485 3395 4557 martyris
3427 4483 3726 4582 inventioni

465 4609 568 4664 bus
592 4622 721 4663 suos
749 4607 999 4678 nequiret
1019 4604 1235 4674 explere
1263 4616 1472 4658 cursus.
1503 4600 1558 4656 In
1587 4615 1650 4656 ea
1681 4613 1858 4670 pugna
1888 4613 2050 4667 ange-

469 4701 552 4755 lus
603 4699 814 4755 Domini
869 4697 1208 4766 cvaginatum
1256 4701 1443 4750 astans
1486 4691 1635 4748 visus
1685 4700 1770 4746 est
1816 4691 2052 4745 tenuisse

467 4791 724 4861 gladium.
751 4788 1023 4844 Clotarius
1050 4799 1175 4841 suos
1206 4783 1593 4840 immanissime
1633 4781 1800 4837 sterni
1833 4779 2052 4848 conspi-

470 4883 642 4945 ciens,
680 4881 732 4934 in
767 4879 945 4949 fugam
973 4879 1228 4943 vertitur,
1265 4883 1320 4932 et
1349 4891 1444 4948 per
1466 4875 1778 4930 Miliduuum
1809 4880 2052 4929 castrum

478 4973 530 5024 in
563 4970 735 5025 insula
771 4967 1038 5038 Sequanae
1066 4968 1261 5035 situm,
1291 4965 1528 5021 Parisius
1568 4970 1842 5036 properat.
1881 4960 2054 5016 Theo—

472 5059 730 5114 dehertus
757 5066 812 5112 et
835 5057 1206 5112 Theodericus
1227 5057 1351 5127 post
1375 5065 1519 5127 terga
1546 5054 1836 5126 fugientem
1859 5051 2053 5116 secuti,

475 5153 723 5205 civitates
753 5148 903 5220 regni
931 5147 1046 5217 ejus
1073 5163 1266 5218 magna
1295 5162 1360 5202 ex
1385 5155 1535 5216 parte
1563 5153 1885 5208 avertentes,
1911 5142 2057 5197 cives

478 5243 724 5298 servituti
762 5241 1074 5311 subjiciunt.
1091 5240 1322 5297 Coactus
1348 5237 1617 5294 Clotarius
1647 5247 1885 5292 tenorem
1915 5233 2056 5304 pacti

480 5336 550 5387 ab
583 5335 822 5389 hostibus
845 5335 1104 5405 propositi
1134 5373 1149 5399 ,
1195 5334 1394 5387 invitus
1422 5330 1566 5395 licet,
1597 5327 1858 5393 ﬁrmavit,
1882 5335 1940 5379 ut
1979 5324 2058 5380 in-

2150 4583 2397 4643 interfuit
2420 4582 2789 4638 Theodericus
2818 4579 3098 4648 princeps,
3130 4576 3220 4647 qui
3251 4576 3371 4630 loco
3425 4575 3499 4627 illi
3557 4572 3730 4626 maxi-

2150 4691 2292 4731 mam
2352 4673 2656 4743 pertienem
2705 4669 2976 4724 facultatis
3031 4664 3404 4720 Warnecharii
3470 4662 3727 4723 contulit;

2151 4780 2313 4836 quam
2341 4763 2459 4830 ille,
2482 4770 2542 4816 ut
2569 4760 2774 4830 praefati
2807 4773 3032 4823 sumus,
3053 4755 3412 4825 eleemosynis
3451 4754 3733 4824 delegave-

2154 4867 2239 4912 rat
2271 4855 2620 4924 erogandam.
2671 4852 2752 4908 Ad
2800 4849 3104 4920 sepulcrum
3153 4847 3390 4916 denique
3431 4841 3732 4899 beatissimi

2157 4949 2409 5023 Victoris,
2439 4946 2638 5002 Christi
2694 4945 2934 5015 potentia
2980 4942 3145 4998 multa
3189 4939 3388 4996 exinde
3445 4937 3734 4993 miraculo-

2157 5056 2275 5096 rum
2304 5040 2541 5094 ostendit
2568 5038 2739 5109 signa.
2775 5036 2854 5091 Eo
2879 5049 3050 5099 anno,
3076 5032 3326 5087 Etherius
3352 5028 3734 5099 Lugdunensis

2157 5133 2597 5202 archiepiscopus
2643 5131 2815 5196 obiit,
2846 5128 3234 5195 ordiuatusque
3277 5131 3363 5179 est
3390 5121 3736 5178 Secundinus

2159 5227 2278 5281 loco
2305 5225 2495 5293 ipsius.

2227 5315 2387 5369 Anne
2412 5329 2510 5367 vtu
2546 5311 2697 5382 regni
2725 5309 3105 5373 Theodeberti,
3133 5322 3197 5362 ex
3224 5304 3533 5360 concubina
3560 5301 3734 5356 nasci-

2371 5404 2506 5428 ..Il..-
2536 5403 2671 5428 ηιξ..-
2739 5416 2893 5428 ’.ιη-ι..
2949 5398 3350 5428 Γιιῖιιιηινιαιιιηηι
3387 5394 3613 5428 ηηηιῖηρ
3656 5405 3734 5428 νο.
