4044 5428
301 383 407 436 757
1335 381 1648 440 ﬂiSTOlilA
1693 379 2114 436 FllANCOltU-M
2149 420 2160 434 .
2185 412 2253 420 -—-
2281 381 2408 435 LIB.
2450 379 2534 434 Ill.
3444 375 3575 430 758--

306 502 384 548 est
410 489 704 544 Dontmllos
727 489 778 542 in
803 490 1121 544 sacerdotali
1150 490 1343 546 olilclo.
1378 493 1453 545 Eo
1483 509 1624 546 anno
1663 493 1876 561 eclipsis
1904 501 1951 556 Α
1980 489 2293 545 Bertoaldus
2340 486 2657 544 nominatim
2698 484 3054 541 Landerieum
3097 484 3354 551 vocitare,
3388 495 3444 542 et
3489 497 3550 541 ut

308 603 367 639 so
392 586 434 639 is
464 584 601 638 facta
629 593 732 636 est.
1981 595 2164 636 secum
2188 580 2343 649 juxta
2392 579 2648 647 placitum
2685 576 3128 647 congrederetur,
3175 590 3279 630 non
3315 576 3563 632 cessabat

1980 685 2292 742 provocare.
2323 669 2474 736 Quod
2503 669 2628 721 dum
2678 665 3008 722 Landericus
3033 665 3294 720 abnueret
3340 681 3406 720 ac
3433 682 3562 735 pau-

1983 759 2130 813 latim
2163 759 2278 813 loco
2307 759 2544 817 cederet.
2577 757 2895 812 Bertealdus
2943 756 3010 810 ad
3053 755 3224 810 solum
3271 757 3564 811 subeundas

1985 851 2176 906 mortis
2205 849 2456 904 affectum
2501 848 2812 902 insurrexit.
2860 847 2928 903 Et
2961 847 3086 916 quia
3132 845 3246 914 jam
3289 848 3564 918 cognitum

1985 941 2240 1003 habebat,
2271 939 2414 1009 quod
2458 938 2828 992 Brunechildis
2871 953 2993 992 eum
3024 953 3054 991 a
3090 937 3317 1007 pristino
3348 938 3568 994 honoris

1987 1035 2155 1106 gradu
2186 1031 2440 1101 dejicere,
2471 1046 2535 1084 ac
2564 1030 2875 1084 l‘rotadium
2903 1045 3001 1099 pre
3026 1044 3091 1084 eo
3122 1029 3400 1084 moliretur
3431 1044 3566 1084 con-

884 671 1113 726 CAPUT
1150 672 1284 727 κει.

309 764 385 817 De
406 762 562 816 ϐω·θὲ
595 774 738 828 orm,
764 762 1032 816 Bertoaldi
1058 767 1269 819 interim
1290 806 1304 829 ,
1335 775 1383 820 et
1410 763 1649 820 Protadii
1684 765 1882 820 Bruns-

376 835 560 889 cbildts
593 835 846 886 amatoris
895 835 1203 900 insolentia,
1240 853 1302 889 nc
1333 854 1509 906 regum
1547 837 1811 906 conﬂictu.

376 941 534 994 Anne
562 956 616 992 ιι
647 943 930 995 memorati
963 943 1122 1010 regis,
1158 943 1350 997 iterato
1376 945 1422 998 ei
1456 944 1596 998 [ilius
1626 945 1881 1006 nascitur,

312 1032 528 1086 nomine
557 1031 788 1087 Corbus.
819 1030 1013 1087 Comes
1039 1034 1223 1102 palatii
1261 1035 1428 1104 ipsius
1463 1035 1720 1105 principis
1759 1044 1888 1090 tunc

315 1127 573 1193 temporis
596 1124 915 1180 Bertoaldus
943 1136 1061 1180 erat
1091 1127 1170 1180 vir
1193 1131 1407 1196 sapiens
1447 1137 1502 1184 et
1543 1138 1752 1194 cautus,
1784 1143 1888 1183 mo-

315 1216 464 1270 ribus
502 1217 643 1286 regis
686 1231 978 1287 congruos,
1011 1219 1062 1270 in
1110 1220 1292 1288 praelio
1329 1219 1506 1284 fortis,
1552 1235 1617 1274 ac
1656 1221 1710 1275 in
1743 1236 1888 1274 eom-

316 1307 484 1360 misso
520 1306 712 1360 fidelis.
761 1306 1045 1362 Pretadius
1093 1325 1220 1364 vero
1264 1310 1480 1378 quidam
1515 1319 1663 1374 erat,
1695 1325 1890 1381 genere

319 1400 612 1463 Romanus,
645 1400 987 1455 Brnnecliildi
1019 1417 1180 1456 causa
1211 1403 1378 1471 stupri
1416 1402 1888 1467 familiarissimus,

317 1503 373 1548 et
399 1492 468 1546 ob
515 1493 566 1545 id
600 1493 650 1546 in
683 1507 821 1562 page
855 1492 1235 1562 Ultrajurane,
1267 1504 1389 1564 post
1427 1493 1890 1559 Wamlalmarum,

318 1584 386 1637 ab
414 1599 476 1638 ea
503 1584 608 1638 dux
630 1584 973 1638 constitutus.
999 1585 1289 1639 Crescente
1312 1586 1492 1656 itaque
1512 1586 1896 1640 consuetudine

319 1674 469 1737 vitii,
501 1675 670 1728 crevit
713 1676 874 1729 simul
925 1686 980 1730 et
1013 1677 1337 1732 desiderium
1379 1679 1599 1732 honoris
1643 1693 1895 1746 augmen-

322 1764 488 1817 Iandi.
528 1763 715 1820 Tacite
739 1781 866 1834 ergo
897 1766 997 1820 hoc
1026 1769 1394 1835 praemeditata
1427 1768 1729 1831 consilium,
1761 1784 1895 1836 pra:-

1988 1127 2235 1189 stituere,
2265 1125 2454 1180 melius
2475 1125 2738 1195 judicavit
2761 1141 2883 1180 cum
2909 1125 3106 1180 decore
3147 1126 3290 1180 bello
3312 1135 3570 1196 oppetere

1990 1235 2151 1288 quam
2201 1219 2465 1288 reliquum
2509 1218 2654 1288 quod
2696 1233 2978 1288 superesse
3030 1226 3241 1288 poterat
3276 1220 3400 1273 vitm
3446 1233 3570 1272 cum

1990 1311 2257 1366 dedecere
2309 1313 2526 1366 ducere.
2575 1312 2928 1379 Donnitaque
2969 1310 3204 1380 palantia
3243 1312 3422 1365 studet
3465 1311 3570 1364 im-

1991 1400 2208 1468 pulsare
2242 1400 2454 1468 agmina
2483 1399 2997 1470 eppressienemque
3027 1400 3080 1452 in
3109 1399 3364 1454 cedentes
3392 1399 3587 1453 hostes

1995 1487 2194 1551 facere.
2223 1498 2575 1544 occurrentes
2601 1503 2815 1558 quoque
2837 1504 3096 1543 mucrone
3119 1497 3408 1548 sterneret.
3436 1503 3590 1542 unus»

1996 1594 2027 1633 a
2057 1579 2237 1634 multis
2271 1580 2634 1634 circumdatus
2659 1594 3059 1650 eppressusque
3099 1579 3482 1649 exstinguitur.
3515 1578 3576 1632 lu

1997 1684 2063 1724 ee
2105 1669 2288 1738 prmlie
2318 1669 2597 1724 Mereveus
2649 1669 2790 1724 filius
2827 1669 3052 1725 Cletarii
3087 1669 3319 1738 capitur.
3365 1666 3578 1722 Laude-

2001 1762 2145 1816 ricus
2174 1777 2297 1816 eum
2342 1761 2579 1816 Clotario
2625 1763 2676 1816 in
2710 1761 2886 1830 fugam
2919 1762 3168 1826 vertitur,
3213 1759 3581 1814 Theodericus

321 1855 552 1924 sumpsit
599 1831 847 1924 nepotem
883 1831 1040 1911 orare
1088 1873 1242 1911 suum
1297 1867 1355 1912 ιιι
1405 1858 1732 1912 interﬁceret
1761 1831 1894 1910 iter.
1928 1831 1972 1890 Β
2005 1852 2174 1904 victor
2220 1851 2458 1906 Parisios
2496 1851 2814 1920 ingreditur.
2859 1851 2986 1904 Post
3017 1851 3131 1904 haec
3175 1847 3584 1902 Theodebertus

324 1943 588 2007 toaldnm,
619 1954 676 1998 et
703 1943 959 2011 majorem
997 1945 1161 1999 totius
1198 1946 1358 2015 regiae
1392 1947 1582 2000 demus
1611 1947 1900 2000 constitue-

323 2044 408 2088 ret
432 2033 765 2088 Protadium.
798 2035 932 2089 Tum
976 2034 1116 2090 forte
1154 2035 1469 2091 Bertealdns
1498 2052 1526 2089 a
1567 2035 1902 2091 Theoderico

324 2141 450 2178 eum
498 2128 757 2179 trecentis
794 2125 847 2179 in
897 2125 1220 2192 Neustriam,
1253 2137 1311 2181 ut
1354 2138 1560 2196 partem
1592 2127 1742 2198 regni
1787 2128 1903 2197 ejus

326 2225 593 2278 tueretur,
641 2215 876 2270 directus
917 2217 1070 2280 viris,
1119 2217 1406 2272 Areuauno
1446 2216 1568 2288 [αι.⁹
1611 2216 1904 2288 Arelanne]

325 2305 455 2359 villa
482 2306 761 2360 venationi
790 2320 1009 2374 operam
1038 2307 1221 2360 dabat.
1251 2307 1367 2373 Quo
1398 2315 1696 2377 comperto,
1725 2307 1906 2361 Clota-

286 2455 294 2462 _
328 2395 444 2449 rius
476 2394 646 2449 filium
676 2395 1003 2462 Meroveum,
1033 2406 1081 2451 et
1112 2397 1465 2452 Landericum
1509 2398 1701 2453 ducem
1723 2437 1737 2463 ,
1765 2399 1907 2453 datis

328 2485 382 2538 in
413 2485 782 2554 adjumentum
808 2486 940 2540 viris
967 2487 1223 2552 strenuis,
1254 2488 1320 2542 ad
1345 2488 1754 2556 opprimendum
1778 2484 1907 2541 Ber-

332 2575 575 2629 tealdum
608 2576 808 2646 dirigit.
840 2577 1156 2632 Bertealdus
1206 2580 1388 2633 hostes
1431 2594 1590 2648 super
1624 2595 1714 2643 se,
1745 2579 1909 2634 certis

332 2666 538 2720 nuntiis
562 2666 616 2720 id
658 2665 1041 2730 deferentibus,
1074 2669 1284 2723 irruere
1311 2669 1448 2723 velle
1477 2684 1829 2739 cognoscens,
1855 2677 1911 2725 et

330 2770 392 2809 se
440 2756 507 2809 ad
557 2755 914 2810 resistendum
975 2757 1178 2813 viribus
1229 2758 1490 2828 imparem
1537 2759 1651 2812 fere
1709 2760 1908 2824 sciens,

335 2858 489 2918 terga
523 2857 740 2902 vertens
768 2847 1073 2904 Aurelianis
1119 2865 1176 2904 se
1205 2847 1434 2915 confert,
1466 2850 1649 2919 ibique
1677 2865 1706 2904 a
1750 2849 1910 2904 beato

331 2938 606 2992 Austreno
634 2937 870 3005 ejusdem
898 2939 1046 2994 urbis
1071 2942 1322 3009 episeopo
1352 2941 1658 3010 suscipitur.
1698 2938 1914 2996 Lande-

333 3027 483 3081 ricus
532 3037 657 3081 ante
706 3038 915 3097 portam
967 3031 1202 3086 civitatis
1231 3031 1632 3088 Aurelianensis
1668 3031 1915 3086 exercitu

2004 1957 2122 1998 cum
2147 1940 2385 1996 Clotario
2414 1957 2598 2011 pacem
2629 1940 2959 2010 Cempendio
3005 1939 3126 1994 villa
3158 1938 3339 2004 inivit;
3369 1935 3582 1992 exerci-

2006 2040 2092 2086 tus
2119 2046 2245 2088 vero
2267 2046 2456 2087 eorum
2485 2032 2681 2086 ill-.esus
2708 2032 2772 2084 ad
2800 2031 3016 2099 propria
3046 2029 3224 2085 rediit.

2585 2118 2810 2174 CAPUT
2853 2117 3006 2174 XCII.

2005 2211 2084 2266 De
2129 2209 2378 2265 Protadii
2422 2209 2679 2275 Romani,
2718 2212 2805 2274 qui
2852 2211 3025 2280 [nctus
3065 2208 3359 2280 estimajor
3399 2209 3587 2262 domus

2077 2283 2251 2351 regite,
2283 2281 2504 2334 avaritia
2542 2281 2701 2349 fwda,
2734 2282 2795 2333 ob
2821 2279 2976 2350 quam
3026 2279 3262 2351 omnibus
3292 2280 3451 2351 evasit
3501 2281 3589 2332 in.

2075 2349 2236 2415 visus,
2271 2361 2318 2405 et
2363 2353 2572 2404 tandem
2622 2368 2653 2402 a
2683 2350 2984 2417 proceribus
3032 2360 3106 2402 est
3154 2349 3506 2417 interfectus,
3539 2357 3590 2400 et

2081 2439 2224 2490 reges
2271 2421 2613 2482 reconciliati,
2645 2416 2808 2490 deque
2856 2421 3179 2474 successione
3223 2418 3433 2472 Claudii
3479 2416 3584 2470 Ro-

2076 2494 2219 2544 mani
2249 2493 2344 2545 viri
2371 2491 2663 2560 prudentis.

2077 2582 2234 2637 Anno
2276 2597 2310 2637 ι
2341 2583 2488 2652 regni
2521 2582 2870 2649 Theoderici,
2897 2581 3050 2651 juxta
3081 2579 3409 2636 voluntatem
3449 2579 3588 2632 Bru-

2009 2673 2294 2736 nechildis,
2326 2689 2392 2726 ex
2435 2681 2705 2742 prmeeplo
2748 2672 3067 2727 Theoderici
3097 2670 3382 2725 Pretadius
3419 2671 3623 2740 major.

2013 2760 2205 2818 demus
2235 2763 2602 2815 constituitur.
2629 2761 2729 2828 Qui
2760 2777 2881 2814 cum
2917 2775 3077 2815 sensu
3109 2759 3489 2829 argntissimus
3521 2769 3597 2812 ae‘

2014 2852 2066 2906 in
2117 2853 2356 2908 consiliis
2411 2852 2703 2908 haberetur
2748 2861 3038 2918 strenuus,
3083 2866 3224 2906 saeva
3275 2861 3456 2906 tamen
3511 2849 3594 2904 illi

2013 2945 2188 3001 inerat
2218 2955 2403 3000 contra
2451 2946 2744 3016 locupletes
2790 2947 3098 3016 cupiditatis
3133 2945 3364 3010 macula,
3404 2944 3594 2999 fiscum

2012 3034 2210 3090 volenti
2265 3036 2471 3105 replere
2515 3051 2579 3090 ac
2621 3036 2854 3106 seipsum
2888 3037 3079 3090 ditare.
3114 3035 3354 3103 Denique
3401 3035 3597 3115 nobili-

334 3119 590 3186 deducto,
623 3120 964 3177 Bertoaldnm
995 3124 1060 3177 ad
1090 3140 1320 3195 pugnam
1351 3127 1533 3196 egredi
1563 3127 1910 3195 provocabat.
1939 3164 1985 3226 Ο
2017 3131 2181 3179 tatem
2232 3126 2546 3181 insectando
2584 3125 2927 3197 Burgundiae,
2978 3140 3169 3181 omnes
3213 3125 3436 3195 cupiens
3489 3125 3596 3180 sibi

333 3210 433 3265 Cui
479 3211 797 3268 Bertoaldns
836 3228 850 3267 :
901 3233 920 3266 ι
977 3214 1305 3284 Numerese,
1337 3218 1444 3284 ait,
1474 3218 1700 3273 vallatus
1742 3217 1914 3273 milite

341 3301 576 3356 conﬁdis
601 3318 687 3357 me
712 3319 832 3358 cum
854 3306 1042 3374 paucis
1063 3307 1156 3360 tibi
1184 3322 1288 3360 non
1325 3323 1482 3378 posse
1508 3309 1781 3364 resistere.
1813 3309 1916 3363 Ve-

338 3407 480 3456 rum,
510 3392 554 3445 si
592 3392 785 3461 placet,
819 3409 917 3449 nos
965 3395 1070 3448 duo
1119 3395 1404 3466 singularis
1452 3398 1698 3454 ineamus
1741 3408 1917 3452 certa-

338 3483 486 3534 mina
517 3496 731 3551 pugnaz,
765 3483 948 3552 procul
977 3500 1235 3554 suspensa
1280 3497 1613 3542 armatorum
1665 3487 1910 3543 multitu-

334 3571 466 3624 dine
495 3583 551 3626 et
576 3573 650 3626 rei
681 3583 930 3628 eventum
964 3587 1329 3646 exspectante.
1361 3577 1568 3632 Nullius
1606 3579 1744 3633 adsit
1771 3578 1916 3634 sola-

337 3662 475 3715 tium
532 3663 815 3730 satellitis,
868 3665 1034 3720 solius
1088 3676 1436 3735 exspectetur
1497 3683 1724 3724 examen
1784 3669 1919 3739 justi

330 3752 555 3820 jndicis.
593 3773 612 3805 ι
660 3754 956 3811 Reeusante
981 3756 1282 3814 Landcrice
1304 3761 1579 3830 congredi,
1605 3760 1919 3816 Bertoaldls

336 3843 539 3897 iterato
575 3845 710 3898 dixit
747 3847 794 3900 ei
828 3863 841 3900 :
888 3866 907 3899 ‹
942 3847 1076 3912 Quia
1120 3847 1351 3903 formido
1390 3858 1453 3918 te
1483 3866 1625 3906 nunc
1669 3851 1919 3920 prohibet

339 3949 554 3987 mecum
578 3950 792 3988 manum
818 3952 1122 4006 conserere,
1157 3954 1458 4008 proximum
1507 3952 1589 3995 est
1626 3949 1684 3996 ut
1709 3939 1922 3995 domini.

339 4025 541 4088 nostri,
570 4041 667 4094 pro
717 4029 821 4081 tuis
867 4031 1012 4083 ausis
1061 4032 1378 4093 temerariis,
1421 4030 1615 4101 quibus
1665 4047 1923 4102 praesun-

340 4117 498 4183 psisti
545 4119 837 4187 prmripere
884 4129 1092 4189 partem
1135 4123 1284 4191 regni
1334 4122 1534 4176 domini
1587 4123 1690 4178 mei
1740 4109 1921 4191 regis,

339 4208 490 4262 inter
536 4223 598 4262 se
639 4208 931 4265 decernant
972 4227 1093 4266 cum
1134 4225 1464 4268 armatorum
1509 4215 1713 4269 cuneis.
1749 4215 1922 4281 Tunc,

340 4301 386 4352 si
424 4299 681 4368 placebit,
713 4315 808 4368 ego
836 4313 888 4355 et
917 4312 969 4354 tu
999 4304 1362 4358 vermiculatis
1387 4305 1625 4374 adeperti
1665 4305 1922 4372 vestibus,

341 4390 490 4443 inter
525 4389 767 4444 conferta
832 4393 1244 4462 congrediamur
1290 4395 1526 4464 agmina.
1575 4395 1652 4449 lbi
1687 4404 1742 4450 et
1792 4411 1925 4450 mea:

2015 3215 2301 3285 subjicere,
2352 3233 2438 3273 res
2474 3233 2661 3272 eorum
2700 3217 2994 3273 conabatur
3020 3216 3214 3286 injuste
3253 3215 3490 3281 auferre,
3526 3229 3593 3270 ne

2014 3309 2137 3376 quis
2165 3309 2266 3362 sibi
2297 3318 2479 3378 posset
2510 3310 2768 3365 honorem
2819 3324 2925 3378 quo
2965 3307 3247 3362 fruebatur
3292 3306 3597 3375 subripere.

2018 3398 2357 3469 Quapropter
2387 3416 2493 3454 non
2521 3399 2740 3454 valebat
2761 3398 2984 3468 quilibet
3021 3404 3299 3467 potentum
3349 3395 3596 3465 reperiri,

2018 3493 2110 3562 qui
2140 3491 2254 3561 ejus
2283 3491 2445 3546 vellet
2484 3490 2734 3546 familiari
2779 3489 3044 3558 colloquio
3070 3488 3155 3543 vel
3203 3485 3433 3542 amicitia
3470 3484 3598 3545 frui.

2020 3584 2126 3639 Sed
2165 3585 2292 3639 dum
2334 3582 2728 3647 Brunechildis,
2775 3581 2974 3636 veteris
3015 3579 3312 3634 inimicitiae
3353 3577 3602 3633 recorda-

2022 3676 2165 3730 tione
2215 3675 2506 3729 vindictam
2543 3672 2894 3727 meditaretur
2945 3670 3274 3740 expulsionis
3319 3684 3449 3735 suae,
3483 3683 3601 3722 mo-

2021 3775 2281 3835 neretque
2329 3765 2722 3818 Theodericum
2773 3762 3054 3816 thesauros
3101 3761 3273 3830 patris
3320 3759 3387 3814 de
3439 3775 3602 3812 manu

2021 3854 2381 3909 Theodeberti
2431 3868 2694 3922 quaerere,
2747 3867 2995 3906 asserens
3033 3850 3180 3905 illum
3226 3864 3334 3904 non
3383 3847 3601 3903 Childe—

2022 3945 2185 4010 berti,
2227 3944 2321 3998 sed
2361 3941 2636 4010 cujusdam
2668 3941 2937 3997 hortulani
2984 3940 3151 3996 tilium
3197 3938 3384 3994 fuisse.
3419 3936 3604 3990 Prota-

2024 4036 2144 4090 dius
2197 4033 2362 4102 ccepit
2408 4047 2587 4101 regem
2647 4033 2714 4086 ad
2781 4033 2895 4087 haac
2951 4030 3257 4102 peragenda
3309 4027 3609 4084 studiosius

2023 4138 2386 4178 commonere.
2412 4122 2650 4176 Tandem
2677 4137 2798 4176 cum
2825 4121 3064 4176 exercitu
3093 4120 3458 4176 Theodericus
3477 4132 3606 4188 pre-

2023 4214 2215 4276 feetus,
2262 4213 2404 4284 apud
2448 4212 2782 4267 Cariciacum
2829 4223 3009 4266 castra
3051 4212 3251 4284 posuit,
3296 4219 3515 4280 paratus
3546 4208 3602 4262 in

2025 4305 2323 4360 crastinum
2370 4317 2493 4358 cum
2541 4301 2710 4356 fratre
2748 4301 3036 4371 congredi;
3086 4301 3175 4371 qui
3219 4300 3360 4354 haud
3407 4297 3595 4367 procul

2026 4408 2149 4448 cum
2180 4391 2353 4446 valida
2389 4391 2796 4446 Austrasierum
2835 4391 3152 4446 consederat
3179 4378 3360 4445 manu.
3392 4388 3613 4444 Interea
3644 4440 3646 4443 .

337 4480 609 4549 probrum
647 4481 888 4549 ignaviae,
926 4492 979 4538 et
1001 4483 1216 4540 virtutis
1245 4490 1348 4537 tua:
1374 4485 1578 4555 poteris
1604 4484 1922 4540 documenta
1950 4499 2002 4559 ι)
2028 4485 2169 4542 lcudi
2218 4483 2608 4541 Theodericum
2661 4485 2866 4540 hortari
2917 4492 3235 4555 cmperunt,
3289 4502 3309 4536 ι
3345 4491 3403 4537 ut
3453 4481 3610 4535 fratri

341 4573 768 4642 persentiscere.
803 4594 822 4626 ι

418 4663 535 4716 Has
565 4665 896 4719 conditiones
925 4679 1028 4719 non
1060 4677 1318 4721 renuente
1361 4665 1684 4734 Landerico,
1715 4669 1936 4738 utrique.

340 4753 600 4823 quaedam
626 4753 725 4807 sibi
751 4754 1047 4810 adinvicem
1069 4796 1082 4821 ,
1113 4756 1158 4810 si
1187 4771 1215 4810 a
1245 4768 1424 4826 empto
1465 4756 1804 4820 desisterent,
1834 4758 1932 4812 im-

337 4841 600 4912 precanti
645 4853 768 4896 sunt
820 4843 1118 4898 maledicta.
1181 4845 1306 4900 Hinc
1349 4845 1476 4899 dum
1527 4845 1582 4899 in
1631 4845 1718 4900 die
1775 4844 1932 4901 festi-

341 4935 541 4989 vitatis
572 4936 741 4989 sancti
773 4935 985 4990 Martini
1017 4946 1164 5006 gesta
1209 4937 1458 5001 fuissent,
1490 4946 1545 4990 et
1567 4938 1934 4995 Theodericus

342 5041 453 5096 pro
485 5035 638 5080 certe
664 5027 968 5096 agnovi-sset
1000 5029 1140 5097 quod
1183 5043 1310 5098 pars
1347 5028 1494 5098 regni
1521 5030 1602 5082 sui
1640 5046 1668 5084 a
1697 5029 1936 5085 Clotario

345 5134 588 5189 pervasa
619 5117 774 5183 foret,
807 5121 922 5189 ipsa
949 5119 1034 5174 die
1058 5136 1156 5190 qua
1188 5121 1456 5174 inearnati
1490 5118 1646 5176 Verbi
1679 5121 1938 5180 nativitas

2031 4575 2503 4640 reconciliaretur,
2560 4590 2659 4630 nec
2703 4575 3013 4630 vanissima:
3060 4573 3339 4644 cupiditati
3389 4581 3609 4641 postpo-

2032 4677 2188 4721 neret
2210 4667 2371 4721 decus
2397 4666 2790 4735 germanitatis.
2822 4685 2840 4718 ι
2869 4665 3153 4720 Protadius
3195 4671 3420 4717 econtra
3454 4662 3616 4714 vehec

2034 4769 2245 4815 menter
2292 4757 2566 4821 resistere,
2595 4757 2782 4813 dicens
2823 4771 2838 4814 :
2869 4776 2887 4810 ι
2926 4757 3124 4813 Pacem
3163 4754 3284 4808 ﬁeri
3326 4768 3428 4805 non
3457 4765 3622 4819 oper-

2037 4859 2172 4906 tere.
2208 4867 2227 4900 ι
2255 4848 2770 4903 Animadvertentes
2796 4848 2976 4902 caeteri
3006 4857 3266 4917 proceres
3295 4856 3418 4895 eum
3449 4838 3622 4893 solum

2037 4958 2177 5007 esse,
2222 4940 2313 5010 qui
2361 4939 2602 4994 consiliis
2640 4952 2826 4993 eorum
2867 4936 3270 5007 refragaretur,
3309 4928 3632 4981 alterutrum

2038 5031 2546 5090 sermocinabamur
2608 5028 2964 5098 opportunius
3022 5027 3137 5082 fere
3189 5033 3363 5071 unum
3420 5015 3638 5069 tradere

2040 5123 2206 5183 morti
2237 5136 2398 5190 quam
2429 5129 2600 5175 totum
2632 5119 2931 5173 exercitum
2960 5106 3282 5186 periclitari.
3327 5103 3642 5173 Opportune
