4044 5428
455 363 561 422 759

1510 367 1768 422 ΑΙΜΟΙΝΙ
1804 367 2107 424 MONACBI
2158 369 2648 429 FLONACENSIS

3588 378 3691 434 .760

453 479 547 547 qui
593 477 704 551 jam
754 477 1156 532 tabernaculum
1199 477 1339 549 regis
1387 475 1872 543 circumdederant,
1919 496 2026 550 quo
2055 485 2416 554 Aspanorum
2476 485 2633 540 illatae
2694 495 2988 541 sumerent.
3055 488 3296 558 Cumque
3357 487 3693 547 Theudoria)

450 566 738 622 Protadius
777 583 882 622 una
928 584 1049 624 cum
1079 567 1242 622 Petro
1286 569 1565 625 medicina:
1595 571 1726 624 artis
1752 570 1924 640 perito
1955 574 2020 625 ad

433 656 664 714 tabulas
691 657 877 712 ludens
907 658 1161 723 sedebat,
1188 659 1368 715 taliter
1395 660 1512 714 infit
1542 678 1555 714 :
1591 680 1610 711 ‹
1655 661 1812 717 Jubet
1852 663 2022 718 domi-

456 761 561 804 nus
595 761 746 802 meus
777 762 872 802 rex
922 747 1301 804 Theudoricus
1330 761 1388 806 ut
1433 753 1790 807 interﬁciatur
1833 754 2021 810 Prota-

450 837 573 891 dins
605 839 720 905 paci
767 840 1092 894 contrarius.
1128 859 1146 892 ι
1176 839 1305 895 Post
1345 843 1487 912 quod
1519 845 1739 898 verbum
1772 847 2020 900 certatim

436 940 637 981 omnes
663 931 949 982 tentorium
979 929 1168 998 gladiis
1213 932 1596 997 conciderunt,
1625 945 1677 988 et
1712 934 2019 990 Protadium

446 1016 580 1070 inibi
610 1027 976 1086 peremerunt.
1008 1019 1374 1074 Theudoricus
1416 1021 1540 1077 licet
1578 1039 1606 1075 a
1636 1025 1748 1078 suis
1781 1034 2019 1091 coactus,

447 1103 749 1161 cumfratre
805 1106 1179 1163 Theodeberto
1222 1110 1559 1180 paeilicatur,
1591 1122 1642 1165 et
1673 1122 2021 1183 utrorumque

444 1196 718 1252 exercitus
745 1197 949 1263 salvus,
980 1214 1045 1254 ac
1080 1199 1292 1268 integro
1336 1217 1580 1267 numero,
1609 1203 1674 1256 ad
1709 1219 1802 1257 sua
1843 1219 2022 1274 regre-

443 1285 612 1340 ditur.
640 1286 799 1341 Anno
827 1304 881 1343 ιι
923 1289 1072 1360 regni
1111 1289 1433 1346 Theudorici
1475 1295 1794 1363 subrugatnr
1834 1294 2022 1350 Prota-

434 1377 536 1431 ilio
557 1378 731 1448 major
759 1379 953 1434 domus
979 1381 1196 1449 quidam
1224 1381 1501 1449 Claudius,
1532 1386 1715 1440 itidem
1746 1387 2019 1440 Romanus

433 1482 671 1536 genere;
726 1470 890 1526 homo
938 1470 1195 1540 prudens,
1255 1473 1357 1527 ﬁde
1399 1474 1913 1546 plenus,jucundns
1968 1478 2020 1530 in

440 1557 670 1624 fabulis,
709 1561 971 1628 providus
1027 1561 1082 1615 in
1133 1564 1364 1629 cunctis,
1398 1566 1490 1619 sed
1544 1567 1727 1635 sagina
1782 1567 2021 1636 corporis

439 1648 598 1703 valde
626 1651 825 1718 gravis.
861 1652 962 1718 Qui
1003 1655 1418 1722 prtedeeessoris
1455 1658 1536 1711 sui
1570 1660 1793 1713 territus
1831 1675 2016 1714 exem-

439 1739 568 1808 plis,
598 1742 896 1796 amicitiam
945 1759 1070 1799 cum
1099 1747 1368 1803 universis
1396 1763 1638 1815 servans,
1667 1749 1840 1804 lenem
1871 1766 1929 1806 se
1957 1767 2018 1805 ac

439 1827 795 1888 favorabilem
823 1834 1116 1904 praebebat.

997 1947 1222 2003 CAPUT
1271 1949 1448 2004 XCIII.

446 2032 520 2088 De
550 2033 745 2112 ultione
784 2052 942 2112 quam
990 2037 1360 2112 prauecnildis
1400 2043 1464 2094 de
1504 2043 1728 2112 inimicis
1777 2042 2017 2096 Protadii

584 2108 738 2173 cepit,
775 2108 938 2172 deque
978 2108 1234 2162 Desiderii
1270 2113 1493 2180 episcopi
1532 2109 1875 2179 lapidatione.
1999 2119 2002 2124 ’

510 2192 667 2248 Δηηο
693 2209 771 2249 xu
802 2197 951 2265 regni
990 2197 1308 2253 Theudorici
1343 2199 1664 2262 Uncelenus,
1687 2201 1777 2267 qui
1807 2199 2015 2253 fallacia

438 2299 540 2336 sua
578 2282 837 2340 Protadio
871 2301 1035 2340 causa
1063 2288 1253 2342 mortis
1291 2289 1598 2352 exstiterat,
1635 2289 1844 2343 insidiis
1881 2289 2017 2341 Bru-

441 2375 711 2430 ‘neehildis
751 2378 886 2446 pede
927 2385 1208 2433 truncatus
1241 2381 1508 2449 rebusque
1537 2381 1651 2434 suis
1689 2379 2015 2449 expoliatus,

443 2481 609 2536 egens
650 2476 734 2522 est
791 2469 1052 2533 redditus.
1099 2468 1311 2525 Wolqu
1353 2486 1565 2539 quoque
1609 2472 1902 2540 patricius,
1953 2488 2017 2526 eo

443 2561 667 2628 quodin
695 2576 882 2616 necem
905 2562 1017 2632 jam
1045 2563 1174 2617 dicti
1210 2565 1571 2618 consensisset
1619 2563 1875 2628 Protadii,
1914 2564 2015 2617 Fa-

442 2654 648 2708 riniaco
684 2654 810 2708 villa
839 2665 1161 2725 suggerente
1195 2656 1552 2711 Brunechilde
1589 2657 1740 2724 jussu
1773 2652 2018 2710 Theodo-

440 2745 544 2800 rici
601 2746 950 2801 interﬁcitur.
1007 2748 1178 2803 Natus
1239 2751 1406 2803 etiam
1455 2758 1538 2804 est
1589 2764 1655 2804 ex
1717 2751 2015 2804 concubina

443 2834 765 2890 Theudorici
795 2836 958 2899 ﬁlius,
989 2838 1206 2894 nomine
1231 2837 1530 2894 Meroveus.
1553 2839 1722 2906 Quem
1763 2856 1856 2895 rex
1896 2838 2018 2895 Clo-

445 2927 619 2979 tarius
678 2926 745 2981 de
786 2941 945 2982 sacro
987 2927 1138 2983 fonte
1187 2928 1401 2983 levavit.
1433 2930 1601 2984 Porro
1645 2946 1786 3000 saepe
1839 2932 2017 2986 (iitzltls

442 3030 540 3070 rex
565 3016 953 3083 Theodoricus,
983 3021 1424 3088 persuasionibus
1448 3022 1618 3076 Aridii
1642 3023 2016 3093 Lugdunensis

442 3107 682 3176 episcupi
722 3122 787 3161 ac
829 3109 964 3163 avita
1013 3125 1124 3163 sum
1161 3110 1540 3167 Brunechildis
1580 3114 1854 3182 deceptus,
1893 3131 2015 3168 san-

443 3205 590 3251 ctum
615 3198 948 3253 Desiderium
982 3199 1339 3256 Viennensem
1367 3204 1674 3273 pontificem
1707 3205 1897 3258 exsilio
1929 3221 2015 3260 re-

444 3296 696 3340 vocatum
729 3287 954 3356 lapidari
992 3292 1264 3360 praecepit.
1308 3292 1389 3346 Ad
1424 3291 1579 3362 cujus
1608 3295 1871 3349 tumulum
1914 3297 2017 3350 mi-

443 3377 631 3432 racula
652 3379 991 3436 “creberrime
1020 3391 1146 3436 sunt
1168 3392 1403 3438 ostensa.

1003 3489 1234 3546 CAPUT
1272 3491 1455 3547 XCIV.

447 3574 526 3630 De
559 3574 1129 3653 Herntemaergieﬁliie
1161 3581 1291 3652 regis
1326 3582 1598 3651 Hispania:
1634 3583 1876 3653 infaustis
1900 3601 2019 3640 cum

947 3648 1269 3705 Theoderico
1307 3648 1522 3722 nuptiis.

522 3738 673 3796 Tunc
718 3742 977 3811 temporis
1023 3742 1393 3799 Theudoricus
1431 3745 1676 3801 Aridium
1710 3748 2015 3817 praesulem,

445 3833 752 3891 Rocconem
807 3845 862 3890 et
907 3836 1200 3891 Eborinum
1249 3838 1534 3905 praefectos
1591 3855 1892 3910 equorum,
1953 3843 2019 3895 ad

449 3927 748 3982 Bettrieum
788 3941 966 3999 regem
999 3927 1272 3999 Hispania:
1307 3931 1527 3996 direxit,
1556 3933 1646 4002 qui
1672 3932 1837 3987 ﬁliam
1877 3932 2020 3987 illius

443 4019 695 4090 cuujugio
723 4020 824 4075 sibi
867 4021 1177 4075 sociandam
1221 4035 1530 4092 poscerent,
1561 4033 1615 4078 et
1652 4025 1697 4079 si
1734 4034 1888 4093 pater
1916 4024 2022 4078 vel-

443 4109 538 4172 let,
570 4108 948 4176 jusfurandum
976 4111 1280 4180 praeberent
1311 4131 1329 4163 ι
1361 4115 1502 4182 quod
1531 4113 1721 4169 diebus
1763 4116 1883 4168 vita:
1912 4131 2022 4169 suae

449 4215 572 4254 eam
622 4202 768 4271 regio
825 4217 932 4255 non
982 4203 1222 4271 privaret
1268 4203 1497 4258 honore.
1527 4225 1544 4256 ι
1605 4203 1700 4260 Cui
1757 4205 2022 4260 Bettricus

453 4292 693 4359 gaudens
731 4294 940 4357 annuit,
980 4293 1324 4363 puellamque
1353 4293 1544 4365 legatis
1582 4297 1817 4351 tradidit.
1851 4297 2022 4363 Quam

449 4379 822 4436 Theodoricus
869 4382 1023 4436 laetus
1077 4381 1351 4450 accipiens
1415 4385 1648 4453 primum
1714 4386 1872 4439 unice
1943 4387 2025 4440 di-

2123 573 2384 640 perlatum
2421 573 2608 630 fuisset
2649 575 2951 644 hujusmodi
2992 580 3277 634 consilium
3325 580 3445 636 illus
3500 595 3690 639 contra

2123 676 2182 716 se
2201 673 2412 716 struere
2440 664 2597 729 velle,
2629 666 2906 734 despectui
2937 667 3144 732 habuit,
3177 678 3235 722 ut
3262 668 3433 724 futile.
3459 671 3692 740 Legatus

2122 766 2254 806 vero
2295 751 2518 808 Bettrici
2565 767 2757 809 cuncta
2801 771 2899 824 pro
2929 759 3125 826 quibus
3175 769 3400 814 venerat
3437 776 3496 815 se
3539 773 3692 816 autu-

2125 857 2280 896 mans
2323 843 2664 914 impetrasse,
2707 846 2774 900 ad
2807 845 3118 916 Hispaniam
3149 850 3326 904 navali
3369 851 3532 907 rediit
3569 868 3694 907 eve-

2123 934 2322 988 ctione.

2683 1031 2908 1089 CAPUT
2956 1033 3115 1090 XCV.

2123 1119 2202 1172 De
2229 1117 2546 1174 Culumbam’
2587 1121 2810 1176 Hiberni
2838 1125 2894 1178 in
2927 1125 3148 1179 dicendo
3189 1125 3427 1180 libertate
3451 1135 3498 1180 et
3526 1127 3693 1179 mira-

2192 1190 2648 1266 culis,__regisque
2689 1195 3045 1266 resipiscentia
3096 1195 3344 1250 simulata
3372 1236 3385 1257 ,
3443 1198 3694 1266 Bobiique

2192 1260 2408 1314 εωθιυὺἑὶ
2433 1260 2838 1327 constructione,
2870 1276 2918 1318 et
2953 1263 3261 1318 Columbani
3283 1267 3530 1319 transitu.

2192 1352 2348 1403 Anno
2378 1367 2467 1404 xiv
2497 1353 2642 1422 regni
2678 1352 3037 1410 Theodeberti
3065 1371 3127 1409 ac
3153 1354 3474 1410 Theudorici
3507 1357 3696 1410 beatus

2120 1440 2483 1496 Columbanus
2523 1444 2590 1498 ab
2629 1443 2885 1500 Hibernia
2910 1446 3114 1501 Oceani
3146 1447 3317 1500 insula
3351 1461 3692 1516 progressus,

2121 1533 2350 1602 primum
2383 1547 2411 1586 a
2445 1533 2817 1591 Theodeberto
2845 1536 3154 1607 suscipitur.
3200 1537 3443 1600 Demum,
3475 1547 3696 1605 prepter

2121 1622 2507 1678 confluentium
2553 1626 2618 1678 ad
2665 1641 2723 1680 se
2767 1627 3084 1696 populorum
3129 1627 3522 1689 multitudines,
3571 1625 3695 1678 inde

2124 1717 2383 1786 migrans,
2431 1729 2484 1773 et
2545 1719 2841 1773 solitariam
2887 1735 3048 1790 agere
3097 1720 3267 1774 vitam
3316 1719 3573 1786 cupiens,
3627 1719 3692 1770 ad

2049 1819 2092 1877 Β
2126 1825 2348 1877 regnum
2402 1808 2721 1865 Theudorici
2789 1812 3049 1879 transiit,
3102 1821 3265 1880 atque
3324 1812 3376 1866 in
3436 1813 3557 1865 loco
3607 1811 3694 1864 cui

2118 1897 2417 1955 Luxovium
2455 1916 2652 1956 nomen
2682 1911 2785 1969 est,
2825 1918 2856 1957 a
2909 1903 3131 1972 przefato
3166 1919 3290 1974 rege
3336 1904 3584 1959 habitare
3614 1917 3697 1957 est

2113 1987 2315 2057 jussus.
2359 1992 2439 2044 Ad
2485 2008 2644 2061 quem
2696 1995 3023 2050 visitandum
3072 1996 3196 2050 dum
3252 1995 3566 2065 frequenter
3602 2011 3695 2049 rex

2119 2081 2422 2146 adveniret,
2459 2099 2522 2136 ac
2541 2099 2570 2136 a
2593 2085 2706 2138 viro
2731 2085 2821 2139 Dei
2839 2101 2955 2150 cur,
2983 2085 3170 2140 relicto
3188 2086 3439 2155 legitima:
3453 2085 3695 2156 conjugis

2118 2171 2487 2236 matrimonio,
2521 2173 2839 2228 adulterinis
2879 2175 3179 2230 deserviret
3207 2176 3692 2241 cummistionibus,

2120 2273 2458 2333 argueretur,
2507 2265 2702 2335 illeque
2739 2268 2804 2320 ad
2842 2268 3238 2321 obaudiendum
3283 2266 3400 2335 ejus
3443 2267 3697 2321 salutari-

2118 2354 2218 2407 bus
2268 2356 2490 2409 monitis
2537 2371 2723 2410 aurem
2757 2358 2934 2412 cordis
2970 2357 3289 2424 inllecteret,
3327 2358 3446 2411 avia
3490 2358 3695 2411 Brune-

2119 2444 2314 2500 ehildis
2371 2446 2606 2515 vipereis
2653 2449 2857 2519 antiqui
2910 2449 3080 2503 hostis
3125 2449 3454 2505 inﬂammata
3501 2451 3726 2505 incita--

2119 2539 2336 2604 mentis,
2371 2541 2625 2594 adversus
2653 2552 2896 2596 sanctum
2934 2542 3324 2598 Columbanum
3361 2548 3691 2598 commoveri

2117 2629 2282 2697 cwpit
2311 2631 2508 2685 acrius.
2536 2631 2639 2685 Sed
2680 2641 2898 2688 sanctus
2927 2635 3028 2698 vir,
3056 2634 3196 2688 illius
3223 2634 3447 2690 malitiae
3477 2636 3693 2689 obviam

2119 2720 2199 2775 ire
2226 2738 2444 2791 parans,
2479 2724 2545 2777 ad
2585 2739 2703 2778 eam
2745 2725 3144 2781 Bruchariachu
3188 2727 3308 2780 villa
3345 2741 3692 2782 commoran-

2121 2821 2227 2866 tetu
2255 2824 2524 2883 properat.
2555 2815 2651 2870 Cui
2684 2818 2892 2886 regina,
2922 2834 3043 2872 cum
3074 2819 3356 2889 nepotibus
3383 2821 3495 2874 suis
3518 2819 3696 2873 Theo-

2119 2903 2284 2958 doriei
2319 2904 2444 2958 ﬁliis
2487 2921 2801 2972 occurrens,
2849 2910 3040 2962 orabat
3084 2929 3102 2960 ι
3139 2919 3195 2962 ut
3241 2910 3446 2980 regiam
3483 2909 3692 2978 prolem

2118 2993 2480 3050 benedieeret.
2517 3016 2535 3048 ι
2565 2997 2633 3050 At
2661 2998 2749 3052 ille
2786 2999 2862 3053 ait
2889 3018 2906 3050 ε
2951 3015 3293 3069 nequaquam
3341 2999 3461 3052 illos
3489 2999 3694 3069 regalia

2120 3094 2331 3153 sceptra
2355 3097 2722 3155 δυξας-ρωπος,
2745 3103 2809 3142 eo
2833 3088 2972 3156 quod
3002 3091 3067 3144 de
3085 3088 3434 3159 lupanaribus
3456 3104 3695 3144 emerse-

2046 3155 2090 3214 (ἶ
2124 3176 2253 3229 rint.
2284 3194 2302 3227 ι
2341 3175 2545 3245 Regina
2577 3155 2863 3249 indignata
2889 3195 3084 3248 pueros
3133 3155 3389 3250 praecepit
3423 3182 3597 3245 abire,
3638 3195 3694 3235 ct

2119 3268 2234 3340 ipsa
2258 3279 2377 3337 post
2417 3270 2688 3339 paululum
2719 3281 2802 3326 est
2849 3283 3054 3327 secuta.
3090 3273 3218 3327 Viro
3266 3282 3446 3327 autem
3482 3275 3694 3328 Domini

2121 3361 2186 3415 ad
2221 3363 2439 3431 pr0pria
2472 3363 2680 3432 regredi
2728 3363 3019 3418 festinante
3060 3375 3115 3418 et
3155 3364 3315 3434 regite
3355 3364 3491 3417 aula:
3531 3363 3693 3417 limen

2117 3456 2256 3528 pede
2299 3466 2570 3526 tangente,
2625 3457 2802 3512 subito
2833 3457 3047 3528 fragore
3091 3461 3256 3512 totius
3298 3467 3440 3512 mota
3480 3467 3563 3512 est
3599 3459 3699 3512 do—

2121 3560 2243 3600 mus
2270 3545 2497 3600 fabrica.
2529 3545 2636 3600 Sed
2678 3547 3074 3601 nefandissimie
3113 3548 3356 3602 mulieris
3391 3563 3548 3602 mens
3586 3562 3694 3601 non

2121 3645 2206 3692 est
2226 3647 2517 3703 commota,
2543 3639 2651 3693 imo
2691 3640 2881 3708 majori
2925 3640 3218 3695 iracundiae
3248 3641 3369 3710 igne
3408 3657 3692 3697 succensa.

2120 3727 2422 3784 Verebatur
2439 3731 2582 3785 enim
2612 3731 2752 3800 quod
2791 3733 2935 3786 omni
2973 3733 3212 3788 extorris
3245 3735 3507 3804 dignitate
3535 3735 3706 3804 pelle-

2121 3830 2274 3876 retur
2298 3837 2327 3876 a
2353 3837 2540 3892 regno,
2581 3824 2624 3878 si
2666 3839 2758 3877 rex
2787 3825 3112 3894 posthabitis
3151 3827 3474 3881 meretriciis
3506 3827 3700 3880 delini-

2120 3921 2339 3986 mentis,
2375 3920 2602 3989 alicujus
2649 3921 2842 3992 regalis
2886 3921 3099 3976 feminae
3121 3924 3388 3992 potiretur
3419 3923 3694 3992 conjugio.

2121 4011 2407 4066 lnterdixit
2431 4013 2596 4084 igitur
2625 4026 2904 4083 egressum
2939 4023 2994 4067 et
3022 4028 3328 4084 regressum
3357 4029 3386 4067 a
3425 4022 3698 4068 monaste-

2124 4104 2206 4159 rio
2238 4115 2344 4159 tam
2379 4117 2567 4160 sancto
2593 4107 2710 4159 viro
2741 4120 2906 4173 quam
2937 4105 3197 4160 fratribus
3221 4121 3343 4160 cum
3373 4121 3440 4160 eo
3474 4120 3700 4158 manen-

2124 4197 2290 4263 tibus,
2323 4199 2639 4268 pra‘eipiens
2675 4199 2789 4252 suis
2822 4199 3195 4267 uptimatibus,
3226 4198 3405 4253 vicina
3448 4196 3698 4252 coenobio

2124 4286 2242 4341 loca
2275 4287 2594 4354 colentibus,
2642 4304 2709 4342 ne
2756 4289 3061 4359 quempiam
3104 4289 3255 4343 exire
3299 4289 3698 4358 permitterent,

2126 4377 2209 4432 vel
2268 4393 2614 4448 progressum
2671 4379 2906 4447 hospitio
2968 4379 3325 4447 susciperent.
3381 4379 3568 4432 Denuo
3615 4376 3700 4429 vir

450 4469 620 4534 texit;
677 4486 797 4539 qure
855 4481 1034 4525 tamen
1091 4471 1370 4526 maleﬁciis
1414 4473 1788 4529 Bruneebildis
1845 4477 2018 4530 virum
2049 4485 2100 4545 ι)
2125 4481 2368 4535 sanctus,
2401 4480 2458 4525 ut
2483 4486 2600 4526 eam
2629 4487 2657 4525 a
2688 4480 2834 4524 tanta
2877 4479 3122 4524 moneret
3151 4471 3416 4526 desistere
3455 4470 3696 4540 pertina-

453 4571 559 4610 nou
614 4560 886 4626 cognovit.
941 4560 1162 4623 Deinde,
1215 4560 1446 4616 faciente
1495 4564 1681 4618 eadem
1734 4565 1854 4618 avia
1902 4580 2020 4631 sua,

455 4643 830 4702 Theudoricus
885 4647 1366 4721 Hermembergam
1434 4651 1529 4720 (id
1577 4653 1774 4722 quippe
1830 4667 2026 4708 nomen

452 4736 650 4804 virgini
674 4736 698 4808 )7
747 4737 1016 4794 thesauris
1061 4741 1415 4810 exspoliatam
1467 4741 1618 4798 abire
1675 4744 1924 4813 prmeepit
1961 4744 2029 4798 ad

454 4830 789 4900 Hispaniam.
818 4831 930 4887 Hac
954 4833 1020 4888 de
1048 4848 1105 4888 re
1145 4834 1456 4905 indignatus
1482 4835 1771 4901 Bcttricus,
1803 4839 1868 4890 ad
1911 4835 2042 4902 Clo-,

454 4923 653 4976 tarium
686 4937 891 4993 regem,
921 4923 1244 4981 Theudorici
1272 4942 1339 4981 ex
1372 4937 1562 4996 patruo
1589 4928 1850 4998 genitmn,
1888 4928 2032 4983 misit

454 5016 684 5087 legatos,
717 5018 808 5086 qui
837 5032 960 5073 eum
996 5019 1062 5074 ad
1095 5019 1219 5074 belli
1271 5021 1612 5087 societatem,
1647 5023 1909 5091 expositis
1945 5019 2056 5077 in;

451 5103 612 5175 jurite
660 5108 874 5173 causis,
937 5109 1279 5165 inclinarent.
1331 5111 1436 5167 Ubi
1495 5112 1582 5167 ille
1644 5114 1784 5167 votis
1841 5128 2029 5167 eorum

454 5196 606 5251 visus
636 5207 720 5254 est
747 5199 1101 5266 satisfecisse,
1137 5217 1259 5256 eum
1285 5203 1465 5257 missis
1489 5202 1658 5266 ipsius
1689 5204 1756 5257 ad
1787 5203 2032 5259 Theode-

2127 4562 2236 4627 cia,
2269 4562 2336 4614 ad
2364 4562 2620 4630 palatium
2649 4562 2913 4632 perrexit.
2946 4562 3023 4615 Eo
3052 4559 3190 4614 forte
3217 4561 3302 4614 die
3331 4559 3700 4614 Theudoricus

2125 4667 2247 4706 cum
2279 4652 2397 4704 avia
2429 4667 2524 4704 sua
2560 4651 2611 4705 in
2657 4650 2871 4723 Spinsia
2904 4649 3171 4706 residebat
3195 4649 3345 4714 villa,
3393 4648 3700 4702 nuntiatur-

2126 4755 2232 4812 que
2263 4742 2312 4796 ci
2353 4742 2623 4797 hominem
2660 4741 2753 4796 Dei
2784 4759 2881 4812 pro
2924 4741 3129 4797 foribus
3161 4751 3330 4802 stare,
3363 4755 3462 4794 nec
3500 4741 3551 4792 in
3607 4739 3698 4792 iis-

2127 4832 2249 4887 dem
2285 4831 2489 4887 :edihus
2531 4831 2805 4900 hospitare
2831 4831 2987 4886 velle.
3012 4831 3166 4886 Tunc
3187 4847 3280 4886 rex
3311 4830 3448 4884 iram
3487 4825 3698 4882 Domini

2129 4923 2230 4978 sibi
2270 4923 2553 4976 imminere
2591 4921 2812 4986 veritus,
2852 4922 3045 4977 melius
3087 4921 3225 4976 dixit
3251 4935 3369 4976 esse
3401 4920 3573 4973 virum
3607 4918 3698 4972 Dei

2128 5019 2445 5089 opportunis
2475 5019 2729 5073 subsidiis
2778 5020 3047 5073 honorare
3078 5032 3238 5088 quam
3281 5013 3447 5070 Deum
3478 5029 3553 5086 exi
3590 5029 3700 5067 ser-

2130 5126 2318 5164 vorum
2353 5108 2468 5178 ejus
2497 5108 2701 5164 oﬁ‘ensa
2731 5110 2798 5163 ad
2826 5109 3156 5164 iracundiam
3188 5121 3507 5178 provocare.
3531 5103 3701 5160 JnSsit

2132 5217 2261 5266 ergo
2290 5201 2440 5266 regio
2464 5201 2609 5255 cultu
2640 5215 2976 5266 quaecunque
3006 5208 3161 5255 erant
3199 5198 3364 5253 victui
3392 5198 3700 5251 necessaria
