4044 5428
293 315 389 376 781

297 530 513 592 Oportet
560 521 678 588 ejus
724 534 913 574 serves
963 517 1260 585 suscipere,
1303 531 1420 584 quae
1458 515 1570 582 ipse
1613 510 1873 580 probatur

299 613 470 666 odire.
502 631 521 664 ι
569 609 700 665 Post
745 608 849 661 hoc
896 606 1118 659 verbum
1182 619 1310 657 vasa
1357 612 1549 656 cuncta
1596 600 1650 652 in
1699 596 1872 651 frusta

301 705 572 770 disrupta,
600 701 785 753 viuum
821 713 884 753 ac
929 699 1103 752 sicera
1129 696 1243 750 solo
1289 695 1424 755 fusa,
1459 702 1748 760 ceteraque
1791 704 1875 743 se-

302 795 535 865 paratim
564 801 691 848 sunt
727 792 991 861 dispersa.
1029 788 1297 843 Pavefaeti
1338 786 1470 856 regii
1508 782 1765 845 ministri,
1807 781 1873 833 ad

303 904 486 960 regem
535 883 737 942 reversi
798 885 871 939 rei
921 893 1084 953 gestae
1133 881 1377 935 ordinem
1437 882 1709 946 promunt.
1761 873 1876 929 Ite:

302 983 472 1037 nimio
501 990 708 1034 terrere
735 975 1032 1047 perculsus,
1057 970 1290 1028 diluculo
1316 985 1436 1024 cum
1465 967 1586 1022 avia
1609 965 1674 1019 ad
1701 964 1874 1016 virum

304 1071 398 1126 Dei
455 1075 731 1140 properat.
791 1065 1090 1118 Precantur
1145 1062 1212 1115 de
1281 1057 1584 1114 commissis
1626 1054 1873 1116 veniam,

304 1137 627 1230 pollicemur
649 1157 702 1209 in
733 1154 1000 1221 reliquum
1023 1161 1265 1205 actorum
1290 1137 1512 1202 suorum
1540 1140 1875 1198 emendatio-

306 1266 450 1304 nem.
483 1249 578 1302 His
599 1255 820 1317 pacatus
850 1242 1149 1314 promissis,
1180 1241 1246 1293 ad
1280 1234 1666 1291 monasterium
1697 1230 1875 1285 rediit.

307 1344 506 1397 Verum
538 1342 652 1396 haec
680 1337 997 1409 pollicitatio
1033 1334 1230 1388 nullius
1255 1329 1487 1384 elIicaeis
1517 1325 1737 1396 protulit
1768 1322 1888 1378 fru-.

307 1444 454 1491 ctum
510 1433 709 1502 eperis.
741 1430 873 1483 Nam
917 1425 1286 1482 Theodericus
1331 1423 1381 1475 in
1431 1435 1587 1474 emno
1634 1414 1876 1479 luserim,

309 1535 520 1579 utante
551 1529 944 1584 consueverat,
982 1527 1067 1572 est
1092 1518 1434 1575 obversatus,
1471 1521 1525 1566 et
1563 1506 1880 1562 Brtnwr-biL

308 1618 392 1672 dis
422 1617 635 1671 animus
663 1614 830 1670 semel
863 1611 1103 1682 nequitia
1147 1610 1402 1670 imbutus,
1435 1621 1464 1659 a
1507 1600 1882 1672 persecutione

310 1709 455 1762 beati
491 1709 589 1762 viri
629 1719 969 1775 nequaquam
1005 1711 1088 1757 est
1132 1701 1463 1754 immutatus.
1500 1693 1640 1761 Quin
1679 1691 1879 1761 potius,

307 1812 378 1854 eo
420 1814 592 1868 usque
636 1797 901 1866 processit
949 1793 1174 1862 spiritus
1216 1786 1567 1844 immanitatis
1625 1785 1774 1837 ferox
1825 1788 1882 1833 ut

311 1893 495 1965 nepoti
531 1888 784 1945 suaderet
825 1896 1070 1942 sanetum
1107 1882 1201 1937 Dei
1237 1881 1292 1936 in
1325 1878 1579 1950 oppidum
1609 1871 1890 1928 Vesontio—

311 2001 442 2042 num
493 1981 688 2038 exsilio
730 1978 980 2049 relegari,
1012 1976 1244 2044 indeque
1287 1983 1566 2026 reversum
1613 1979 1782 2033 usque
1823 1962 1890 2016 ad

312 2078 482 2133 utaris
506 2071 799 2130 Britannici
821 2070 1002 2123 littora
1028 2063 1243 2138 deduci,
1270 2072 1350 2127 ut,
1374 2066 1704 2114 transmeato
1730 2055 1890 2117 freto,

312 2181 591 2236 nunquam
618 2164 684 2216 de
713 2171 909 2215 canere
932 2157 1227 2213 Galliarum
1257 2151 1516 2207 reviseret
1543 2161 1692 2199 arva.
1726 2144 1892 2198 Cum-

313 2274 422 2328 que
460 2257 545 2310 vir
585 2252 825 2316 Domini,
856 2247 1149 2305 secundum
1191 2245 1274 2299 sui
1321 2239 1654 2310 propositum
1703 2232 1890 2296 animi,

318 2323 676 2404 del-iherasset
714 2345 781 2398 ad
811 2340 1042 2413 patrium
1069 2335 1240 2404 solum
1277 2332 1423 2387 nullo
1457 2329 1612 2383 modo
1655 2323 1894 2394 regredi,

315 2456 415 2509 per
438 2452 662 2507 regnum
688 2430 1044 2488 Theodeherti
1074 2428 1139 2479 ad
1165 2425 1370 2480 Italiam
1398 2421 1685 2480 transiens,
1711 2429 1896 2467 caeno-

315 2528 492 2590 bium,
525 2527 666 2595 quod
719 2523 943 2577 Bobium
987 2518 1200 2576 dicitur,
1253 2512 1557 2570 construxit
1596 2509 1893 2579 plenusque

317 2618 630 2676 sanctitatis
659 2633 720 2671 ac
749 2616 956 2671 dierum
988 2610 1244 2683 migravit
1268 2609 1333 2662 ad
1360 2604 1668 2661 Dominum.

881 2775 1108 2834 CAPUT
1148 2772 1330 2830 XCVI.

453 2873 806 2929 Theodericus
828 2880 966 2925 metu
999 2868 1178 2938 fratris
1214 2881 1332 2920 cum
1357 2879 1416 2918 eo
1438 2859 1739 2932 paciscitur.

399 2991 557 3044 Anne
586 3005 654 3043 xv
685 2987 839 3058 regni
875 2987 980 3048 sui,
1020 2980 1422 3038 Theodebertus
1468 2975 1645 3044 aliqua
1689 2971 1790 3026 sibi
1833 2971 1898 3024 de

1253 309 1570 366 HISTORIA
1607 303 2052 362 FIIANCORUM.
2087 334 2148 344 —
2183 301 2381 357 LIBER
2419 299 2500 355 Ill.

298 440 518 502 accepta
565 439 692 486 sunt
741 427 853 484 Deo
899 426 1178 496 impiorum
1233 439 1476 478 ninnera.
1529 421 1712 490 Itaque
1756 433 1863 473 neu
1893 422 1946 479 Α

3437 286 3544 340 τω

2505 427 2732 485 CAPUT
2769 424 2997 480 XCVIII.

1971 547 2049 602 De
2091 546 2398 600 Theoderici
2436 543 2696 603 consiliis,
2734 551 2781 594 et
2819 536 3161 593 Theodebcrti
3199 534 3384 601 infami
3425 548 3552 595 cens

2033 616 2206 686 jugio.
2246 616 2310 668 de
2346 614 2502 686 Berto
2531 611 2805 678 Leunisio,
2845 620 2891 663 ct
2919 609 3138 676 apologo
3167 605 3280 675 ejus
3328 603 3391 657 de
3422 603 3543 672 lupo

1995 710 1998 712 τ
2034 683 2090 741 rt
2105 683 2306 754 Vregum
2337 683 2605 752 conﬂictu.

2041 794 2410 850 Theodericus
2437 801 2688 861 acceptas
2719 789 2943 858 injurias
2987 785 3168 840 ulcisci
3212 783 3528 837 desiderans

1975 903 2096 942 cum
2132 887 2244 941 suis
2293 885 2560 938 tractabat
2607 898 2714 951 quo
2747 891 2903 950 pacto
2953 878 3174 932 fratrem
3201 875 3530 944 Oppriineret

1976 985 2054 1039 Eo
2069 999 2212 1039 anno
2230 984 2638 1038 Theodebertns
2665 977 3012 1032 Bilccltildam
3031 976 3211 1044 (quam
3242 969 3554 1025 Bruncchil-
3646 965 3653 975 “

1976 1082 2060 1136 dis
2099 1097 2130 1136 a
2187 1077 2580 1134 mercatoribus
2631 1083 2890 1142 emptam,
2938 1085 3003 1124 ee
3034 1067 3174 1137 quod
3211 1067 3347 1120 foret
3378 1064 3550 1117 forma

1977 1175 2219 1244 egregia,
2273 1172 2344 1225 illi
2379 1166 2600 1225 dederat
2633 1165 2936 1234 conjugem)
2978 1158 3272 1220 interemit,
3301 1156 3533 1226 puellam

1979 1266 2195 1320 nomine
2241 1260 2720 1322 Theudcchildem,
2770 1247 2870 1309 sibi
2922 1253 3190 1321 accipiens
3233 1251 3284 1303 in
3313 1263 3533 1302 uxorem

1980 1352 2373 1418 Theudoricus,
2403 1364 2460 1406 ut
2487 1352 2693 1423 praefati
2732 1365 2939 1412 smnus,
2966 1347 3394 1400 Theodebertum
3423 1341 3556 1395 infe-

1980 1448 2077 1501 stis
2111 1448 2383 1500 inseetans
2432 1444 2595 1506 odiis,
2627 1443 2691 1493 ad
2732 1440 3028 1496 Clotarium
3062 1437 3251 1498 mittit,
3289 1436 3379 1503 qui
3411 1434 3558 1485 velut

1980 1550 2045 1589 ex
2078 1550 2310 1603 persona
2339 1550 2433 1588 sua
2452 1533 2694 1586 dicerent
2721 1548 2733 1582 :
2770 1548 2786 1578 ι
2822 1525 3176 1582 Contumeliis
3198 1540 3226 1577 a
3250 1523 3415 1576 fratre
3439 1519 3557 1573 alic-

1983 1634 2125 1689 ctus,
2157 1623 2382 1678 reddere
2407 1624 2454 1676 ci
2479 1639 2598 1692 qua:
2648 1628 2885 1675 meretur
2915 1617 3114 1687 cogite,
3142 1615 3184 1668 si
3227 1621 3277 1668 te
3306 1612 3379 1665 illi
3415 1610 3556 1662 auxi-

1917 1751 1958 1810 Β
1987 1713 2058 1768 lio
2083 1729 2188 1768 non
2220 1711 2531 1768 adfuturum
2575 1725 2898 1780 cognovero.
2933 1706 3274 1773 Quapropter
3303 1717 3402 1770 ego
3440 1713 3565 1767 rogo

1991 1817 2043 1862 te
2072 1808 2313 1877 quietum
2353 1819 2594 1866 manere.
2621 1803 2692 1856 nil
2715 1799 3009 1868 adjumenti
3036 1797 3107 1850 illi
3144 1797 3425 1855 ferentem,
3453 1790 3566 1860 pol-

1990 1897 2180 1959 licens,
2215 1896 2257 1949 si
2288 1896 2460 1949 victor
2485 1908 2729 1954 evasero,
2763 1902 3098 1960 regnumque
3129 1901 3251 1939 cum
3281 1883 3387 1936 vita
3417 1883 3484 1933 ab
3506 1895 3570 1932 eo

1989 1987 2216 2055 quivere
2244 1983 2480 2047 auferre,
2511 1983 2768 2036 ducatum
2801 1977 3102 2040 Denlclcni,
3134 1990 3294 2045 quem
3331 1974 3442 2041 ipse
3473 1969 3572 2024 tibi

1995 2077 2192 2144 injuste
2242 2076 2512 2128 sublatum
2581 2071 2794 2130 retinet,
2823 2085 2909 2121 me
2950 2076 3053 2120 tua:
3093 2065 3443 2118 remissurum
3477 2074 3571 2129 pe-

1995 2164 2196 2218 testati.
2229 2183 2246 2214 »
2280 2162 2414 2216 IIuic
2461 2159 2693 2231 pactioni
2727 2156 3058 2212 assentiente
3099 2137 3356 2212 Clotario,
3398 2149 3570 2204 Theo-

1994 2257 2212 2310 doricus
2240 2271 2383 2308 anno
2410 2270 2517 2307 xvn
2553 2252 2700 2321 regni
2754 2250 2858 2314 sui,
2887 2263 3068 2300 mense
3101 2245 3258 2308 Maio,
3292 2245 3576 2298 universos

1995 2348 2217 2402 ditionis
2252 2364 2363 2402 suae
2392 2347 2456 2398 ad
2483 2345 2620 2398 bella
2658 2341 3090 2412 promptissimos
3125 2337 3385 2407 Lingenis
3416 2335 3578 2390 cead-

1997 2440 2148 2494 unari
2176 2439 2514 2508 przecipiens,
2534 2452 2596 2489 ac
2627 2451 2722 2503 per
2748 2433 2994 2487 Vervena
3024 2440 3281 2490 castrum,
3310 2439 3417 2480 tum
3445 2435 3581 2480 tem-

1995 2533 2142 2603 poris
2174 2529 2429 2584 :‘edilicari
2482 2537 2743 2594 emptum,
2778 2525 2881 2578 iter
2913 2523 3136 2582 faciens.
3176 2510 3386 2573 Tullum
3413 2518 3576 2572 deve-

1998 2626 2100 2677 nit.
2131 2623 2206 2677 lbi
2237 2622 2456 2675 obvium
2490 2621 2698 2673 habens
2733 2615 3188 2674 Tlteodehcrttnn,
3219 2625 3339 2663 cum
3363 2609 3582 2678 supple—

1919 2733 1927 2742 ·
1996 2725 2183 2772 mento
2210 2710 2416 2769 militia:
2445 2710 2989 2770 Austrasiorinnmen
3009 2703 3582 2756 dubitavitconsetere

1999 2823 2236 2861 manum.
2292 2804 2349 2858 In
2404 2802 2698 2872 Campania
2752 2812 2984 2866 namque
3037 2792 3278 2849 Tullensi
3318 2791 3584 2845 adversus

1999 2901 2224 2956 fratrem
2256 2911 2603 2968 congressus,
2635 2893 2932 2950 exercitum
2963 2888 3078 2958 ejus
3099 2887 3334 2958 graviter
3353 2883 3584 2939 attrivit.

2001 2995 2186 3050 Evasit
2240 3004 2417 3048 tamen
2477 2988 2904 3048 'l‘beodehertus,
2959 2993 3014 3037 et
3040 2981 3252 3051 fugiens
3286 2979 3354 3034 de
3377 2977 3583 3048 praelia,

328 3084 519 3139 [nmis
543 3080 863 3136 TbeOdoriCi
894 3071 1322 3148 Ρθδδθδδίθηίδυδ
1357 3070 1650 3160 “1"“89'6
1678 3078 1894 3160 par‘fns'
1925 3097 1971 3160 C
2004 3106 2100 3160 per
2127 3089 2418 3143 Metensem
2448 3084 2636 3138 urbem
2679 3078 2983 3148 saltumque
3026 3077 3314 3144 Vosagum,
3347 3071 3585 3126 Colonia:

327 3190 452 3230 eum
496 3174 551 3227 in
584 3187 641 3227 se
672 3169 950 3225 excitavit.
985 3168 1367 3221 Verumtamen
1405 3158 1630 3229 provido
1669 3155 1901 3224 pruden—

331 3272 464 3323 tium
499 3266 726 3322 consilio
748 3265 985 3318 virorum
1015 3260 1218 3314 electus
1243 3265 1323 3311 est
1346 3255 1498 3310 locus
1545 3250 1631 3306 cui
1665 3247 1902 3303 Saleissa

329 3362 481 3433 [olim
529 3358 750 3418 Saletio,
805 3355 929 3408 had.
981 3353 1150 3416 Seltz,
1193 3364 1351 3420 prope
1398 3340 1662 3414 Rhenum]
1707 3354 1904 3410 cogno-

331 3470 480 3517 men,
511 3459 574 3506 ut
605 3450 801 3505 fratres
841 3447 909 3502 ad
952 3445 1281 3500 destinatum
1313 3440 1486 3494 locum
1535 3454 1656 3492 cum
1696 3434 1902 3506 paucis,

331 3548 428 3601 sed
467 3543 718 3599 Francia:
762 3538 1124 3611 primoribus,
1165 3531 1550 3588 convenientes
1587 3544 1706 3599 qua:
1758 3523 1907 3596 pacis

332 3648 544 3702 essent,
573 3632 943 3706 eligerentJbi
974 3627 1342 3686 Theodericus
1370 3639 1490 3678 cum
1523 3623 1707 3676 decem
1750 3617 1907 3672 milli-

334 3731 438 3784 bus
470 3736 678 3781 tantum
711 3725 968 3788 virorum,
1015 3719 1422 3776 Theodehertus
1469 3727 1596 3767 vero
1627 3726 1746 3765 cum
1791 3723 1906 3761 ma-

337 3837 439 3892 gna
468 3820 874 3874 Anslrasierum
907 3813 1078 3869 adfuit
1112 3826 1303 3876 manu;
1343 3807 1484 3862 bello
1513 3805 1696 3867 etiam,
1732 3800 1775 3854 si
1802 3799 1913 3852 fra-

339 3923 424 3966 ter
464 3910 649 3979 petitis
685 3913 963 3968 annuerct,
1004 3902 1225 3957 turbare
1267 3913 1453 3970 pacem
1490 3895 1692 3949 volens.
1729 3890 1907 3944 Theo-

340 4001 586 4062 duricus,
627 4007 787 4050 lautae
829 3993 1190 4049 multitudinis
1221 3985 1678 4058 centempiatiene
1705 3990 1911 4052 perter-

342 4093 520 4154 ritus,
570 4104 690 4158 qua:
754 4088 840 4143 ille
891 4087 1171 4156 cupiebat,
1225 4081 1472 4153 quamvis
1531 4095 1636 4133 non
1691 4083 1910 4146 sponte,

343 4183 636 4238 concessit.
670 4181 978 4236 Conventus
1007 4178 1232 4232 fratrum
1277 4169 1580 4244 hujusmodi
1610 4167 1711 4222 fuit
1743 4184 1756 4220 :
1787 4183 1806 4216 ι
1845 4164 1914 4219 Ut

343 4273 585 4328 Alesatie
631 4280 688 4325 et
719 4269 1016 4339 Sugitensi,
1059 4265 1359 4320 Turonensi
1389 4275 1604 4333 quoque
1657 4274 1720 4313 ac
1752 4255 1912 4311 Cam-

343 4361 576 4432 panensi
605 4361 861 4415 comitatu
891 4357 1262 4413 Theodericus
1287 4354 1524 4416 cederet,
1561 4360 1616 4406 et
1639 4350 1706 4403 ad
1736 4347 1914 4402 Theo-

347 4452 630 4506 debertum
662 4448 753 4518 jus
782 4448 1024 4502 omnium
1055 4447 1248 4500 herum
1281 4443 1556 4497 transiret.
1586 4459 1604 4491 ι
1637 4439 1762 4494 lude
1791 4452 1912 4492 cum
1947 4435 1993 4496 Ι)

347 4540 553 4612 gratia,
588 4541 681 4594 sed
721 4537 994 4602 simulata,
1025 4535 1326 4591 discessum
1355 4541 1456 4595 est,
1501 4547 1565 4585 ac
1603 4545 1660 4584 se
1685 4529 1914 4583 invicem

349 4633 672 4700 salutantes,
704 4640 929 4700 uterque
957 4630 1023 4684 ad
1045 4643 1140 4685 sua
1181 4641 1344 4697 regna
1367 4614 1774 4693 sunt'regressi.

894 4759 1120 4817 CAPUT
1158 4756 1362 4814 XCVII.

432 4856 511 4909 De
548 4855 956 4910 Alamannorum
990 4853 1043 4906 in
1078 4850 1453 4920 Ultrajuranos
1491 4845 1832 4917 grassolionc.

427 4971 523 5024 llis
551 4969 737 5024 diebus
783 4966 1063 5021 Alemanni
1113 4965 1489 5020 Veneticorum
1517 4962 1648 5015 lines
1673 4958 1922 5027 ingressi,

353 5061 730 5132 Ultrajuranes
767 5058 1084 5114 Cambeleno
1110 5068 1164 5112 et
1200 5054 1402 5123 Erpino
1429 5053 1657 5108 ducibus
1701 5049 1804 5102 sibi
1830 5053 1926 5104 oh-

353 5154 547 5208 sistere
586 5158 810 5207 cenatos
857 5149 970 5202 acie
997 5156 1270 5219 superant,
1319 5159 1382 5197 ac
1417 5158 1584 5213 usque
1625 5141 1692 5194 ad
1724 5141 1923 5210 relugia

356 5241 617 5296 mentium
663 5237 954 5310 persecuti,
981 5243 1349 5306 prosternunt.
1399 5233 1624 5296 Dehinc,
1668 5229 1810 5283 nullo
1841 5232 1925 5283 in-

357 5333 654 5402 quietante,
686 5330 942 5385 Juranum
967 5337 1155 5383 saltum
1191 5335 1574 5397 pervagantur,
1602 5322 1839 5378 caedibus
1868 5338 1930 5377 ac

1795 5415 1829 5428 n

2003 3183 2242 3238 civitatis
2295 3177 2636 3250 receptacula
2691 3174 2866 3245 petiit.
2924 3168 3314 3229 Theodericus,
3358 3163 3581 3218 fratrem

2003 3280 2255 3354 persequi
2287 3295 2317 3334 e
2341 3277 2570 3347 vestigio
2597 3273 2883 3330 festinans.
2904 3269 3117 3322 beatum
3141 3261 3454 3316 Leunisium
3479 3257 3586 3310 Ma-

2007 3380 2410 3452 gnntiacensem
2440 3373 2736 3429 antistitem
2796 3367 3014 3423 obvium
3038 3361 3265 3426 habuit;
3299 3375 3326 3412 a
3360 3373 3466 3426 quo
3497 3356 3590 3408 bn-

2001 3451 2235 3544 jusmedi
2269 3470 2468 3526 monita
2489 3467 2750 3539 percepit.
2774 3482 2793 3515 ι
2823 3458 3114 3522 Inclinatis,
3142 3454 3336 3522 inquit,
3368 3451 3590 3507 insiste,

2007 3543 2064 3623 et
2091 3568 2157 3621 ad
2181 3564 2505 3636 perfectum,
2531 3561 2755 3632 juvante
2787 3559 2913 3620 Deo,
2945 3553 3101 3609 istius
3127 3549 3360 3616 attinges
3386 3543 3588 3614 eperis.

2009 3663 2233 3718 lIustica
2261 3660 2429 3715 refert
2481 3656 2661 3715 fabula
2723 3654 2928 3723 lupum,
2965 3646 3173 3703 catulus
3204 3639 3424 3700 suesad
3455 3653 3596 3709 prte-

2010 3760 2131 3812 dam
2157 3758 2462 3816 ducentem,
2489 3768 2583 3806 eos
2607 3752 2674 3816 ad
2705 3765 2763 3803 se
2794 3747 2846 3801 in
2891 3751 3130 3798 mentem
3171 3749 3415 3799 vocasse,
3445 3731 3593 3788 talia-

2010 3868 2114 3921 que
2135 3851 2387 3905 mandata
2411 3846 2622 3900 dedisse
2647 3858 2662 3896 :
2687 3840 2986 3902 Neminem,
3013 3835 3107 3896 ait,
3133 3846 3251 3899 qua:
3273 3829 3448 3890 vobis,
3472 3825 3592 3888 lilii,

2011 3941 2302 4011 expediant
2349 3949 2597 4006 quaerere
2645 3932 2864 3992 scitote,
2898 3925 3000 3979 nisi
3054 3919 3148 3992 per
3176 3932 3376 3988 paucos
3403 3915 3494 3985 qui
3525 3930 3594 3968 ex

2014 4042 2200 4086 vestro
2254 4039 2381 4084 sunt
2410 4040 2627 4097 genere.
2660 4022 2810 4079 Unde
2841 4032 2935 4071 vos
2982 4029 3174 4070 moneo
3207 4018 3456 4079 suscepta
3488 4022 3594 4061 non

2015 4125 2270 4179 deserere
2305 4119 2512 4181 munia,
2540 4127 2594 4172 et
2629 4114 2795 4169 victui
2849 4108 3176 4176 investigare
3206 4102 3527 4157 necessaria.
3569 4117 3592 4149 ι

2017 4215 2113 4270 IIis
2137 4211 2572 4284 suggestionihus
2593 4203 2983 4265 Theodericus,
3008 4197 3149 4253 haud
3169 4194 3349 4265 segnis
3369 4191 3596 4247 exsecu-

2018 4316 2126 4365 tor,
2156 4305 2357 4375 paruit,
2382 4301 2654 4372 praecipue
2675 4296 2854 4352 sciens
2882 4307 3006 4345 cum
3043 4303 3155 4342 sine
3179 4286 3359 4339 lavere
3379 4279 3606 4336 utilitati

2019 4410 2073 4456 et
2101 4373 2466 4453 Theodeberti
2493 4390 2735 4447 stultitia:
2767 4383 3066 4440 adversari.
3107 4376 3466 4444 Transitaqne
3489 4373 3602 4427 Ar-

2020 4497 2215 4556 denna,
2247 4490 2564 4545 Tnlhiacum
2623 4483 2799 4558 [hodie
2836 4473 3108 4548 Zulpicb.]
3141 4483 3312 4539 usque
3343 4467 3604 4522 accessit.

2021 4587 2427 4643 Thcodeherlus
2456 4583 2682 4644 interea,
2711 4576 2801 4647 qui
2829 4573 3009 4643 fugam
3039 4573 3345 4639 paraverat,
3372 4559 3607 4617 distulit-

2022 4680 2156 4735 Nam
2197 4677 2444 4732 Saxones
2469 4681 2802 4740 caeterasque
2835 4662 3130 4734 superioris
3149 4654 3454 4714 Germania:
3475 4666 3602 4722 gen-

2027 4779 2130 4830 tes,
2162 4766 2214 4819 in
2237 4766 2319 4819 sui
2344 4764 2595 4819 solatium
2624 4757 2946 4814 sollicitatas
2982 4749 3121 4807 bello
3153 4748 3206 4801 in
3232 4758 3397 4813 supra
3427 4737 3604 4795 nemi-

2025 4871 2153 4918 nato
2179 4860 2399 4930 opponit
2414 4859 2554 4914 loco.
2584 4855 2862 4910 Certatum
2885 4857 2974 4905 est
2991 4844 3212 4904 acriter,
3232 4839 3412 4909 quoad
3431 4835 3619 4889 Theo-

2025 4926 2279 5006 debertus
2333 4949 2553 5003 restitit.
2591 4939 2960 4998 Renitebatur
2986 4933 3156 4993 enim,
3182 4926 3436 4998 quamvis
3454 4932 3612 4976 exer-

2027 5051 2168 5107 citus
2217 5045 2333 5115 ejus
2376 5063 2528 5102 more
2582 5051 2844 5112 pecorum
2871 5033 3315 5091 obtruncaretur.
3347 5019 3464 5075 Ubi
3496 5026 3632 5066 νετο

2029 5145 2166 5212 ipse,
2199 5107 2410 5209 pondus
2437 5107 2609 5208 prrelii
2647 5127 2760 5202 pati
2808 5139 2926 5178 non
2963 5120 3168 5178 valens,
3201 5109 3324 5179 fuga
3360 5107 3478 5163 sibi
3507 5113 3637 5155 conp

2029 5236 2216 5299 suluit,
2250 5234 2428 5289 aversi
2457 5237 2584 5288 sunt
2609 5235 2803 5281 omnes
2839 5219 2940 5286 qui
2980 5205 3334 5274 conetiterant
3352 5203 3637 5276 pugnatur

2034 5333 2098 5388 ri.
2123 5329 2362 5395 Quorum
2392 5324 2631 5381 maxima
2668 5326 2798 5384 pars
2856 5310 3083 5365 incerto
3111 5299 3249 5365 ["833
3274 5294 3529 5361 dispersa
3558 5296 3646 5376 c‘f

2622 5410 2658 5428 [Ἴ
2679 5403 2910 5428 ...κηῖηιῆ
2940 5406 3136 5428 --Α-ΒΙΙο
3189 5403 3308 5420 A"m
3338 5405 3339 5409 Ἴ
