4108 5412
508 207 620 263 765

1568 214 1827 270 AIlelNl
1868 157 2186 272 NONACHI.
2207 217 2698 276 b'LOIlIACE'NSIS

3650 222 3755 277 τιτι

510 321 774 378 mentium
813 339 871 378 se
892 325 1231 396 populorum,
1259 344 1364 384 non
1391 330 1622 386 valentia
1646 334 1711 388 ad
1736 343 1934 388 terram
1961 348 2082 387 rue-
2112 345 2157 399 Α
2188 332 2374 388 bertus
2399 333 2558 389 annis
2605 348 2738 387 xvn.
2765 332 2994 399 Quidam
3031 347 3157 386 vero
3185 341 3433 390 auctores
3455 335 3728 406 ll-‘ueozcx

510 424 592 476 re,
622 415 1076 484 quemadmodum
1109 418 1264 488 equis
1316 419 1648 488 insederant,
1679 438 1784 478 una
1805 439 1926 478 cum
1950 424 2086 480 vivis

511 502 1020 560 circumferrentur.
1066 507 1135 560 At
1157 517 1440 579 postquam
1473 510 1707 579 phalanx
1731 512 1892 577 victa,
1918 513 2089 568 hosti-

507 593 613 649 bus
645 602 790 665 terga
820 597 1042 652 nudavit
1071 613 1191 663 sua,
1217 600 1424 654 viarum
1470 613 1664 670 strata,
1696 619 1901 659 necnon
1929 605 2088 660 silva-

511 699 634 742 rum
695 687 882 753 devia,
931 691 1252 759 corporibus
1301 702 1636 748 mortuorum
1685 705 1812 750 sunt
1861 697 2084 767 repleta.

508 772 850 832 Theoderico
878 777 964 831 ubi
990 777 1188 834 factum
1214 781 1474 836 indicium
1499 783 1931 840 Theodebertum
1961 803 2088 841 cva-

509 866 673 930 sisse,
725 868 1054 924 incentivum
1103 872 1440 929 accclerandi
1487 875 1697 932 itineris
1751 880 2003 944 accessit,
2031 889 2088 935 ut

505 956 832 1015 conficiendi
887 962 1014 1016 belli
1056 963 1385 1034 impendium
1431 975 1666 1036 putaret,
1699 969 1742 1022 si
1775 969 1879 1022 dux
1911 980 1964 1023 et
1989 985 2086 1038 p0,.

507 1048 666 1120 pulus
689 1051 827 1119 bello
855 1055 1154 1122 promptior
1184 1055 1620 1125 interciperetur.
1654 1060 1965 1116 Adveniens
1989 1063 2087 1116 ita-

507 1155 615 1209 que
662 1156 784 1195 cum
834 1143 949 1198 suis
999 1146 1049 1198 in
1085 1145 1469 1202 ltibnariorum
1519 1150 1652 1204 lines
1689 1165 1810 1206 sese
1840 1152 2085 1218 immisit,

508 1233 856 1287 occurrentia
915 1250 1141 1306 qumque
1184 1239 1473 1294 devastans
1527 1241 1608 1295 vel
1643 1257 1893 1297 exurens.
1925 1243 2091 1312 Cujus

508 1334 670 1380 terra:
690 1325 879 1383 incola:
926 1329 992 1384 ad
1021 1347 1142 1384 cum
1182 1347 1380 1388 venere
1410 1345 1655 1405 regatnm
1687 1355 1698 1388 :
1734 1335 1809 1392 Ne
1835 1339 1902 1391 ob
1931 1339 2090 1394 unius

508 1415 725 1487 culpam
753 1420 1037 1476 dissitlium
1087 1436 1304 1494 pararet
1330 1427 1430 1494 eis,
1465 1442 1602 1496 quos
1625 1444 1752 1484 suos
1784 1428 1896 1483 fore
1926 1431 2091 1485 sciret

509 1507 633 1576 jure
657 1511 896 1569 victoris.
948 1513 1154 1582 Quibus
1180 1516 1266 1570 ille
1295 1535 1309 1571 :
1342 1535 1360 1569 ι
1400 1515 1537 1582 Non,
1569 1519 1763 1588 inquit,
1789 1521 1965 1586 vobis,
1997 1522 2092 1577 sed

505 1598 913 1666 Thuedeberto,
932 1603 1181 1659 interitus
1195 1617 1444 1675 paratur;
1471 1607 1624 1678 cujus
1645 1617 1830 1677 caput,
1855 1609 1898 1664 si
1915 1625 2088 1664 meam

2189 438 2308 478 tuus
2360 439 2406 476 ο.
2451 421 2543 490 38]
2586 423 2923 490 scripserunt
2965 422 3408 477 Tbcodebertum-
3441 435 3561 491 post
3610 424 3754 478 illam

2187 511 2512 568 Theoderici
2542 513 2847 576 victoriam,
2877 527 3136 580 suamque
3162 528 3476 572 aerumnam.
3511 515 3756 568 Rhenum

2188 603 2471 666 transisse,
2490 613 2544 658 et
2564 601 2980 666 Theodericum,
3009 611 3164 670 capta
3185 602 3424 664 Co!onia,
3457 604 3772 659 Bertariunr

2187 696 2580 752 cubicularium
2625 709 2781 750 suum
2815 695 2881 748 ad
2919 694 3482 762 comprehendendum
3508 710 3633 748 eum
3665 697 3759 748 mi-

2188 790 2344 843 sisse.
2369 789 2413 844 A
2443 805 2550 856 quo
2575 787 3018 856 comprehensus,
3070 796 3229 855 atque
3274 787 3341 840 ad
3366 785 3764 842 Theodericum

2187 881 2503 948 perductus,
2555 878 2993 945 indumentisque
3038 878 3200 946 regiis
3229 887 3445 935 exutus.
3473 877 3760 932 Cabillono

2189 970 2386 1028 dicitttr
2414 969 2468 1024 in
2499 970 2752 1023 exsilium
2806 967 2971 1020 fuisse
3003 967 3290 1036 relegatus.
3337 967 3416 1023 0b
3447 982 3767 1036 recompen-

2189 1062 2450 1114 sationem
2502 1075 2717 1129 quoque
2768 1067 2874 1112 tam
2922 1057 3168 1126 praeclari
3219 1059 3435 1126 operis.
3483 1058 3768 1111 Bertarins

2189 1167 2386 1221 equum
2416 1151 2532 1218 ejus
2562 1167 2685 1208 cum
2715 1160 2951 1205 stratura
2986 1150 3133 1220 regia
3181 1150 3351 1205 fertur
3375 1167 3406 1205 a
3431 1150 3770 1207 Theoderico

2190 1242 2519 1312 percepisse.

2749 1352 2977 1410 CAPUT
3011 1352 3196 1409 XCIX.

2263 1446 2340 1502 De
2369 1445 2602 1501 Clotario
2629 1446 2877 1500 ducatum
2914 1446 3175 1500 Dentelini
3206 1446 3500 1514 recipiente,
3540 1455 3589 1501 et
3618 1447 3718 1501 iras

2685 1515 2994 1572 Theoderici
3034 1519 3087 1570 iu
3122 1533 3238 1570 eum
3256 1555 3271 1570 .

2265 1625 2524 1691 Clotario,
2556 1624 2710 1695 juxta
2737 1635 2952 1694 pactum
2999 1626 3141 1695 quod
3173 1640 3295 1680 cum
3326 1625 3779 1696 Theodericum

510 1695 813 1788 Ρτοέξιθτονί
872 1695 1047 1788 ﬁlms
1085 1699 1341 1769 εωιὶειιη,
1367 1715 1464 1754 "'03
1495 1716 1714 1755 necesse
1737 1711 1820 1756 εει
1851 1700 2088 1764 auferre.
2121 1677 2172 1738 Β
2197 1731 2305 1788 quo
2334 1731 2499 1787 supra
2550 1716 2969 1770 memoravimus
3007 1714 3185 1784 modo)
3212 1715 3510 1784 pepigerat,
3542 1717 3770 1769 ducatus

507 1791 605 1834 aut
630 1783 802 1852 ipsum
833 1785 1017 1840 vinum
1049 1789 1398 1859 vinctumque
1425 1791 1491 1844 ad
1523 1806 1608 1846 me
1625 1791 1938 1860 perducere.
1964 1811 1991 1844 ι-
2012 1792 2090 1846 Illi

515 1870 724 1939 regiam
778 1871 1016 1930 Colonia:
1064 1875 1424 1948 introgressi,
1481 1879 1859 1936 Theodeberto
1911 1881 2092 1937 taliter

509 1959 679 2016 locuti
700 1973 825 2018 sunt
859 1982 872 2018 :
911 1966 1024 2032 Sic,
1050 1968 1320 2038 inquiunt,
1347 1971 1564 2026 mandat
1596 1972 1964 2029 Theodericus
1986 1975 2093 2028 fra-

513 2059 600 2105 ter
647 2061 770 2107 tuus
797 2070 817 2107 ~:
853 2054 1056 2122 Si,ait,
1101 2059 1344 2129 recipere
1392 2075 1661 2128 meruero,
1689 2063 1973 2120 thesauros
1994 2081 2092 2135 pa-

515 2152 726 2210 ternos,
770 2160 907 2215 quos
951 2147 1356 2206 Theodeberlus
1409 2153 1587 2206 adhuc
1641 2151 1841 2222 injuste
1894 2157 2093 2210 retinet

513 2249 794 2303 pervasos,
817 2238 1063 2306 proprias
1090 2238 1318 2296 festinus
1364 2242 1630 2310 repedabe
1655 2244 1861 2299 domos.
1885 2243 2009 2300 Ideo
2041 2255 2094 2301 te

517 2324 828 2391 hortamur,
869 2327 1085 2382 domine
1137 2345 1255 2395 rex,
1284 2339 1344 2384 ut
1387 2333 1770 2402 portioncqme
1793 2334 1842 2387 ei
1867 2333 2094 2390 debetur

513 2416 751 2481 reddita,
805 2427 991 2473 nostra
1049 2435 1170 2476 eum
1195 2436 1302 2475 non
1332 2423 1476 2477 sinas
1520 2421 1776 2479 infestare
1797 2424 2090 2478 domicilia.

515 2503 614 2560 IIis
637 2504 1044 2563 Theodebertus
1091 2509 1250 2566 dictis
1281 2511 1556 2579 credulus,
1595 2527 1658 2568 ac
1684 2528 1783 2582 pro
1806 2529 1933 2568 vero
1961 2529 2091 2583 pro-

511 2595 622 2650 lata
650 2597 964 2665 arbitratus,
991 2600 1166 2656 locum
1195 2617 1304 2673 quo
1329 2602 1524 2675 regalis
1557 2604 1936 2659 continebatur
1958 2620 2090 2676 gaza

510 2688 719 2756 pariter
760 2706 882 2744 cmn
915 2691 1046 2760 ipsis
1075 2701 1170 2748 est~
1201 2694 1499 2765 ingressus.
1536 2695 1612 2750 Eo
1645 2695 1807 2766 igitur
1834 2711 2089 2765 perscru-

515 2789 665 2836 tante
703 2782 831 2852 quid
856 2781 1014 2837 fratri
1039 2787 1421 2854 opportunius,
1466 2787 1584 2841 sine
1611 2788 1692 2842 sui
1723 2788 1941 2849 damno.
1975 2803 2092 2858 pos-

514 2879 600 2923 set
627 2873 931 2935 restituere,
965 2890 1104 2929 unus
1137 2890 1168 2928 e
1211 2875 1712 2940 circumstantibus,
1745 2877 2089 2948 cvaginatum

516 2958 757 3026 gladium
784 2962 983 3016 cervici
1031 2961 1147 3030 ejus
1187 2963 1417 3030 illidens,
1455 2975 1618 3034 caput
1654 2965 1876 3020 abstulit
1906 2983 1967 3022 ac
1995 2982 2090 3036 per

2196 1806 2477 1861 Denteleni
2513 1820 2612 1860 suo
2658 1805 2965 1858 restituitur
3001 1805 3240 1858 domino.
3292 1803 3444 1858 Unde
3475 1804 3762 1859 Theodori-

2195 1912 2312 1960 cus,
2337 1909 2568 1953 cernens
2613 1895 3020 1950 Austrasierum
3050 1895 3154 1950 sibi
3192 1910 3382 1964 parere
3414 1911 3662 1964 regnum,
3692 1897 3772 1950 in-

2195 1987 2512 2056 dignatione
2556 1985 2725 2039 nimia
2781 1995 3079 2054 permotus,
3133 1985 3370 2038 Clotario
3422 2000 3520 2054 per
3565 1984 3776 2054 legatos

2195 2079 2417 2131 mandat
2458 2091 2474 2130 :
2533 2093 2552 2126 ι
2597 2075 2668 2130 Ut
2711 2090 2770 2130 se
2796 2075 2863 2128 de
2909 2082 3207 2128 memorate
3244 2074 3439 2128 ducatu
3475 2083 3768 2130 removeat.

2193 2168 2346 2236 Quod
2379 2167 2480 2224 nisi
2509 2166 2726 2231 emciat,
2768 2182 2826 2222 se
2856 2168 2922 2222 ad
2947 2167 3322 2222 vindicandam
3380 2167 3540 2220 illatae
3579 2176 3770 2220 centu-

2193 2256 2368 2312 melius
2413 2254 2669 2324 injuriam
2722 2255 2920 2326 quibus
2966 2264 3147 2326 posset
3175 2270 3282 2310 non
3309 2254 3617 2312 defuturum
3649 2271 3767 2310 me-

2194 2347 2296 2404 dis.
2335 2364 2354 2398 ι

2828 2455 3058 2512 CAPUT
3078 2455 3139 2513 Ο.

2197 2544 2271 2600 De
2301 2543 2623 2600 Theoderico
2643 2544 2824 2614 fratris
2847 2545 3015 2613 ﬁliam
3038 2555 3305 2614 precante,
3331 2557 3379 2600 et
3404 2547 3467 2600 ob
3495 2546 3550 2600 id
3571 2565 3604 2602 α
3631 2546 3776 2602 Bru-

2263 2615 2498 2669 necltilde
2527 2616 2798 2684 increpito,
2828 2621 2988 2684 deque
3035 2615 3148 2684 ejus
3173 2617 3224 2668 in
3254 2616 3644 2672 Bruttecltildim
3668 2619 3769 2683 ira,

2260 2695 2307 2739 et
2339 2684 2721 2752 Brunecltildis,
2755 2701 2871 2755 qua:
2897 2701 3011 2740 eum
3058 2701 3245 2741 veuetw
3275 2686 3517 2753 sustulit,
3547 2688 3598 2740 in
3621 2706 3767 2742 curuo

2261 2756 2378 2809 dem
2402 2755 2734 2810 crudelitate.

2261 2864 2493 2932 Interea,
2525 2865 2650 2920 dum
2673 2864 2831 2920 Metis
2860 2865 3566 2933 morareturTbeoderiens,
3589 2885 3772 2923 amore

2194 2955 2318 3010 ﬁlia:
2345 2955 2528 3010 fratris
2556 2956 2936 3020 Theodeberti,
2953 2974 3111 3027 qnatn
3131 2958 3365 3013 Colonia)
3381 2961 3780 3030 captivaverat,

519 3065 703 3104 mures
727 3050 961 3106 Colonia:
983 3054 1328 3108 circumtulit.
1356 3055 1506 3122 Quod
1547 3073 1774 3112 cernens
1800 3057 2096 3112 Theodori-
2123 3029 2167 3090 Ο
2201 3048 2446 3116 deperire
2499 3048 2682 3118 carpit.
2717 3047 2888 3114 Quam
2920 3048 3045 3102 dum
3085 3048 3187 3103 sibi
3219 3049 3470 3118 copulare
3496 3051 3674 3114 vellel,
3707 3053 3774 3106 ab

518 3158 637 3208 cus,
665 3144 778 3214 ipsa
798 3144 1086 3200 confestim
1113 3147 1248 3201 urbe
1275 3148 1495 3218 petitus,
1524 3149 1701 3217 regias
1729 3149 1924 3203 invasit
1944 3164 2095 3218 opes.

521 3233 585 3288 Et
627 3232 889 3303 primates
927 3234 1163 3290 civitatis
1202 3237 1254 3291 in
1283 3251 1379 3290 sua
1415 3237 1515 3292 sibi
1546 3237 1704 3292 verba
1740 3235 1927 3306 jurare
1953 3254 2098 3292 com-

518 3325 744 3396 pellens,
776 3325 900 3381 dum
931 3326 983 3380 in
1007 3327 1229 3381 basilica
1250 3327 1436 3382 Sancti
1463 3326 1725 3384 Cerconis
1756 3338 2096 3385 sacramenta

521 3416 786 3487 exigeret,
847 3416 1024 3472 visum
1076 3418 1149 3472 illi
1179 3418 1278 3472 fuit
1302 3418 1592 3488 quemdam
1623 3433 1802 3490 pugno
1830 3435 1928 3474 suo
1958 3420 2099 3475 latus

525 3506 881 3575 percussisse.
926 3506 996 3563 Et
1046 3523 1343 3564 conversus
1395 3509 1462 3563 ad
1500 3525 1672 3565 suos:
1711 3526 1731 3562 ι
1778 3510 2095 3578 Observate,

521 3600 616 3662 ait,
649 3601 715 3654 ad
744 3600 904 3664 ostia,
934 3615 1002 3654 ne
1036 3601 1156 3671 quis
1181 3603 1512 3672 egrediatur,
1561 3617 1628 3657 eo
1657 3603 1799 3674 quod
1829 3603 2094 3673 ignorem,

522 3693 644 3762 quis
669 3692 860 3746 horum
891 3691 1270 3748 Riboariorum
1301 3692 1462 3766 [GalL
1501 3693 1829 3765 Ribarolesj.
1855 3693 2097 3764 perjurio

516 3783 894 3849 obnoxierum,
924 3799 1009 3840 me
1034 3784 1325 3842 vulnerare.
1345 3795 1569 3841 conatus
1590 3787 1679 3841 sit.
1704 3806 1722 3840 ι
1745 3787 2096 3843 Observanti-

519 3869 620 3926 bus
647 3881 827 3928 autem
857 3876 960 3939 eis,
992 3874 1386 3931 acuhiculariis
1407 3886 1556 3931 veste
1579 3887 1785 3932 remota
1801 3877 1942 3931 latus
1955 3877 2098 3948 regis

519 3960 843 4031 inspectum,
882 3963 1193 4033 nullumque
1224 3965 1414 4020 vulnus
1438 3975 1520 4020 est
1561 3966 1857 4020 inventmn.
1883 3966 2102 4021 Solum-

521 4050 684 4104 tnodo
710 4051 922 4120 signum
970 4053 1239 4122 quoddam
1285 4055 1534 4124 apparuit
1563 4071 1916 4125 purpureum,
1953 4056 2097 4125 quod

519 4152 618 4207 ego
651 4155 773 4194 reor
821 4142 943 4197 cita:
966 4143 1156 4197 mortis
1182 4142 1347 4199 fuisse
1367 4145 1647 4200 indicium.
1675 4144 2000 4216 Compositis
2027 4163 2096 4202 ex

519 4231 788 4288 sententia
812 4233 990 4296 rebus,
1020 4234 1144 4287 inde
1171 4250 1293 4289 cum
1325 4237 1507 4292 multis
1534 4237 1722 4306 spoliis
1752 4244 2093 4309 pregressus,

519 4332 702 4374 secum
731 4321 954 4376 abduxit
977 4324 1114 4378 filios
1140 4323 1326 4381 fratris
1354 4327 1458 4391 sui,
1491 4342 1612 4381 cum
1638 4328 1742 4382 lilia
1772 4344 1892 4398 qua:
1916 4329 2096 4398 specie

519 4411 727 4465 nitebat
754 4413 970 4467 decora.
998 4414 1132 4468 Dum
1160 4415 1317 4471 Metis
1347 4418 1674 4481 advenisset.
1695 4419 1896 4488 reperit
1917 4419 2091 4473 aviam

519 4516 675 4554 suam
703 4501 1118 4558 Brunechildem
1165 4505 1293 4561 inibi
1316 4507 1532 4562 obviam
1567 4509 1668 4563 sibi
1699 4508 1933 4563 venisse.
1966 4508 2096 4574 Quae

519 4591 755 4662 arreptis
793 4592 1152 4651 Theodeberti
1207 4597 1353 4664 ﬁliis,
1384 4614 1479 4654 eos
1507 4599 1626 4654 sine
1651 4614 1802 4654 mora
1834 4599 1954 4654 neci
1987 4610 2098 4654 tra-

516 4679 670 4746 didit,
695 4690 752 4736 et
777 4683 1039 4740 minorem
1090 4686 1305 4756 quidem
1338 4698 1487 4754 natu,
1518 4689 1736 4744 nomine
1763 4687 2091 4756 Mereveum,

516 4773 574 4827 in
629 4773 767 4830 albis
816 4777 991 4834 adhuc
1040 4779 1298 4850 positum,
1327 4781 1490 4851 lapidi
1521 4781 1717 4836 illisum
1749 4783 2092 4838 innocentem

518 4869 696 4941 abegit
735 4871 996 4928 exhalare
1041 4873 1312 4943 spiritum.
1339 4873 1607 4948 Regnavit
1643 4875 1824 4945 itaque
1848 4875 2094 4930 Theode-

2125 4379 2172 4437 D

2199 3141 2340 3204 avia,
2372 3155 2438 3194 ne
2469 3139 2569 3194 hoc
2610 3139 2836 3204 faceret,
2886 3141 3294 3210 prohibebatur.
3346 3140 3442 3195 Cui
3486 3140 3572 3195 ille
3606 3160 3618 3196 :
3658 3160 3676 3192 ι
3708 3142 3773 3195 Et

2197 3231 2346 3300 quid,
2377 3231 2473 3296 ait,
2508 3231 2780 3285 incurram
2806 3229 3141 3295 offensionis,
3166 3232 3211 3285 si
3252 3231 3395 3284 illam
3424 3248 3645 3285 uxorem
3675 3233 3778 3285 du-

2198 3321 2372 3374 xero?
2406 3339 2426 3373 ι
2455 3320 2536 3374 Ad
2561 3321 2674 3375 haec
2698 3313 3070 3374 Brnnccbiltlis
3095 3335 3108 3373 :
3138 3338 3156 3371 ι
3187 3319 3322 3385 Non,
3354 3321 3550 3390 inquit,
3581 3331 3664 3375 est
3690 3322 3774 3375 fas

2197 3408 2366 3464 fratre
2407 3410 2744 3480 progenitum
2802 3419 2853 3462 te
2908 3409 3109 3463 habere
3147 3409 3448 3478 cenjngcm.
3499 3429 3516 3460 ι
3548 3409 3628 3462 Ad
3658 3411 3773 3462 haec

2199 3502 2588 3564 Theodericus,
2621 3513 2679 3557 ttt
2727 3503 2956 3566 audivit,
2990 3502 3110 3556 felle
3149 3511 3472 3567 commotus,
3500 3503 3586 3555 tab
3615 3504 3663 3556 ei
3699 3520 3772 3555 rc-

2197 3595 2415 3662 spendit
2441 3595 2599 3649 modo
2629 3609 2644 3649 :
2684 3612 2702 3645 ι
2736 3594 2924 3649 Nonne
2947 3604 3021 3658 tu,
3054 3594 3162 3647 Deo
3192 3594 3424 3654 odibilis,
3455 3581 3776 3660 cunctisque

2199 3685 2373 3739 invisa
2427 3687 2603 3751 bonis,
2661 3684 2789 3739 mihi
2850 3685 3086 3748 dixeras,
3111 3701 3232 3737 eum
3261 3684 3480 3737 fratrem
3519 3700 3623 3736 non
3657 3696 3773 3736 esse

2197 3791 2378 3830 meum
2406 3775 2429 3829 ?
2453 3775 2515 3830 Ut
2540 3775 2668 3844 quid
2695 3775 2999 3844 impOsnisti
3023 3775 3150 3828 mihi
3186 3782 3289 3826 tam
3311 3789 3472 3844 grave
3504 3788 3642 3826 onus
3667 3773 3765 3825 fra-

2199 3867 2394 3922 tricidii
2423 3867 2446 3920 ?
2476 3885 2493 3918 ι
2529 3866 2594 3920 Ει
2623 3868 2908 3938 evaginate
2933 3881 3084 3931 ense,
3114 3866 3278 3920 voluit
3299 3881 3416 3919 eam
3453 3875 3760 3934 percutere.

2197 3958 2328 4025 ane
2351 3975 2380 4012 a
2405 3959 2885 4013 circumstantibus
2936 3968 3116 4028 erepta
3149 3975 3211 4012 ac
3257 3958 3308 4010 in
3340 3958 3586 4011 manilius
3611 3958 3778 4014 demo.

2196 4049 2362 4117 elata,
2394 4051 2583 4104 mortis
2628 4049 2844 4119 quidem
2886 4051 3060 4104 evasit
3111 4049 3425 4112 discrimen,
3471 4049 3562 4102 sed
3587 4047 3767 4116 nepoti

2197 4141 2348 4197 dolos
2370 4142 2577 4211 paravit
2609 4143 2914 4196 temeritate
2963 4141 3214 4194 feminea.
3241 4139 3375 4192 Nam
3407 4138 3700 4209 egredienti
3741 4152 3774 4191 e

2198 4234 2410 4300 balneo,
2462 4249 2558 4303 per
2592 4250 2785 4288 manus
2818 4234 3184 4287 ministrorum
3216 4232 3439 4300 pecunia
3495 4239 3772 4299 corrupto—

2199 4343 2316 4381 rum
2343 4327 2533 4382 vencni
2559 4326 2800 4396 porrexit
2825 4326 3093 4395 poculum.
3127 4324 3242 4390 Quo
3269 4325 3479 4388 hausto,
3512 4333 3568 4375 ut
3597 4323 3770 4392 posui-

2200 4427 2316 4472 tens
2337 4416 2600 4472 scelerum
2624 4433 2743 4487 quae
2766 4427 3028 4487 gesserat,
3081 4416 3202 4469 vita:
3226 4416 3449 4469 sortitus
3476 4424 3557 4467 est
3586 4413 3770 4467 termi-

2197 4525 2345 4574 num,
2397 4526 2562 4580 qttam
2620 4512 2941 4566 criminibus
2993 4509 3310 4564 fmdaverat.
3363 4507 3604 4562 Tradunt
3646 4521 3771 4559 vero

2196 4602 2480 4656 memorati
2504 4603 2798 4671 scriptores
2825 4601 3082 4672 (Paeone.
3108 4619 3154 4654 c.
3180 4600 3293 4670 39),
3323 4614 3444 4652 eum
3468 4596 3604 4665 apud
3633 4613 3768 4665 pra:-

2195 4691 2361 4747 fatam
2385 4692 2572 4748 urbem
2598 4693 2912 4756 Metenscm,
2945 4693 3069 4745 dum
3096 4700 3282 4745 contra
3298 4689 3770 4756 Cletariumexpe-

2196 4782 2451 4838 ditionem
2473 4799 2635 4853 agere
2653 4782 3024 4849 meditaretur,
3049 4781 3370 4852 dysenteria:
3396 4778 3584 4834 morbo
3611 4779 3773 4831 inter-

2201 4875 2345 4938 iisse,
2375 4891 2510 4930 xvnt
2541 4875 2691 4946 regni
2714 4875 2795 4930 sui
2823 4889 2982 4930 anno.

1863 4988 2095 5059 Explicit
2125 4986 2256 5041 liber
2279 4989 2484 5041 tertius.

1395 5139 1857 5228 INCIPIT
1927 5137 2279 5226 LIBER
2359 5135 2942 5243 QUARTUS.
3029 5080 3050 5096 ’

1033 5307 1258 5362 CAPUT
1296 5305 1585 5363 PRIMUM.

1807 5405 1818 5412 .
1902 5395 1937 5412 τι

2201 5299 2389 5337 eorum
2412 5283 2648 5352 regibus,
2677 5297 2704 5336 a
2729 5281 2925 5352 quibus
2961 5294 3056 5349 per
3093 5277 3477 5347 quinquaginta
3514 5274 3690 5330 ferme
3717 5285 3774 5330 et

2203 5389 2367 5412 mmm
2415 5383 2694 5412 rnmmrnm
2737 5383 2817 5412 per
2867 5386 3050 5412 anime.
3087 5371 3232 5412 enim;
3264 5369 3510 5412 legitima!
3541 5381 3762 5412 sumuss-
