4108 5412
308 349 413 406 765

1339 296 1660 404 ntsroma
1701 330 2152 403 rnaucouun.
2190 377 2254 386 —
2278 348 2402 404 LIB.
2436 348 2522 404 tv.

3463 350 3562 405 766

315 472 505 516 tamen
551 456 899 523 moliebatur,
931 454 976 511 si
1013 463 1212 526 posset,
1263 455 1603 527 Sigebertum
1646 456 1892 511 Theodo-
1918 458 1967 516 Α
1994 455 2190 523 quibus
2221 473 2319 527 par
2346 458 2520 513 inerat
2546 457 2813 529 pugnandi
2860 457 3097 513 affectus.
3131 459 3399 515 Clotarius
3438 474 3563 534 post

316 552 417 605 rici
454 550 627 603 filium
661 563 828 618 regno
850 562 1166 615 praeponere
1185 548 1609 603 Austrasiorum.
1651 547 1892 613 Quatuor

311 655 550 708 namque
583 638 955 693 Theodericus
980 652 1047 692 ex
1080 636 1363 706 pollicibus
1391 647 1705 707 susceperat
1732 637 1888 702 ﬁlios,

310 745 547 799 quorum
597 729 698 783 ista
745 736 874 781 sunt
919 727 1138 781 nomina
1186 745 1199 781 :
1248 726 1603 797 Sigebertus,
1658 726 1890 788 Corbus,

310 821 696 877 Childebertus
726 829 887 888 atque
924 818 1227 874 Meroveus.
1266 820 1374 875 Sed
1404 822 1530 890 quia
1578 830 1735 875 erant
1778 836 1892 874 ma-

312 922 473 966 terno
501 910 672 964 latere
702 911 880 963 minus
908 910 1140 973 nobiles,
1171 911 1236 964 ad
1268 913 1419 981 regni
1453 926 1667 981 quoque
1697 913 1893 980 guber-

311 999 505 1054 nacula
557 998 977 1053 :estimabantur
1024 998 1141 1055 fore
1185 1001 1443 1070 impares.
1476 1000 1648 1055 Simul
1681 1001 1805 1070 quia
1834 1010 1891 1054 et

308 1089 687 1144 Brunechildis
726 1089 903 1144 electo
950 1105 1057 1144 uno
1087 1091 1156 1144 ad
1192 1091 1427 1159 speciem
1459 1092 1744 1161 regnandi,
1784 1106 1890 1145 non

308 1188 634 1250 potestatem
662 1219 679 1244 ,
725 1194 951 1233 summa:
999 1179 1075 1234 rei
1130 1179 1542 1234 sollicitudinem
1583 1180 1683 1234 sibi
1718 1195 1891 1233 reser«

308 1286 440 1325 vare
499 1271 642 1325 velle
700 1270 1106 1341 intelligebatur
1150 1286 1165 1325 :
1223 1281 1280 1326 et
1333 1273 1594 1342 primates
1648 1272 1893 1326 Francia:

314 1372 472 1415 tanto
526 1372 770 1432 tempore
822 1361 1057 1417 femineo
1104 1362 1404 1417 dominatui
1462 1363 1893 1432 dedignabantur

306 1452 524 1521 subjici.
578 1452 750 1517 Unde,
793 1452 1165 1507 adnitentibus
1204 1452 1432 1506 Arnnlfo
1460 1462 1622 1521 atque
1666 1452 1892 1522 Pippino

307 1544 611 1597 Austrasia:
689 1544 1068 1613 primoribus,
1136 1544 1409 1600 Clotarius
1484 1544 1892 1614 Captounacum

309 1650 486 1703 usque
515 1635 770 1688 accessit.
806 1633 1184 1689 Brunechildis
1215 1634 1267 1689 in
1296 1634 1597 1689 Warmatia
1626 1636 1890 1704 residens,

305 1726 428 1795 ejus
449 1725 637 1779 audito
664 1724 920 1788 adventu,
966 1725 1031 1778 ad
1072 1739 1195 1778 eum
1238 1724 1445 1794 dirigit,
1492 1727 1773 1779 obtestans
1834 1736 1892 1779 ut

1992 564 2088 604 eos
2136 550 2393 618 paulatim
2446 551 2549 605 iter
2601 551 2826 615 faciens,
2878 560 3063 620 utpote
3110 553 3200 621 qui
3242 553 3439 608 nullum
3472 570 3564 608 c0-

1993 654 2111 692 rmn
2138 639 2365 709 perdere
2406 640 2694 707 gestiebat,
2736 657 2872 707 quos
2903 657 3030 697 suos
3074 641 3189 697 fore
3236 642 3561 707 t-Onﬁdebat,

1991 732 2208 786 Ararim
2252 747 2421 801 usque
2466 732 2707 795 ﬂuvium,
2750 734 2839 801 qui
2890 750 3031 787 nunc
3067 732 3316 803 Sagonna
3346 734 3561 800 dicitur,

1993 824 2272 892 pervenit,
2320 825 2603 894 captisque
2651 826 2822 878 tribus
2864 823 3183 879 Theodoriei
3230 824 3374 888 ﬁliis,
3408 824 3563 894 Sige-

1993 910 2164 975 berto,
2195 912 2371 965 Corbo
2425 920 2589 982 atque
2618 912 2865 967 Merovco
2891 915 3036 982 (nam
3070 924 3316 984 quartus,
3346 916 3565 968 nomine

1991 1005 2389 1070 Childebertus,
2440 1006 2678 1076 pernicis
2722 1008 2845 1076 equi
2897 1008 3139 1061 subsidio
3188 1022 3335 1071 usus,
3378 1006 3564 1075 praelia

1992 1093 2232 1164 elapsus,
2279 1110 2542 1164 nusquam
2593 1098 2934 1164 postmodum
2967 1107 3051 1151 est
3076 1097 3362 1168 repertus),
3386 1099 3452 1151 ad
3484 1098 3565 1151 vi-

1992 1204 2113 1242 cum
2166 1188 2335 1241 Iliona
2377 1204 2542 1257 super
2586 1188 2915 1242 Vinccnnatn
2950 1188 3144 1242 ﬁumen
3182 1189 3341 1242 situm
3386 1189 3561 1243 rediit.

1992 1279 2177 1348 Ibique
2208 1278 2465 1333 instantia
2496 1278 2770 1333 Warnarii
2809 1279 2887 1333 vel
2927 1289 3244 1333 creterorum
3278 1295 3564 1348 procerum

1993 1368 2042 1423 ei
2071 1369 2392 1434 faventium,
2423 1370 2795 1424 Brunechildis
2835 1385 2956 1423 cum
2998 1368 3341 1423 Thcudelana
3394 1369 3566 1423 Theo-

1993 1459 2160 1514 derici
2192 1477 2470 1531 germana,
2503 1462 2568 1515 de
2599 1477 2732 1530 pago
2765 1460 3129 1528 Ultrajnrano,
3160 1460 3281 1512 villa
3315 1459 3527 1514 Urbana
3548 1499 3563 1521 ,

1993 1550 2062 1603 ab
2100 1550 2315 1619 Erpone
2354 1552 2611 1621 regalium
2644 1552 2929 1620 prarposito
2969 1565 3231 1619 equorum
3262 1560 3561 1618 protracta,

1994 1642 2233 1699 Clotario
2268 1654 2645 1715 praasenlatur.
2684 1645 2738 1698 ln
2766 1643 2920 1711 cujus
2963 1652 3253 1711 conspectu
3285 1642 3557 1697 Clotarius

1996 1734 2338 1805 Sigebertum
2386 1752 2451 1791 ac
2495 1735 2730 1791 Corbum
2779 1737 2896 1805 ejus
2946 1746 3193 1804 nepotes,
3231 1733 3566 1789 Theoderico

308 1792 377 1871 de
421 1832 591 1887 regno
626 1814 952 1871 Theoderici
996 1814 1139 1883 quod
1172 1814 1299 1869 filiis
1338 1792 1634 1883 reliquerat
1663 1816 1884 1869 secede-

1996 1827 2580 1898 progenitos,jugulari
2606 1828 2788 1898 jussit.
2824 1828 3129 1881 Meroveum
3159 1841 3305 1887 vero,
3336 1826 3420 1878 cui
3454 1825 3567 1893 ipse

310 1922 416 1965 ret.
478 1911 753 1967 Clotarius
825 1910 1105 1980 respondit
1167 1928 1185 1961 ι
1230 1916 1559 1963 conventum
1633 1909 1890 1962 nobilium

308 2006 512 2059 debere
578 2019 699 2058 eam
759 2017 1055 2072 aggregare
1110 2001 1473 2064 Francorum,
1522 2008 1578 2054 et
1619 2000 1891 2054 communi

312 2103 547 2147 tractatu
573 2092 640 2147 de
668 2093 1046 2147 communibus
1081 2090 1369 2146 consulere
1415 2090 1611 2155 rebus;
1660 2105 1719 2144 se
1763 2104 1893 2143 vero

300 2183 512 2251 judicio
563 2182 775 2237 illorum
824 2182 879 2235 in
926 2181 1176 2235 omnibus
1218 2181 1554 2249 pariturum,
1609 2195 1709 2235 nec
1755 2195 1891 2249 prte-

310 2276 488 2345 ceptis
538 2275 785 2344 promisit
830 2273 1179 2328 obstiturum.
1213 2292 1233 2326 ι
1293 2271 1667 2326 Brunechildis
1714 2272 1893 2327 verbis

304 2382 366 2422 se
417 2366 596 2436 decipi
644 2365 1102 2429 animadvertens,
1145 2364 1314 2419 misso
1353 2365 1409 2418 in
1450 2362 1775 2433 Thoringam
1808 2363 1892 2417 Si-

306 2463 539 2531 geberto
567 2461 888 2516 Theoderici
924 2461 1306 2531 primogenito,
1344 2469 1531 2530 gentes
1566 2461 1728 2515 etiam
1768 2476 1890 2530 qua:

307 2562 464 2605 trans
501 2553 751 2606 Rhenum
781 2551 1029 2605 habitant
1058 2551 1123 2603 ad
1151 2549 1277 2605 belli
1308 2535 1624 2604 societatem
1659 2550 1890 2602 invitare

314 2642 583 2694 tentabat.
613 2639 746 2693 Cum
775 2654 882 2709 quo
911 2647 963 2693 et
994 2637 1344 2693 Warnarium
1388 2637 1645 2706 majorem
1699 2640 1891 2693 domus

306 2746 372 2784 ac
417 2729 708 2784 Alboinum
737 2746 768 2785 e
809 2730 1127 2799 proceribus
1170 2730 1404 2783 Austriaa
1451 2728 1887 2797 prmeminentis-

307 2822 535 2887 simum,
580 2821 891 2891 dirigendos
924 2822 1155 2876 curavit.
1184 2820 1383 2875 Verum
1418 2819 1764 2873 Warnarium
1804 2834 1892 2873 su-

305 2923 553 2983 spectem
587 2914 816 2979 habens,
849 2915 991 2983 quod
1025 2914 1092 2968 ad
1124 2912 1422 2968 Clotarium
1456 2913 1739 2968 transitum
1772 2929 1883 2967 me-

306 3004 599 3068 ditaretur,
648 3004 874 3058 directis
916 3013 1040 3073 post
1081 3012 1291 3075 tergum
1328 3019 1515 3058 eorum
1553 3004 1765 3070 litteris,
1797 3004 1890 3058 Al-

305 3095 469 3149 Loino
496 3096 833 3164 puniendum
868 3095 1171 3148 mandavit.
1210 3095 1475 3149 Alboinus
1510 3095 1677 3149 lectos
1705 3095 1886 3164 apices

304 3184 560 3240 scindens
595 3185 662 3238 ad
707 3194 911 3239 terram
956 3186 1201 3255 projecit.
1236 3185 1338 3251 Qui
1375 3193 1552 3239 tamen
1589 3201 1616 3239 a
1650 3187 1885 3254 quodam

303 3275 666 3329 familiariora
707 3274 989 3329 Warnarii
1036 3275 1266 3341 inventi,
1319 3290 1384 3331 ac
1436 3275 1489 3328 in
1544 3275 1725 3329 tabula
1760 3291 1887 3330 cera

304 3364 399 3419 lita
428 3364 768 3435 transcripti,
792 3364 965 3420 eidem
991 3376 1119 3420 sunt
1142 3365 1368 3420 ostensi.
1393 3366 1598 3432 Quibus
1624 3365 1710 3420 ille
1730 3367 1887 3431 visis,

302 3456 611 3527 periculum
639 3457 742 3511 sibi
773 3456 1059 3510 imminere
1102 3457 1445 3526 perpendens
1482 3458 1693 3524 mortis,
1733 3458 1886 3513 colli-

304 3563 437 3613 gere
486 3563 609 3603 sese
654 3564 719 3603 ac
765 3563 1070 3618 praeparare
1125 3549 1307 3603 animo
1364 3549 1527 3618 cmpit
1574 3566 1682 3619 quo
1730 3561 1888 3620 pacto

301 3641 632 3696 Theoderici
657 3640 782 3694 ﬁliis
804 3640 1015 3705 deletis,
1045 3656 1271 3710 regnum
1295 3638 1536 3695 Clotario
1567 3657 1670 3694 una
1700 3656 1887 3697 secum

301 3733 672 3789 contraderet.
719 3731 907 3787 l'rimo
959 3732 1145 3801 itaque
1198 3732 1470 3798 nationes,
1522 3733 1589 3786 ad
1639 3748 1775 3801 quas
1820 3733 1889 3788 ad

301 3823 743 3893 supplementum
788 3820 917 3877 belli
952 3822 1332 3878 accersiendas
1358 3823 1594 3877 directus
1620 3820 1795 3876 fuerat
1818 3822 1887 3876 ab

300 3915 383 3968 eis
413 3914 691 3967 alienavit.

373 4005 584 4059 Deinde
625 4020 745 4059 cum
795 4003 1154 4061 Brunechilde
1197 4020 1262 4061 ac
1310 4004 1593 4076 Sigeberto
1644 4003 1887 4075 Burgun-

300 4099 452 4153 diam
513 4099 814 4168 ingressus,
862 4099 1147 4154 universos
1199 4100 1479 4168 primates,
1545 4099 1704 4153 simul
1762 4112 1885 4153 eum

300 4192 655 4263 pontiﬁcibus
692 4194 861 4265 ipsius
901 4194 1099 4264 gentis,
1134 4194 1185 4247 in
1215 4208 1369 4247 suam
1400 4190 1622 4247 deduxit
1661 4198 1881 4243 senten-

300 4283 462 4347 tiam,
502 4292 716 4337 secreto
746 4285 888 4352 apud
915 4298 1010 4337 eos
1060 4282 1221 4352 hujus
1274 4282 1351 4336 rei
1402 4296 1533 4336 usus
1582 4280 1770 4334 verbo.
1818 4278 1886 4334 Et

300 4372 432 4442 quia
485 4386 670 4426 onmes
712 4374 1019 4443 superbiam
1059 4373 1435 4427 Brunechildis
1483 4372 1645 4427 simul
1674 4381 1731 4426 et
1760 4387 1883 4426 eru-

1995 1930 2154 1987 pater
2184 1918 2481 1986 spiritualis
2511 1918 2562 1971 in
2587 1920 2858 1988 baptismo
2896 1917 3072 1971 fuerat
3102 1918 3279 1979 datus,
3311 1916 3567 1985 lngobodi

1992 1997 2280 2066 graphioni
2336 1998 2773 2062 commendans,
2834 1998 2887 2051 in
2949 1996 3260 2066 Neptricnm
3321 1995 3564 2065 perduci,

1994 2098 2157 2156 atque
2214 2088 2284 2141 ibi
2333 2089 2528 2141 nutriri
2577 2088 2997 2143 clementissime
3046 2089 3343 2143 mandavit.
3396 2087 3566 2141 Porro

1994 2180 2406 2234 Brunechildem
2454 2181 2770 2251 praesentari
2821 2182 2922 2236 sibi
2975 2183 3316 2252 praecipiens,
3354 2190 3568 2235 astante

1994 2271 2347 2325 multitudine
2378 2272 2672 2337 exercitus,
2720 2272 2809 2341 qui
2855 2288 2961 2327 non
3002 2273 3172 2327 solum
3199 2287 3264 2326 ex
3295 2271 3565 2331 Neustria,

1993 2376 2181 2414 verum
2228 2360 2395 2414 etiam
2434 2378 2497 2415 ex
2538 2360 2757 2415 Austria
2806 2363 2919 2416 sive
2954 2361 3259 2433 Burgundio
3303 2375 3566 2418 convene-

1994 2459 2140 2514 rant,
2186 2460 2410 2519 acccpta
2454 2451 2805 2516 auctoritate,
2835 2467 2942 2521 quo
2967 2453 3145 2506 minus
3167 2453 3287 2505 odia
3323 2459 3568 2522 tegerent

1989 2558 2109 2612 quae
2154 2545 2413 2597 adversus
2447 2558 2566 2597 eam
2604 2544 2809 2613 jamdiu
2842 2545 3024 2597 animo
3056 2553 3440 2613 corieeperant,
3471 2557 3567 2611 per

1993 2632 2229 2685 triduum
2279 2632 2513 2687 diversis
2564 2648 2685 2687 eam
2728 2631 2889 2701 jussit
2942 2633 3227 2687 tormentis
3272 2633 3429 2693 allici,
3478 2647 3567 2685 ca-

1991 2723 2242 2793 meloque
2291 2725 2596 2794 impositam
2646 2739 2747 2795 per
2804 2732 2974 2778 totum
3026 2724 3360 2779 circumduci
3409 2740 3567 2778 exer-

1990 2814 2179 2867 citum.

2060 2902 2141 2956 Ad
2175 2911 2509 2972 postremum
2558 2910 2819 2971 reputans
2857 2902 2905 2959 ei
2952 2903 3094 2973 quod
3124 2919 3157 2957 x
3183 2919 3337 2974 reges
3385 2902 3559 2957 Fran-

1991 3007 2210 3057 corum,
2265 2993 2384 3062 ejus
2432 2992 2628 3061 partim
2679 2994 2935 3057 consilio,
2998 2994 3195 3062 partim
3246 3008 3431 3057 manu,
3483 2993 3567 3048 vel

1991 3086 2157 3139 etiam
2188 3085 2455 3138 maleﬁcio
2477 3085 2728 3138 exstincti
2760 3095 2965 3150 essent,
2992 3088 3069 3140 sic
3094 3102 3211 3139 eam
3236 3087 3560 3156 alloquitur:

1912 3150 1959 3212 ϐ
1995 3199 2012 3231 ι
2048 3178 2114 3235 Ut
2143 3179 2273 3247 quid
2305 3179 2449 3233 inter
2479 3178 2735 3234 mulieres
2780 3179 3086 3243 maledicta,
3116 3194 3181 3233 ac
3209 3180 3564 3249 pessimarum

1987 3271 2312 3340 quuisitrix
2346 3271 2566 3335 artium,
2603 3271 2653 3323 in
2688 3279 2894 3324 tantam
2925 3270 3150 3339 erupisti
3180 3270 3561 3340 pervicacia",

1988 3368 2047 3412 ut
2071 3376 2176 3414 non
2204 3362 2557 3415 erubesceres
2594 3367 2703 3413 tam
2744 3358 3095 3428 multiplicem
3130 3359 3401 3429 prmclarae
3436 3360 3564 3411 stir-

1989 3452 2074 3520 pis
2122 3451 2441 3506 subvertere
2488 3449 2933 3520 generationem?
2971 3448 3171 3503 Pereas
3218 3448 3383 3518 igitur
3435 3464 3562 3501 cru-

1987 3542 2094 3597 deli
2158 3557 2439 3611 poznarum
2487 3540 2757 3608 exemplo,
2804 3554 2924 3608 qua:
2976 3553 3083 3592 non
3139 3538 3399 3605 expavisti
3448 3546 3557 3591 tam

1990 3633 2190 3702 ingenti
2230 3642 2283 3686 te
2312 3632 2586 3686 maculare
2618 3631 2933 3699 parricidio.
2974 3627 3130 3694 Nam,
3176 3638 3235 3682 ut
3262 3629 3327 3683 de
3351 3628 3556 3682 cazteri.

1987 3724 2200 3789 sileam,
2263 3724 2605 3791 Sigebertutn
2670 3735 2849 3775 meum
2892 3728 3169 3791 patruum,
3226 3728 3375 3772 tuum
3433 3734 3565 3772 vero

1987 3814 2187 3880 virum,
2232 3815 2481 3868 novimus
2511 3823 2600 3867 tuo
2632 3811 2860 3866 consilio
2896 3827 3048 3864 usum
3098 3819 3285 3864 contra
3333 3807 3558 3864 fratrem

1989 3906 2353 3961 insurrexisse
2408 3920 2608 3959 suum:
2642 3912 2862 3972 prepter
2912 3903 3054 3972 quod
3106 3902 3158 3955 in
3207 3899 3559 3969 improvisum

1988 3997 2221 4053 incurrit
2258 3995 2558 4050 interitum.
2601 3995 2880 4049 Merovens
2915 4009 3130 4063 quoque
3167 3992 3335 4046 frater
3360 4008 3425 4045 ex
3459 4007 3555 4061 pa-

1989 4098 2075 4143 tre
2122 4102 2298 4152 meus,
2347 4086 2422 4139 tui
2465 4101 2682 4140 causaa
2725 4085 2968 4155 genitore
3011 4085 3137 4139 odio
3183 4083 3417 4147 habitus,
3456 4098 3555 4137 ne—

1987 4179 2306 4235 fandissimo
2336 4179 2679 4233 crudelitatis
2708 4192 2906 4248 genere
2938 4186 3018 4232 est
3048 4178 3385 4233 interfectus.
3421 4175 3564 4243 Quid

1988 4283 2168 4329 autem
2209 4288 2502 4328 memorem
2553 4272 2918 4342 Chilpericum
2950 4288 3083 4327 mea:
3122 4271 3420 4326 nativitatis
3462 4284 3566 4337 pas

1989 4375 2220 4430 rentcm,
2264 4380 2447 4434 quem,
2488 4374 2550 4420 ut
2595 4364 2791 4430 fertur,
2828 4379 2924 4433 per
2952 4364 3187 4418 directos
3228 4362 3565 4433 apparitores

299 4462 587 4518 delitatem
615 4477 831 4517 exosam
860 4463 1151 4528 habebant,
1188 4477 1247 4517 se
1276 4462 1539 4517 voluntati
1577 4461 1692 4530 ejus
1723 4462 1880 4532 polli-
1906 4483 1961 4544 Β
1989 4465 2161 4511 morte
2214 4454 2477 4523 alfecisti,
2530 4456 2605 4510 nil
2656 4457 2762 4510 tale
2806 4456 3114 4510 verentem?
3171 4453 3391 4524 Nequeo
3444 4452 3563 4508 sine

300 4552 399 4608 citi
424 4562 554 4607 sunt
576 4568 680 4607 non
711 4552 1013 4608 defuturos.
1044 4551 1138 4606 His
1163 4553 1343 4622 itaque
1388 4554 1636 4623 patratis,
1666 4553 1882 4607 nuntios

302 4644 373 4697 ad
408 4643 703 4698 Clotarium
735 4646 905 4710 misit,
948 4654 1004 4698 et
1034 4654 1093 4698 ut
1124 4660 1246 4698 cum
1286 4646 1526 4698 exercitu
1564 4644 1884 4698 adventaret

302 4734 626 4788 mandavit:
657 4736 929 4804 spondens
958 4750 1037 4801 se,
1069 4735 1115 4789 si
1147 4735 1194 4788 ei
1225 4735 1436 4805 integra
1473 4733 1578 4788 ﬁde
1616 4735 1882 4788 securitas

303 4826 436 4881 vitae
467 4842 530 4881 ac
570 4826 789 4881 honoris
838 4828 1250 4892 concederetur,
1283 4842 1507 4895 regnum
1540 4827 1881 4896 Burgundio-

302 4931 438 4970 num
490 4917 691 4984 pariter
735 4932 861 4971 eum
906 4916 1313 4971 Austrasiorum
1369 4918 1622 4972 universa
1686 4917 1878 4971 militia

303 5009 648 5062 traditurum.
698 5008 945 5065 Venienti
992 5012 1174 5079 itaque
1232 5008 1519 5079 Sigeberto
1566 5025 1690 5065 eum
1743 5009 1880 5065 Bur—

306 5099 692 5169 gundionibus,
736 5100 791 5154 in
831 5101 1112 5171 campania
1160 5097 1535 5154 Catalaunensi
1577 5114 1744 5169 super
1782 5099 1881 5155 llu-

306 5187 455 5240 vium
500 5185 739 5242 Axonam
791 5191 1024 5244 occurrit
1074 5187 1350 5242 Clotarius
1379 5201 1500 5242 cum
1524 5189 1875 5257 Neustrasiis,

309 5275 517 5331 habens
559 5293 738 5333 secum
793 5280 1103 5350 complures
1154 5278 1496 5342 Austrasios,
1552 5281 1698 5334 inter
1741 5296 1877 5349 quos

312 5368 567 5412 Aletlmns
605 5369 885 5412 nutricius-
932 5370 1132 5412 Rnnnn-
1180 5367 1463 5412 Sinnnliln:
1526 5388 1735 5412 nnmmn
1771 5372 1879 5412 Fu-

1988 4549 2245 4619 lacrymis
2284 4549 2488 4601 exitum
2524 4548 2661 4602 tanti
2706 4546 2913 4602 referre
2955 4546 3151 4615 patris,
3187 4557 3565 4612 aerumnasque

1984 4654 2119 4695 mea:
2138 4639 2411 4708 explicare
2437 4638 2710 4693 orbitatis.
2736 4637 3033 4693 Fraternas
3066 4638 3214 4690 acies
3245 4634 3565 4702 alternaque

1984 4727 2147 4793 bella,
2180 4744 2301 4797 qua:
2329 4727 2577 4798 profanis
2602 4728 2875 4782 decertata
2913 4735 3039 4782 sunt
3076 4725 3236 4785 odiis,
3278 4722 3563 4778 revolvere

1986 4820 2183 4890 pudet;
2233 4834 2351 4887 qua:
2394 4830 2473 4885 tu,
2520 4818 2688 4872 totius
2736 4817 2873 4870 aula:
2917 4815 3176 4888 procella,
3203 4814 3471 4873 excitans,
3504 4812 3560 4865 in

1986 4920 2236 4966 mutuam
2288 4926 2477 4965 necem
2528 4919 2755 4977 nepotes
2823 4906 3075 4962 auimasti
3122 4914 3243 4959 tuos
3294 4914 3354 4956 ut
3400 4902 3571 4956 frater

1982 5003 2211 5056 fratrem
2251 5002 2610 5063 interimeret,
2649 5012 2749 5053 nee
2774 4995 2918 5064 justa
2953 5000 3392 5051 commoveretur
3420 5004 3575 5044 men-

1986 5096 2058 5150 tis
2087 5094 2486 5163 compassione.
2529 5090 2908 5145 Theodorieus
2942 5085 3199 5150 denique,
3236 5082 3350 5135 tuis
3383 5078 3581 5135 credu—

1979 5188 2068 5242 lus
2119 5184 2579 5252 persuasionibus,
2632 5179 2777 5250 quod
2836 5174 3252 5234 Theodebcrtus
3301 5172 3421 5240 ejus
3467 5184 3577 5224 non

1978 5288 2129 5336 esset
2162 5292 2477 5344 germanus,
2520 5272 2722 5329 eﬁ‘usor
2747 5271 2965 5325 exstitit
3004 5263 3229 5319 fraterni
3271 5262 3579 5332 sanguinis,

1978 5386 2102 5412 mnn
2136 5367 2243 5412 inm
2273 5369 2483 5412 nridpm
2520 5361 2752 5412 Memvei
2791 5376 2861 5412 ex
2891 5377 2950 5412 se
2981 5354 3150 5412 geniti
3182 5369 3384 5408 cruore
3408 5352 3584 5412 Dollu-
