4108 5412
538 353 544 360 ’
572 379 676 434 ’167

1615 392 1886 475 amomi
1914 393 2215 452 nomen:
2272 376 2767 475 reomacsnsis

3720 414 3817 483 76?.

572 492 777 559 culum,
812 495 1059 553 videlicet
1086 497 1478 557 Theodoricum
1517 504 1783 562 maleﬁcio
1810 518 1900 563 tuo
1932 525 2137 566 veneno
2170 496 2218 550 Α
2248 514 2372 567 dum
2399 530 2522 571 eum
2558 532 2683 587 rege
2727 518 2799 571 ad
2827 534 2999 573 meum
3026 529 3339 575 certaminis
3368 539 3705 594 properaret,
3728 547 3822 587 oe-

571 600 849 658 necatum,
891 602 1055 664 atque
1094 596 1211 667 ejus
1250 598 1412 665 ﬁlios,
1446 610 1503 657 ut
1532 603 1818 661 adversum
1864 624 1951 664 me
1997 611 2136 668 bella

570 694 872 750 moverem,
906 702 1216 756 persuasus,
1254 699 1364 746 tres
1394 708 1461 748 ex
1497 694 1649 764 ipsis,
1679 713 1744 754 ac
1772 700 1818 755 si
1851 716 1990 763 reos.
2016 704 2135 759 neci

568 786 690 829 esse
745 775 992 831 traditos.
1054 777 1229 836 Silere
1279 782 1421 837 malo
1472 784 1891 844 innumerabiles
1937 792 2132 848 ducum

566 871 797 934 strages,
827 882 947 935 quae
970 877 1150 925 utrum
1180 871 1326 941 juste
1370 889 1441 928 an
1483 877 1683 946 injuste
1710 878 1910 937 fuerint
1937 898 2135 955 perpe-

566 960 740 1018 tratae,
788 971 893 1011 non
921 967 1003 1012 est
1043 959 1198 1016 istius
1237 966 1496 1033 temporis
1518 968 1812 1037 explicare,
1843 973 2133 1033 dummodo

560 1060 682 1109 vos,
745 1046 1045 1104 dulcissimi
1103 1055 1544 1124 commilitones,
1606 1072 1663 1116 et
1721 1066 2135 1133 praeminentes

559 1135 808 1194 Francia:
844 1141 1134 1210 primores,
1175 1145 1483 1205 decernetis
1510 1152 1599 1206 cui
1627 1152 1904 1222 subjaeeat
1929 1160 2133 1229 suppli—

560 1229 646 1282 cio
695 1231 828 1285 tanti
854 1233 1088 1290 obnoxia
1123 1238 1362 1296 sceleris.
1401 1260 1420 1294 ι
1458 1244 1897 1305 Acclamantibus
1921 1254 2133 1312 cunctis

559 1318 819 1377 inauditis
839 1337 957 1377 eam
988 1326 1183 1383 debere
1204 1330 1393 1399 subjici
1421 1337 1616 1403 poenis.
1638 1338 1792 1408 jubet
1812 1341 2128 1399 indomitum

557 1413 806 1469 exhiberi
837 1431 1060 1487 equum,
1103 1424 1390 1495 crinesque
1424 1431 1742 1489 miserrima?
1778 1439 1977 1507 reginae
2007 1457 2129 1496 cum

561 1502 799 1560 brachiis
830 1510 1009 1564 caudae
1040 1511 1157 1579 ejus
1186 1516 1449 1585 colligari,
1481 1537 1544 1576 ac
1571 1524 1784 1580 demum
1817 1528 1882 1582 ad
1908 1545 2128 1586 cursum

560 1592 846 1648 concitari.
886 1596 1082 1668 Sicque
1126 1603 1176 1657 in
1221 1607 1396 1674 primo
1434 1610 1632 1678 impetu
1681 1619 1953 1674 currentis
2001 1622 2128 1690 equi

558 1685 800 1759 calcibus
817 1691 1097 1747 cerebrum
1124 1695 1445 1765 dispersum.
1466 1699 1689 1772 Reliqua
1714 1722 1842 1763 vero
1861 1710 2122 1777 membra,

2238 605 2408 658 currit
2446 608 2523 661 cis
2553 608 2772 661 nuntius
2800 608 2985 665 dicens
3018 627 3033 664 :
3068 628 3086 660 ι
3126 612 3509 671 Adversarium
3530 618 3665 685 ejus.
3691 624 3820 679 dum

2236 693 2302 748 ad
2334 692 2670 762 designatum
2700 708 2989 754 occurrere
3014 697 3293 755 festinaret
3317 702 3513 768 locmn,
3537 723 3680 777 equo
3696 725 3818 765 car-

2237 783 2431 849 ruisse,
2466 784 2696 855 vitaeque
2725 788 3013 842 terminum
3044 789 3354 847 incurrisse.
3387 813 3406 846 ι
3443 795 3595 851 Tunc
3628 814 3719 852 rex
3749 802 3815 856 ad

2233 872 2450 930 beatum
2481 891 2777 933 conversus
2806 880 2980 931 virum
3020 896 3034 932 :
3081 897 3100 932 t
3138 879 3365 948 Laetare,
3397 884 3593 953 inquit,
3630 904 3818 942 aman-

2236 968 2442 1023 tissime
2465 968 2703 1037 juvenis,
2727 972 2854 1040 quia
2888 971 3145 1029 Dominus
3173 975 3426 1030 defensor
3456 988 3581 1034 tuus
3610 992 3717 1045 est,
3750 1000 3819 1036 ne

2236 1058 2330 1111 tibi
2386 1074 2581 1114 nocere
2624 1061 2796 1129 possit
2843 1062 3113 1127 inimicus.
3148 1085 3167 1118 ι
3200 1065 3323 1121 Post
3355 1068 3469 1122 haec
3497 1072 3819 1126 cathedram

2233 1150 2589 1218 episcopalem
2617 1153 2860 1217 sortitus,
2906 1153 3242 1212 admirandis
3289 1158 3342 1212 in
3393 1162 3595 1216 mundo
3647 1162 3815 1215 virtu-

2234 1248 2347 1295 tum
2376 1242 2571 1296 enituit
2601 1242 2777 1299 bonis.

2844 1358 3075 1415 CAPUT
3112 1360 3198 1415 Ill.

2233 1466 2308 1521 De
2351 1467 2598 1522 Mauricii
2623 1469 2952 1546 imperatoris
2973 1488 3089 1546 cuin
3129 1473 3255 1546 ﬁliis
3279 1475 3441 1536 corde,
3478 1476 3643 1545 deque
3671 1478 3813 1546 qius-

2300 1538 2414 1591 dem
2435 1542 2660 1593 moribus
2677 1542 2848 1607 pravis
2864 1551 2909 1593 et
2924 1538 3223 1610 paenitentia
3234 1546 3456 1597 salutari
3467 1538 3665 1600 caelitus
3683 1538 3813 1600 rere-

2298 1608 2408 1660 lata
2430 1611 2887 1687 perennc/torem:
2924 1608 3229 1682 )EgypttJt
3249 1615 3313 1667 de
3330 1613 3607 1685 Philippici
3632 1620 3808 1687 gestis.

2304 1697 2435 1749 Dum
2469 1698 2583 1753 haec
2628 1697 2921 1754 Galliarum
2964 1701 3017 1754 in
3056 1701 3302 1771 partibus
3339 1712 3622 1773 geruntur,
3665 1705 3813 1758 Mau-

544 1790 656 1843 Pel'
716 1792 908 1845 aspera
959 1798 1184 1852 quzeque
1230 1788 1475 1843 sentibus
1516 1793 1805 1862 rupibusve
1850 1810 2123 1867 protracta
2159 1823 2203 1882 υ
2237 1788 2391 1842 illius
2422 1787 2693 1859 Αυευειυε
2729 1800 3014 1882 ρίξξξίιιιξξιι
3049 1806 3247 1882 υἶιολθο
3276 1792 3463 1882 Ῡίεῖηιί
3489 1796 3645 1850 ³¹¹¹¹Ῐ⁵
3670 1796 3814 1850 rem

555 1862 695 1928 loca,
727 1865 982 1936 dissipata
1013 1882 1158 1927 sunt.
1188 1873 1341 1931 Hunc
1386 1877 1763 1939 Brunecbildis
1802 1862 2005 1944 eritum
2045 1900 2125 1946 tu-

554 1951 640 2016 lit,
672 1956 865 2010 mulier
895 1958 947 2013 in
982 1963 1220 2020 caedibus
1249 1970 1675 2040 propinquorum
1709 1979 1942 2034 maxime
1970 1997 2127 2039 exer-

551 2042 738 2109 citata;
771 2049 969 2115 quibus
995 2054 1300 2118 exstinctis.
1325 2048 1721 2128 possessionem
1752 2084 1940 2124 eorum
1965 2076 2122 2141 quasi

549 2132 780 2200 spolium
811 2140 925 2193 suis
946 2138 1224 2207 junxerat.
1262 2147 1361 2202 Cui
1398 2153 1651 2208 secundae
1688 2173 1774 2211 res
1811 2161 2121 2229 superbiam

548 2228 837 2295 augebant,
860 2242 915 2285 ut
940 2234 1216 2293 muliebris
1238 2239 1550 2309 impotentia
1573 2262 1733 2318 supra
1757 2228 1968 2309 modum
2003 2272 2124 2313 sese

540 2315 852 2384 extolleret.
877 2320 985 2376 Nec
1010 2333 1187 2381 tamen
1211 2344 1275 2383 ex
1301 2340 1411 2386 toto
1433 2334 1504 2389 ita
1530 2315 1720 2393 vecors
1741 2344 1966 2409 exstitit,
1990 2351 2120 2416 quin

548 2402 644 2458 Dei
672 2420 737 2460 ac
761 2420 1068 2467 sanctorum
1092 2415 1207 2481 ejus
1231 2425 1543 2492 memorias,
1572 2444 1600 2480 a
1626 2402 2120 2498 praedecessoribus

545 2500 807 2561 structas,
866 2505 1250 2583 venerabiliter
1301 2514 1614 2582 excoleret,
1665 2520 1889 2594 ipsaque
1950 2544 2120 2587 novas

547 2580 867 2643 fabricando
892 2580 1086 2648 devote
1116 2597 1520 2669 multiplicaret.
1537 2580 1702 2663 Nam.
1725 2611 1779 2665 in
1803 2580 2119 2675 suburbano

543 2671 1222 2740 Laudunensiwbasilicam
1268 2689 1322 2743 in
1367 2691 1578 2751 honore
1607 2700 1780 2754 sancti
1813 2707 2118 2762 construxit

545 2762 863 2834 Vineentii;
920 2780 976 2827 et
1015 2775 1155 2844 apud
1204 2777 1655 2849 Augustodunum
1707 2788 1869 2845 aliam
1926 2805 2116 2855 sancto

542 2854 779 2912 dedicari
800 2859 965 2928 jussit
988 2862 1241 2934 Martino,
1275 2885 1371 2925 usa
1400 2878 1726 2934 necessariis
1747 2881 1812 2934 ad
1842 2883 1944 2939 hoc
1970 2901 2113 2956 opus

543 2945 861 3018 ministeriis
890 2957 1214 3023 venerabilis
1251 2961 1353 3016 viri
1384 2961 1608 3037 Siagrii,
1650 2972 1922 3039 praedicta:
1965 2945 2115 3036 urbis

542 3041 800 3112 episcopi.
851 3045 1033 3104 Multis
1076 3052 1293 3121 quidem
1346 3066 1401 3112 et
1445 3060 1566 3115 aliis
1610 3062 1664 3115 in
1705 3060 1836 3121 locis
1883 3069 1983 3124 sub
2018 3086 2118 3126 no-

543 3132 688 3186 mine
721 3138 895 3191 sancti
930 3138 1146 3196 Martini
1188 3148 1504 3217 magnilicas
1547 3151 1792 3211 fundavit
1821 3160 2110 3227 ecclesias;

2231 1876 2538 1945 imperium,
2576 1892 2698 1931 cum
2748 1877 2872 1932 Iiliis
2920 1877 3239 1945 Theodosio,
3279 1881 3530 1952 Tyberio,
3562 1896 3619 1937 et
3670 1885 3813 1939 Con-

2230 1964 2490 2030 stantino,
2516 1981 2544 2018 a
2571 1964 2736 2031 Foca,
2765 1968 2856 2036 qui
2886 1967 2988 2021 fuit
3013 1978 3216 2023 strator
3250 1971 3419 2026 Prisci
3461 1974 3692 2042 patricii,
3722 1991 3811 2028 oe-

2226 2054 2445 2108 ciditur.
2526 2054 2651 2110 Fuit
2714 2066 2893 2111 autem
2963 2059 3110 2131 utilis
3182 2061 3508 2131 reipublicae.
3566 2064 3813 2139 Denique

2226 2155 2411 2199 Contra
2480 2145 2664 2200 hostes
2738 2146 3036 2215 dimicans,
3116 2166 3259 2219 stepe
3326 2153 3607 2207 victoriam
3667 2155 3810 2209 Obli-

2222 2236 2361 2289 nuit.
2398 2236 2534 2289 lluni
2569 2252 2804 2306 quoque,
2836 2240 2927 2307 qui
2960 2250 3015 2294 et
3041 2238 3247 2296 Avares
3290 2243 3652 2313 appellantur,
3694 2243 3811 2313 ejus

2225 2326 2421 2380 virtute
2455 2329 2650 2383 devicti
2682 2341 2825 2406 sunt.
2859 2331 2956 2387 llic
2977 2332 3152 2388 medio
3181 2333 3391 2404 imperii
3427 2337 3508 2389 sui
3542 2347 3808 2406 tempore,

2223 2416 2348 2470 dum
2382 2418 2576 2472 divinae
2613 2404 2716 2493 legi
2753 2423 3056 2477 contrarias
3095 2425 3482 2498 prwccptiones
3508 2404 3713 2490 ederet,
3752 2442 3812 2481 et

2220 2523 2251 2561 a
2282 2508 2711 2581 beatoGregorio
2735 2512 3049 2591 frequenter
3069 2518 3399 2581 admonitus,
3416 2533 3510 2572 eas
3530 2519 3810 2589 corrigere

2217 2598 2405 2667 nollet,
2441 2602 2547 2658 imo
2577 2603 2753 2658 eidem
2784 2605 2901 2660 viro
2932 2607 3045 2677 Dei,
3073 2608 3197 2678 quia
3231 2608 3387 2664 factis
3415 2625 3524 2663 non
3562 2623 3801 2681 poterat,

2218 2692 2399 2747 verbis
2434 2690 2660 2761 injurias
2687 2694 2930 2768 irrogarc.
2967 2713 3071 2751 non
3095 2699 3399 2762 desisteret,
3427 2700 3516 2754 tali
3546 2703 3747 2755 meruit
3772 2719 3808 2755 ει

2221 2780 2446 2835 Domino
2495 2784 2877 2855 redargutione
2922 2788 3181 2843 coerceri.
3215 2788 3444 2854 Quidam
3484 2792 3803 2846 monachico

2212 2871 2497 2941 schemate
2543 2875 2833 2947 adopertus
2864 2875 3325 2950 Constantinopoli
3365 2880 3585 2952 degens,
3612 2897 3802 2936 exem-

2216 2971 2365 3032 ptam
2396 2964 2585 3034 vagina
2609 2967 2858 3034 spatham
2887 2984 2916 3022 a
2946 2978 3101 3043 porta
3128 2970 3362 3027 civitatis
3389 2988 3562 3042 usque
3598 2975 3666 3027 ad
3692 2986 3800 3049 sta-

2210 3062 2363 3117 tuam
2385 3053 2716 3124 gladiatoris,
2738 3073 2858 3128 qua:
2887 3059 2941 3114 in
2970 3061 3146 3116 medio
3169 3062 3292 3117 Fori
3320 3073 3439 3118 erat
3458 3063 3658 3138 posita,
3675 3081 3801 3133 perr

2216 3142 2421 3208 ferens,
2479 3147 2879 3225 pronuntiavit,
2913 3150 3292 3219 imperatorem
3337 3153 3516 3225 gladio
3570 3156 3799 3224 punien-

542 3224 692 3280 lllum
737 3229 840 3283 sibi
878 3245 989 3300 pra:
1027 3238 1238 3293 caneris
1270 3241 1573 3310 adjutorem
1610 3246 1724 3302 fore
1753 3251 2114 3309 conlidens'et

2217 3233 2365 3288 dum.
2390 3210 2541 3303 Quod
2561 3237 2834 3308 Augustus
2865 3210 3110 3308 audiens,
3139 3243 3292 3299 valde
3317 3210 3613 3314 pertimui,
3640 3261 3797 3300 voca~

543 3313 863 3372 conﬁdendo
905 3336 1223 3390 exposcens.
1268 3328 1540 3398 Ediﬁcia,
1585 3350 1717 3391 sane
1743 3339 1813 3394 ab
1846 3341 1957 3409 ipsa
1987 3357 2115 3398 con-

541 3413 747 3459 structa
774 3422 942 3477 usque
972 3412 1160 3469 inhoc
1197 3427 1407 3486 tempus
1446 3422 1722 3489 durantia,
1755 3431 2116 3488 ostenduntur

536 3502 655 3549 tam
695 3496 979 3557 innumera
1026 3513 1082 3560 ut
1125 3507 1442 3568 incredibile
1492 3514 1741 3572 videatur
1761 3521 1829 3575 ab
1858 3537 1962 3575 una
1990 3538 2112 3578 mu-

544 3584 718 3651 liere,
769 3599 824 3643 et
880 3591 934 3647 in
980 3594 1202 3653 Austria
1258 3606 1632 3673 tantummodo
1689 3617 1744 3662 et
1797 3609 2112 3682 Bnrgundia

544 3691 826 3747 regnante,
878 3693 1027 3741 tanta
1058 3688 1112 3743 in
1142 3699 1249 3745 tam
1292 3694 1521 3752 diversis
1564 3698 1814 3758 Francize
1864 3706 2112 3772 partibus

539 3767 660 3824 ﬁeri
684 3775 942 3842 potuisse.
972 3779 1048 3834 Ea
1077 3791 1257 3837 autem
1302 3801 1426 3840 cum
1466 3788 1577 3844 lilio
1611 3802 1661 3845 et
1694 3767 1982 3863 nepotibus
2011 3813 2110 3867 gu-

540 3861 802 3919 bernante
852 3883 1074 3939 regnum
1102 3911 1118 3937 ,
1167 3875 1307 3944 apud
1351 3875 1590 3945 Gallias,
1644 3861 1843 3939 diviine
1890 3861 2113 3945 virtutis

538 3954 712 4021 gratia
762 3957 1032 4026 irradiati,
1078 3963 1346 4033 fulserunt
1380 3970 1547 4026 veluti
1594 3973 1904 4044 luminaria,
1940 3979 2111 4037 Ethe-

538 4046 652 4099 rius
672 4046 1049 4115 Lugdunensis
1076 4057 1540 4131 archiepiscopus,
1567 4061 1812 4134 Siagrius
1844 4068 2111 4139 Augusto.-

536 4134 818 4204 duneusis,
868 4142 1180 4202 Desiderius
1221 4146 1565 4217 Viennensis,
1615 4155 1885 4211 Aunarius
1928 4160 2110 4214 Autis-

535 4226 889 4294 siodurensis,
934 4249 1059 4297 cum
1104 4236 1275 4293 fratre
1318 4240 1593 4300 Austreno
1628 4245 2006 4305 Aurelianensi
2053 4259 2109 4306 et

539 4317 907 4379 Columbauus
930 4326 1088 4382 abba.

1145 4439 1375 4499 CAPUT
1429 4446 1493 4501 ll.
1588 4456 1591 4461 ‘

2218 3334 2437 3396 tumque
2492 3330 2781 3397 quemdam
2830 3333 3152 3405 praefectorii
3209 3335 3417 3391 ordinis
3467 3337 3645 3390 virum
3693 3336 3792 3391 sibi

2214 3413 2719 3486 familiarissimum,
2752 3421 2819 3476 ad
2866 3431 3086 3479 sanctos
3133 3424 3188 3478 in
3236 3425 3535 3494 superioris
3572 3425 3794 3497 Egypti

2215 3519 2397 3562 eremo
2428 3519 2725 3573 manentes,
2757 3527 2881 3567 cum
2908 3515 3116 3570 exeniis
3155 3530 3437 3570 cereorum
3468 3533 3533 3571 ac
3558 3519 3795 3589 thymia-
3835 3531 3844 3539 ’

2212 3609 2419 3657 malum
2451 3602 2594 3657 misit
2619 3604 2764 3660 omni
2794 3621 2917 3661 cum
2948 3606 3253 3674 devotione,
3284 3608 3580 3679 deposcens
3612 3619 3671 3663 ut
3698 3627 3799 3680 p:o

2214 3705 2273 3746 se
2300 3692 2505 3747 Domini
2539 3705 2829 3750 exorarent
2874 3697 3242 3754 clementiam.
3271 3698 3389 3769 Ipse
3435 3715 3648 3773 quoque
3677 3703 3793 3769 pias

2213 3776 2526 3839 Conditoris
2551 3786 2633 3863 sui
2661 3800 2823 3841 aures
2864 3788 2951 3842 die
2990 3798 3262 3858 noctuque
3293 3806 3398 3865 non
3431 3791 3591 3845 desiit
3621 3793 3793 3858 preci.-

2212 3873 2314 3928 bus
2337 3873 2570 3944 pulsare,
2618 3858 2701 3943 ac,
2750 3888 2808 3932 ut
2834 3892 2932 3934 sua
2963 3879 3015 3934 in
3053 3864 3319 3953 praesenti
3344 3882 3523 3953 potius
3552 3883 3658 3936 vita
3697 3899 3796 3952 pu-

2215 3963 2355 4017 niret
2382 3966 2715 4033 peccamina,
2741 3982 2841 4022 nec
2882 3978 3127 4023 servaret
3160 3985 3224 4025 ea
3255 3972 3324 4025 ad
3352 3971 3630 4026 subeunda
3665 3988 3790 4047 per-

2209 4053 2362 4121 petui
2391 4055 2530 4127 ignis
2555 4057 2956 4123 incendia,non
2984 4061 3187 4115 destitit
3219 4061 3528 4130 implorare.
3556 4063 3792 4119 Rediens

2210 4161 2372 4217 porro
2403 4149 2690 4217 prazfectus
2728 4166 2758 4203 a
2784 4152 2987 4207 sanctis
3014 4153 3292 4218 solitariis,
3321 4155 3629 4225 imperatori
3655 4173 3792 4211 nun-

2210 4239 2374 4294 ciavit
2408 4240 2594 4296 dicens
2625 4259 2637 4294 :
2673 4260 2692 4294 ι
2730 4240 2923 4297 Incolae
2959 4244 3266 4299 solitudinis
3293 4248 3466 4302 sancti
3500 4248 3600 4302 viri
3630 4249 3789 4303 dixe-

2212 4339 2338 4385 runt
2382 4332 2514 4387 mihi
2543 4335 2686 4403 quod
2728 4334 3051 4391 humilitatis
3099 4346 3204 4393 tuae
3251 4353 3442 4409 preces
3489 4339 3788 4395 exaudiens

2208 4425 2371 4491 Deus,
2417 4429 2745 4498 sempiterna
2798 4429 3016 4500 quidem
3068 4446 3173 4486 non
3203 4440 3254 4487 te
3296 4432 3534 4502 privaret
3571 4434 3781 4504 gloria;

533 4516 612 4575 De
639 4519 984 4617 Austregi'silo
1012 4531 1234 4599 prtesule
1260 4546 1460 4617 sancto.
1495 4539 1630 4617 [also
1654 4556 1898 4617 accusata
1926 4554 1975 4597 et
2003 4546 2107 4599 mi-
2131 4559 2184 4617 ι)
2210 4528 2579 4617 Ῡθηηξπτωξηη
2647 4519 2804 4617 huius
2889 4523 3199 4592 tempora“
3291 4523 3551 4579 honorem
3581 4566 3597 4593 '
3678 4542 3786 4596 quo

752 4595 986 4659 raculose
1008 4595 1252 4679 purgato,
1282 4595 1583 4677 deque—ejus
1614 4595 1912 4666 sanctitate.

599 4679 988 4752 Austregisilus
1012 4744 1013 4747 η
1036 4704 1253 4760 quoque
1305 4693 1660 4759 Bituricensis
1723 4703 2103 4773 archiprtesul,

530 4773 625 4841 qui
656 4774 755 4828 sibi
784 4792 909 4850 rege
936 4780 1254 4841 Guntranno
1285 4787 1375 4842 diu
1417 4789 1470 4843 in
1500 4792 1699 4860 palatio
1730 4806 2103 4864 conversatus,

530 4879 782 4934 mappam
853 4869 906 4925 ei
995 4874 1062 4928 ad
1138 4879 1496 4948 extergendas
1564 4885 1806 4952 praebere
1878 4902 2108 4957 consue-

530 4967 685 5011 verat
739 4974 948 5018 manus.
1000 4963 1101 5022 Hic
1147 4969 1380 5038 quadam
1429 4974 1544 5028 vice
1601 4990 1633 5029 a
1691 4979 1928 5044 quodam
1985 4995 2105 5049 pes-

525 5044 681 5102 simae
729 5054 925 5109 mentis
987 5056 1206 5113 homine
1274 5058 1433 5116 falso‘
1476 5075 1800 5132 accusatus,
1856 5073 2099 5139 quiedam

528 5135 996 5208 absquejussione
1044 5148 1304 5218 principis
1341 5152 1542 5222 scripta
1590 5156 1910 5224 confecisse,
1974 5161 2099 5219 dum

528 5224 585 5281 id
651 5231 838 5287 sedulo
899 5236 1227 5307 denegaret,
1281 5240 1503 5309 jubetur
1550 5260 1582 5298 a
1632 5261 1758 5316 rege
1788 5249 1956 5305 armis
2003 5252 2102 5308 ob-

1051 5329 1101 5348 --Ξ
1140 5328 1267 5348 J!I_-,
1320 5331 1358 5348 ΙΑ
1700 5338 1711 5348 ι

528 5315 666 5348 'onIn
701 5322 957 5348 -An\n"a--
1002 5327 1045 5348 ,ἱ

2208 4609 2425 4677 frueris,
2477 4612 2711 4681 imperii,
2755 4628 2878 4669 cum
2931 4630 3128 4685 magna
3167 4630 3197 4669 a
3248 4624 3300 4670 te
3342 4617 3584 4672 auferret
3635 4618 3781 4689 igno-

2208 4701 2398 4759 minia.
2431 4721 2450 4754 ι
2484 4702 2714 4758 Gavisus
2775 4712 2857 4758 est
2897 4704 3193 4773 imperator
3226 4707 3375 4777 quia,
3439 4708 3541 4763 etsi
3605 4717 3777 4776 trans-7

2207 4792 2369 4847 itoria
2421 4809 2531 4848 non
2574 4793 2851 4865 effugeret
2881 4795 3056 4862 mala,
3116 4810 3223 4850 non
3285 4798 3539 4868 perderet
3600 4806 3773 4853 tamen

2204 4884 2684 4953 praeparata-iustis
2714 4887 2953 4955 praemia.
2983 4886 3063 4957 Ac
3101 4887 3274 4959 ipsum
3302 4888 3466 4944 etiam
3499 4890 3593 4943 tali
3613 4889 3777 4944 voluit

2202 4986 2436 5041 superna
2476 4974 2683 5029 visione
2720 4975 2990 5048 consolari
3023 4977 3283 5047 dignatio.
3322 4978 3567 5044 Quadam
3599 4987 3771 5043 nocte,

2203 5062 2313 5116 alto
2361 5063 2648 5133 depressus
2697 5080 2911 5135 sopore,
2961 5067 3097 5121 vidit
3148 5082 3207 5122 se
3262 5083 3426 5123 tenes:
3476 5067 3773 5127 Salvatoris

2201 5154 2447 5223 imagini,
2463 5170 2583 5225 quae
2610 5165 2735 5212 ante
2761 5155 2905 5213 fores
2928 5157 3111 5226 palatii
3138 5159 3309 5227 posita
3335 5167 3473 5224 erat,
3498 5161 3769 5225 assistere,

2199 5257 2256 5301 et
2290 5262 2393 5301 vox
2428 5264 2494 5301 ex
2547 5248 2663 5318 ipso
2710 5249 2974 5304 incarnati
3005 5248 3166 5305 Verbi
3213 5252 3536 5308 charactere
3590 5253 3768 5307 audita
