4108 5412
267 234 364 291 769

1361 242 1675 300 HISTORIA
1708 239 2157 295 FliA-NCORL'M.
2191 271 2250 280 —
2283 239 2408 295 LIB.
2452 240 2533 295 IY.

3431 246 3535 300 ’ΠΟ

268 364 427 419 rius:
469 384 486 415 ι
523 362 742 426 OJesu,
783 361 980 434 inquit,
1019 361 1178 424 bone,
1222 359 1310 428 qui
1359 360 1652 412 lmmamnn
1685 369 1850 424 genus
1879 364 1922 419 Α
1960 353 2164 406 Domini
2191 352 2485 424 Gregorius
2528 353 2593 406 de
2648 353 2930 422 prmeentis
2970 353 3094 408 vita:
3149 353 3422 411 laboribus
3468 358 3535 411 ad

269 468 366 512 tuo
391 454 666 511 redemisti
701 454 980 523 sanguine,
1010 450 1139 522 jube
1178 465 1261 505 me
1297 464 1442 502 nunc
1483 447 1663 520 potius
1710 444 1849 498 male

269 549 562 605 commissa
598 547 766 610 luere,
794 556 876 600 et.
893 544 1105 599 venturi
1128 542 1316 610 judicii
1347 542 1487 594 diem
1525 555 1630 592 non
1663 537 1850 591 formi-

269 643 424 700 dare,
456 639 562 692 imo
590 638 886 691 electorum
920 647 1136 690 tuorum
1168 634 1484 704 participem
1526 631 1608 683 fac
1646 644 1786 682 esse.
1824 647 1842 680 ι

270 732 424 786 Tunc
452 727 542 797 qui
590 726 960 794 loquebatur:
999 744 1015 776 ι
1060 724 1346 786 Tradatur,
1396 721 1510 783 ait,
1558 717 1850 772 Mauricius

267 822 428 875 Foeze
467 818 648 879 militi.
677 833 798 872 cum
827 832 993 870 uxore
1015 826 1070 868 et
1110 815 1322 867 duobus
1355 811 1496 864 ﬁliis.
1528 829 1545 860 ›
1578 808 1850 874 Evigilans

271 914 576 982 imperator
613 926 642 963 a
685 924 893 971 somno,
923 916 977 960 et
1018 907 1282 959 visionum
1315 918 1498 958 secum
1528 902 1641 970 ipse
1675 898 1848 953 revol-

267 1021 426 1066 vens,
453 1003 719 1056 advocare
758 999 940 1066 jussit
964 997 1319 1065 Pliilippicum
1370 1007 1628 1064 generum
1669 1004 1847 1053 suum,

268 1071 430 1162 quem
458 1091 746 1159 aliquando
774 1087 1096 1156 arripiendm
1126 1084 1424 1156 tyrannidis
1451 1079 1850 1134 insimulatione

267 1192 578 1251 suspectum
635 1179 920 1232 habuerat.
969 1175 1062 1230 Ille
1111 1183 1542 1229 consummatam
1601 1186 1728 1240 erga
1793 1184 1850 1222 se

266 1273 501 1325 (aesaris
546 1271 682 1323 iram
727 1284 847 1324 esse
895 1269 1314 1336 pertimescens,
1369 1263 1679 1317 valedicens
1721 1277 1854 1316 con-

263 1361 400 1430 jugi,
445 1369 698 1428 tanquam
747 1357 976 1426 amplius
1038 1369 1157 1408 eam
1214 1369 1319 1408 non
1381 1353 1617 1414 visurus,
1648 1351 1714 1404 ad
1751 1367 1848 1403 au-

265 1451 371 1502 lam
428 1456 699 1517 properat.
751 1446 846 1500 Cui
898 1444 1186 1500 Mauricius
1243 1458 1534 1496 occurrens
1564 1441 1629 1494 ad
1679 1455 1851 1508 genua

263 1539 380 1607 ejus
406 1537 761 1606 provolvitur,
785 1537 1078 1589 obsecrans
1103 1544 1161 1587 ut
1185 1549 1303 1601 quae
1332 1542 1520 1586 contra
1547 1547 1692 1597 eum,
1718 1531 1852 1584 falsa

261 1639 494 1697 cogente
549 1628 876 1694 suspicione,
931 1625 1149 1693 indigne
1202 1624 1584 1682 commiserat.
1642 1638 1705 1675 ea
1766 1621 1853 1674 ille

263 1728 487 1787 propter
529 1717 814 1772 Dominum
859 1717 1087 1786 benigne
1137 1715 1455 1768 remitteret.
1505 1713 1852 1782 Stupefaetus
1887 1714 1925 1772 li
1958 1747 2032 1800 De
2062 1745 2258 1800 Cmam-

262 1809 621 1878 Piiilippicus,
686 1817 741 1862 et
806 1807 934 1876 quid
994 1806 1095 1860 sibi
1175 1805 1314 1858 ultra
1371 1820 1523 1872 spem
1567 1805 1854 1858 accidisset

263 1901 579 1964 admirans,
632 1900 934 1969 Augustum
997 1898 1061 1951 de
1100 1906 1241 1951 terra
1272 1897 1490 1959 levavit,
1525 1907 1579 1950 et
1633 1905 1692 1948 ut
1739 1895 1853 1964 ipse

255 1991 312 2044 ei
352 1992 526 2061 magis
571 1991 900 2048 remitteret.
963 1987 1006 2042 si
1057 2004 1218 2057 quam
1269 1988 1528 2040 adversus
1575 2002 1699 2040 eum
1741 2004 1852 2040 ma-

259 2079 430 2133 litiam
482 2080 758 2140 retineret,
804 2078 1001 2132 oravit.
1050 2077 1145 2132 Cui
1195 2077 1487 2130 Mauricius
1525 2095 1536 2130 :
1579 2096 1595 2127 ι
1634 2076 1712 2130 Tu
1745 2094 1853 2130 ma-

259 2171 363 2239 gis,
398 2169 596 2238 inquit,
632 2167 869 2235 indulge,
901 2175 955 2222 et
992 2167 1036 2221 si
1073 2167 1338 2236 quispiam
1389 2167 1442 2220 in
1494 2167 1738 2220 exercitu
1781 2168 1854 2222 sit

259 2260 563 2314 honoribus
615 2258 858 2323 functus,
909 2258 1000 2328 qui
1048 2269 1274 2311 vocetur
1311 2257 1512 2319 Focas,
1567 2259 1786 2311 edicito.
1827 2277 1844 2310 ι

257 2351 628 2420 Narravitque
655 2351 702 2404 ei
743 2365 956 2404 onmem
989 2365 1053 2403 ex
1092 2349 1282 2404 ordine
1321 2348 1598 2402 visionem.
1652 2347 1852 2428 Philip:

258 2446 415 2514 picus
458 2459 593 2498 vero
625 2443 896 2513 respondit
943 2442 1145 2495 nullum
1191 2457 1250 2495 se
1281 2441 1511 2496 militum
1535 2456 1712 2503 nosse,
1757 2440 1848 2511 qui

259 2538 432 2593 l-‘ocas
466 2538 742 2591 diceretur
783 2535 1040 2598 nomine;
1075 2549 1192 2588 esse
1219 2549 1345 2588 vero
1397 2533 1539 2586 inter
1575 2532 1850 2602 gregarios

257 2638 558 2682 stratorem
605 2626 776 2681 Prisci
829 2625 1044 2696 patricii
1099 2623 1362 2679 vocabulo
1420 2623 1637 2687 Focum,
1689 2633 1851 2692 atque

257 2719 437 2774 eidem
492 2719 612 2772 viro
640 2715 1045 2772 formidolosam
1097 2716 1278 2770 inesse
1328 2714 1715 2770 temeritatem.
1768 2713 1850 2768 Ad

256 2809 373 2864 lucc
395 2808 626 2863 Caesar:
673 2826 690 2859 ι
741 2808 801 2863 Si
847 2808 1066 2878 quidem
1110 2816 1194 2862 est
1222 2805 1606 2861 formidolosus
1642 2815 1697 2859 et
1720 2821 1848 2860 san-

255 2898 567 2970 gninarius.
611 2898 849 2952 iPaucis
876 2897 1095 2952 interim
1146 2895 1447 2964 interjectis
1506 2896 1719 2959 diebus,
1774 2895 1850 2948 ir-

257 3003 421 3041 ruere
457 2987 510 3040 in
549 3000 642 3040 eos
672 2987 784 3055 qui,
835 2987 1140 3056 pactionem
1186 2993 1443 3039 statutam
1498 2984 1844 3054 transgressi,

256 3079 544 3131 Romanas
574 3077 678 3132 sibi
730 3077 1017 3131 attributas
1059 3076 1403 3131 incessebant
1426 3074 1720 3138 custodias,
1747 3089 1844 3127 νο-
1875 3056 1919 3114 C

255 3167 375 3221 lens
405 3166 517 3220 iter
538 3182 661 3220 cum
683 3167 919 3220 exercitu
947 3166 1195 3235 arripuit.
1229 3165 1396 3220 Porro
1421 3164 1472 3218 in
1503 3174 1645 3218 terra
1669 3163 1852 3218 hostili

255 3257 618 3318 constitutus,
661 3247 781 3310 cum
821 3248 1017 3309 milites
1040 3255 1185 3308 furto
1226 3270 1291 3320 ac
1337 3255 1540 3324 rapinis
1575 3255 1851 3316 abstinere

256 3346 638 3416 compelleret,
669 3360 768 3400 nec
807 3355 987 3401 tamen
1022 3345 1314 3416 largiretur
1349 3357 1608 3400 consueta
1648 3346 1853 3414 stipen-

256 3439 372 3502 dia,
430 3439 530 3491 sed
576 3437 798 3506 insuper
828 3437 880 3490 in
911 3437 1142 3491 desertis
1173 3435 1469 3504 transigere
1509 3436 1736 3490 ltiberna
1762 3453 1856 3490 eo-

254 3538 413 3598 geret
443 3539 711 3596 tempora,
744 3541 849 3580 non
898 3527 1179 3580 minimum
1213 3527 1264 3580 in
1299 3542 1356 3580 se
1403 3526 1664 3580 excitavit
1710 3527 1853 3580 sedi-

257 3619 448 3672 tionis.
485 3617 598 3672 llac
624 3618 823 3672 etenim
847 3616 1034 3671 offensi
1056 3617 1354 3678 acerbitate
1388 3617 1589 3671 veteris
1620 3616 1718 3670 viri
1753 3618 1854 3670 mi-

254 3709 412 3772 litize,
456 3707 708 3762 conferre
732 3723 915 3763 secum
955 3722 1170 3777 erepere
1215 3717 1270 3763 et
1305 3709 1522 3778 indigne
1555 3708 1698 3760 ferre
1746 3708 1852 3760 im-

255 3810 598 3868 peratorem,
647 3801 738 3869 qui
781 3801 926 3854 nullo
957 3801 1215 3855 Romana:
1251 3800 1434 3869 stirpis
1474 3799 1854 3854 nobilitaretur

254 3899 516 3959 parente,
550 3902 654 3944 tam
709 3892 953 3960 nequiter
1003 3893 1150 3960 ipsos
1192 3892 1499 3962 opprimere
1539 3890 1692 3945 velle.
1743 3889 1853 3945 Nec

255 3997 315 4034 se
351 3983 565 4034 diutius
602 3993 802 4050 perpeti
832 3997 989 4052 posse
1037 3991 1330 4050 externum
1367 3991 1678 4054 tyrannum,
1729 3997 1848 4036 cum

256 4073 538 4126 baberent
564 4073 868 4127 inexcrcitu
898 4075 1117 4144 dignum
1145 4073 1602 4144 Romanigeneris
1637 4073 1850 4144 imperii

254 4162 708 4229 gubernatorem.
725 4163 818 4218 llis
846 4178 1028 4231 secum
1049 4163 1245 4218 milites
1269 4165 1626 4233 vociferantes
1649 4166 1851 4231 verbis,

257 4253 598 4308 adoriuntur
641 4255 838 4310 Focam
886 4265 1015 4310 tunc
1072 4257 1482 4322 centurionem;
1544 4267 1737 4328 rogant
1794 4268 1852 4311 ut

260 4345 506 4398 Romani
532 4345 738 4415 imperii
760 4348 1023 4417 suscipiat
1045 4348 1490 4418 gubernaculum.
1517 4347 1639 4414 Qui,
1664 4363 1849 4402 eorum

259 4436 560 4505 praeceptis
602 4438 917 4504 obaudiens,
958 4455 1251 4508 purpuram
1284 4440 1475 4493 induit.
1503 4439 1618 4506 Quo
1652 4453 1849 4509 prince.-

264 4529 462 4596 gnito,
520 4527 810 4583 Mauricius
873 4531 1036 4584 animi
1096 4530 1470 4600 desperatione
1539 4530 1850 4592 resolutus,

263 4617 444 4668 cessit
472 4619 628 4671 rebus
661 4619 946 4674 adversum
974 4636 1032 4674 se
1058 4619 1368 4686 ﬂuentibus,
1399 4629 1452 4674 et
1485 4621 1534 4674 in
1563 4620 1853 4690 quamdam

219 4709 222 4711 ’
265 4711 509 4765 insulam
542 4716 676 4770 mari
722 4717 1028 4786 contiguam
1077 4719 1304 4790 aufugit.
1351 4719 1406 4773 In
1453 4735 1557 4788 qua
1585 4721 1652 4774 ab
1685 4735 1853 4788 appa-

269 4801 532 4855 ritoribus
591 4819 728 4872 quos
787 4805 959 4860 Foeas
1009 4809 1075 4861 ad
1121 4825 1243 4861 eum
1291 4813 1721 4878 persequendum
1773 4810 1856 4863 di-

271 4903 520 4954 rexerat,
551 4895 729 4964 gladio
760 4914 881 4951 cum
933 4913 1095 4954 uxore
1125 4915 1190 4954 ae
1225 4900 1432 4954 duobus
1463 4901 1586 4956 tiliis
1633 4915 1856 4970 percus-

268 4983 570 5041 sns,etiam
601 4997 772 5042 morte
802 4991 1080 5057 temporali
1117 4992 1362 5060 implevil
1386 4995 1651 5048 somnium
1671 5008 1848 5048 suum.

885 5098 1106 5157 CAPUT
1150 5102 1238 5157 IV.

357 5179 434 5232 De
454 5185 750 5252 pontiﬁcum
781 5185 1130 5263 {innumerum
1168 5192 1511 5263 successione,
1547 5209 1592 5251 et
1621 5194 1852 5251 ecclesia!

781 5256 1027 5311 Rommtw
1052 5267 1306 5329 primatu.

356 5338 696 5402 Beatissimus
711 5357 893 5401 autem
926 5365 1059 5412 papa
1072 5355 1112 5410 G
1124 5354 1394 5412 regorius.
1410 5371 1688 5412 comnerto
1709 5360 1851 5412 quod

1949 457 2209 500 teternam
2249 448 2558 517 demigrans
2604 447 2871 515 requiem,
2915 447 3210 502 Sabiniano
3242 450 3424 502 sedem
3453 465 3538 504 re-

1949 536 2108 606 liquit
2153 537 2534 606 pontilicalcm.
2591 537 2756 607 Cujus
2817 554 3102 592 successor
3149 538 3458 594 Bonifacius
3505 554 3538 594 ι

1949 626 2173 696 praefato
2224 629 2465 697 Augusto
2495 629 2648 695 petiit
2704 638 2761 681 et
2809 629 3161 698 impetravit:
3200 627 3301 683 «Ut
3354 629 3537 684 sedem

1951 717 2206 772 Romanae
2237 728 2292 772 et
2320 718 2627 786 apostolicae
2655 719 2912 774 Ecclesia:
2941 729 3102 789 caput
3131 736 3251 773 esse
3287 721 3530 775 omnium

1951 811 2316 864 Iieelesiarum
2342 819 2625 874 statueret,
2657 813 2779 879 quia
2819 811 3054 866 Ecclesia
3083 813 3538 884 Constantinopo-

1950 902 2114 956 litana
2145 904 2372 972 primam
2416 918 2474 955 se
2497 905 2735 956 omnimn
2795 904 3153 958 Ecclesiarum
3186 906 3480 958 scribebat.
3514 925 3534 959 ι

1959 995 2074 1064 Ipse
2109 1010 2321 1064 quoque
2346 997 2616 1064 princeps,
2671 997 2780 1050 alio
2817 1013 2951 1066 papa
2984 997 3261 1052 Bonifacio
3291 1011 3538 1068 rogante,

1945 1082 2105 1151 jussit
2135 1085 2186 1138 in
2227 1086 2392 1139 veteri
2427 1084 2572 1149 fano,
2602 1087 2743 1155 quod
2783 1087 3056 1141 I’antlte0n
3085 1090 3369 1151 vocabant,
3400 1091 3537 1145 abo-

1952 1177 2064 1230 litis
2131 1176 2398 1232 idolorum
2455 1179 3033 1244 sordilms,basilicam
3089 1182 3259 1234 beatae
3313 1195 3377 1234 ac
3419 1197 3541 1250 per-

1951 1277 2125 1338 peture
2181 1269 2417 1338 Virginis
2463 1268 2664 1333 Mariae,
2695 1281 2746 1324 et
2773 1271 3013 1324 omnium
3073 1282 3368 1341 martyrum
3401 1271 3540 1335 fieri,

1954 1369 2038 1425 ιιι,
2069 1361 2159 1414 ubi
2205 1362 2474 1430 quondam
2525 1363 2788 1426 onmium,
2831 1378 2935 1415 non
2970 1362 3144 1414 dicam
3174 1363 3416 1420 deorum,
3447 1363 3542 1416 sed

1953 1453 2253 1506 dwmonum
2292 1453 2465 1505 cultus
2519 1455 2801 1520 agebatur,
2868 1453 2938 1507 ibi
2991 1455 3242 1524 deinceps
3291 1454 3535 1507 omnium

1955 1541 2108 1594 ﬁeret
2151 1543 2413 1595 memoria
2464 1552 2798 1595 sanctorum.
3059 1528 3061 1530 ’

2580 1655 2807 1710 CAPUT
2859 1654 2918 1709 V.

2280 1747 2460 1800 Araris
2488 1763 2576 1800 seu
2611 1747 2791 1801 Hmmi
2822 1765 2937 1801 cum
2962 1747 3170 1817 Gisulfo
3201 1747 3546 1817 Longobardo

2131 1818 2283 1880 bello,
2311 1818 2474 1887 deque
2498 1817 2758 1870 Romi/die
2783 1820 3050 1871 amoribus
3080 1819 3396 1888 infelicibus.

2027 1909 2098 1962 Ea
2143 1918 2467 1978 tempestate
2503 1925 2594 1964 rex
2622 1910 2882 1975 Avarum,
2915 1927 3074 1980 quem
3110 1928 3207 1965 sua
3236 1911 3419 1982 lingua
3448 1927 3542 1980 ap-

1954 2000 2158 2070 pellant
2201 2002 2493 2062 Cacanum,
2566 2017 2687 2054 eum
2743 2001 3105 2071 Forojulianis
3174 2005 3547 2075 Lcngobardis

1955 2093 2095 2146 bello
2120 2093 2433 2164 confligens,
2468 2095 2660 2147 ducem
2708 2095 2947 2164 ipsorum
2993 2098 3209 2152 nomine
3253 2097 3544 2160 Gisulfum,

1953 2201 2076 2238 cum
2115 2185 2362 2254 plurimis
2405 2201 2627 2239 suorum
2678 2185 2967 2241 interfecit.
2997 2187 3162 2258 Cujus
3190 2189 3343 2244 ducis
3382 2206 3540 2249 uxor.

1953 2277 2216 2328 vocabulo
2249 2277 2512 2338 llomilda,
2547 2278 2845 2331 obsidentis
2879 2293 2937 2332 se
2975 2279 3026 2332 in
3082 2290 3379 2334 memorata
3409 2281 3544 2334 urbe

1952 2364 2152 2434 Caeani
2187 2367 2328 2434 regis
2366 2366 2824 2436 pulchritudinem
2853 2366 3143 2431 admirata,
3186 2369 3234 2422 ei
3265 2369 3541 2422 civitatem

1955 2457 2176 2510 tradidit
2205 2459 2376 2526 stupri
2437 2459 2688 2512 mercede
2738 2459 2843 2512 sibi
2880 2459 3139 2529 pollicita.
3171 2461 3342 2526 Quam
3404 2461 3545 2514 idem

1954 2556 2239 2614 rex,eapta
2267 2548 2400 2599 urbe
2444 2546 2746 2615 populoque
2783 2547 2898 2614 ejus
2925 2551 3214 2617 captivato,
3269 2567 3373 2602 una
3423 2565 3549 2619 pro-

1952 2645 2072 2706 pter
2108 2636 2485 2704 jusjurandum
2512 2637 2654 2704 quod
2688 2637 2908 2692 dederat
2943 2648 3125 2702 nocte,
3155 2654 3219 2694 ac
3257 2640 3300 2693 si
3336 2640 3387 2692 in
3433 2656 3549 2693 ma-

1954 2728 2269 2780 trimonium
2317 2730 2547 2796 accepit.
2618 2728 2748 2782 Post
2790 2733 2902 2783 haec
2939 2730 3223 2785 duodecim
3273 2731 3548 2787 Avaribus

1950 2833 2072 2872 eam
2111 2819 2474 2888 tradiditqui,
2507 2821 2748 2874 vicissim
2800 2820 2902 2874 sibi
2947 2821 3304 2876 succedentes
3348 2839 3434 2888 ea,
3461 2824 3540 2876 uti

1952 2909 2042 2962 vili
2068 2918 2273 2972 scorto,
2323 2908 2475 2962 abusi
2517 2918 2664 2963 sunt.
2698 2910 2777 2964 Ad
2835 2921 3194 2979 postremum,
3255 2913 3437 2980 palum
3491 2915 3547 2966 in

1953 2998 2128 3070 medio
2175 3014 2366 3067 campo
2414 2999 2607 3069 conligi
2655 3001 2996 3070 praecipiens,
3021 3017 3140 3055 eam
3194 3005 3245 3056 in
3293 3003 3546 3058 acumine

1953 3089 2069 3159 ejus
2099 3091 2262 3144 inseri
2294 3092 2590 3158 mandavit,
2620 3107 2742 3146 cum
2771 3093 3076 3163 bujusmodi
3104 3094 3547 3164 exprobrationis

1955 3181 2117 3235 verbo
2150 3199 2162 3234 :
2203 3199 2220 3230 ‹
2255 3181 2462 3245 Talem,
2501 3183 2699 3252 inquit,
2733 3185 2925 3237 merita
2957 3193 3042 3239 est
3073 3187 3246 3240 virum
3279 3187 3495 3241 habere.
3521 3205 3543 3239 ι

1953 3271 2182 3340 Dignum
2231 3270 2476 3340 profecto
2522 3264 2865 3342 posterorum
2914 3277 3200 3342 memoria,
3252 3277 3395 3330 idem
3451 3293 3546 3331 rex

1954 3347 2272 3431 proditionis
2298 3362 2413 3432 ejus
2437 3353 2754 3434 exemplum
2787 3365 3025 3435 reliquit.
3064 3367 3188 3435 Qui,
3221 3370 3322 3423 etsi
3357 3369 3543 3438 prodi-

1955 3457 2154 3510 tionem
2186 3457 2469 3526 amplexus
2513 3467 2618 3522 est,
2668 3461 2997 3528 proditionis
3041 3471 3222 3516 tamen
3263 3472 3544 3516 auctorem

1953 3545 2055 3598 sibi
2126 3545 2466 3615 diSplieuisse
2519 3551 2864 3604 monstravit.
2913 3551 3046 3605 Illud
3093 3550 3234 3605 forte
3289 3554 3549 3620 pertime«

1954 3652 2112 3689 scens
2137 3654 2227 3702 ne,
2261 3654 2382 3706 qua:
2419 3641 2678 3707 proximis
2706 3657 2808 3695 non
2828 3636 3168 3714 pepercerat,
3207 3645 3329 3714 ipsi,
3358 3646 3400 3698 si
3432 3643 3550 3711 ejus

1952 3726 2218 3794 potiretur
2246 3729 2604 3798 amplexibus,
2649 3734 2871 3788 minime
2915 3746 3191 3803 parceret.
3224 3736 3394 3805 Igitur
3423 3737 3544 3789 dira

1955 3820 2218 3887 proditrix
2247 3821 2435 3888 patria:
2485 3823 2573 3874 tali
2615 3825 2779 3878 exitio
2805 3828 2990 3895 periit,
3021 3843 3140 3896 «pia:
3175 3828 3407 3897 amplius
3433 3843 3546 3881 sua:

1955 3913 2162 3967 libidini
2218 3929 2380 3983 quam
2447 3917 2644 3970 civium
2700 3930 2753 3973 et
2799 3921 3324 3990 consanguineorum
3381 3921 3545 3976 Saluti

1955 4005 2250 4074 prospexit.
2309 4005 2474 4074 Cujus
2511 4008 2636 4061 lilia:
2693 4025 2797 4062 non
2852 4012 3048 4066 matris
3099 4011 3391 4076 luxuriam,
3450 4012 3545 4068 sed

1952 4097 2220 4150 castitatis
2268 4114 2511 4152 amorem
2562 4113 2782 4168 secutae,
2812 4119 2878 4156 ne
2921 4104 2988 4157 ab
3031 4105 3228 4159 Avaris
3271 4109 3542 4160 contami-

1956 4199 2234 4252 narentur,
2263 4191 2457 4246 crmlas
2499 4193 2764 4262 pullorum
2817 4212 3008 4251 carnes
3041 4200 3143 4254 sibi
3202 4201 3342 4254 inter
3373 4217 3547 4255 mam-

1956 4297 2071 4335 mas
2100 4278 2199 4335 Sub
2245 4281 2408 4337 fascia
2442 4299 2760 4353 posuerunt,
2803 4300 2862 4344 ut
2887 4307 3074 4344 carmn
3103 4309 3166 4346 ex
3201 4293 3380 4347 calore
3423 4309 3548 4349 cor-

1885 4397 1929 4454 D
1957 4372 2104 4440 poris
2160 4377 2586 4443 putrefactarum
2640 4379 2810 4434 fetore
2856 4383 3059 4438 Avarcs
3107 4401 3136 4437 a
3172 4384 3254 4438 sui
3301 4387 3532 4440 commi-

1956 4463 2131 4516 stione
2185 4477 2562 4521 removerent:
2591 4472 2731 4538 quod
2769 4484 2824 4526 et
2870 4475 3070 4528 factum
3111 4485 3212 4528 est.
3249 4475 3384 4528 Nam
3411 4478 3532 4546 qui-

1955 4570 2167 4624 cunque
2189 4570 2280 4609 eas
2302 4559 2538 4613 obsceno
2561 4562 2775 4617 volebat
2809 4574 3011 4618 attactu
3037 4566 3378 4634 contingere,
3410 4565 3548 4622 fcto-

1955 4647 2032 4700 ris
2088 4647 2334 4715 repulsus
2403 4651 2763 4720 immanitate,
2822 4658 3008 4725 procul
3062 4659 3374 4723 recedebat,
3424 4677 3549 4714 eum

1956 4737 2329 4791 exsecratione
2360 4740 2545 4794 dicens
2565 4759 2754 4800 omnes
2783 4745 3165 4816 Longobardas
3189 4747 3387 4804 fetidas
3410 4765 3550 4804 esse.

1956 4825 2194 4892 Quarum
2223 4844 2327 4881 una
2352 4829 2777 4889 Alemannorum
2831 4838 2968 4906 regi,
3009 4838 3112 4890 alia
3137 4837 3335 4888 dicitur
3365 4838 3558 4906 Bajoa-

1957 4919 2160 4972 riorum
2190 4920 2424 4990 principi
2453 4933 2636 4991 postea
2673 4925 2956 4996 nupsisse;
2983 4928 3172 4996 dignas
3200 4939 3299 4991 pro
3331 4938 3555 4980 servata

1956 5007 2213 5078 pudicitia
2258 5011 2477 5078 nuptias
2526 5017 2755 5070 SOI'III'J}.
2781 5015 2905 5069 Filii
2947 5032 3074 5070 vero
3119 5011 3456 5078 ejus.‘Quos
3503 5032 3569 5070 ex

1957 5102 2274 5169 praescripto
2328 5100 2538 5159 Gisulfo
2586 5108 2706 5162 viro
2759 5123 2856 5162 suo
2914 5111 3277 5174 susceperat,
3347 5120 3573 5166 vastata

1955 5193 2112 5256 urbe,
2140 5195 2383 5248 ascensis
2407 5199 2562 5267 equis
2615 5199 2744 5253 dum
2788 5199 2928 5266 fuga:
2954 5214 3012 5254 se
3052 5196 3444 5269 committunt,
3473 5203 3575 5256 mi-

1957 5282 2138 5336 nimus
2175 5283 2392 5338 illorum
2433 5291 2500 5342 ab
2533 5305 2639 5342 uno
2662 5309 2729 5344 ex
2779 5291 3071 5344 hostilibus
3099 5287 3310 5347 euncis.
3343 5297 3454 5361 qui
3485 5309 3578 5347 ve-

1957 5371 2129 5412 Inninu
2189 5376 2403 5412 ρωιονῖα
2452 5389 2764 5412 ρηηηι-νη-οηι
2854 5381 3074 5412 nonin"-
3164 5375 3338 5412 “noun
3417 5385 3486 5412 Au
3499 5400 3542 5412 η.
