4108 5412
620 331 670 368 Η

1655 315 1912 374 AIMOINI
1949 312 2261 373 MONACHI
2299 316 2796 378 FLORIACENSIS

3759 327 3862 386 773

606 435 752 486 enim
783 434 897 502 ipse
936 443 1070 501 puer
1115 426 1439 482 micantibus
1483 424 1675 490 oculis,
1722 425 1998 496 lactcnque
2027 425 2176 482 crine
2203 430 2249 488 Α
2277 433 2378 491 est,
2416 426 2714 499 Augustam
2754 437 2809 485 et
2842 427 3117 497 Seusium,
3166 430 3526 491 dominationi
3573 448 3862 494 cesserunt

609 523 921 580 exornati-ix
949 535 1068 576 eum
1106 528 1297 574 natura
1336 518 1652 582 donaverat,
1679 517 1875 573 ducere
1899 519 1965 572 ad
1997 524 2171 572 castra

610 619 795 685 coepit.
835 615 905 670 At
937 629 1088 684 puer,
1114 613 1356 681 ingentes
1378 610 1588 664 animos
1614 619 1840 679 angusto
1868 609 1920 662 in
1957 617 2174 678 pectore

610 719 834 759 versans
877 712 930 756 et
953 718 1011 756 se
1041 700 1312 770 captivum
1349 698 1490 752 trahi
1545 698 1923 766 ingemiscens,
1946 710 2171 766 parvum

608 810 715 864 quo
734 793 886 863 juxta
919 807 1068 846 suam
1106 799 1320 844 aetatem
1350 789 1628 843 accinctus
1654 795 1774 840 erat
1821 786 2079 857 gladium,
2114 793 2174 840 ut

607 885 724 953 ejus
751 889 1083 937 assuesceret
1125 895 1300 944 usum,
1333 879 1524 947 vagina
1556 885 1886 945 exemptum.
1919 877 2036 930 nisu
2067 889 2174 946 quo

605 977 773 1028 valuit
798 973 994 1029 cervici
1047 984 1106 1029 se
1153 971 1419 1026 trahentis
1460 970 1627 1024 illisit.
1677 970 1793 1036 Quo
1845 977 2004 1023 terrae
2051 982 2176 1038 pro-

606 1073 802 1127 strato,
832 1077 1094 1117 converso
1130 1076 1293 1131 equo,
1331 1060 1648 1128 retrogrado
1677 1059 1814 1114 calle
1861 1057 1928 1112 ad
1979 1057 2176 1113 fratres

608 1167 906 1221 regressus.
951 1165 1056 1205 non
1128 1142 1340 1205 modico
1412 1151 1704 1205 Iasti‘iicavit
1749 1149 1967 1220 gaudio.
2023 1148 2176 1206 Nunc

601 1244 712 1313 jam
736 1244 801 1296 ad
827 1250 1024 1298 nostra:
1052 1251 1388 1299 revertamur
1411 1243 1657 1298 ordinem
1685 1241 1952 1297 historiae.

1215 1335 1440 1392 CAPUT
1471 1335 1554 1390 VI.

677 1428 755 1484 De
793 1428 1010 1484 Clotarii
1038 1429 1170 1500 regis
1198 1439 1245 1483 et
1272 1430 1567 1483 monarch
1592 1429 1646 1480 in
1675 1425 1905 1482 Francia
1928 1425 2103 1497 gestis.

674 1519 843 1590 Igitur
888 1535 982 1574 rex
1032 1520 1364 1575 Francorum
1414 1519 1684 1574 Clotarius
1737 1535 1845 1572 xxx
1893 1518 2042 1589 regni
2093 1516 2176 1572 sui

534 1681 537 1685 Α
605 1628 747 1666 anno
793 1621 1079 1683 postquam
1124 1628 1353 1684 regnare
1396 1623 1639 1681 coeperat
1691 1622 1846 1683 patre
1901 1613 2174 1678 defuncto,

606 1705 978 1759 monarchiam
1007 1704 1157 1776 regni
1204 1705 1448 1773 adeptus,
1495 1703 1867 1768 Warnarium,
1899 1702 2054 1770 cujus
2096 1703 2175 1756 iu-

605 1794 801 1848 stantia
833 1808 1053 1864 regnum
1087 1793 1408 1864 Bnrgundiae
1435 1791 1614 1846 fuerat
1643 1793 1890 1860 adeptus,
1915 1792 2174 1861 majorem

605 1883 796 1938 domus
823 1883 877 1936 in
906 1883 1024 1953 ipso
1049 1883 1332 1938 constituit
1355 1897 1542 1954 regno,
1575 1883 1700 1937 dato
1722 1883 1770 1937 ei
1810 1890 2174 1946 sacramento,

605 1991 672 2031 ne
693 1984 887 2032 cuncto
915 1991 1021 2047 quo
1067 1977 1344 2032 adviveret
1370 1987 1608 2046 tempore
1633 1989 2000 2031 successorem
2031 1975 2177 2029 acci-

605 2081 775 2138 peret.
807 2067 1104 2124 Austrasiis
1143 2083 1274 2123 vero
1315 2068 1592 2122 Badonem
1621 2068 1936 2137 quemdam,
1985 2065 2181 2137 proba-—

603 2160 726 2214 bilis
775 2161 900 2215 vitae
953 2161 1148 2228 virum,
1199 2159 1385 2216 eodem
1444 2161 1666 2216 honoris
1711 2161 1881 2229 gradu
1919 2160 2177 2215 donatum

602 2251 863 2321 przefecit.
929 2252 1292 2320 Ultrajuranis
1347 2268 1563 2324 quoque
1627 2253 1914 2324 Erponem,
1981 2267 2178 2324 genere

603 2341 872 2396 Francum
919 2343 1206 2411 patricium
1261 2342 1516 2397 instituit.
1565 2343 1666 2411 Qui
1709 2344 1836 2397 dum
1878 2357 1999 2412 quae
2028 2342 2180 2411 pacis

604 2441 731 2487 sunt
768 2433 1035 2502 diligeret,
1066 2433 1328 2487 malorum
1357 2433 1668 2504 deprimens
1690 2433 2082 2502 nugacitatem,
2110 2433 2178 2487 ab

603 2522 736 2591 ipsis
761 2523 1108 2593 pagensibus,
1136 2522 1393 2577 instinctu
1439 2521 1649 2577 Alethei
1691 2522 1924 2592 patricii,
1957 2532 2011 2577 et
2040 2521 2179 2577 Leu-

604 2614 857 2668 demundi
883 2612 1215 2668 Sedunensis
1239 2613 1492 2682 episcopi,
1519 2613 1831 2683 perimitur.
1860 2612 2012 2668 Tunc
2043 2623 2179 2668 tem-

603 2706 751 2774 poris
778 2705 1046 2760 Clotarius
1086 2707 1153 2758 ad
1188 2706 1401 2768 villam,
1435 2706 1519 2759 cui
1559 2703 1920 2773 MaurOICgico
1945 2703 2179 2775 [Mauro-

605 2796 822 2866 legium,
874 2795 927 2849 in
964 2794 1187 2861 Alsatia,
1223 2795 1344 2849 had.
1393 2793 1616 2867 Marley]
1661 2809 1856 2848 nomen
1892 2803 1996 2857 est,
2056 2807 2178 2846 cum

604 2889 924 2944 Bertetrude
961 2889 1146 2959 regina
1175 2886 1704 2956 accedens,justitia:
1724 2885 1947 2942 obtentu
1980 2884 2180 2939 multos

605 2980 792 3049 inique
833 2990 1056 3050 agentes
1103 2980 1282 3050 gladio
1313 2979 1492 3049 puniri
1537 2977 1720 3047 jussit.
1764 2977 2180 3034 Leudemundus

605 3081 787 3127 autem
836 3071 1166 3126 Sedunensis
1222 3070 1486 3142 pontifex,
1538 3071 1744 3125 monitu
1791 3071 2043 3135 Alethei,
2108 3070 2178 3126 ad

604 3160 979 3216 Bertetrudem
1003 3163 1221 3217 veniens
1246 3163 1486 3233 reginam
1506 3170 1560 3216 et
1583 3177 1701 3216 eam
1733 3162 1994 3216 secretius
2015 3161 2182 3214 advo-

607 3266 761 3319 cans,
791 3261 852 3306 ut
884 3253 1166 3307 thesauros
1188 3267 1316 3307 suos
1343 3251 1620 3307 Sedunum
1650 3251 1970 3306 transferret
2000 3251 2182 3305 horta-

607 3353 779 3411 tatur,
808 3345 992 3400 dicens
1035 3348 1237 3414 optime
1285 3359 1346 3399 se
1393 3359 1553 3399 nosse
1592 3343 1888 3400 Clotarium
1929 3359 1996 3398 eo
2039 3359 2191 3404 anno,

608 3440 676 3493 de
700 3438 899 3494 saeculo
929 3440 1308 3509 migraturum,
1347 3436 1739 3506 Aletheumque
1784 3450 1905 3491 esse
1933 3447 2180 3506 paratum

609 3547 764 3586 suam
792 3546 1014 3587 uxorem
1042 3524 1346 3600 relinquere
1370 3537 1425 3582 et
1474 3528 1712 3597 reginam
1743 3543 1865 3582 cum
1899 3543 2065 3598 regno
2093 3543 2181 3583 as-

609 3641 846 3693 sumere,
878 3643 942 3682 eo
967 3625 1109 3698 quod
1139 3632 1283 3680 esset
1332 3623 1446 3692 ipse
1495 3621 1752 3676 Aletheus
1788 3636 1818 3676 c
1855 3621 2019 3676 nobili
2048 3621 2183 3676 Bur-

609 3723 939 3792 gundionum
973 3718 1244 3790 prosapia.
1289 3714 1524 3785 Regina,
1571 3713 1685 3768 lucc
1734 3715 1958 3769 audiens
2019 3723 2074 3768 et
2122 3729 2182 3770 se

610 3813 797 3876 talem,
826 3811 911 3866 cui
953 3809 1078 3864 talia
1127 3808 1508 3870 suaderentur,
1540 3807 1860 3860 aestimatam
1902 3819 2024 3860 esse
2068 3819 2184 3875 gra-

609 3905 748 3958 viter
771 3903 974 3967 ferens,
1006 3901 1192 3972 rapido
1218 3915 1275 3953 se
1298 3900 1350 3953 in
1377 3896 1681 3953 cubiculum
1713 3897 2179 3967 proripuitcursu.

609 3993 1025 4050 Leudemuudus
1058 3991 1361 4059 intelligens
1397 3991 1689 4044 verborum
1718 4004 1940 4044 suorum
1970 3988 2182 4043 calum-

610 4087 754 4140 niam
779 4099 838 4140 se
861 4085 1190 4148 subiturum,
1207 4097 1304 4151 per
1326 4085 1515 4137 urbem
1541 4080 1818 4136 Sedunum
1843 4081 1910 4134 ad
1933 4081 2183 4136 abbatem

608 4177 952 4233 Austrasium
980 4175 1238 4231 Luxoveo
1275 4185 1549 4246 properat,
1596 4184 1656 4229 ut
1701 4189 1798 4245 per
1844 4173 1960 4243 ejus
1995 4188 2183 4245 preces

611 4273 998 4344 indulgentiam
1029 4272 1170 4342 regis
1211 4279 1533 4326 mereretur.
1583 4270 1735 4337 Quod
1761 4279 1815 4325 et
1852 4269 2049 4324 factum
2078 4277 2180 4335 est,

612 4363 771 4424 Nam.
805 4364 1070 4434 promissa
1102 4361 1444 4430 impunitate,
1472 4360 1539 4413 ad
1589 4360 1771 4414 sedem
1815 4375 1966 4414 suam
2007 4360 2185 4414 redire

611 4455 908 4525 permiSsus
957 4462 1061 4509 est.
1105 4451 1384 4516 Aletheus,
1418 4451 1572 4520 jussu
1613 4451 1832 4506 Clotarii
1884 4451 2183 4507 Massolaco

612 4548 740 4601 villa
771 4547 1011 4611 veniens,
1041 4547 1092 4600 in
1123 4555 1409 4614 conspectu
1450 4559 1731 4613 procerum
1759 4559 1978 4598 causam
2005 4544 2186 4598 dicere

609 4641 814 4710 jussus,
841 4642 965 4694 dum
1005 4654 1064 4693 se
1110 4638 1335 4708 objectis
1376 4651 1606 4708 purgare
1660 4637 1912 4707 nequiret
1948 4635 2190 4691 crimini-

615 4733 736 4794 bus,
767 4728 982 4798 capitali
1031 4728 1298 4783 sententia
1327 4737 1411 4782 est
1440 4728 1746 4781 damnatus.

686 4825 843 4876 Anno
877 4836 1041 4875 xxxnv
1069 4821 1218 4891 regni
1244 4820 1348 4884 sui,
1382 4820 1652 4875 Clotarius
1691 4817 2058 4882 Warnarium,
2099 4832 2194 4887 pa-

616 4914 730 4968 latii
754 4914 1029 4978 comitem,
1054 4911 1121 4969 de
1163 4927 1329 4984 regno
1366 4911 1709 4982 Burgundiae,
1754 4926 1877 4966 cum
1927 4909 2195 4964 universis

618 5007 965 5079 pontiﬁcibus
1005 5023 1099 5062 seu
1129 5006 1454 5077 primatibus
1475 5007 1541 5059 ad
1578 5019 1636 5059 se
1663 5003 1980 5073 Bonogilum
2012 5000 2193 5054 villam

619 5115 875 5165 evocans,
904 5099 1104 5161 dando,
1132 5099 1248 5152 sive
1279 5095 1630 5166 petitionibus
1657 5109 1845 5150 eorum
1883 5091 2192 5155 annuendo,

621 5200 843 5248 cunctos
871 5191 972 5247 sibi
1001 5189 1340 5245 fidelissimos
1363 5187 1563 5242 effecit.

1211 5276 1438 5334 CAPUT
1481 5275 1587 5330 VII.
1686 5280 1702 5295 '

1594 5407 1605 5412 -
1621 5365 1763 5412 _-___’_’_;
1792 5362 2161 5412 _-;nenderunt.

693 5369 730 5382 ’δ

2205 1761 2252 1821 Β

2211 4504 2263 4566 D

2272 515 2625 574 Francorum.
2665 517 2954 588 Defuncto,
2983 530 3044 577 ut
3071 537 3235 594 supra
3262 533 3537 580 ostensum
3563 536 3673 592 est,
3695 527 3863 598 Cleph

2274 619 2406 674 rege
2448 607 2818 676 nobilissimo,
2853 610 3019 666 duces
3063 627 3228 683 super
3250 613 3639 684 Longobardos
3665 621 3860 682 creati,

2275 695 2574 767 irruptione
2609 701 2662 754 in
2692 701 2876 757 Gallos
2915 701 3080 767 facta,
3108 720 3297 775 greges
3324 707 3663 777 captivorum
3698 709 3863 763 simul

2274 799 2397 841 cum
2434 790 2613 858 praeda
2636 791 2953 861 abegerunt.
2983 790 3064 848 Ob
3101 794 3258 864 cujus
3311 798 3754 866 praesumptionis
3786 808 3863 854 te-

2275 876 2540 932 merarios
2562 893 2743 944 ausus,
2767 881 3054 951 praedictas
3082 884 3244 939 urbes
3277 885 3526 954 partibus
3549 885 3863 942 Guntranni

2276 967 2417 1035 regis
2475 969 2834 1026 tradiderunt.
2915 973 2993 1027 Ex
3032 975 3306 1029 communi
3364 984 3545 1030 autem
3597 987 3859 1042 tractatu,

2275 1057 2556 1114 duodecim
2592 1059 2798 1130 legatos
2843 1063 2911 1118 ad
2943 1065 3324 1136 imperatorem
3365 1067 3684 1123 Mauricium
3734 1070 3865 1123 mit-

2276 1156 2477 1216 tentes,
2509 1165 2698 1221 pacem
2722 1169 2844 1208 cum
2877 1170 2943 1210 eo
2976 1155 3246 1212 fecerunt.
3282 1157 3436 1213 Alios
3473 1174 3690 1229 quoque
3714 1161 3863 1228 ejus.

2276 1240 2398 1296 dem
2433 1244 2643 1298 numeri
2675 1243 2884 1316 legatos
2933 1248 3001 1302 ad
3049 1247 3431 1305 Guntrannum
3456 1259 3514 1306 et
3543 1251 3862 1305 Childeber—

2277 1339 2392 1387 tum
2419 1333 2759 1391 destinavere
2782 1338 2874 1406 qui
2903 1337 3200 1393 amicitiam
3224 1349 3278 1396 et
3309 1341 3627 1395 societatem
3669 1355 3862 1395 eorum

2276 1423 2657 1496 efﬂagitantes,
2700 1429 2984 1484 duodecim
3018 1431 3184 1486 millia
3217 1431 3512 1486 solidorum
3539 1448 3599 1488 se
3623 1433 3674 1487 ei
3715 1433 3863 1486 solu-

2278 1521 2432 1570 turos
2463 1515 2580 1572 fore
2615 1517 2734 1574 vice
2780 1535 2879 1574 sua
2909 1521 3258 1589 sponderent.
3298 1521 3410 1577 Hoc
3435 1522 3705 1591 praecipue
3730 1521 3866 1593 ipsis

2277 1605 2458 1660 missis
2487 1607 2600 1660 suis
2636 1606 2690 1660 in
2733 1609 3002 1664 mandatis
3039 1610 3314 1665 tradentes
3352 1622 3431 1674 ut,
3464 1625 3695 1681 quorum
3728 1626 3863 1680 pro-

2277 1693 2588 1764 pensiorem
2627 1694 2683 1748 in
2729 1695 2935 1750 fmdera
2967 1697 3324 1752 amicitiarum
3377 1698 3720 1753 adverterent
3762 1699 3863 1753 bc-

2279 1783 2670 1849 nevolenliam,
2704 1800 2893 1840 eorum
2925 1801 3090 1856 quam
3137 1788 3374 1842 maxime
3404 1789 3560 1842 unire
3590 1789 3693 1842 sibi
3742 1799 3864 1842 stu—

2286 1874 2478 1928 derent
2503 1875 2870 1929 concordiam.
2898 1875 3136 1931 Tandem
3169 1878 3352 1932 audita
3379 1878 3664 1949 utriusque
3691 1879 3866 1949 partis

2279 1964 2570 2029 sententia,
2600 1965 2900 2035 patrocinio
2931 1981 2991 2020 se
3015 1965 3338 2021 commisere
3369 1967 3725 2032 Francorum,
3753 1977 3868 2022 tra-

2279 2054 2390 2108 dita
2438 2055 2660 2124 insuper
2696 2054 3016 2111 Guntranno
3046 2058 3154 2126 regi
3183 2056 3320 2110 valle
3348 2057 3625 2130 Ametegis
3657 2073 3865 2130 cogno-

2278 2142 2457 2209 mine;
2487 2145 2675 2214 sicque
2712 2159 2883 2215 usque
2936 2146 3007 2199 ad
3062 2155 3302 2217 tempora
3329 2147 3546 2220 Agilulfi
3593 2152 3739 2222 regis
3779 2153 3864 2206 sui

2279 2245 2580 2291 memorata
2622 2236 2833 2292 solvere
2885 2238 3105 2293 tributa.
3151 2239 3251 2306 Qui
3304 2241 3508 2296 electos
3541 2245 3721 2313 gentis
3754 2258 3866 2298 suae

2279 2325 2487 2398 legatos
2534 2328 2618 2382 his
2670 2328 3012 2395 nominibus,
3074 2330 3384 2400 Agilulfum,
3425 2331 3742 2404 Pompeium
3801 2348 3865 2387 ac

2282 2415 2700 2484 Gautonem,ad
2744 2417 3041 2474 Clotarium
3087 2421 3285 2476 direxit
3328 2421 3667 2477 Francorum
3708 2423 3863 2494 prin-

2276 2507 2476 2577 cipem,
2501 2522 2730 2576 poscens
2759 2517 2818 2562 ut
2851 2508 3102 2579 vectigal,
3126 2511 3269 2579 quod
3297 2511 3347 2564 ei
3386 2511 3612 2582 singulis
3655 2513 3856 2582 depen-

2278 2595 2442 2650 debat
2482 2597 2675 2661 annis,
2701 2597 3024 2652 remitteret.
3072 2595 3158 2662 Hi,
3208 2599 3591 2655 circumventis
3633 2601 3864 2670 pecunia

2279 2685 2386 2749 his,
2418 2699 2553 2754 quos
2598 2685 2817 2740 intimos
2853 2685 3079 2740 consilio
3122 2687 3264 2756 regis
3302 2690 3417 2744 fore
3459 2701 3863 2760 cognoverant,

2277 2776 2420 2832 datis
2446 2773 2695 2830 videlicet
2722 2777 3015 2846 unicuique
3045 2777 3190 2832 mille
3213 2778 3421 2845 solidis,
3451 2795 3625 2848 usque
3661 2782 3732 2833 ad
3761 2782 3866 2836 tria

2278 2865 2446 2922 millia
2485 2865 2778 2920 solidorum
2825 2865 3157 2930 obtulerunt,
3197 2869 3300 2939 ipsi
3335 2871 3448 2939 regi
3486 2872 3714 2942 triginta
3767 2887 3863 2926 sex

2279 2955 2446 3011 millia
2475 2953 2677 3009 solidos
2705 2954 2868 3008 simul
2893 2970 3015 3010 cum
3036 2958 3308 3026 precibus,
3333 2968 3391 3012 et
3423 2960 3497 3013 ita
3520 2962 3751 3017 remisso
3775 2977 3865 3017 so-

2280 3048 2392 3104 litae
2415 3046 2695 3120 pensionis
2722 3061 2911 3115 onere,
2933 3048 3211 3104 redierunt
3232 3049 3301 3105 ad
3324 3051 3561 3122 propria.

2873 3161 3100 3220 CAPUT
3141 3164 3277 3220 VIII.

2280 3252 2361 3311 De
2388 3251 2714 3309 Bertetrudis
2743 3254 2936 3324 reginae
2957 3254 3120 3321 obitu,
3151 3266 3198 3309 et
3230 3254 3479 3310 Sicltildis
3505 3257 3867 3319 matrimonio.

2351 3340 2412 3378 ac
2448 3326 2560 3405 [ilio
2597 3325 2857 3404 Ariberto.
2907 3324 2977 3378 Et
3027 3325 3092 3380 de
3141 3325 3426 3397 Dagobertt'
3458 3328 3514 3382 in
3567 3330 3869 3382 societatem

2351 3410 2497 3464 regns
2527 3405 2900 3464 assumptione.

2349 3485 2506 3541 Auno
2536 3500 2696 3539 xxxvr
2727 3485 2968 3556 ejusdem
2999 3484 3263 3560 principis
3313 3485 3654 3543 Bertetrudis
3681 3487 3871 3558 regina

2281 3577 2534 3640 moritur,
2561 3591 2724 3646 quam
2767 3577 2926 3632 unico
2957 3592 3143 3632 amore
3170 3577 3440 3633 Clotarius
3480 3577 3781 3644 dilexerat,
3813 3587 3875 3633 et

2279 3681 2471 3723 omnes
2520 3666 2661 3722 leudi
2697 3667 2994 3722 bonitatem
3042 3666 3160 3736 ejus
3201 3677 3489 3724 cernentes
3513 3669 3874 3724 vehementer

2281 3765 2619 3811 amaverant.
2669 3755 2798 3811 Post
2832 3757 2987 3827 cujus
3015 3757 3220 3813 obitum
3259 3758 3526 3814 Clotarius
3581 3775 3679 3815 rex
3706 3761 3870 3814 aliam

2284 3848 2496 3917 accepit
2525 3848 2808 3918 conjugem
2830 3887 2847 3915 ,
2881 3850 3101 3904 nomine
3155 3849 3487 3917 Sichildem,
3524 3851 3594 3905 de
3623 3865 3732 3920 qua
3773 3852 3872 3905 ha-

2281 3938 2399 3993 buit
2429 3937 2595 3992 lilium
2637 3938 2857 3994 nomine
2924 3938 3256 3995 'Aribertum.
3294 3939 3452 3995 Anno
3495 3954 3662 3994 xxxrx
3709 3940 3868 4011 regni

2283 4030 2388 4095 sui,
2438 4030 2714 4085 Clotarius
2757 4030 3125 4100 Dagobertum
3174 4033 3342 4087 lilium
3379 4048 3560 4098 suum,
3587 4048 3655 4088 ex
3681 4035 3872 4089 Berte-

2284 4120 2441 4175 trude
2498 4127 2685 4188 regina
2747 4131 3100 4190 susceptum,
3155 4131 3462 4177 consortem
3521 4124 3674 4194 regni
3740 4123 3872 4179 fecit

2283 4223 2512 4279 eumque
2541 4224 2704 4280 super
2741 4211 3051 4266 Austrasios
3097 4225 3278 4279 regem
3319 4211 3579 4277 instituit,
3628 4214 3874 4268 retinens

2284 4304 2386 4358 sibi
2412 4304 2556 4374 quod
2594 4305 2847 4360 Ardenna
2874 4315 2929 4361 et
2968 4305 3211 4379 Vosagus
3236 4321 3426 4362 versus
3469 4306 3779 4363 Neustriam
3805 4323 3872 4362 ac

2284 4395 2645 4467 Burgundiam
2673 4397 3049 4452 excludebant.

2890 4488 3118 4544 CAPUT
3157 4487 3248 4543 IX.

2291 4581 2368 4637 De
2389 4579 2615 4636 Samone
2641 4581 2778 4636 inter
2800 4580 3014 4636 Sclavos
3045 4596 3160 4649 rege
3192 4580 3472 4701 claustimto
3505 4581 3724 4651 ejusque
3754 4597 3869 4635 suc-

2873 4667 3020 4701 cessu
3043 4661 3089 4701 et
3121 4667 3214 4701 nro
3236 4666 3285 4701 ε.

2873 4667 3020 4704 cessa
3043 4661 3089 4704 et
3120 4661 3285 4718 prole.

2363 4742 2520 4796 Anno
2566 4755 2622 4796 χι
2657 4741 2993 4811 principatus
3028 4739 3287 4804 Clotarii,
3319 4739 3480 4794 homo
3512 4740 3733 4809 quidam
3773 4757 3867 4795 no-

2295 4832 2442 4886 mine
2483 4831 2668 4896 Samo,
2721 4832 2940 4886 natione
2983 4830 3246 4896 Francus,
3288 4832 3356 4886 de
3400 4847 3538 4901 pago
3572 4832 3866 4896 Senoniro,

2295 4921 2495 4976 multos
2526 4920 2926 4991 negotiatorum
2959 4921 3235 4975 mercandi
3270 4934 3432 4974 causa
3462 4920 3517 4975 in
3549 4919 3869 4975 Sclavorum

2295 5011 2550 5080 patriam,
2586 5011 2675 5080 qui
2704 5011 2866 5065 etiam
2889 5009 3091 5064 Winidi
3120 5009 3392 5074 dicuntur,
3421 5024 3604 5064 secum
3627 5010 3868 5065 deduxit.

2299 5103 2477 5158 Sclavi
2510 5101 2824 5172 jamdudum
2861 5099 3093 5165 Hunnis,
3130 5101 3220 5170 qui
3252 5110 3309 5156 et
3343 5101 3549 5155 Avares
3594 5100 3868 5164 dicuntur,

2296 5192 2550 5262 subjecti,
2579 5190 2966 5244 dominationis
2991 5204 3179 5245 eorum
3199 5189 3388 5260 jugum
3419 5191 3727 5244 detrectare
3754 5201 3870 5243 ten-

2297 5283 2512 5337 tabant.
2543 5280 2820 5350 Siquidem
2866 5295 2990 5334 cum
3035 5280 3269 5350 primum
3313 5280 3600 5350 vectigalia
3647 5281 3750 5344 eis,
3792 5281 3871 5336 uti
