4108 5412
265 326 400 457 r5

305 460 454 513 inter
480 467 673 513 cmtera
719 471 838 525 qure
880 453 1193 516 crudeliter,
1231 453 1373 505 dittu
1402 467 1615 519 qunque
1645 451 1871 501 horren-

293 554 446 613 dum,
498 551 552 603 in
591 564 683 603 eos
732 547 1084 609 exercebant,
1135 560 1298 598 unum
1352 542 1481 595 illud
1539 538 1870 600 nefandum,

292 644 618 712 cunctisque
664 652 824 695 antea
875 639 1087 694 sarculis
1142 637 1444 691 inauditum
1496 644 1614 687 erat
1663 630 1871 693 scelus,

289 738 439 805 quod
482 736 634 806 quasi
681 733 997 794 hiematuri,
1030 746 1217 785 eorum
1272 730 1532 783 adeuntes
1578 724 1873 788 domicilia,

291 843 499 881 uxores
530 828 771 896 ipsorum
801 825 912 879 suis
948 822 1297 877 assumeliant
1320 820 1498 873 socias
1524 816 1730 870 stratis.
1773 814 1875 870 Ve-

290 936 421 975 rum
467 920 565 983 illi,
614 919 707 987 qui
761 918 826 971 de
873 914 1192 984 conjugibus
1241 912 1555 967 Sclavorum
1582 920 1635 962 et
1666 908 1875 961 llunnis

292 1019 453 1065 erant
496 1009 685 1081 geniti,
723 1008 829 1062 hoc
875 1008 1095 1065 malum,
1120 1004 1263 1074 quod
1314 1002 1491 1055 vitrici
1545 1014 1732 1054 eorum
1782 1000 1873 1052 diu

292 1099 511 1154 fuerant
556 1096 1097 1167 perpessi,nolentes
1128 1094 1357 1163 perpeti,
1403 1093 1639 1145 immane
1684 1100 1873 1143 contra

293 1193 549 1246 dominos
578 1199 632 1243 et
661 1200 844 1257 patres
874 1202 1003 1240 suos
1029 1187 1340 1241 excitavere
1368 1182 1589 1237 bellmn.
1622 1180 1701 1233 Ad
1729 1178 1876 1248 quod

294 1283 465 1338 Samo
493 1297 615 1336 cum
642 1281 828 1343 sociis,
854 1279 1165 1346 adjumento
1202 1275 1435 1329 Winidis
1476 1274 1708 1332 futurus,
1740 1270 1875 1323 forte

292 1376 573 1444 profectus
608 1382 712 1426 est.
749 1371 1024 1439 Factaque
1051 1369 1458 1437 congressione,
1495 1363 1696 1417 Wiuidi
1728 1361 1877 1415 llttn-

294 1483 395 1521 nos
452 1474 734 1534 superant.
782 1464 837 1517 In
880 1464 983 1517 hoc
1032 1461 1332 1517 certamine
1386 1458 1552 1512 Samo
1594 1471 1715 1510 cum
1762 1455 1875 1508 suis

293 1558 617 1628 pneclarum
683 1556 889 1609 militiae
942 1555 1326 1609 documentum
1376 1552 1541 1605 dedit.
1594 1550 1875 1618 Prairnpto

293 1665 533 1718 namque
579 1664 701 1703 sese
739 1648 980 1718 periculo
1023 1646 1181 1710 dans,
1215 1645 1478 1715 plurimos
1511 1643 1749 1697 hostium
1782 1641 1872 1694 de-

291 1743 513 1795 struxit.
548 1740 661 1796 lloc
688 1756 941 1795 successu
970 1740 1133 1793 Samo
1158 1754 1185 1791 a
1215 1737 1427 1792 Sclavis
1448 1736 1512 1788 ad
1538 1734 1873 1804 regnandum

1353 334 1668 393 HISTORIA
1703 329 2151 387 FRAﬁCORUM.
2184 358 2245 368 —
2274 328 2402 382 LIB.
2437 327 2523 381 IV.

1901 452 1944 506 Α
1978 443 2308 496 Francorum
2354 441 2699 504 existentem,
2752 438 2868 491 sine
2926 435 3327 490 examinatione
3376 433 3558 505 legali,

3454 324 3561 379 774

1980 531 2461 587 dehonestamento
2522 528 2736 597 dignam
2795 527 3173 581 testimavisset
3225 524 3558 593 hujusmodi.

1978 622 2078 687 Qui
2107 622 2232 675 dum
2254 620 2456 689 justam
2493 636 2551 674 se
2592 620 2791 673 habere
2825 634 3042 673 causam
3075 618 3391 672 vinculorun
3421 632 3559 670 uxo~

1979 714 2052 766 ris
2094 712 2374 777 fateretur,
2426 728 2565 766 unus
2608 711 2932 781 legatorum,
2971 710 3273 763 Ansoaldns
3315 708 3559 772 nomine,

1981 803 2072 857 tali
2102 818 2283 873 regem
2309 802 2612 871 interpellat
2642 816 2889 856 sermone
2914 818 2926 853 :
2949 820 2967 852 ‹
2996 801 3407 869 Facile,inquit,
3426 814 3559 853 exa-

1980 909 2104 949 men
2129 894 2290 961 hujus
2325 893 2402 947 rei
2437 894 2531 947 tibi
2560 894 2897 963 probabitnr,
2940 893 2985 947 si
3028 892 3255 947 facultas
3285 892 3444 944 alicui
3482 890 3562 944 fa-

1978 986 2269 1039 miliarium
2302 986 2501 1056 regin'e
2529 986 2702 1049 detur,
2730 986 2869 1041 bello
2898 1001 3020 1040 cum
3047 986 3400 1039 crirninatore
3430 1000 3562 1040 con-

1979 1078 2216 1131 tendere.
2233 1098 2252 1129 )
2274 1077 2425 1143 Quod
2447 1078 2571 1131 dum
2597 1077 2684 1130 ille
2708 1079 3061 1132 concessisset
3078 1077 3344 1146 simulque
3369 1093 3563 1149 appro-

1977 1168 2177 1233 basset,
2199 1178 2251 1223 et
2270 1168 2597 1233 Adalulfum,
2629 1185 2737 1239 quo
2769 1171 2945 1225 minus
2970 1172 3243 1240 proposita
3274 1172 3560 1236 abnueret,

1978 1263 2285 1331 desperatio
2330 1262 2523 1317 salutis
2570 1263 2946 1333 compelleret,
3001 1264 3285 1322 Aribertus
3316 1266 3560 1334 quidam,

1979 1355 2181 1424 regina:
2201 1355 2561 1408 consobrinus
2582 1396 2595 1417 ,
2638 1355 2936 1421 hominem,
2974 1357 3232 1411 vocabulo
3266 1356 3560 1419 Pittonem,

1976 1446 2095 1500 vice
2125 1460 2220 1499 sua
2246 1445 2612 1515 przeliatururn
2641 1446 2902 1500 adversus
2927 1445 3234 1500 Adalull’um
3280 1447 3483 1517 dirigit.
3514 1444 3563 1500 Α

1977 1554 2086 1608 quo
2119 1538 2258 1593 idem
2288 1539 2607 1593 criminator
2635 1540 2754 1593 sine
2797 1555 2945 1593 mora
2972 1541 3143 1594 victus
3165 1540 3445 1609 gladioque
3481 1548 3566 1594 est

1980 1632 2215 1698 punitus.
2267 1632 2623 1702 Gundeberga
2670 1634 2854 1703 regina
2886 1643 3007 1702 post
3042 1641 3150 1687 tres
3176 1631 3347 1685 ferme
3390 1631 3565 1685 reclu-

1979 1723 2147 1777 sioais
2181 1739 2291 1778 suae
2336 1739 2509 1779 annos
2561 1725 2628 1779 ad
2689 1726 2973 1794 pristinam
3006 1724 3156 1795 regni
3200 1732 3283 1778 est
3319 1738 3566 1796 regressa

290 1837 593 1905 expetitus,
622 1850 687 1889 eo
711 1832 853 1903 quod
881 1833 1097 1902 egregia
1133 1830 1250 1900 ejus
1280 1829 1685 1883 delectarentur
1724 1824 1877 1878 forti-
1912 1826 1952 1884 lt
1982 1815 2319 1884 dignitatem.

292 1928 504 1990 tudine,
538 1927 604 1980 de
636 1926 973 1995 negotiatore
1017 1937 1111 1975 rex
1161 1920 1511 1982 constitutus,
1566 1931 1662 1987 per
1713 1928 1875 1968 xxxvi

290 2032 463 2069 annos
509 2026 732 2071 strenue
766 2030 985 2085 regnum
1019 2012 1359 2083 gubernavit,
1397 2012 1683 2063 adversum
1715 2007 1877 2059 innu-

291 2124 473 2161 meros
502 2108 767 2162 bellorum
794 2106 1070 2169 tumultus,
1095 2120 1215 2173 quze
1234 2118 1358 2157 cum
1385 2102 1578 2155 Avaris
1610 2100 1797 2171 gessit.
1823 2098 1879 2151 ln

289 2200 491 2265 quibus
530 2214 770 2268 semper,
804 2198 1060 2266 prudenti
1088 2196 1285 2249 astutia
1318 2211 1469 2256 usus,
1502 2194 1679 2247 victor
1708 2192 1878 2245 exsti-

291 2293 377 2343 tit.
441 2289 645 2343 Habuit
694 2304 907 2358 quoque
953 2288 1238 2341 duodecim
1271 2301 1337 2339 ex
1378 2298 1577 2355 genere
1632 2282 1881 2337 Winido—

290 2397 406 2433 rum
426 2396 649 2448 uxores,
689 2395 750 2434 ex
780 2382 976 2450 quibus
998 2395 1109 2432 χχιι
1138 2378 1274 2433 ﬁlios
1304 2392 1367 2431 ac
1398 2392 1464 2430 xv
1493 2376 1680 2446 genuit
1716 2375 1875 2429 ﬁlias.

922 2487 1148 2543 CAPUT
1191 2488 1257 2541 X.

287 2582 365 2635 De
392 2582 697 2635 Aduloalda
725 2580 1183 2649 Langobardorum
1210 2589 1406 2649 rege.et
1425 2580 1538 2648 ejus
1561 2595 1880 2645 successore,

700 2654 864 2722 deque
888 2650 1229 2716 Uundeberga
1260 2668 1459 2719 regum.

356 2741 693 2796 Adaloaldus
737 2752 916 2795 autem
945 2740 1187 2811 Agilulli,
1225 2741 1317 2810 qui
1356 2752 1406 2794 et
1428 2744 1546 2812 Ago
1574 2742 1750 2796 dictus
1775 2748 1879 2806 est,

288 2832 776 2902 Langobardorum
815 2835 958 2904 regis
988 2831 1147 2894 filius,
1178 2832 1316 2901 patri
1347 2833 1400 2885 in
1433 2848 1657 2901 regnum
1687 2848 1882 2887 succe-

284 2925 446 2989 dens,
477 2925 607 2978 dum
636 2926 819 2979 decem
850 2925 1011 2979 annis
1049 2939 1171 2979 eum
1195 2934 1368 2977 matre
1397 2923 1765 2978 Theudelinda
1800 2938 1883 2978 re—

284 3026 536 3084 gnasset,
569 3032 598 3067 a
627 3016 881 3084 quodam,
914 3015 1147 3069 Eusebio
1194 3014 1436 3080 nomine,
1474 3015 1565 3084 qui
1607 3015 1674 3068 ab
1713 3015 1883 3083 impe-

287 3120 474 3162 ratore
505 3106 1108 3177 Constantinopolitano
1134 3107 1203 3159 ad
1242 3121 1365 3160 eum
1396 3106 1641 3159 directus
1662 3106 1879 3175 legatus

282 3198 489 3259 fuerat,
524 3206 649 3265 post
684 3196 934 3251 balneum
972 3197 1191 3267 potione
1223 3204 1470 3265 accepta,
1504 3197 1557 3249 in
1589 3196 1880 3250 amentiam

281 3291 549 3343 vertitur.
576 3289 817 3359 Cumque
847 3289 1014 3359 ipsius
1054 3288 1212 3357 legati
1246 3287 1713 3356 persuasionibus,
1745 3288 1882 3343 duo-

284 3381 467 3435 decim
495 3380 978 3449 Longobardorum
1010 3380 1302 3449 optimates
1328 3380 1582 3448 jussisset
1605 3380 1823 3449 perimi,
1852 3394 1883 3433 a

284 3474 511 3527 czctcris
546 3489 713 3543 regno
737 3471 977 3542 pellitur.
1029 3471 1085 3524 In
1138 3470 1292 3538 cujus
1322 3471 1521 3535 locum,
1565 3469 1883 3524 Arioaldum

286 3564 682 3617 'l‘aurinatium
725 3567 935 3625 ducetn,
979 3562 1065 3616 cui
1095 3561 1453 3630 Gundeberga
1478 3559 1762 3614 Adaloaldi
1792 3574 1884 3613 re-

284 3656 371 3725 gis
430 3668 696 3723 germana
723 3654 775 3708 in
821 3652 1130 3723 conjugium
1181 3660 1535 3717 convenerat,
1591 3652 1883 3707 substitue-

284 3756 438 3798 runt.
476 3744 610 3811 Qua:
637 3744 885 3799 videlicet
918 3746 1127 3815 regina,
1168 3758 1292 3798 cum
1321 3752 1377 3799 et
1406 3744 1587 3813 specie
1610 3745 1802 3799 decora
1829 3750 1885 3797 et

287 3836 543 3889 bonitate
575 3834 800 3903 polleret
822 3836 1017 3888 mentis
1034 3836 1331 3903 praecipua,
1362 3850 1463 3889 nec
1488 3836 1763 3889 castitatis
1795 3849 1885 3888 ca-

287 3936 443 3981 reret
501 3928 710 3996 gratia,
771 3927 1003 3996 quadam
1067 3927 1155 3980 die
1204 3926 1515 3996 quemdam,
1568 3925 1881 3981 Adalulfum

286 4018 586 4082 vocabulo,
623 4034 730 4071 non
773 4019 957 4072 inlimo
988 4020 1134 4074 inter
1179 4019 1566 4091 Langobardos
1600 4029 1779 4074 ortum
1808 4020 1886 4073 lo-

286 4126 380 4174 eo,
434 4110 542 4164 sibi
590 4111 1001 4181 obsequentem,
1056 4113 1198 4181 quod
1250 4114 1467 4183 optimae
1497 4122 1642 4168 esset
1674 4112 1883 4179 formae,

289 4211 545 4272 cmperat
591 4201 833 4256 laudare.
890 4204 985 4259 llle
1047 4206 1289 4275 reginam
1339 4206 1393 4259 in
1447 4206 1530 4260 sui
1592 4214 1886 4262 autumans

287 4294 575 4348 exarsisse
602 4310 867 4360 amorem,
908 4298 977 4352 ad
1028 4311 1214 4352 aurem
1250 4299 1301 4352 ei
1352 4298 1510 4352 inﬁt:
1550 4315 1568 4348 ‹
1604 4297 1761 4365 Quia,
1795 4300 1879 4353 di-

288 4399 452 4447 cens,
506 4392 608 4437 tum
629 4384 829 4454 placuit
871 4387 1258 4444 benevolentia:
1287 4404 1466 4444 meum
1497 4397 1697 4443 statum
1728 4390 1885 4445 laude

290 4489 387 4532 tua
446 4475 666 4544 eﬁ‘erre,
712 4479 957 4547 placeat,
1009 4496 1218 4551 quaaso,
1270 4498 1356 4537 me
1400 4482 1641 4538 sodalem
1680 4492 1886 4540 stratus

289 4584 602 4626 assumere.
640 4590 661 4623 ι
698 4571 811 4627 Hoc
848 4574 1074 4629 verbum
1103 4574 1214 4640 illa,
1242 4575 1384 4630 hattd
1409 4576 1781 4645 perfunctorie
1812 4578 1886 4634 fe-

284 4677 384 4714 rcn
400 4660 532 4713 dum
564 4664 847 4730 arbitrata,
873 4666 925 4719 in
955 4667 1147 4721 faciem
1177 4668 1294 4737 ejus
1324 4669 1558 4739 exspuit.
1584 4669 1708 4736 Qui,
1740 4672 1883 4725 veri-

283 4764 394 4815 tus,
438 4751 484 4805 si
518 4752 631 4822 ipse
668 4769 779 4808 rem
806 4772 911 4811 non
950 4758 1219 4827 proderet,
1253 4760 1494 4829 reginam
1527 4772 1722 4816 cuncta
1760 4779 1886 4833 pro-

284 4845 411 4913 pala
429 4854 631 4911 turam,
653 4864 828 4918 regem
859 4851 1014 4912 adiit,
1044 4867 1295 4908 asserens
1318 4867 1397 4915 se,
1425 4853 1469 4907 si
1492 4862 1642 4907 tutus
1664 4855 1729 4907 ad
1763 4871 1888 4909 nar-

287 4941 536 4995 randum
588 4944 978 4999 concederetur
1034 4946 1201 5013 locus,
1259 4962 1373 5001 rem
1427 4948 1784 5003 necessariam
1837 4947 1887 5003 ei

287 5039 697 5086 reseraturum.
752 5032 816 5086 Et
869 5035 1149 5093 secedente
1194 5051 1320 5106 rege
1348 5051 1590 5092 seorsum
1633 5054 1755 5094 cum
1798 5051 1885 5104 eo,

288 5134 419 5144 ..ν-...ι
460 5121 727 5144 ι’-ι-;-ι.--
778 5124 930 5144 ---μυ
971 5126 1009 5144 ,ι
1107 5128 1176 5144 1⁸1
1238 5140 1271 5144 γ,
1324 5142 1349 5143 η
1417 5127 1429 5144 I
1578 5128 1618 5144 nn

2590 1930 2819 1987 CAPUT
2850 1932 2938 1986 XI.

1981 2017 2060 2073 De
2101 2019 2379 2090 Dagaberti
2426 2022 2558 2096 regis
2618 2026 3012 2096 Austrasiorum
3060 2027 3359 2096 prudentia,
3390 2039 3436 2083 et
3461 2028 3570 2083 Ra-

2518 2094 2698 2149 doaldt‘
2730 2095 3030 2151 insolentia.

2052 2199 2223 2269 Regni
2246 2202 2468 2259 Clotarii
2493 2220 2635 2260 anno
2662 2222 2774 2271 xu,
2800 2223 2920 2262 cum
2953 2208 3291 2279 Dagabertus
3322 2213 3396 2265 rei
3422 2228 3568 2267 sum-

1984 2306 2127 2344 mam
2183 2292 2235 2345 in
2284 2294 2502 2348 Austria
2534 2304 2757 2350 strenue
2809 2298 3161 2367 gubernaret,
3190 2310 3245 2353 et
3276 2304 3564 2369 quemdam

1982 2379 2319 2437 Rodoaldum
2387 2386 2688 2455 majoribus
2754 2387 2895 2457 apud
2965 2387 3281 2445 Austrasios
3337 2391 3565 2457 clarum,

1982 2472 2304 2528 adhortante
2348 2475 2664 2532 beatissimo
2694 2478 2929 2533 Arnulfo
2958 2480 3216 2549 pontiﬁce
3261 2498 3326 2536 ac
3378 2482 3569 2552 Pipino

1983 2562 2191 2632 majore
2220 2564 2432 2630 domus,
2463 2568 2761 2623 honoribus
2782 2568 3088 2633 extulisset,
3115 2571 3279 2639 erepit
3299 2571 3439 2626 idem
3464 2574 3567 2638 vir,

1983 2661 2187 2707 mutata
2217 2654 2491 2710 insaniens
2518 2668 2716 2721 mente,
2745 2659 3078 2713 iracundiam
3108 2662 3161 2715 in
3189 2677 3248 2715 se
3278 2664 3424 2733 regis
3449 2680 3570 2732 pro-

1983 2757 2202 2799 vocare.
2258 2745 2392 2801 Nam
2439 2748 2731 2816 direptioni
2773 2766 2955 2804 rerum
2994 2752 3217 2805 studens
3246 2753 3567 2819 alienarum,

1984 2835 2251 2902 superbiae
2274 2836 2486 2891 deditus
2503 2879 2517 2901 ,
2554 2838 2807 2894 elationis
2835 2842 3045 2910 plenus,
3070 2842 3247 2897 locum
3270 2845 3567 2900 detrahen-

1984 2925 2037 2979 di
2068 2926 2432 2983 inridentibus
2453 2929 2555 2983 sibi
2587 2931 2754 2985 dedit.
2785 2931 2899 2998 Qua
2926 2932 2993 2987 de
3013 2948 3177 2988 causa
3215 2946 3572 3005 exasperatus

1986 3018 2319 3087 Dagobertus
2343 3021 2650 3078 interlicere
2678 3038 2800 3078 eum
2831 3025 3173 3081 moliebatur.
3219 3027 3370 3084 Unde
3403 3030 3565 3084 terri-

1988 3119 2074 3164 tus
2103 3110 2413 3167 ltodoaldus
2443 3113 2511 3168 ad
2540 3113 2840 3170 Clotarium
2870 3130 2930 3171 se
2978 3118 3229 3187 contulit,
3270 3119 3573 3176 obsecrans

1989 3213 2045 3255 ut
2099 3218 2254 3258 suam
2308 3206 2448 3274 apud
2507 3206 2677 3261 ﬁlium
2725 3209 2891 3262 vitam
2940 3211 3192 3265 obtinere
3234 3211 3572 3282 dignaretur.

1985 3295 2278 3360 Clotarius,
2310 3296 2426 3351 viso
2446 3298 2576 3362 ﬁlio,
2606 3299 2749 3354 inter
2769 3299 2897 3365 alia,
2923 3314 2991 3353 ne
3020 3299 3353 3355 Rodoaldum
3380 3301 3572 3357 interi-

1985 3395 2158 3440 meret
2203 3397 2477 3456 precatur.
2524 3388 2861 3461 Dagobertus
2909 3392 3178 3460 promittit
3208 3407 3351 3459 eum,
3383 3394 3428 3448 si
3455 3408 3577 3464 quae

1987 3478 2126 3532 male
2156 3489 2402 3549 gesserat
2450 3482 2771 3551 corrigeret,
2821 3497 2972 3552 spem
3004 3484 3127 3537 vita:
3162 3485 3365 3539 habere
3392 3500 3573 3555 posse.

1988 3568 2094 3623 Sed
2124 3586 2249 3624 cum
2305 3571 2556 3627 Treveris
2587 3589 2693 3628 una
2742 3590 2865 3629 cum
2915 3574 3224 3646 Dagoberto
3268 3576 3577 3632 ltodoaldus

1986 3665 2327 3731 accessisset,
2360 3668 2507 3722 nulla
2547 3678 2799 3725 exstante
2835 3686 3010 3737 mora,
3036 3672 3192 3739 jussu
3238 3672 3379 3743 regis
3406 3674 3578 3742 ipsius

1985 3764 2113 3809 ante
2134 3758 2334 3810 ostium
2362 3760 2599 3814 cubiculi
2632 3760 2829 3830 regalis
2858 3777 2889 3815 a
2935 3762 3182 3818 Bertario
3209 3763 3574 3833 Scarpouensi

1986 3848 2164 3918 capite
2190 3857 2493 3907 truncatur.

2577 4032 2806 4088 CAPUT
2855 4033 2969 4088 XII.

1989 4118 2524 4199 Delpagalrertihcnm
2557 4122 2880 4199 Comatrude
2902 4126 3168 4196 coniugio,
3194 4137 3241 4180 et
3280 4145 3395 4182 cum
3426 4141 3575 4199 patre

1992 4250 1993 4253 η
2059 4190 2292 4244 Clotario
2354 4195 2761 4269 disceptatione,
2830 4214 2891 4250 uc
2959 4190 3140 4251 eorum
3208 4190 3575 4269 pacifica-lianc

2057 4278 2216 4329 super
2243 4280 2398 4333 regno
2429 4265 2739 4318 Austrusiw.

2057 4375 2218 4432 Anno
2246 4390 2360 4433 xut
2409 4389 2665 4450 regnante
2705 4378 2963 4451 Clotario,
3016 4386 3370 4457 Dagobertus,
3425 4392 3575 4444 omni

1915 4480 2183 4572 l)ornatu
2228 4472 2481 4542 cultuque
2514 4473 2664 4541 regio
2713 4474 2903 4543 fultus,
2940 4479 3093 4549 jussu
3136 4482 3306 4549 patris
3334 4479 3578 4551 Clippia-

1990 4579 2137 4630 cum,
2168 4565 2307 4619 haud
2333 4567 2517 4635 procul
2544 4568 2811 4633 Parisius,
2844 4572 3016 4626 venit.
3047 4572 3232 4648 Ibique
3262 4588 3578 4644 germanam

1991 4653 2245 4711 Sicltildis
2263 4658 2479 4728 reginae,
2504 4659 2895 4715 Gomatrudem
2921 4663 3159 4728 nomine,
3192 4664 3244 4717 in
3264 4662 3580 4737 conjugium

1989 4745 2039 4801 ei
2070 4755 2222 4816 pater
2247 4749 2488 4803 tradidit.
2522 4749 2620 4807 Die
2670 4767 2803 4806 vero
2836 4753 2995 4808 tertio
3026 4755 3360 4823 nuptiarum,
3398 4758 3584 4826 gravis

1991 4837 2136 4893 inter
2184 4848 2393 4908 patrem
2427 4855 2490 4894 ac
2535 4843 2707 4898 lilium
2743 4854 2861 4897 orta
2904 4855 2987 4898 est
3027 4846 3312 4899 dissensio.
3360 4845 3589 4904 Petebat

1990 4929 2135 4984 enim
2164 4930 2499 5000 Dagobertus
2523 4937 2679 4994 reddi
2715 4936 2817 4989 sibi
2861 4935 3146 4990 solidatam
3206 4936 3346 5004 quod
3387 4941 3458 4993 ad
3483 4942 3595 4994 Au-

1991 5022 2216 5077 strasios
2243 5025 2575 5093 pertinebat,
2611 5042 2857 5099 regnum.
2879 5026 3147 5080 Clotarius
3169 5036 3344 5078 autem
3370 5042 3583 5086 contra-

3348 5112 3428 5144 φη
3442 5136 3471 5144 ,ε
3488 5123 3514 5144 .Ι
3526 5134 3605 5144 --ις

1992 5112 2203 5144 Αἶηιιιιιιο
2286 5114 2359 5144 nn
2408 5114 2455 5144 Λῖ
2479 5118 2688 5144 un]---
2742 5131 2801 5144 ne
2851 5115 2950 5144 ΙιΛΛ
2985 5114 3280 5144 ΛΛ-κηΛιιηιιιι
