4108 5412
571 353 681 412 7⁸ῖῦ

1159 469 1385 528 CAPUT
1421 468 1552 524 Xlll.

559 589 636 643 De
668 592 903 651 Sisebodi
934 589 1064 660 regis
1108 585 1383 660 Hispania:
1412 584 1598 636 virtute
1633 590 1679 660 et
1702 578 1830 660 fide2
1860 588 1906 633 et
1942 577 2145 633 Canta-

639 648 764 721 brire
790 648 1012 731 perenni
1039 648 1362 717 subactione,
1413 667 1459 706 et
1509 653 1653 722 regni
1706 648 1997 710 Gothorum
2053 662 2148 717 per

640 738 738 789 hoc
766 732 1095 786 dilatatione.

636 842 791 915 Apud
819 838 1132 909 Hispaniam
1158 850 1222 892 ea
1263 830 1596 905 tempestate
1632 829 1883 887 humanis
1912 828 2147 885 Bcttrico

566 947 839 1009 exempto,
863 934 1158 992 Sisebodus
1190 932 1240 986 ei
1271 930 1533 986 successit
1558 929 1610 983 in
1630 924 1973 997 .regno.Qui,
2004 923 2147 978 bello

567 1042 841 1092 strenuus,
884 1023 1112 1082 consilio
1141 1023 1341 1085 bonus,
1381 1034 1446 1074 ac
1486 1032 1599 1089 prae
1623 1015 1834 1071 caeteris
1861 1012 2148 1069 retroactis

567 1120 1092 1194 Hispaniseregibus
1118 1116 1222 1171 ﬁde
1272 1121 1574 1186 promptus,
1605 1107 1974 1171 Cantabriam,
2017 1104 2146 1160 olim

567 1217 969 1275 dominantibus
1009 1211 1236 1268 Francis
1284 1221 1619 1280 possessam,
1670 1204 1771 1260 sibi
1818 1201 2141 1273 sultjugavil.

569 1315 812 1383 Denique
834 1311 943 1364 dux
980 1307 1230 1370 Francio,
1256 1305 1348 1375 qui
1379 1304 1555 1359 eidem
1599 1300 1889 1371 provincia:
1908 1299 2146 1369 aliquan-

569 1410 659 1465 diu
714 1403 948 1477 praafuit,
988 1392 1208 1483 'lributa
1246 1398 1462 1467 regibus
1506 1394 1839 1449 Francorum
1868 1389 2142 1462 persolve-

566 1504 680 1560 hat.
707 1500 824 1569 Quo
856 1480 1088 1560 mortuo,
1110 1491 1356 1550 eamdem
1386 1491 1662 1561 regionem
1687 1486 1883 1543 milites
1913 1487 2145 1554 imperas

568 1597 708 1651 toris
734 1587 1198 1660 Constantinopoli
1227 1585 1538 1647 residentis,
1561 1582 1758 1651 quibus
1779 1588 1968 1634 contra
1994 1587 2144 1633 exte-

569 1702 684 1752 ras,
719 1695 779 1738 ιιι
827 1680 1248 1753 ρι’ωὶίιιιινίιηυε,
1290 1675 1539 1730 nationes
1568 1669 1905 1728 custodiendi
1934 1667 2145 1723 limitis

569 1764 840 1851 Hispaniae
893 1785 1014 1832 erat
1079 1773 1330 1830 mandata
1369 1767 1711 1831 sollicitudo,
1768 1770 2143 1835 pcrvaserunt.

572 1877 748 1937 Hanc,
788 1881 846 1925 ut
879 1885 1022 1925 nunc
1054 1866 1421 1926 meminimus,
1452 1860 1745 1916 Sisebodus
1773 1858 1853 1913 eis
1883 1855 1932 1911 vi
1967 1856 2149 1909 abstu-

568 1967 654 2031 lit,
684 1963 987 2030 multasque
1021 1959 1183 2014 urbes
1215 1956 1517 2010 maritimas
1567 1951 1808 2021 capiens,
1855 1948 1921 2002 ad
1976 1962 2149 2003 somni

571 2075 745 2130 usque
768 2056 1053 2114 destruxit.
1084 2052 1329 2120 Cumque
1352 2051 1419 2105 ab
1450 2047 1568 2117 ejus
1594 2045 1838 2102 exercitu
1866 2041 2067 2097 milites
2091 2041 2145 2095 in

570 2153 809 2225 przefatis
848 2148 1053 2207 inventi
1081 2143 1391 2202 civitatibus
1417 2142 1901 2199 obtruncarentur,
1931 2134 2150 2188 Sisebo-

569 2251 693 2312 dus,
744 2248 832 2319 pia
876 2251 1183 2302 commotus
1234 2237 1614 2301 miseratione,
1651 2231 1840 2287 volens
1861 2228 2151 2299 plerosque

570 2340 783 2409 eripere
812 2335 954 2400 neci,
980 2333 1046 2388 ad
1073 2346 1133 2388 se
1154 2326 1498 2399 confugiendi
1549 2323 1800 2377 ﬁduciam
1825 2319 1993 2373 dabat
2025 2330 2149 2370 eos-

571 2405 824 2501 demque,
868 2425 1105 2498 pollicita
1143 2420 1488 2493 impunitate,
1524 2424 1583 2470 ut
1622 2413 1724 2468 sibi
1755 2410 1879 2480 fuga
1908 2405 2154 2464 consule-

571 2531 695 2578 rent
719 2496 1069 2577 hortabatur.
1099 2512 1568 2585 lngemiscensque
1602 2503 1825 2559 aiebat:
1861 2517 1880 2551 ι
1918 2497 2012 2552 Vae
2038 2496 2143 2549 mi-

570 2615 630 2669 hi
654 2613 873 2673 misero,
893 2607 1045 2676 cujus
1071 2604 1219 2676 regni
1250 2597 1584 2669 temporibus
1608 2603 1754 2649 tanta
1784 2588 2004 2645 humani
2026 2602 2154 2642 san.

573 2703 755 2777 guinis
779 2696 1079 2756 lltelIusio!
1120 2713 1139 2747 ι
1172 2692 1469 2747 Dilatatum
1496 2686 1678 2755 itaque
1722 2688 1808 2735 est
1853 2678 2155 2734 Gothorum

577 2768 890 2866 ilispaniam
949 2785 1302 2846 incolentium
1349 2792 1586 2851 regnum
1635 2788 1732 2844 per
1763 2770 1944 2826 littora
1989 2768 2156 2822 maris

574 2904 745 2961 usque
776 2887 843 2941 ad
871 2880 1116 2956 Pyrenaei
1142 2879 1272 2949 juga
1295 2871 1519 2930 montis.

1157 3028 1386 3088 CAPUT
1420 3025 1560 3082 XIV.

1620 349 1876 406 AWOINI
1914 345 2217 402 MONACﬂl
2255 340 2752 399 FLOMACENSIS

2170 471 2218 526 Α
2251 460 2407 529 regis.
2443 460 2495 512 in
2537 457 2759 513 basilica
2786 456 2969 513 Sancti
3018 458 3254 516 Ἀθᾶνάί
3295 461 3632 529 Suessionis,
3668 456 3836 530 atque"

3731 334 3850 463 τις

2251 550 2439 608 Sancti
2472 550 2739 608 Vincentii
2772 549 3035 612 Parisius,
3086 551 3465 624 jusjurandum
3502 556 3837 626 prebuisset

2250 643 2425 700 nullas
2456 658 2516 697 se
2558 641 2782 697 insidias
2813 643 2922 712 regi
2970 644 3403 700 machinaturum
3429 685 3445 710 ,
3497 662 3680 717 neque
3756 651 3837 702 sic

2248 733 2297 790 ei
2374 732 2509 787 ﬁdes
2567 732 2960 797 adhiberetur,
3023 735 3365 804 compellitur
3413 753 3444 792 a
3507 741 3859 795 memoratis

2249 822 2382 877 viris
2427 822 2480 877 in
2537 822 2768 879 ecclesia
2826 822 3014 880 Sancti
3062 825 3259 881 Aniani
3293 829 3641 898 Aurelianis,
3695 847 3831 887 nec-

2249 930 2358 970 non
2414 914 2598 971 Sancti
2667 914 2882 974 Martini
2928 917 3193 982 Turonis.
3244 922 3433 979 eadem
3491 925 3696 981 iterare
3733 940 3828 983 sa-

2249 1016 2547 1063 cramenta.
2597 1008 2842 1079 Cumque
2900 1010 3168 1067 voluntati
3233 1015 3397 1085 regite
3440 1020 3829 1077 satisfacturos

2251 1098 2316 1153 ad
2334 1097 2448 1168 jam
2479 1098 2621 1153 dicta
2651 1110 2973 1169 properaret
3000 1100 3140 1169 loca,
3164 1103 3375 1160 insidiis
3400 1122 3825 1166 memoratarum

2248 1188 2514 1253 virorum,
2555 1205 2679 1259 rege
2709 1191 2761 1246 id
2793 1206 2899 1244 non
2927 1191 3215 1260 abnuente,
3243 1197 3384 1265 apud
3404 1196 3734 1255 Carnotinos
3773 1202 3825 1257 in

2246 1281 2496 1336 convivio
2537 1297 2661 1337 cum
2700 1281 2949 1351 plurimis
2984 1298 3230 1351 suorum,
3271 1302 3576 1357 repugnare
3606 1292 3826 1360 quidem

2247 1372 2566 1439 volentium,
2596 1376 2693 1430 sed
2729 1372 2952 1428 minime
2978 1374 3296 1445 valentium,
3322 1377 3826 1450 uefandissimeju-

2247 1463 2485 1535 gulatur.
3394 1522 3397 1525 ν

2318 1558 2395 1611 Eo
2427 1570 2569 1611 anno
2593 1555 2867 1615 Palladius
2888 1557 3134 1628 quidam,
3156 1559 3381 1630 ejusque
3408 1560 3550 1618 ﬁlius
3582 1563 3830 1625 Sedocus

2245 1648 2575 1704 Tolosatium
2607 1648 2912 1718 episcopus,
2939 1648 3225 1705 incusante
3248 1652 3476 1723 Aynano
3496 1656 3655 1722 duce,
3681 1662 3828 1729 quod

2246 1740 2560 1805 rebellionis
2588 1738 2917 1797 Wascunum
2942 1737 3178 1796 fuissent
3203 1745 3429 1809 conscii,
3462 1746 3523 1801 in
3568 1751 3827 1806 exsilium

2174 1803 2222 1863 Β
2251 1833 2564 1886 truduntur.
2590 1830 2732 1885 Boso
2752 1829 2914 1885 etiam
2934 1829 3215 1887 Audoleuo
3234 1842 3389 1902 patre
3412 1803 3825 1905 genitus,

2252 1938 2387 1992 gena
2442 1920 2811 1991 Stampensis,
2857 1936 2926 1976 ex
2980 1934 3253 1993 praecepto
3290 1923 3536 1991 Cl0tarii,
3577 1939 3827 2000 stuprum

2251 2030 2374 2069 cum
2403 2014 2587 2083 regina
2616 2011 2858 2081 Sichilde
2889 2013 3244 2070 commissum
3286 2016 3337 2071 ei
3386 2020 3714 2089 reputantis,
3759 2024 3830 2078 ab

2250 2108 2562 2165 Arueberdo
2597 2108 2923 2166 interﬁcitur
2941 2110 3099 2165 duce.

2851 2242 3079 2299 CAPUT
3117 2242 3234 2300 XV.

2253 2353 2331 2410 De
2364 2370 2659 2440 successore
2711 2352 2988 2440 Warnarii
3030 2356 3267 2427 praifecti
3318 2357 3456 2411 culte
3506 2359 3830 2432 Burgundice

2322 2425 2734 2508 perillotaritfnt
2759 2435 2806 2478 et
2843 2425 3048 2508 regulos
3073 2443 3136 2508 ac_
3164 2442 3402 2508 proceres
3446 2431 3594 2508 regni
3618 2425 3831 2486 conss!-

2328 2497 2482 2556 talio.
2507 2505 2557 2549 et
2582 2495 2834 2549 seditione
2864 2498 3046 2551 oborta
3079 2499 3144 2550 ob
3200 2500 3398 2551 aedem
3439 2495 3713 2555 Hermarii
3764 2505 3828 2557 ab

2325 2566 2567 2636 Agiuauo
2594 2566 2816 2636 factam.

2324 2683 2598 2739 Clotarius
2649 2691 2831 2737 autem
2887 2683 3223 2753 potentiores
3273 2696 3463 2740 omnes
3503 2688 3830 2757 optimatum

2255 2773 2576 2844 Burgundia:
2602 2771 2803 2827 Trecas
2822 2773 3115 2829 convenire
3135 2772 3353 2842 iubens,
3399 2776 3467 2830 de
3516 2791 3832 2833 successore

2257 2865 2530 2921 Warnarii
2558 2881 2680 2920 cum
2715 2866 2796 2921 eis
2824 2866 3038 2935 agebat,
3069 2866 3335 2921 sollicitus
3357 2875 3640 2924 scrutator
3667 2885 3831 2939 quem

2256 2961 2455 3014 Vellent
2473 2968 2739 3014 rectorem
2769 2958 3010 3028 palatiia
3035 2972 3163 3029 rege
3188 2958 3290 3014 sibi
3321 2959 3539 3029 praeﬁci.
3571 2960 3683 3015 Illis
3707 2977 3833 3031 por-

2256 3051 2649 3106 rodicentibus
2699 3049 2897 3105 nullius
2930 3059 3129 3119 praeter
3172 3049 3264 3106 Dei
3311 3058 3367 3104 et
3394 3052 3537 3122 regis
3578 3067 3641 3107 se
3698 3053 3836 3109 velle

579 3157 657 3211 οε
685 3153 961 3210 ῑνητηατίί
1000 3159 1166 3203 ⁷³⁸0⁸⁸⁸⁸
1207 3156 1253 3199 σι
1299 3140 1512 3215 inm“!
1549 3134 1739 3190 σοάίηί
1765 3130 1862 3215 If!“
1891 3126 2153 3215 εῙῖηἙΫΪΤι
2181 3142 2227 3207 C
2257 3144 2367 3215 pati
2416 3142 2737 3207 dominium,
2792 3156 2887 3196 rex
2938 3150 3218 3212 gratanter
3247 3144 3410 3199 verba
3439 3159 3629 3200 eorum
3660 3146 3835 3201 susci-

648 3241 865 3280 noverra
896 3240 992 3275 sua
1025 3202 1240 3287 nuptiis,
1273 3225 1319 3287 et
1363 3209 1595 3287 ejusdem
1617 3202 1876 3287 repudio,
1915 3207 1965 3287 ert
2004 3211 2155 3276 repit-

649 3298 809 3349 dinta:
847 3293 1025 3362 furore
1049 3263 1124 3362 ne
1156 3263 1344 3362 fraude
1366 3263 1418 3334 iit
1445 3263 1814 3362 (I'ogoiien'tmet
1843 3269 1907 3322 de
1924 3263 2154 3362 Cpgogis

649 3335 954 3437 jar-omento
983 3335 1252 3437 ﬁdelitutis
1281 3358 1337 3437 in
1373 3335 1816 3437 institisp‘tegtpllis'
1836 3335 2155 3437 prrrstau'do,

645 3405 1330 3505 ἐέὶίἑξίὲἐὲς”ἧεέξῖ”ῆὲέῇιιέ
1365 3418 1603 3475 Palladii
1632 3405 1917 3480 Sedecirjue
1948 3405 2154 3470 exsilio,

650 3495 697 3561 et
742 3495 806 3558 (ιέ
846 3500 1065 3555 Bosonis
1108 3495 1270 3551 ca'de.

649 3619 807 3672 Auno
848 3625 981 3667 mu
1011 3606 1237 3665 Clotarii
1269 3595 1815 3671 regis,Warnarius,
1847 3587 2050 3660 palatio
2072 3599 2159 3640 re-

580 3712 668 3778 ςιιὶ
698 3704 1020 3777 Burgundiae
1046 3697 1391 3771 praspositus,
1421 3693 1566 3748 diem
1595 3686 1795 3745 clausit
1824 3692 2153 3739 extremum.

580 3801 748 3868 Cujus
782 3797 934 3861 ﬁlius
958 3793 1218 3853 Godinus,
1246 3786 1411 3842 animi
1444 3781 1686 3837 vanitate
1715 3782 2040 3837 commotus,
2068 3784 2160 3825 nov

580 3904 801 3947 vercam
826 3899 980 3940 suam
1002 3881 1154 3936 duxit
1176 3891 1420 3933 uxorem.
1447 3873 1560 3940 Qua
1586 3871 1781 3926 divinae
1805 3865 1939 3935 legis
1961 3860 2159 3931 injuria

584 4000 679 4039 rex
715 3977 979 4050 impulsus
1006 3972 1275 4029 Clotarius
1296 3966 1601 4022 Aruoberto
1630 3961 1751 4015 duci
1782 3959 2014 4027 imperat
2046 3952 2157 4007 Go-

582 4076 769 4131 dinum
808 4079 868 4126 ut
894 4064 1216 4140 quantocius
1236 4060 1535 4117 interimat.
1567 4054 1811 4111 Godinus
1853 4045 2159 4103 formidinis

582 4164 1176 4239 gravaminepressus,
1215 4153 1402 4209 relicta
1446 4145 1753 4218 Burgundia
1787 4143 1840 4198 in
1880 4139 2159 4196 Austriam

583 4256 882 4318 transiens,
907 4269 939 4307 a
985 4248 1290 4319 Dagoberto
1337 4238 1781 4298 intercessionem
1822 4228 2156 4301 imploravit,

585 4361 643 4404 ut
665 4357 875 4418 patrem
915 4345 983 4398 ab
1031 4337 1382 4394 exsecutione
1437 4327 1690 4401 przecepti
1745 4319 2035 4380 severioris
2091 4316 2158 4371 ad

584 4409 831 4496 molliora
854 4433 1173 4490 inllecteret.
1189 4429 1300 4483 Nec
1322 4424 1658 4495 Dagobert'u‘s
1681 4413 2024 4474 detrectavit.
2041 4409 2161 4466 Clo-

587 4532 778 4597 tarius,
799 4541 942 4599 :rgre
965 4520 1305 4587 licet,oranti
1322 4528 1502 4573 tamen
1528 4515 1637 4569 ﬁlio
1657 4508 2157 4573 concessitut,con.
2184 4487 2235 4547 Ι)

589 4624 725 4679 tuitu
751 4619 991 4683 honoris,
1007 4630 1163 4686 quem
1177 4609 1501 4668 Warnarius
1511 4613 1662 4678 pater
1677 4599 1871 4659 Godini
1895 4603 2154 4668 gesserat,

586 4725 642 4770 et
673 4708 1081 4770 remunerandaa
1106 4703 1410 4761 sedulitatis
1436 4700 1554 4771 ejus
1584 4699 1639 4753 in
1689 4707 1868 4765 regem
1895 4700 2159 4759 suprema:

587 4807 785 4877 gratia,
802 4797 1234 4857 necis-sententia
1257 4795 1440 4865 mitiga
1451 4802 1617 4847 retur.
1631 4786 1706 4842 Ea
1725 4783 1977 4840 videlicet
1995 4776 2161 4833 ratio-

591 4910 726 4952 neut
739 4893 983 4952 Godinus
996 4903 1242 4949 uxorem,
1258 4900 1420 4957 quam
1440 4888 1629 4938 contra
1653 4888 1917 4932 canonum
1941 4871 2158 4927 decreta

588 4991 841 5050 duxerat,
883 4982 1161 5052 abjieeret.
1198 4978 1311 5044 Qua
1339 4972 1620 5044 repudiata
1664 4959 2161 5033 acceptaquevitte

590 5049 901 5120 eomsrilnln-
929 5049 1296 5120 Ilurcundiam
1325 5063 1562 5120 reoetiit.
1595 5060 1702 5114 Sed
1742 5055 1958 5116 mulier,
1989 5049 2161 5105 multo

2257 3238 2430 3309 piens,
2454 3235 2723 3291 desiderio
2747 3246 2962 3305 quoque
2986 3236 3272 3292 satisfecit.

2325 3330 2485 3384 Anno
2539 3342 2665 3382 mv
2722 3327 2872 3397 regni
2922 3327 3184 3393 Clotarii,
3243 3326 3476 3384 ﬁliorum
3539 3328 3686 3400 regis
3737 3344 3836 3385 seu

2258 3423 2666 3495 proximorum,
2717 3419 3008 3493 praesulum
3060 3434 3277 3492 quoque
3332 3421 3518 3478 Gallia:
3571 3422 3835 3493 Clippiaci

2258 3518 2545 3576 concilium
2590 3524 2907 3586 congregat,
2936 3522 3015 3580 ut;
3046 3528 3383 3585 quaecunque
3406 3514 3636 3586 paciﬁca
3669 3532 3836 3586 regno

2254 3612 2346 3667 vel
2376 3611 2598 3665 utilitati
2627 3608 2883 3664 Ecclesia:
2913 3616 3300 3677 congruerent,
3325 3617 3719 3663 statuerentur.
3754 3609 3836 3662 ln-

2261 3708 2346 3759 ter
2374 3702 2640 3773 primores
2670 3699 2851 3768 itaque
2877 3695 3121 3752 Francia:
3147 3696 3241 3765 qui
3287 3707 3676 3761 convenerant,
3716 3698 3839 3767 qui-

2259 3799 2383 3855 dam
2410 3793 2722 3852 llermarius
2739 3791 3070 3862 gubernator
3085 3789 3269 3861 palatii
3288 3789 3523 3845 Ariberti
3548 3788 3641 3843 ﬁlii
3668 3791 3834 3859 regis,

2259 3890 2529 3959 simulque
2583 3886 2795 3956 bajulus
2837 3899 2868 3940 a
2902 3885 3156 3955 pueritia,
3187 3884 3432 3960 Aginano
3481 3897 3645 3953 super
3673 3899 3734 3939 se
3766 3884 3838 3938 ir-

2260 3991 2472 4049 ruente,
2523 3979 2830 4051 perimitur.
2872 3977 2924 4033 ls
2956 3985 3074 4033 erat
3117 3976 3263 4032 Saxo
3310 3990 3540 4047 genere,
3585 3992 3838 4048 unusque

2260 4089 2329 4130 ex
2374 4071 2730 4145 optimatibus
2783 4070 2920 4125 aulae
2975 4069 3157 4140 regiae.
3201 4067 3315 4136 Qua
3344 4069 3411 4123 de
3441 4067 3682 4138 re‘gravi
3714 4078 3835 4124 orta

2260 4168 2545 4229 seditione,
2599 4178 2737 4235 pene
2764 4176 2936 4233 usque
2967 4162 3035 4217 ad
3091 4170 3296 4216 mortes
3336 4160 3401 4216 lis
3436 4158 3831 4219 insurrexerat.

2260 4261 2365 4315 nisi
2403 4258 2695 4323 Clotarius,
2731 4257 2914 4329 agnita
2941 4267 3126 4321 causa,
3169 4253 3457 4309 tumultum
3484 4254 3836 4324 repressisset

2260 4353 2579 4408 auctoritate
2605 4349 2770 4421 regia.
2801 4348 2933 4402 Nam
2957 4346 3202 4418 Aginano
3224 4346 3433 4416 cupiam
3460 4345 3749 4401 secedendi
3780 4346 3833 4400 in

2265 4456 2467 4509 monte,
2501 4444 2586 4497 cui
2614 4440 2969 4496 Marcomirus
2996 4453 3194 4493 nomen
3217 4447 3317 4504 est,
3351 4436 3618 4501 attribuit,
3641 4437 3836 4506 juncto

2260 4554 2367 4595 non
2418 4548 2587 4606 parvo
2629 4538 2993 4602 pugnatorum
3037 4540 3286 4591 numero,
3318 4526 3408 4597 qui
3437 4526 3508 4589 ei,
3540 4527 3585 4580 si
3643 4526 3717 4580 ita
3749 4541 3835 4580 res

2260 4632 2521 4699 exigeret,
2545 4622 2797 4696 praesidio
2825 4620 3026 4675 forent.
3054 4616 3345 4673 Brunnlfus
3369 4616 3499 4671 vero
3537 4614 3834 4670 avunculus

2260 4718 2519 4785 Ariberti,
2562 4715 2730 4769 frater
2759 4710 3010 4766 videlicet
3035 4707 3289 4764 Sichildis
3327 4707 3550 4777 reginae,
3608 4705 3832 4761 collecta

2261 4810 2517 4866 nobilium
2558 4817 2611 4860 et
2667 4802 2937 4857 sociorum
2978 4813 3164 4861 manu,
3218 4796 3523 4867 Aginanum
3565 4793 3834 4850 debellare

2262 4901 2524 4959 tentabat.
2569 4896 2722 4964 Quod
2775 4907 3074 4966 agnoscens
3124 4890 3427 4951 Clotarius,
3484 4887 3693 4950 leudos,
3741 4887 3831 4957 qui

2262 4994 2497 5051 maxime
2526 4987 2947 5059 indignabantur
2969 4998 3068 5055 pro
3093 4984 3277 5052 iniqua
3309 4979 3439 5035 tanti
3467 4979 3567 5034 viri
3593 4993 3744 5043 nece,
3765 4976 3833 5032 ad

2878 5081 2919 5120 ei
2947 5094 3006 5120 Gs!
3030 5079 3228 5120 halm”!
3250 5076 3302 5120 in
3324 5073 3587 5120 nﬂ‘ensnm
3616 5071 3834 5120 vellent.

2263 5106 2320 5120 ,Α
2349 5096 2532 5120 ηνηΛ-ἏΙ
2564 5082 2833 5120 οιῐῖοἷιηιιβ
