4108 5412
241 224 356 284 .m

1318 177 1634 280 HISTORIA
1680 218 2125 277 FllA‘itiOl‘tUil.
2170 220 2295 274 Llll.
2357 219 2444 274 IV.

3411 209 3522 267 τηις

250 362 348 415 gm.
370 357 518 409 κων,
567 342 839 400 Clutorius
885 357 980 397 rex
1022 343 1272 404 moritur,
1322 352 1485 412 atque
1526 341 1839 396 suburbano
1869 359 1912 413 Α
1945 341 2090 393 nium
2123 356 2330 394 summa
2367 341 2542 410 nepoti
2575 357 2672 396 siro
2701 342 3152 399 committeretur.
3185 341 3385 400 Verum
3416 340 3515 411 ibi,

253 436 518 499 l’aiisius,
546 436 600 489 in
633 434 857 488 basilica
890 433 1074 487 Sancti
1118 434 1385 488 Vincenlii
1419 432 1700 502 sepelitur.
1739 431 1835 485 llic

251 527 526 586 Clutarius
552 526 745 579 Junior
773 534 856 579 est
891 525 1211 594 appellatus,
1236 535 1456 594 propter
1492 539 1649 576 avum
1678 537 1836 575 suum

253 617 417 671 simili
491 619 751 681 nomine,
797 633 920 672 cum
989 617 1292 684 adjectinne
1351 626 1530 670 tamen
1595 615 1838 668 Seniuris

253 710 499 776 dictum;
530 711 621 779 qui
651 711 861 778 primus
888 709 1049 763 etiam
1081 710 1186 762 dici
1214 717 1413 778 potest,
1443 709 1546 762 isto
1571 693 1839 760 existente

252 805 528 864 secundo,
602 818 812 856 necnon
863 803 1228 870 subsequente
1285 801 1492 865 altero,
1533 802 1599 854 de
1633 815 1739 869 quo
1785 799 1837 852 in

249 897 648 965 posterioribus
685 895 1074 950 declarabitur.

324 984 479 1040 l-lunc
513 1001 640 1040 vero
679 986 977 1040 Clotariuin
1018 985 1207 1039 beatus
1249 983 1518 1054 Sulpicius
1546 983 1694 1053 (tunc
1721 982 1840 1050 qui-

251 1077 375 1131 dem
419 1079 858 1138 arcbidiaconus,
917 1078 1261 1147 postmodum
1316 1086 1498 1130 autem
1530 1077 1838 1130 Bituricen-

249 1167 389 1218 sium
415 1166 728 1237 episcopus)
752 1167 1015 1221 anteriori
1043 1177 1285 1236 tempore
1317 1183 1348 1221 a
1385 1167 1536 1236 gravi
1568 1167 1835 1221 liberave-

250 1269 338 1310 rat
377 1257 613 1312 febrium
649 1258 1019 1325 incommodo,
1051 1269 1259 1329 septem
1289 1260 1442 1330 prius
1471 1259 1680 1314 dierum
1711 1275 1842 1314 con-

248 1358 524 1402 summato
565 1347 796 1418 jejunio.
837 1350 959 1405 Fuit
989 1361 1169 1406 autem
1213 1352 1443 1421 patiens,
1488 1351 1686 1406 litteris
1716 1366 1839 1405 eru-

249 1438 416 1501 ditus,
473 1438 686 1492 timoris
735 1438 827 1494 Dei
879 1439 1088 1510 plenus,
1149 1443 1474 1510 pauperibus
1528 1442 1837 1496 necessaria

250 1528 518 1592 tribuens,
545 1529 899 1584 ecclesiarum
931 1530 1144 1585 Domini
1177 1540 1337 1600 atque
1361 1534 1704 1586 sacerdotum
1733 1532 1839 1585 uti-

247 1620 386 1674 litati
427 1623 745 1676 consulens.
766 1621 1145 1678 Verumtamen
1171 1623 1394 1678 subdola
1426 1622 1834 1691 malignantium

1939 434 2190 500 parandae
2233 433 2330 486 sibi
2357 435 2609 502 potentia:
2655 436 2825 504 magis
2870 435 3137 490 intentum
3171 452 3330 506 quam
3359 451 3512 490 com-

1942 525 2088 577 muni
2118 526 2255 586 usui,
2284 527 2558 589 arbitrati,
2611 535 2662 579 et
2694 529 2834 595 quod
2873 539 3017 582 esset
3073 528 3288 598 ingenio
3321 527 3517 581 remis-

1944 616 2076 679 sior,
2111 617 2489 671 declinandum
2535 619 2894 674 testiinavere.
2939 621 3275 690 Dagoberlns
3315 631 3515 683 tamen,

1937 709 2140 776 aptatis
2195 710 2417 778 potitus,
2466 711 2723 766 Brunulfo
2766 713 2978 783 dignam
3009 714 3167 768 factis
3193 712 3519 768 vicissitudi-

1942 814 2063 854 nem
2095 803 2440 870 postmodum
2464 805 2754 860 restituere
2785 806 3360 875 curavit.Compositis
3386 819 3516 858 vero

1941 905 2066 961 erga
2100 907 2158 946 se
2183 895 2364 958 rebus,
2391 905 2445 949 et
2469 897 2661 950 studiis
2687 898 2927 953 omnium
2954 901 3046 968 qui
3084 915 3198 954 rem
3225 899 3514 953 militarent

1941 984 2026 1037 vel
2073 985 2550 1052 administrabant,
2592 989 2673 1042 vel
2703 989 2848 1044 circa
2880 1006 3034 1044 suum
3070 991 3354 1061 imperium
3387 1006 3510 1044 con-

1942 1074 2239 1142 spirabant,
2307 1086 2482 1131 tactus
2531 1077 2695 1132 corde
2743 1089 2906 1147 atque
2967 1089 3213 1148 respectu
3261 1079 3518 1133 frater-mc

1939 1166 2332 1236 compassionis
2377 1171 2446 1222 ad
2489 1169 2889 1226 miserationem
2921 1170 3171 1236 inflexus,
3217 1171 3516 1227 amicorum

1943 1258 2170 1313 consilio
2227 1259 2448 1314 fratrem
2494 1275 2559 1314 ex
2611 1272 2766 1330 parte
2813 1272 3123 1316 consortem
3179 1263 3326 1333 regni
3372 1262 3516 1317 fecit.

1940 1349 2254 1420 Collataque
2284 1352 2332 1406 ei
2368 1353 2667 1422 provincia,
2693 1367 2815 1422 qum.
2841 1369 2870 1407 a
2898 1354 3013 1422 ripa
3041 1353 3254 1424 Ligeris
3284 1353 3512 1408 Wasco-

1942 1441 2084 1495 niam
2114 1458 2302 1496 versus
2333 1444 2640 1498 extenditur
2672 1459 2842 1512 usque
2865 1444 2929 1498 ad
2966 1443 3347 1516 Pyremeijuga
3372 1461 3520 1499 nion-

1943 1531 2030 1595 tis,
2054 1532 2142 1600 qui
2195 1533 2424 1587 Galliam
2458 1535 2526 1588 ab
2587 1533 2842 1603 lliSpania
2885 1534 3250 1600 disterminat,
3301 1545 3518 1605 pactum

1939 1622 2104 1675 etiam
2133 1637 2253 1676 cum
2282 1639 2347 1677 eo
2371 1624 2577 1692 scripto
2602 1625 2802 1694 pepigit
2827 1642 2840 1676 :
2881 1643 2898 1675 ι
2933 1624 3023 1689 Ut,
3055 1625 3264 1694 privato
3293 1638 3519 1680 contorr-

250 1715 494 1769 versutia
547 1717 868 1785 subreptum
908 1726 993 1771 est
1032 1716 1082 1771 ei
1127 1726 1187 1770 ut
1211 1717 1428 1771 beatum
1465 1717 1672 1787 Lupum
1714 1731 1846 1787 [ιι-ξιξ.
1879 1714 1920 1772 ll
1953 1724 2038 1768 tus
2066 1713 2272 1777 babitu,
2307 1714 2381 1767 nil
2420 1716 2652 1784 amplius
2681 1717 2749 1770 de
2773 1723 2996 1785 paterno
3027 1731 3247 1785 sperare
3298 1717 3522 1772 deberet

246 1807 418 1863 sulem
465 1807 746 1862 Senonum
786 1824 817 1862 a
869 1810 996 1863 sede
1049 1810 1268 1880 propria
1295 1809 1561 1879 explsum,
1590 1810 1641 1863 in
1688 1813 1834 1865 exsi-

241 1902 374 1956 liunt
401 1906 727 1956 retruderet.
755 1903 855 1970 Qui
882 1904 963 1956 vir
995 1911 1156 1956 tanta:
1186 1903 1495 1957 sanctitatis
1527 1903 1694 1957 fuisse
1741 1919 1838 1972 pa-

248 1992 356 2046 lam
431 2008 499 2047 ex
559 2003 836 2063 gestorum
882 1993 1101 2062 scriptis
1148 2009 1370 2048 suormn
1423 1993 1730 2048 ostenditur
1781 2003 1839 2047 ut

245 2087 482 2154 quadam
512 2087 601 2140 die
631 2086 929 2141 celebranti
960 2086 1008 2140 ei
1039 2099 1194 2139 sacra
1222 2086 1512 2140 missarum
1548 2087 1832 2148 solemnia,

237 2175 462 2230 caelitus
491 2190 704 2246 gemma
732 2176 782 2229 in
815 2186 1066 2230 sanctum
1091 2175 1340 2244 prolapsa
1364 2177 1434 2230 sit
1455 2177 1701 2231 calicem.
1734 2178 1834 2232 De-

243 2266 410 2334 nique
446 2281 541 2319 rex
567 2266 838 2335 paenitens
858 2264 1015 2330 facti,
1055 2267 1126 2320 ab
1155 2266 1351 2321 exsilio
1385 2282 1509 2322 eum
1550 2265 1712 2336 jussit
1753 2285 1838 2323 re-

242 2359 369 2412 duci
395 2367 453 2412 et
483 2359 551 2412 ad
580 2374 639 2412 se
660 2358 903 2426 perduci.
928 2357 971 2412 A
1002 2373 1110 2427 quo
1131 2358 1543 2413 commissorum
1569 2361 1836 2428 postulata

245 2451 648 2521 impetrataque
672 2451 846 2518 venia,
877 2461 1220 2505 muneratum
1239 2467 1363 2505 eum
1395 2453 1604 2506 remisit
1626 2455 1690 2507 ad
1718 2468 1834 2507 sua.

244 2541 451 2597 Beatus
489 2557 705 2613 quoque
758 2542 964 2612 Eligius
1019 2541 1232 2596 aurifex
1287 2542 1718 2612 probatissimus,
1757 2559 1839 2597 re-

246 2639 378 2694 licto
433 2639 612 2708 patrio
657 2638 988 2693 Lemovicini
1021 2639 1282 2694 territorii
1320 2639 1458 2703 solo,
1491 2640 1558 2694 ad
1586 2640 1837 2694 eumdem

242 2746 436 2802 regem
503 2731 799 2796 transiens,
850 2731 1043 2785 sellam
1095 2747 1316 2786 auream
1375 2733 1536 2802 regite
1584 2733 1838 2803 dignitati

243 2836 551 2894 congruam
607 2820 906 2876 fabricandi
954 2823 1024 2876 ab
1072 2837 1139 2876 eo
1185 2833 1512 2893 praeceptum
1559 2824 1764 2892 pariter
1788 2833 1842 2878 et

243 2929 532 2983 IlanllSZtS
555 2914 784 2984 accepit.
815 2915 880 2968 Et
905 2930 1071 2985 puras
1109 2915 1178 2969 ab
1208 2915 1354 2970 omni
1382 2916 1697 2984 cupiditatis
1722 2933 1839 2970 ma-

246 3007 367 3060 cula
389 3021 596 3076 gerens
621 3021 834 3070 manus,
862 3022 983 3076 qua:
1007 3007 1076 3061 ad
1107 3007 1265 3060 unius
1293 3006 1493 3076 opificii
1523 3020 1840 3077 susceperat

243 3116 427 3159 usum,
461 3100 537 3158 ,in
569 3099 676 3154 duo
709 3101 912 3166 divisit,
941 3109 996 3155 et
1025 3116 1186 3154 uuam
1206 3101 1423 3170 quidem
1455 3115 1558 3156 non
1593 3103 1838 3158 miinoris

246 3192 646 3262 magnitudinis
681 3207 840 3260 quam
861 3193 1047 3262 jussus
1075 3191 1288 3258 fuerat,
1325 3191 1617 3262 perfectam
1647 3195 1836 3275 reddi-

245 3283 349 3337 dit.
375 3283 535 3348 Quod
560 3299 692 3338 vcro
719 3300 782 3338 ex
817 3285 1096 3338 attributis
1125 3285 1227 3339 sibi
1260 3285 1380 3338 auri
1411 3287 1718 3355 sumptibus
1748 3303 1839 3342 su-

247 3375 472 3445 perfuit,
502 3392 571 3431 ne
598 3377 867 3446 negligens
896 3377 1170 3446 perderet,
1206 3375 1288 3430 vel
1312 3391 1422 3431 sua:
1449 3379 1840 3446 concupiscen-

245 3467 340 3521 tia:
381 3466 778 3520 satisfaciendo
830 3467 1067 3521 retinere
1115 3465 1412 3530 videretur,
1465 3467 1516 3520 in
1573 3468 1837 3522 minorem

248 3557 530 3612 conﬂavit.
595 3557 713 3624 Qua
771 3571 827 3610 re
877 3558 1133 3627 princeps
1191 3567 1512 3626 perspecta,
1559 3558 1836 3613 laudatum

250 3649 401 3703 Illum
427 3664 496 3702 ac
522 3657 947 3715 remuneratum,
987 3648 1172 3717 palatii
1203 3647 1359 3717 jubet
1392 3649 1636 3705 incolere
1669 3651 1842 3705 domi-

248 3739 397 3795 cilia.
430 3740 544 3796 Sed
574 3743 641 3795 de
669 3741 754 3795 bis
781 3740 882 3796 ista
909 3741 1202 3798 suiliciant.

829 3891 1056 3948 CAPUT
1100 3891 1262 3946 XVII.

249 3983 330 4038 De
352 3984 646 4054 Dagoberti
668 3994 780 4053 post
815 3987 1184 4040 annuntiatam
1231 3986 1331 4038 sibi
1369 3984 1597 4040 Clotor'ii
1626 3996 1842 4040 martem

319 4056 540 4116 studiis,
569 4067 614 4108 et
644 4056 871 4108 Ariberli
895 4073 955 4108 ac
975 4055 1222 4122 Brunulﬁ
1250 4068 1432 4109 contra
1447 4073 1563 4108 cum
1591 4056 1840 4124 factione,

321 4128 494 4195 deque
523 4141 801 4193 corporum
854 4125 1093 4195 Dionysii
1142 4136 1188 4178 et
1237 4127 1496 4178 sociorum
1546 4127 1843 4180 inventione

326 4195 678 4259 miraculosu,
727 4211 924 4250 necnon
960 4207 1005 4250 et
1047 4195 1369 4266 Sadregisilo
1415 4199 1586 4250 locum
1643 4205 1844 4251 terrente

322 4268 383 4320 in
411 4267 726 4335 Aquitania.

1940 1819 2124 1871 regno.
2180 1823 2198 1856 ι
2246 1804 2347 1870 Qui
2401 1805 2488 1859 tibi
2543 1817 2867 1875 potestatem
2922 1807 3146 1876 adeptus
3171 1816 3285 1871 est,
3337 1809 3516 1862 scdeir

1940 1895 2092 1964 regni
2156 1895 2405 1951 Tolosam
2458 1896 2686 1967 eligens,
2727 1913 2888 1953 sensu
2925 1914 3054 1962 non,
3102 1907 3161 1950 ut
3211 1900 3519 1968 putabatur,

1940 1987 2147 2050 tardus,
2178 2001 2364 2042 verum
2395 1998 2589 2042 natura
2613 1990 2756 2044 acris
2779 1990 2844 2044 ad
2869 1990 3116 2044 obeunda
3147 1991 3380 2059 negotia,
3409 2001 3521 2045 sta-

1940 2077 2034 2128 tim
2085 2079 2298 2146 ingcuin
2347 2095 2446 2134 suo
2496 2081 2778 2135 materiam
2831 2082 3052 2136 invenit.
3085 2080 3400 2152 (Sequenti:
3455 2097 3521 2136 ex

1939 2169 2107 2234 gestis
2139 2168 2424 2241 Dagobcrti
2456 2173 2737 2242 desumpta
2762 2214 2776 2239 ,
2801 2190 2921 2244 qua:
2969 2183 3114 2229 tomo
3143 2174 3157 2228 Ι
3209 2173 3522 2246 habentur.)

1938 2258 2095 2314 Anno
2143 2263 2286 2316 enim
2326 2279 2386 2317 ιιι
2441 2273 2725 2333 postquam
2771 2280 2999 2336 regnare
3045 2275 3304 2334 creperat,
3355 2275 3520 2320 totam

1941 2347 2245 2404 Wasconirc
2275 2361 2474 2406 terram
2501 2353 2714 2422 subegit
2736 2364 2896 2423 atque
2928 2371 3149 2425 regnum
3175 2371 3331 2411 suum
3359 2355 3523 2412 latius

1939 2433 2135 2489 effecit.
2191 2436 2451 2493 Universa
2511 2449 2692 2495 autem
2747 2442 2965 2496 Austria
3023 2459 3144 2497 cum
3187 2443 3518 2513 Bnrgnndia,

1943 2525 2192 2582 Neustria
2223 2545 2461 2601 quoque,
2495 2533 2733 2587 dominio
2771 2535 3036 2604 parebant
3068 2535 3380 2606 Dagoberti.
3410 2537 3522 2594 Cu-

1935 2615 2027 2685 jus
2057 2627 2212 2674 actus
2233 2621 2361 2674 licet
2391 2636 2420 2674 a
2454 2623 2726 2677 nonnullis
2750 2624 3043 2694 separatim
3073 2626 3265 2696 digesti
3290 2627 3526 2684 habean-

1943 2719 2242 2773 tur,tamen
2266 2728 2331 2767 ne
2359 2727 2457 2767 eos
2484 2714 2509 2766 l‘
2539 2725 2624 2768 cta
2655 2714 2770 2782 ejus
2802 2715 3026 2782 lateant,
3057 2719 3194 2788 apud
3224 2735 3361 2788 quos
3387 2736 3526 2790 prte-

1941 2800 2049 2856 fata
2079 2819 2184 2857 non
2220 2803 2496 2860 invenitur
2522 2806 2812 2875 scriptura,
2842 2823 2905 2862 ea
2949 2824 3047 2864 nos
3083 2810 3239 2865 libuit
3264 2813 3529 2882 perstrin-

1941 2905 2102 2960 gere.
2174 2893 2512 2966 Dagobertus
2579 2897 2781 2967 quippe
2854 2913 2884 2952 a
2971 2898 3214 2954 Clotario
3281 2902 3531 2972 genitore

1942 2985 2237 3040 venerabili
2294 2986 2412 3040 viro
2451 2985 2680 3040 Arnulfo
2718 2985 2941 3042 Metensi
2985 2991 3224 3058 pontilici
3277 2992 3345 3045 ad
3392 3008 3524 3046 eru-

1872 3062 1919 3126 C
1949 3076 2201 3130 diendum
2238 3078 2486 3141 traditus,
2520 3078 2767 3148 pueritia:
2799 3095 2973 3136 annos
3032 3082 3086 3136 in
3129 3083 3326 3138 studiis
3365 3099 3528 3139 exer-

1941 3172 2054 3226 cuit
2077 3171 2400 3227 litterarum.
2426 3173 2861 3228 Adolescentiam
2889 3189 3019 3229 vero
3048 3190 3205 3230 suam
3236 3179 3530 3235 venatibus

1941 3265 2124 3336 (quem
2161 3281 2364 3319 morem
2416 3264 2749 3320 Francorum
2785 3267 3120 3336 principibus
3144 3285 3285 3339 saepe
3309 3269 3402 3325 fati
3429 3287 3530 3342 su-

1941 3372 2062 3411 mus
2111 3355 2277 3412 fuisse
2315 3355 2665 3427 familiarem)
2698 3356 3087 3424 assuefacicns,
3117 3375 3283 3429 agere
3310 3376 3530 3416 cervum

1942 3449 2175 3517 quadam
2200 3449 2287 3504 die
2324 3449 2577 3503 instituit.
2619 3449 2721 3516 Qui
2761 3449 2920 3505 facile
2973 3451 3239 3508 industria
3288 3454 3533 3522 equitant

1943 3553 2006 3593 ac
2033 3539 2329 3610 sagacitate
2352 3540 2604 3595 inventus
2626 3555 2924 3606 canum,ea
2949 3541 3234 3598 velocitate
3260 3559 3366 3613 qua
3397 3544 3528 3599 illud

1944 3629 2145 3682 animal
2200 3631 2276 3684 uti
2333 3631 2636 3695 consuevit,
2671 3630 2836 3686 silvas
2876 3640 2930 3686 et
2957 3641 3190 3698 montes,
3236 3643 3291 3688 et
3321 3634 3364 3688 si
3421 3651 3530 3705 qua

1942 3723 2106 3777 etiam
2157 3739 2446 3778 occurrere
2497 3723 2715 3777 flumina
2766 3724 3070 3788 transiens,
3115 3725 3166 3778 in
3211 3725 3408 3792 vicum,
3446 3729 3532 3782 cui

1943 3813 2256 3870 Catuliacus
2271 3814 2589 3869 vocabulum
2608 3825 2718 3879 est,
2741 3831 2900 3870 cursu
2926 3815 3187 3869 defertur.
3212 3815 3268 3870 In
3296 3817 3397 3870 hoc
3417 3817 3536 3872 vico

1943 3904 2169 3959 aedicula
2199 3913 2337 3970 erat,
2359 3920 2477 3973 qua:
2499 3919 2725 3973 corpora
2759 3914 3058 3977 martyrum
3087 3905 3325 3977 Dionysii
3355 3921 3419 3960 ac
3449 3922 3533 3961 so-

1945 3997 2152 4050 ciorum
2179 3996 2295 4065 ejus
2324 3996 2556 4067 tegebat,
2587 3997 2638 4049 in
2665 4011 2827 4066 quam
2862 4012 2922 4051 se
2951 4011 3146 4051 cervus
3179 4006 3294 4051 tuto
3326 4007 3538 4068 reperto

1945 4086 2188 4157 perfugio
2226 4087 2453 4141 confert.
2495 4086 2672 4142 Canes
2714 4071 3008 4156 evestigio
3035 4103 3158 4142 eum
3201 4089 3394 4150 secuti,
3440 4106 3541 4143 nec

1948 4179 2153 4248 ingredi
2178 4178 2381 4248 apertis
2401 4177 2585 4245 jannis
2612 4176 2871 4239 valentes,
2896 4175 3135 4232 ostiatim
3167 4177 3534 4233 oblatrabani.

1944 4270 2254 4325 Adveniens
2286 4270 2638 4342 Dagobertus,
2668 4284 2783 4324 rem
2805 4268 3113 4340 spectaculo
3139 4269 3441 4323 admiratur
3462 4257 3542 4323 di-

323 4376 500 4431 Fama
558 4376 742 4446 itaque
793 4376 1025 4432 defuncti
1077 4377 1299 4432 Clotarii
1363 4378 1430 4431 ad
1481 4377 1841 4448 Dagoberium
1875 4379 2131 4469 Dtinam.
2165 4364 2451 4419 Finitimos
2494 4363 2688 4419 deinde
2725 4380 2913 4419 rumor
2959 4363 3116 4419 istius
3164 4363 3430 4427 miraculi,
3485 4377 3542 4418 et

250 4476 612 4540 pervenerat,
657 4482 811 4522 more
838 4468 1037 4536 ingenii
1064 4469 1311 4534 humani,
1337 4470 1422 4523 cui
1447 4470 1586 4524 satis
1620 4480 1727 4536 est,
1755 4470 1842 4524 ubi

249 4560 444 4630 Capita
474 4559 772 4629 acceperit,
799 4567 995 4614 castora
1022 4575 1128 4616 non
1171 4561 1470 4630 requirere.
1498 4560 1850 4630 Quapropter

253 4658 609 4728 Dagobertus
634 4657 803 4713 lectos
841 4674 870 4712 e
899 4674 1062 4730 regno
1088 4659 1500 4714 Austrasiorum
1526 4671 1664 4728 quos
1692 4656 1857 4710 fiden-

254 4749 439 4802 tiores
470 4749 690 4816 reperit,
721 4748 776 4803 in
805 4748 1106 4804 Neustriam
1139 4758 1193 4804 et.
1236 4749 1603 4820 Burgundiam
1649 4747 1854 4816 dirigit,

254 4849 322 4893 ut
348 4839 554 4892 ducum
585 4839 699 4893 sive
719 4839 1030 4908 pontificum
1065 4840 1300 4908 ipsarum
1334 4839 1576 4908 gentium
1603 4838 1706 4893 sibi
1729 4852 1855 4906 gra-

254 4935 398 4987 tiam
426 4933 717 4987 sociarent.
735 4933 789 4986 ld
813 4934 880 4986 ab
901 4932 1150 4987 munibus
1165 4948 1282 4985 cum
1304 4931 1490 4985 laetitia
1515 4941 1856 5001 susceptum,

254 5039 328 5077 eo
373 5024 521 5092 quod
569 5031 958 5094 cognoscerent
987 5039 1205 5093 regnum
1231 5023 1280 5078 ei
1309 5020 1520 5075 deberi.
1555 5021 1860 5076 ilemenses

260 5114 636 5184 Dagobeitum
683 5115 1082 5180 advenientem,
1131 5114 1289 5185 primi
1342 5111 1668 5180 suscipiunt,
1727 5110 1859 5164 inibi

257 5206 610 5278 principibus
661 5211 1083 5268 memoratarum
1137 5205 1420 5258 nationum
1471 5216 1597 5256 cum
1645 5214 1861 5258 summo

257 5299 474 5374 gaudio
498 5298 914 5354 conﬂuentibus.
941 5297 1174 5353 Ardebat
1194 5299 1506 5362 Aribertus,
1527 5297 1694 5354 frater
1718 5296 1858 5365 ejus,

302 5390 483 5412 τ·..--ει
532 5391 625 5412 -iL!
668 5389 1008 5412 ..--LI:,.A_...-.
1058 5389 1320 5412 -..-t.--_!na:
1376 5401 1654 5412 na..n-..---.-
1734 5389 1856 5412 l'l....:

615 5391 625 5412 2
668 5389 1008 5412 ..--I_I:,.A_...-.
1058 5389 1320 5412 ....-t.--_!na:
1376 5401 1654 5412 αιιιιιιηΛ----.-
1734 5389 1754 5412 Ῐ

1956 4459 2225 4529 praecipue
2282 4458 2677 4527 Dagobertum,
2737 4457 2804 4512 ad
2855 4456 3214 4512 reverentiam
3286 4455 3546 4512 sollicitat

1956 4558 2286 4606 sanctormn.
2334 4549 2600 4604 Praeterea
2631 4548 2898 4605 Clotarius
2943 4547 3231 4618 quemdam
3291 4545 3549 4618 Sadregi-

1956 4641 2114 4696 silum
2165 4640 2400 4701 nomine,
2434 4642 2596 4695 rebus
2639 4641 2737 4695 sub
2772 4655 2831 4696 se
2871 4640 3168 4694 tractandis
3204 4636 3547 4706 praefecerat,

1957 4713 2262 4804 Aquitaniae
2287 4732 2481 4786 ducatu
2506 4731 2794 4801 specialius
2817 4732 2864 4786 ei
2893 4731 3202 4784 commisso.
3236 4727 3334 4780 llic
3363 4727 3554 4798 itaque

1960 4826 2104 4897 regis
2150 4825 2315 4879 lilium
2346 4824 2596 4894 superbia
2627 4839 2730 4893 qua
2752 4820 3301 4890 tumcbat,de5picere
3324 4827 3561 4874 conten-

1961 4919 2113 4984 dens,
2146 4931 2402 4988 prospere
2424 4931 2546 4970 cum
2595 4930 2756 4985 agere
2783 4929 2887 4968 non
2913 4928 3072 4979 aequo
3101 4909 3310 4976 ferebat
3348 4911 3567 4966 animo.

1963 5008 2257 5065 Excusatio
2285 5021 2413 5060 sane
2440 5005 2836 5074 eratjuvenilis
2861 5003 3063 5066 aetatis,
3096 5015 3160 5052 ne
3196 5006 3480 5082 tumorem
3506 5015 3570 5052 ex

1963 5103 2304 5174 subjectione
2335 5099 2639 5170 principum
2677 5094 3052 5151 contraheret.
3088 5091 3247 5145 Forte
3289 5085 3579 5174 Clotariiis

1964 5173 2221 5252 venatum
2251 5190 2366 5253 ivit,
2395 5203 2458 5242 ac
2501 5203 2608 5242 non
2637 5200 2802 5257 parvo
2847 5191 3122 5234 lerl‘ﬂl‘llm
3169 5173 3348 5243 ερίηίο
3389 5191 3422 5228 ³
3461 5179 3582 5234 ml”

1963 5289 2261 5359 sejunctus,
2285 5279 2741 5351 opportunitatem
2775 5270 3008 5344 praebuit
3029 5280 3086 5323 ut
3111 5263 3410 5334 ducemﬂad
3436 5283 3584 5324 co“-

2196 5373 2520 5412 ιιρριη-ςῑιιιηι
2554 5380 2610 5412 ei
2652 5361 3013 5412 noiitumaciac
3045 5360 3427 5412 redamulum.
3470 5360 3584 5412 Da—
