4052 6324
624 310 744 374 ³171)

1708 318 1965 377 Αιιιοικι
2008 319 2312 376 MONMZIII
2355 317 2847 380 FLOIIIACENSIS
3765 328 3840 396 τε)

636 440 758 509 ipse
782 451 999 509 quoque
1026 449 1085 492 se
1118 434 1325 505 recipit.
1370 434 1495 490 Post
1530 433 1645 489 haec
1683 433 1953 491 Clotarlus
1981 437 2218 505 rediens,
2252 453 2293 511 Α
2322 437 2902 511 profantem,audtret,
2923 439 3220 508 nildicens,
3240 456 3343 513 quo
3358 447 3841 514 majortaciturnitato

640 531 798 586 ducis
830 538 1106 599 comperta
1136 527 1484 592 contumelia,
1508 542 1573 581 ex
1603 543 1663 582 se
1689 529 1871 599 genito
1894 530 2060 584 multa
2092 532 2225 586 furi-

634 622 858 676 bundus
885 619 1263 681 interntinans,
1295 618 1462 671 tuittit
1487 617 1580 687 qui
1605 633 1727 672 eum
1753 621 2107 685 accersirent,
2137 620 2222 675 di-

638 728 776 783 gnas
805 726 903 782 pro
930 709 1238 765 commissis
1273 716 1332 761 ιιι
1357 707 1532 762 lueret
1559 723 1769 778 paruas.
1806 708 2018 765 Interea
2049 710 2223 780 Dago-

645 806 819 865 IICI'IO,
867 814 1051 856 coram
1098 797 1426 868 martyribus
1475 797 1666 852 humili
1728 798 1891 853 corde
1954 807 2226 869 prostrato

634 906 939 961 somnoque
984 904 1244 962 oppresso
1271 927 1287 955 ,
1336 890 1603 944 assistens
1652 889 1871 959 quidam
1918 892 2227 946 venerando

636 982 911 1054 jucundus
956 982 1103 1037 vultu
1124 1021 1137 1046 ,
1170 994 1238 1036 ne
1279 981 1467 1036 timeat
1494 981 1685 1045 edicit;
1718 995 1951 1051 eumque
2004 997 2109 1037 non
2140 998 2226 1038 so-

640 1076 751 1131 lum
799 1075 1050 1146 przesenti
1080 1074 1354 1145 periculo,
1406 1089 1609 1129 verunt
1646 1083 1853 1129 aeterno
1885 1073 2226 1130 liberandum

642 1172 908 1244 supplicio
931 1180 985 1227 et
1013 1172 1231 1241 insuper
1260 1169 1397 1226 solio
1436 1170 1585 1239 regni
1633 1167 1942 1223 donandum
1974 1170 2226 1238 spondet,

634 1265 685 1320 SI
718 1263 1092 1320 tantummodo
1136 1262 1427 1317 memorias
1463 1260 1776 1317 COI'lIllItIelll
1825 1269 2138 1317 SﬂﬂCIOI‘Ulﬂ
2171 1277 2230 1317 SC

636 1364 891 1410 ornatum
928 1354 995 1409 iri
1047 1354 1350 1424 promittat.
1403 1350 1511 1406 Nec
1537 1350 1672 1407 fides
1708 1352 1990 1421 promissis
2035 1350 2226 1406 defuit.

641 1443 844 1514 Nempe
871 1453 928 1498 ut
952 1459 1056 1499 non
1081 1458 1217 1497 vana
1272 1442 1494 1513 (quibus
1522 1456 1664 1510 saepe
1691 1441 2056 1512 Iudilleamur)
2086 1457 2229 1496 som-

640 1535 731 1589 nia
773 1534 939 1589 fuisse
966 1534 1308 1605 intelligeret,
1341 1534 1393 1588 hi
1443 1533 1534 1604 qui
1585 1534 1732 1588 missi
1764 1534 1830 1588 ad
1856 1548 1979 1587 cum
2004 1548 2033 1587 a
2071 1548 2228 1588 sacra

630 1628 757 1682 sede
781 1626 1154 1682 abducendum
1188 1625 1423 1691 fuerant,
1447 1640 1570 1680 cum
1603 1641 1709 1678 non
1740 1624 1859 1696 plus
1899 1639 2006 1679 uno
2039 1624 2231 1678 millia-

643 1722 724 1775 rio
752 1736 780 1773 a
805 1719 1116 1774 sanctuario
1144 1719 1418 1783 abessent,
1453 1717 1703 1791 progredi
1735 1717 1914 1772 divina
1942 1716 2082 1771 ultra
2109 1732 2230 1787 pro-

2325 545 2420 586 sna
2450 531 2698 588 hostibus
2727 534 3065 589 incuteretur
3092 535 3274 603 timor,
3303 536 3578 594 celerrime
3616 540 3745 612 galea
3770 560 3843 602 nu.

2327 620 2472 674 davit
2510 629 2692 691 caput.
2726 622 2855 677 Erat
2884 624 3085 694 quippe
3130 624 3251 695 ejus
3279 629 3524 681 rtesaries
3555 629 3744 698 puhhra
3777 648 3843 689 ca.

2328 712 2461 766 nitie
2488 714 2717 777 variata,
2743 714 2796 767 in
2826 714 2978 782 cujus
3003 727 3220 789 aspectu
3244 719 3312 773 ab
3336 719 3646 776 adversariis
3666 724 3843 782 maxime

2312 800 2768 872 'dignoscebatur.
2809 803 3051 875 Denique
3082 807 3264 861 statim
3297 824 3325 860 a
3357 807 3632 864 Bcrtoaldo
3657 811 3841 882 agnitus.

2330 891 2621 963 incongrua
2648 896 2887 965 percepit
2918 911 3194 967 responsa,
3216 900 3269 953 in
3300 900 3439 956 hunc
3470 903 3669 957 modum
3693 920 3718 959 ιι
3741 918 3841 974 prr-

2330 981 2440 1036 fato
2467 985 2755 1038 contraria:
2775 986 2948 1055 partis
2973 988 3113 1042 duce
3133 988 3361 1059 prolata.
3397 1009 3417 1042 ι
3452 991 3613 1057 Tune,
3639 994 3845 1061 dixn,ltic

2328 1082 2479 1128 muta
2530 1074 2723 1128 aderas
2751 1075 2957 1131 bestia?
2990 1095 3011 1130 ι
3039 1076 3190 1132 Tunc
3214 1094 3308 1132 rex
3342 1079 3636 1150 hujusmodi
3666 1098 3846 1139 comma.

2332 1174 2417 1220 tus
2443 1167 2708 1230 convicio,
2755 1176 2811 1220 et
2844 1169 2983 1222 ultra
3011 1184 3173 1239 quam
3220 1171 3324 1225 dici
3363 1173 3529 1241 possit
3554 1176 3846 1231 cxardesccns

2330 1257 2436 1324 ira,
2466 1257 2628 1328 capiti
2653 1261 2889 1329 reposita
2915 1261 3148 1324 casside,
3181 1261 3484 1318 calcaribus
3502 1278 3682 1333 equum
3707 1280 3847 1320 versus

2330 1360 2455 1402 eum
2486 1346 2718 1417 impulit,
2761 1356 2819 1402 ut
2849 1358 3181 1406 transmeato
3218 1352 3440 1407 ﬂumine
3470 1370 3527 1410 se
3569 1356 3632 1411 de
3670 1357 3849 1412 inimic’s

2331 1439 2444 1495 suis
2491 1438 2865 1495 ulcisceretur.
2900 1441 3095 1498 Franci
3133 1444 3341 1506 itidem.
3382 1443 3574 1515 injuria
3607 1448 3737 1501 ducis
3758 1462 3847 1517 per

2332 1530 2461 1584 moti
2492 1541 2656 1601 atque
2697 1530 2816 1601 ejus
2844 1535 3095 1604 exemplo
3136 1537 3387 1602 animati,
3431 1537 3619 1593 flumen
3660 1548 3852 1594 natantes

2334 1621 2661 1689 transibant,
2695 1633 2986 1694 sequentes
3014 1640 3227 1697 regem;
3257 1628 3352 1699 qui
3382 1630 3601 1698 fugienti
3627 1630 3850 1687 Bertoald.

2334 1713 2564 1770 infestus
2590 1716 2894 1771 insistebat.
2918 1717 3258 1774 Gravabatur
3278 1736 3411 1777 sane
3441 1722 3508 1777 ad
3532 1721 3852 1792 insequendum

640 1811 898 1866 hihcnlnr
927 1812 1144 1865 virtute.
1185 1810 1429 1866 Redeunt
1460 1808 1694 1873 confusi,
1726 1809 1905 1879 eique,
1944 1824 1973 1862 a
2004 1823 2113 1878 quo
2141 1808 2223 1862 di-
2259 1797 2300 1856 Β
2330 1814 2385 1860 et
2413 1806 2652 1874 pondere
2679 1823 2977 1877 armorum,
3006 1811 3247 1881 etquod,
3272 1811 3402 1867 dum
3436 1813 3853 1869 trausnataretlltt-

642 1904 775 1958 recti
806 1910 981 1968 erant,
1009 1914 1128 1973 qua!
1154 1901 1425 1973 pertulere
1447 1902 1719 1955 nuntiant.
1748 1900 1860 1964 Ille,
1889 1916 1985 1955 eos
2016 1900 2225 1954 inet-tite

630 1994 804 2049 simul
836 2004 891 2048 et
920 1992 1256 2049 iulltlelitatis
1280 2007 1540 2064 arguens,
1580 1991 1765 2063 dirigit
1803 1990 1937 2045 alios
1961 1990 2050 2059 qui
2082 1990 2223 2059 quod

619 2086 716 2141 illi
742 2085 1095 2157 neglexerant
1116 2084 1421 2156 implerent.
1447 2083 1599 2151 Quos
1613 2083 1810 2139 similia
1835 2096 2043 2152 passos,
2068 2081 2224 2151 quasi

570 2174 579 2179 ’
626 2178 751 2239 atati
806 2177 1048 2233 fautores
1099 2177 1421 2248 despiciens,
1474 2191 1571 2246 per
1615 2174 1965 2244 semetipsum
1998 2172 2162 2227 [ilium
2196 2187 2226 2227 a

629 2267 908 2339 sepulcris
932 2266 1233 2338 martyrum
1262 2266 1497 2321 avellere
1525 2264 1750 2334 cupiens
1785 2263 1916 2317 ibat.
1941 2260 2069 2327 Sed,
2099 2261 2226 2331 quia

639 2375 747 2415 non
786 2360 966 2415 minus
992 2359 1047 2415 in
1070 2373 1224 2429 reges
1246 2372 1406 2427 quam
1432 2358 1487 2411 in
1511 2355 1646 2411 alios
1683 2353 1929 2410 homines
1961 2353 2053 2407 Dei
2082 2367 2222 2423 pra:-

630 2453 785 2508 wlct
812 2452 1079 2525 potentia,
1136 2451 1228 2522 qui
1278 2449 1415 2505 alios
1459 2454 1713 2519 arguerat
1760 2444 1965 2499 inertes
2011 2443 2071 2497 lit
2113 2444 2226 2513 ipse

622 2546 809 2602 «iners.
855 2544 1099 2599 Tandem
1130 2557 1428 2614 agnoscens
1470 2540 1672 2597 Christi
1705 2553 1768 2594 ac
1796 2553 2079 2593 servorum
2111 2536 2227 2605 ejus

640 2647 988 2710 potestatem,
1012 2637 1255 2709 indulget
1280 2635 1512 2698 veniam,
1541 2633 1758 2704 filioque
1784 2631 1921 2686 redit
1943 2630 1995 2683 in
2014 2644 2223 2700 pacem.

626 2734 866 2803 ‘Sicquc,
902 2730 1134 2786 abeundi
1166 2736 1386 2799 accepta
1422 2726 1660 2791 licentia,
1690 2724 1791 2779 aedi
1822 2724 1997 2779 beata:
2033 2735 2226 2776 succe-

640 2823 738 2888 dit,
766 2838 838 2893 _ac
868 2822 1120 2894 precibus
1151 2820 1362 2876 devotis
1410 2818 1675 2891 gloriosos
1718 2823 1987 2887 martyres
2034 2813 2102 2868 ad
2143 2812 2227 2867 sui

625 2912 957 2986 ‘suﬂ‘ragium
982 2914 1193 2970 invitat.
1240 2911 1546 2984 Dagolicrto
1577 2917 1757 2964 tamen
1790 2909 1874 2979 (ut
1901 2902 2230 2986 postea‘cla-

632 3007 776 3079 ruit)
809 2981 984 3062 nullus
1012 3004 1162 3062 locus
1185 2981 1478 3073 jucundior
1506 3001 1629 3056 fuit.
2052 2981 2112 2995 Α
2180 2983 2213 2995 ”

1214 3140 1442 3198 CAPUT
1472 3137 1656 3196 XVIII.

640 3234 721 3291 De
746 3232 1028 3305 Dugoberti
1045 3248 1171 3305 cum
1191 3229 1474 3305 Bcrtoaldo
1499 3225 1770 3305 Saxonum
1789 3225 1923 3305 duce
1942 3219 2232 3305 periculoso

710 3295 918 3376 pra'l'to,
949 3314 995 3376 et
1036 3302 1267 3376 Clutorii
1296 3300 1632 3354 subrentiane
1680 3296 1928 3366 miri/ica,
1966 3295 2233 3364 ipsiusque

713 3373 984 3429 Bcrtoaldi
1014 3373 1260 3443 fugientis
1286 3387 1427 3425 nece.

710 3470 1011 3527 Austrasiis
1041 3484 1166 3524 vero
1190 3468 1416 3524 Francis
1452 3482 1544 3522 rex
1575 3466 1850 3523 institutus
1878 3484 1909 3522 a
1934 3477 2109 3539 patre,
2135 3468 2233 3535 ad-

642 3577 831 3620 versus
854 3562 1117 3628 Saxones,
1150 3559 1242 3631 qni
1273 3559 1533 3615 rebellare
1557 3567 1921 3625 tcutaverant,
1947 3575 2095 3614 arma
2120 3576 2234 3616 uto-

645 3656 739 3723 vit,
797 3663 1276 3726 transgressusque
1314 3650 1584 3717 Rhenum,
1607 3666 1729 3705 cum
1754 3650 2037 3706 Bcrtoaldo
2060 3650 2236 3708 Saxo-

643 3767 772 3806 num
803 3750 940 3805 duce
970 3764 1144 3820 pugna
1165 3745 1477 3808 commissa,
1504 3760 1633 3799 ense
1664 3759 1953 3815 percussus
1977 3745 2026 3799 in
2048 3753 2232 3815 caput,

641 3845 854 3902 decisos
878 3858 1002 3900 cum
1031 3851 1185 3912 parte
1203 3839 1373 3910 galeae
1399 3839 1578 3894 crines
1607 3838 1743 3908 patri
1781 3853 1879 3909 per
1904 3839 2233 3910 armigerum

642 3935 827 4000 mittit,
854 3944 910 3989 et
941 3943 999 3987 ut
1027 3931 1153 3997 sibi,
1188 3938 1475 3999 antequam
1522 3939 1749 3983 cunctus
1774 3935 1993 3983 corruat
2023 3928 2234 3982 exerci-

640 4038 752 4094 tus,
799 4030 853 4082 in
899 4025 1164 4081 auxilium
1213 4029 1484 4095 properet,
1514 4021 1753 4076 mandat.
1807 4013 1970 4076 Forte
2018 4019 2235 4075 fortuna

636 4121 832 4177 adfuit.
860 4119 1130 4176 Clotarius
1158 4119 1304 4173 enim
1336 4116 1637 4172 venationis
1659 4114 1835 4187 gratia
1859 4113 2235 4187 Longolariam

640 4213 833 4269 silvam
860 4213 1112 4284 petierat.
1143 4208 1240 4265 Ubi
1271 4216 1494 4278 accepto
1515 4206 1874 4277 periculorum
1900 4204 1994 4259 lilii
2023 4204 2233 4268 nuntio.

640 4305 794 4375 gravi
818 4303 1125 4375 exagitatus
1156 4299 1362 4364 dolore,
1393 4299 1559 4369 raptis
1588 4312 1723 4368 quos
1759 4297 1812 4351 in
1838 4308 2087 4368 promptu
2137 4295 2234 4348 ha~

645 4397 1137 4467 nebatjuveuibus,
1183 4397 1253 4451 ad
1301 4395 1438 4449 alios
1464 4394 1626 4448 etiam
1672 4401 1732 4447 ut
1768 4408 1827 4448 se
1878 4401 2237 4463 sequerentur

2325 1898 2496 1960 vium,
2543 1912 2684 1967 aqua
2727 1899 2911 1955 sinum
2958 1899 3074 1969 ejus
3117 1918 3328 1961 necnon
3362 1919 3555 1962 ocreas
3599 1905 3852 1977 replerent.

2327 1991 2647 2049 Bertoaldus
2697 2002 2878 2050 tamen
2930 1998 3233 2054 recedendo
3282 1998 3553 2055 clamabat
3595 2002 3655 2056 ad
3685 2014 3851 2070 regent:

2333 2104 2351 2139 ι
2390 2085 2505 2141 Νοιι
2541 2101 2698 2157 arquo
2722 2096 2776 2142 et
2803 2088 2944 2146 bono
2985 2089 3135 2145 illum
3170 2105 3292 2147 esse
3327 2093 3614 2156 intentum,
3658 2091 3778 2163 quod
3812 2108 3855 2146 se

2326 2187 2778 2250 persequeretur;
2835 2180 2932 2237 sed
2962 2181 3075 2237 sola
3108 2183 3210 2239 hoc
3244 2194 3434 2252 ageret
3481 2184 3646 2239 laudis
3664 2183 3856 2252 cupidius

2328 2269 2539 2335 ductus,
2565 2270 2656 2339 qui
2686 2270 2817 2324 tanti
2846 2272 3211 2328 mstimaretur
3237 2283 3294 2329 ut
3323 2282 3687 2346 sequestratus
3711 2290 3735 2327 ιι
3757 2274 3853 2336 suis,

2330 2358 2540 2414 hostem
2571 2368 2719 2432 terga
2740 2360 2871 2415 dare
2901 2361 3003 2417 sibi
3035 2364 3410 2434 compelleret.
3445 2363 3725 2420 Verendum
3764 2376 3857 2416 vero

2329 2466 2398 2507 ne
2443 2452 2556 2507 lucc
2588 2466 2692 2517 res,
2728 2454 2782 2508 itt
2812 2458 3144 2510 contrarium
3174 2472 3328 2513 versa
3350 2498 3369 2523 ,
3400 2458 3572 2529 ipsum
3596 2458 3748 2529 potius
3769 2469 3856 2525 pes-

2328 2543 2611 2599 sundaret.
2648 2563 2668 2598 ι
2701 2545 2805 2601 Ista
2833 2556 3012 2602 autem
3044 2548 3170 2603 dum
3200 2549 3433 2614 diceret,
3462 2548 3639 2621 fugere
3662 2564 3750 2602 non
3774 2561 3859 2601 ees-

2328 2635 2506 2701 sabat,
2531 2645 2586 2691 et
2615 2652 2756 2708 saepe
2790 2656 2808 2689 ι
2863 2654 2924 2693 se
2969 2638 3087 2708 ejus
3114 2655 3350 2704 servum,
3405 2641 3552 2695 illum
3594 2655 3707 2695 vero
3741 2654 3857 2692 suum

2329 2722 2605 2781 fatebatur
2647 2726 2766 2783 fore
2792 2729 3091 2792 dominum,
3125 2730 3411 2801 videt-ique
3440 2731 3683 2801 injustum
3716 2740 3780 2793 ut,
3801 2729 3857 2779 rel

2329 2828 2523 2897 servus
2553 2832 2584 2872 a
2604 2806 3287 2897 clementissimodomino,
3312 2822 3402 2877 vel
3422 2822 3660 2878 dominus
3678 2836 3703 2873 ει
3724 2832 3857 2879 ξεινον

2330 2895 2457 2966 licct
2487 2911 2658 2966 invito
2685 2927 2748 2966 ac
2768 2924 2979 2977 coacto,
3007 2916 3324 2983 perimatur.
3364 2935 3385 2968 ι
3417 2915 3607 2972 Verum
3631 2914 3858 2969 Clotarius.

2331 3003 2526 3058 callide
2557 3005 2672 3059 lucc
2708 3018 2833 3059 eunt
2876 3006 3131 3076 prosequi
3157 3008 3363 3073 sciens,
3410 3023 3508 3062 nec
3535 3022 3596 3061 ea
3623 3019 3727 3075 quae
3751 3003 3860 3057 dicc-

2330 3093 2532 3149 bantur
2579 3108 2795 3159 curans,
2829 3096 3047 3149 tandem
3087 3095 3418 3165 pernicitate
3454 3097 3600 3168 equi,
3628 3110 3720 3166 quo
3746 3096 3862 3148 telu-

2337 3184 2519 3252 batur,
2551 3200 2675 3241 eum
2703 3197 2987 3243 assecutus
3008 3187 3300 3242 interemit.
3337 3187 3780 3259 Sublatoquecjus
3798 3200 3861 3238 ca-

2333 3280 2466 3348 pite,
2495 3277 2563 3332 ad
2596 3277 2763 3331 lilium
2810 3287 2864 3333 et
2913 3287 3141 3335 caeteros
3189 3279 3437 3336 Francos
3464 3281 3574 3353 (qui
3622 3279 3863 3342 tristes,eo

2332 3370 2478 3441 quod
2508 3384 2631 3425 eum
2665 3372 2925 3442 consequi
2956 3373 3263 3442 nequirent,
3296 3374 3420 3443 ejus
3453 3375 3603 3430 saluti
3650 3375 3862 3429 timentes.

2334 3470 2459 3531 post
2499 3475 2623 3517 eum
2671 3462 2771 3517 iter
2805 3478 2905 3532 pro
2951 3479 3110 3534 posse
3149 3465 3553 3535 accelerabant)
3610 3462 3863 3535 rcgteditut.

2334 3551 2569 3623 Indeque
2599 3554 2848 3609 relet’atis
2894 3555 3156 3610 maestitia
3186 3570 3380 3611 eorum
3429 3557 3635 3621 animis,
3663 3571 3749 3609 una
3772 3566 3861 3605 cunt

2332 3645 2416 3699 eis
2443 3643 2734 3700 Saxoniam
2766 3647 3060 3716 ingressus,
3094 3648 3167 3702 ita
3208 3648 3569 3720 depopulatus
3601 3656 3676 3703 est
3707 3660 3802 3701 eam
3823 3648 3863 3693 ιιι

2336 3734 2539 3789 nnlhun
2592 3735 2646 3789 in
2690 3751 2754 3790 ea
2806 3738 3076 3792 hominem
3123 3741 3397 3794 viventem
3444 3742 3764 3811 relinqueret,
3797 3733 3861 3801 qui

2336 3823 2725 3894 longitudinem
2748 3826 2956 3895 spatlne
2977 3842 3137 3896 quant
3164 3838 3290 3884 tunc
3308 3830 3454 3885 forte
3482 3831 3706 3902 gerebat,
3725 3838 3865 3882 exces-

2336 3916 2514 3971 sisset.
2546 3915 2614 3970 Et
2641 3915 2908 3973 Clotarius
2944 3921 3162 3989 quidem
3193 3923 3296 3979 hoc
3319 3922 3507 3979 taliter
3523 3925 3642 3995 egit.

2929 4098 3155 4156 CAPUT
3184 4099 3325 4157 XIX.

2339 4186 2414 4241 De
2442 4189 2728 4260 Βαροῦυηὶ
2765 4201 2878 4260 post
2903 4202 3124 4247 mortem
3162 4195 3330 4263 patris
3375 4197 3432 4249 in
3463 4191 3804 4264 Burgundt'm,
3825 4194 3865 4237 ιιι

2410 4279 2680 4335 Oppressus
2710 4265 2950 4331 erigeret,
2977 4265 3296 4332 profecMne
3336 4277 3385 4319 et
3416 4262 3609 4335 reliquit
3628 4262 3867 4335 peregrine-

2408 4343 2567 4406 ttone,
2588 4334 3007 4406 dequeejusdem
3039 4331 3311 4403 repudiata
3333 4331 3575 4406 conjuge,
3602 4331 3704 4388 cum
3733 4331 3867 4406 ναιε-

2408 4403 2443 4455 li
2471 4399 2821 4475 tttatt'intot‘tio,
2853 4415 2898 4457 et
2924 4406 2987 4455 de
3013 4399 3329 4459 consiliariis
3373 4399 3671 4475 eﬁts'bouts,
3695 4399 3865 4464 Αιιιιιιιο

644 4488 869 4543 directis
894 4486 1106 4557 legatis,
1145 4484 1297 4540 brevi
1330 4492 1571 4554 tempore
1609 4481 1824 4553 longum
1856 4483 1959 4537 iter
1985 4497 2239 4537 emensus
2268 4497 2315 4554 υ
2409 4473 2669 4541 εμὶδυορο,
2699 4470 2950 4543 Ριρμὶιιο,
2981 4486 3026 4528 et
3058 4470 3640 4546 (JItunibet-tn'episcopo

645 4596 795 4669 (nam
836 4588 893 4634 et
931 4578 1180 4634 noctibus
1219 4577 1363 4630 viam
1411 4574 1690 4645 carpebat)
1737 4574 1804 4629 ad
1856 4573 2026 4627 filium
2076 4590 2245 4643 usque

646 4664 907 4745 pervenit.
945 4672 1005 4725 Et
1034 4685 1096 4725 ea
1126 4669 1343 4740 quidem
1394 4675 1574 4732 nocte,
1606 4664 1728 4720 lixis
1762 4680 1926 4736 super
1974 4665 2241 4721 Wiseram

644 4761 867 4817 tluviunt
926 4762 1200 4841 tentoriis,
1237 4760 1580 4830 quieverunt.
1643 4755 1798 4812 Mane
1843 4764 2023 4812 autem
2077 4756 2240 4821 facto,

640 4857 774 4913 dum
825 4855 1019 4911 Franci
1056 4854 1277 4927 plausus
1312 4866 1376 4907 ac
1423 4865 1584 4906 voces
1625 4848 1823 4905 laetitia:
1864 4863 1965 4920 pro
2010 4847 2239 4903 adventu

645 4948 790 5019 regis
816 4947 1038 5004 Clotarii
1089 4946 1329 5010 ederent,
1362 4941 1682 4998 Berloaldus
1727 4939 1977 4996 Saxonis}:
2006 4937 2113 4992 dux
2146 4953 2241 4992 suo

644 5055 742 5111 per
774 5039 943 5111 ripam
962 5036 1205 5092 Iluminis
1244 5034 1488 5106 praelium
1538 5031 1877 5102 prmstolans,
1925 5030 2110 5084 audito
2152 5038 2239 5082 tn-

646 5131 842 5198 tnultu,
894 5130 1195 5199 interrogat
1246 5137 1307 5183 ut
1361 5124 1490 5197 quid
1549 5131 1731 5179 tantus
1794 5123 1848 5177 in
1905 5122 2237 5176 Francorum

674 5223 843 5278 astris
874 5222 1111 5278 oriretur
1161 5217 1448 5274 tumultus.
1498 5213 1714 5267 Dictum
1758 5220 1839 5268 est
1867 5212 1916 5266 ei
1942 5208 2237 5266 Clotaritnn

612 5383 621 5389 ρ
680 5316 931 5372 dvenissc
981 5329 1185 5386 regem,
1229 5321 1392 5382 atque
1435 5308 1505 5363 ob
1551 5307 1602 5363 id
1649 5306 1792 5362 diem
1835 5304 2031 5359 festum
2081 5319 2239 5375 agere

650 5405 907 5462 Francos.
924 5404 995 5459 At
1022 5405 1110 5461 ille
1132 5405 1199 5459 ad
1228 5404 1376 5459 hare:
1415 5419 1434 5453 ι
1454 5398 1749 5464 Falsa,ait,
1781 5411 1875 5467 spe
1896 5396 2105 5466 decepti
2129 5411 2239 5464 pra:

606 5567 613 5572 ’
649 5488 843 5553 timore
872 5497 1141 5553 desideria
1168 5494 1460 5566 .somniaut
1506 5507 1627 5547 sua.
1670 5487 1803 5544 Nam
1836 5503 2038 5559 regem,
2079 5500 2236 5557 quem

650 5607 832 5647 secum
858 5589 1201 5664 gratulantur
1233 5602 1474 5652 manere,
1503 5595 1653 5642 certa
1704 5583 1914 5639 ferente
1945 5580 2106 5644 fama,
2141 5596 2239 5635 nos

649 5694 985 5755 compertum
1008 5685 1270 5739 habemus
1292 5680 1399 5734 vita
1421 5678 1533 5748 jam
1558 5677 1892 5732 defunctum.
1926 5693 1945 5725 ι
1973 5670 2238 5728 Clotarius

648 5777 889 5833 citeriori
905 5785 1146 5832 armatus
1166 5781 1480 5846 superstans
1502 5771 1692 5840 littori,
1714 5770 1839 5824 dum
1862 5767 1984 5823 talia
2009 5763 2239 5837 superbe

2418 4564 2749 4635 Dagoberttts
2798 4574 2999 4631 autem,
3048 4582 3114 4623 eo
3151 4565 3432 4636 defuncto,
3486 4568 3641 4623 totius
3681 4562 3867 4634 regimen

2347 4664 2538 4709 nactus
2583 4654 2781 4723 gentis,
2832 4655 2886 4709 in
2928 4654 3295 4726 Burgundiam
3344 4672 3410 4713 ea
3454 4657 3697 4729 propositi
3736 4654 3870 4707 inten-

2344 4746 2491 4800 tione
2522 4747 2888 4816 proficiscitur
2915 4758 2975 4802 ut
3000 4749 3274 4819 oppressis
3316 4760 3373 4806 et
3402 4750 3710 4807 calumniam
3746 4742 3870 4799 susti-

2346 4840 2597 4896 nentibus
2636 4840 2904 4911 justitiam
2943 4848 3249 4901 exercetulo
3288 4847 3621 4903 subveniret.
3654 4844 3721 4902 Ex
3755 4840 3872 4911 cujus

2342 4932 2572 4987 adventu
2606 4935 2798 4989 liducia
2821 4935 2996 5000 bonis,
3039 4937 3386 5008 maximeque
3423 4939 3728 5010 pauperibus
3751 4940 3868 4988 orta;

2342 5025 2629 5080 seditiosos
2652 5040 2781 5081 vero
2801 5036 2963 5097 atque
2991 5028 3192 5098 rapina:
3219 5030 3477 5099 intentos,
3504 5030 3716 5086 formido
3733 5024 3875 5097 gratis

2344 5115 2661 5185 incesserat,
2700 5132 2764 5174 ac
2806 5120 3052 5189 quaedam
3092 5123 3353 5177 mentium
3398 5124 3760 5180 consternatio.
3796 5113 3872 5182 Qui

2342 5207 2431 5261 ubi
2466 5207 2732 5280 Lingonas
2772 5212 2970 5282 attigit,
3020 5218 3347 5285 pauperibus
3396 5232 3463 5271 ac
3505 5215 3670 5270 viduis
3720 5224 3770 5267 se
3803 5206 3875 5260 ad-

2340 5299 2500 5352 eundi
2534 5300 2793 5356 facultate
2840 5319 3123 5372 concessa,
3158 5307 3472 5375 unicuique,
3522 5305 3709 5375 absque
3750 5295 3875 5352 ulli“s

2340 5391 2658 5460 acceptione
2696 5408 2957 5461 personae,
2993 5397 3142 5466 quod
3181 5411 3338 5452 suum
3368 5406 3511 5463 erat,
3554 5396 3741 5468 legibus
3770 5383 3875 5446 sciti

2343 5468 2502 5549 fecit;
2554 5486 2811 5556 aequitate
2866 5498 3103 5554 servata,
3155 5503 3316 5558 quam
3366 5488 3543 5559 diligit
3598 5485 3875 5542 Altissimus
3966 5494 3967 5551 ζ

2342 5577 2470 5633 Post
2502 5578 2615 5633 lucc
2659 5577 2882 5641 Diviona
2929 5590 3168 5635 castrum
3219 5581 3368 5643 adiit,
3422 5582 3573 5650 paria
3610 5578 3781 5635 ibidem
3809 5584 3877 5623 ³ο·
3966 5582 3967 5599 ‘

2345 5683 2516 5727 turus.
2560 5671 2796 5743 Indeque
2823 5672 3118 5729 Cabillonis
3145 5676 3511 5744 profecturus,
3536 5672 3765 5727 lialncum
3788 5677 3878 5717 tua.

2344 5764 2548 5818 tutinus
2581 5762 2903 5833 ittgt'etiizttr,
2948 5764 3270 5836 praecipiens
3311 5762 3501 5837 Amalg
3539 5765 3617 5819 r10
3658 5768 3707 5817 el
3745 5756 3880 5810 Arto-
