  <div class='ocr_page' id='page_1' title='image "/cluster/home/n/w/nwhite01/storage/ocr_20150623/139/hvd.32044015471782/396.png"; bbox 0 0 4052 6324; ppageno 0'>
   <div class='ocr_carea' id='block_1_1' title="bbox 233 245 330 297">
    <p class='ocr_par' dir='ltr' id='par_1_1' title="bbox 233 245 330 297">
     <span class='ocr_line' id='line_1_1' title="bbox 233 245 330 297; baseline -0.01 0"><span class='ocrx_word' id='word_1_1' title='bbox 233 245 330 297; x_wconf 71' lang='lat'><strong>7151</strong></span> 
     </span>
    </p>
   </div>
   <div class='ocr_carea' id='block_1_2' title="bbox 1347 221 2458 286">
    <p class='ocr_par' dir='ltr' id='par_1_2' title="bbox 1347 221 2458 286">
     <span class='ocr_line' id='line_1_2' title="bbox 1347 221 2458 286; baseline -0.012 1"><span class='ocrx_word' id='word_1_2' title='bbox 1347 228 1672 286; x_wconf 74' lang='lat' dir='ltr'><strong>HlSTOllIA</strong></span> <span class='ocrx_word' id='word_1_3' title='bbox 1713 221 2160 280; x_wconf 65' lang='lat' dir='ltr'><strong>FRANCORUM.</strong></span> <span class='ocrx_word' id='word_1_4' title='bbox 2201 222 2327 278; x_wconf 85' lang='lat' dir='ltr'><strong>LIB.</strong></span> <span class='ocrx_word' id='word_1_5' title='bbox 2369 221 2458 278; x_wconf 77' lang='lat' dir='ltr'><strong>IV.</strong></span> 
     </span>
    </p>
   </div>
   <div class='ocr_carea' id='block_1_3' title="bbox 3399 211 3504 279">
    <p class='ocr_par' dir='ltr' id='par_1_3' title="bbox 3399 211 3504 279">
     <span class='ocr_line' id='line_1_3' title="bbox 3399 211 3504 279; baseline -0.01 -12"><span class='ocrx_word' id='word_1_6' title='bbox 3399 211 3504 279; x_wconf 64' lang='grc' dir='ltr'><strong>τες</strong></span> 
     </span>
    </p>
   </div>
   <div class='ocr_carea' id='block_1_4' title="bbox 232 327 3508 412">
    <p class='ocr_par' dir='ltr' id='par_1_4' title="bbox 232 327 3508 412">
     <span class='ocr_line' id='line_1_4' title="bbox 232 327 3508 412; baseline -0.007 -4"><span class='ocrx_word' id='word_1_7' title='bbox 232 355 392 408; x_wconf 82' lang='lat' dir='ltr'><strong>berlo</strong></span> <span class='ocrx_word' id='word_1_8' title='bbox 418 348 665 411; x_wconf 88' lang='lat' dir='ltr'><strong>ducibus,</strong></span> <span class='ocrx_word' id='word_1_9' title='bbox 713 343 1032 401; x_wconf 86' lang='lat' dir='ltr'><strong>Willebaldo</strong></span> <span class='ocrx_word' id='word_1_10' title='bbox 1073 359 1284 412; x_wconf 88' lang='lat' dir='ltr'><strong>quoque</strong></span> <span class='ocrx_word' id='word_1_11' title='bbox 1316 343 1560 411; x_wconf 86' lang='lat' dir='ltr'><strong>patricio,</strong></span> <span class='ocrx_word' id='word_1_12' title='bbox 1595 347 1653 392; x_wconf 90' lang='lat' dir='ltr'><strong>ut</strong></span> <span class='ocrx_word' id='word_1_13' title='bbox 1678 340 1814 392; x_wconf 82' lang='lat' dir='ltr'><strong>Bra-</strong></span> <span class='ocrx_word' id='word_1_14' title='bbox 1847 345 1889 401; x_wconf 81' lang='grc' dir='ltr'><strong>Α</strong></span> <span class='ocrx_word' id='word_1_15' title='bbox 1918 349 2128 395; x_wconf 78' lang='lat' dir='ltr'><strong>versus,</strong></span> <span class='ocrx_word' id='word_1_16' title='bbox 2151 343 2370 404; x_wconf 87' lang='lat' dir='ltr'><strong>peccata</strong></span> <span class='ocrx_word' id='word_1_17' title='bbox 2402 347 2498 388; x_wconf 90' lang='lat' dir='ltr'><strong>sna</strong></span> <span class='ocrx_word' id='word_1_18' title='bbox 2538 330 2895 402; x_wconf 85' lang='lat' dir='ltr'><strong>etecmosynis</strong></span> <span class='ocrx_word' id='word_1_19' title='bbox 2923 328 3188 386; x_wconf 88' lang='lat' dir='ltr'><strong>redimere</strong></span> <span class='ocrx_word' id='word_1_20' title='bbox 3218 327 3508 385; x_wconf 81' lang='lat' dir='ltr'><strong>deliberas-</strong></span> 
     </span>
    </p>
   </div>
   <div class='ocr_carea' id='block_1_5' title="bbox 234 430 1816 505">
    <p class='ocr_par' dir='ltr' id='par_1_5' title="bbox 234 430 1816 505">
     <span class='ocr_line' id='line_1_5' title="bbox 234 430 1816 505; baseline -0.009 -8"><span class='ocrx_word' id='word_1_21' title='bbox 234 441 474 505; x_wconf 88' lang='lat' dir='ltr'><strong>nulfum,</strong></span> <span class='ocrx_word' id='word_1_22' title='bbox 504 439 736 493; x_wconf 74' lang='lat' dir='ltr'><strong>Aribertt</strong></span> <span class='ocrx_word' id='word_1_23' title='bbox 778 437 958 490; x_wconf 83' lang='lat' dir='ltr'><strong>fratris</strong></span> <span class='ocrx_word' id='word_1_24' title='bbox 986 435 1066 490; x_wconf 86' lang='lat' dir='ltr'><strong>sui</strong></span> <span class='ocrx_word' id='word_1_25' title='bbox 1109 435 1452 496; x_wconf 79' lang='lat' dir='ltr'><strong>avunculum,</strong></span> <span class='ocrx_word' id='word_1_26' title='bbox 1484 440 1700 502; x_wconf 66' lang='lat' dir='ltr'><strong>propter</strong></span> <span class='ocrx_word' id='word_1_27' title='bbox 1731 430 1816 484; x_wconf 90' lang='lat' dir='ltr'><strong>in-</strong></span> 
     </span>
    </p>
   </div>
   <div class='ocr_carea' id='block_1_6' title="bbox 239 521 1821 596">
    <p class='ocr_par' dir='ltr' id='par_1_6' title="bbox 239 521 1821 596">
     <span class='ocr_line' id='line_1_6' title="bbox 239 521 1821 596; baseline -0.009 -9"><span class='ocrx_word' id='word_1_28' title='bbox 239 533 556 587; x_wconf 85' lang='lat' dir='ltr'><strong>fidelitatem</strong></span> <span class='ocrx_word' id='word_1_29' title='bbox 597 528 696 582; x_wconf 71' lang='lat' dir='ltr'><strong>sibi</strong></span> <span class='ocrx_word' id='word_1_30' title='bbox 736 537 1066 596; x_wconf 87' lang='lat' dir='ltr'><strong>suspectum,</strong></span> <span class='ocrx_word' id='word_1_31' title='bbox 1116 525 1499 577; x_wconf 89' lang='lat' dir='ltr'><strong>interﬁcerent.</strong></span> <span class='ocrx_word' id='word_1_32' title='bbox 1549 521 1748 574; x_wconf 79' lang='lat' dir='ltr'><strong>Deinde</strong></span> <span class='ocrx_word' id='word_1_33' title='bbox 1790 534 1821 572; x_wconf 90' lang='lat' dir='ltr'><strong>a</strong></span> 
     </span>
    </p>
   </div>
   <div class='ocr_carea' id='block_1_7' title="bbox 239 610 1822 684">
    <p class='ocr_par' dir='ltr' id='par_1_7' title="bbox 239 610 1822 684">
     <span class='ocr_line' id='line_1_7' title="bbox 239 610 1822 684; baseline -0.008 -8"><span class='ocrx_word' id='word_1_34' title='bbox 239 619 608 676; x_wconf 58' lang='lat' dir='ltr'><strong>Cabillonensi</strong></span> <span class='ocrx_word' id='word_1_35' title='bbox 639 619 791 681; x_wconf 90' lang='lat' dir='ltr'><strong>urbe,</strong></span> <span class='ocrx_word' id='word_1_36' title='bbox 821 631 917 684; x_wconf 84' lang='lat' dir='ltr'><strong>per</strong></span> <span class='ocrx_word' id='word_1_37' title='bbox 958 613 1405 682; x_wconf 80' lang='lat' dir='ltr'><strong>Augustodunun</strong></span> <span class='ocrx_word' id='word_1_38' title='bbox 1451 610 1822 664; x_wconf 85' lang='lat' dir='ltr'><strong>Antissiodoro</strong></span> 
     </span>
    </p>
   </div>
   <div class='ocr_carea' id='block_1_8' title="bbox 239 691 1827 779">
    <p class='ocr_par' dir='ltr' id='par_1_8' title="bbox 239 691 1827 779">
     <span class='ocr_line' id='line_1_8' title="bbox 239 691 1827 779; baseline -0.007 -14"><span class='ocrx_word' id='word_1_39' title='bbox 239 713 350 766; x_wconf 91' lang='lat' dir='ltr'><strong>iter</strong></span> <span class='ocrx_word' id='word_1_40' title='bbox 378 691 642 779; x_wconf 85' lang='lat' dir='ltr'><strong>dirigens;</strong></span> <span class='ocrx_word' id='word_1_41' title='bbox 670 717 806 776; x_wconf 88' lang='lat' dir='ltr'><strong>post,</strong></span> <span class='ocrx_word' id='word_1_42' title='bbox 845 721 941 775; x_wconf 88' lang='lat' dir='ltr'><strong>per</strong></span> <span class='ocrx_word' id='word_1_43' title='bbox 968 706 1240 759; x_wconf 78' lang='lat' dir='ltr'><strong>Senonum</strong></span> <span class='ocrx_word' id='word_1_44' title='bbox 1282 703 1552 756; x_wconf 88' lang='lat' dir='ltr'><strong>civitatem</strong></span> <span class='ocrx_word' id='word_1_45' title='bbox 1588 701 1827 754; x_wconf 65' lang='lat' dir='ltr'><strong>Paris‘ns</strong></span> 
     </span>
    </p>
   </div>
   <div class='ocr_carea' id='block_1_9' title="bbox 242 782 1825 858">
    <p class='ocr_par' dir='ltr' id='par_1_9' title="bbox 242 782 1825 858">
     <span class='ocr_line' id='line_1_9' title="bbox 242 782 1825 858; baseline -0.008 -3"><span class='ocrx_word' id='word_1_46' title='bbox 242 782 484 855; x_wconf 80' lang='lat' dir='ltr'><strong>devenit.</strong></span> <span class='ocrx_word' id='word_1_47' title='bbox 513 799 578 852; x_wconf 86' lang='lat' dir='ltr'><strong>Et</strong></span> <span class='ocrx_word' id='word_1_48' title='bbox 608 798 906 851; x_wconf 78' lang='lat' dir='ltr'><strong>Romiliaco</strong></span> <span class='ocrx_word' id='word_1_49' title='bbox 929 796 1046 850; x_wconf 87' lang='lat' dir='ltr'><strong>villa</strong></span> <span class='ocrx_word' id='word_1_50' title='bbox 1069 796 1418 858; x_wconf 87' lang='lat' dir='ltr'><strong>constitutus,</strong></span> <span class='ocrx_word' id='word_1_51' title='bbox 1441 791 1825 847; x_wconf 90' lang='lat' dir='ltr'><strong>Gomatrudem</strong></span> 
     </span>
    </p>
   </div>
   <div class='ocr_carea' id='block_1_10' title="bbox 241 879 1829 961">
    <p class='ocr_par' dir='ltr' id='par_1_10' title="bbox 241 879 1829 961">
     <span class='ocr_line' id='line_1_10' title="bbox 241 879 1829 961; baseline -0.008 -17"><span class='ocrx_word' id='word_1_52' title='bbox 241 893 488 961; x_wconf 83' lang='lat' dir='ltr'><strong>reginam</strong></span> <span class='ocrx_word' id='word_1_53' title='bbox 520 890 790 956; x_wconf 61' lang='lat' dir='ltr'><strong>(noverca:</strong></span> <span class='ocrx_word' id='word_1_54' title='bbox 819 903 932 940; x_wconf 73' lang='lat' dir='ltr'><strong>sute</strong></span> <span class='ocrx_word' id='word_1_55' title='bbox 957 885 1212 940; x_wconf 85' lang='lat' dir='ltr'><strong>Sichildis</strong></span> <span class='ocrx_word' id='word_1_56' title='bbox 1247 898 1555 952; x_wconf 81' lang='lat' dir='ltr'><strong>germanam</strong></span> <span class='ocrx_word' id='word_1_57' title='bbox 1563 900 1579 951; x_wconf 82' lang='grc'><strong><em>)</em></strong></span> <span class='ocrx_word' id='word_1_58' title='bbox 1601 895 1666 936; x_wconf 90' lang='lat' dir='ltr'><strong>eo</strong></span> <span class='ocrx_word' id='word_1_59' title='bbox 1687 879 1829 950; x_wconf 89' lang='lat' dir='ltr'><strong>quod</strong></span> 
     </span>
    </p>
   </div>
   <div class='ocr_carea' id='block_1_11' title="bbox 243 975 1833 1047">
    <p class='ocr_par' dir='ltr' id='par_1_11' title="bbox 243 975 1833 1047">
     <span class='ocr_line' id='line_1_11' title="bbox 243 975 1833 1047; baseline -0.006 -12"><span class='ocrx_word' id='word_1_60' title='bbox 243 991 394 1036; x_wconf 87' lang='lat' dir='ltr'><strong>esset</strong></span> <span class='ocrx_word' id='word_1_61' title='bbox 438 980 661 1044; x_wconf 86' lang='lat' dir='ltr'><strong>sterilis,</strong></span> <span class='ocrx_word' id='word_1_62' title='bbox 698 979 924 1033; x_wconf 86' lang='lat' dir='ltr'><strong>consilio</strong></span> <span class='ocrx_word' id='word_1_63' title='bbox 967 979 1322 1047; x_wconf 83' lang='lat' dir='ltr'><strong>quorumdam</strong></span> <span class='ocrx_word' id='word_1_64' title='bbox 1365 975 1694 1028; x_wconf 83' lang='lat' dir='ltr'><strong>Francorum</strong></span> <span class='ocrx_word' id='word_1_65' title='bbox 1749 987 1833 1026; x_wconf 87' lang='lat' dir='ltr'><strong>re-</strong></span> 
     </span>
    </p>
   </div>
   <div class='ocr_carea' id='block_1_12' title="bbox 244 1066 1835 1142">
    <p class='ocr_par' dir='ltr' id='par_1_12' title="bbox 244 1066 1835 1142">
     <span class='ocr_line' id='line_1_12' title="bbox 244 1066 1835 1142; baseline -0.004 -17"><span class='ocrx_word' id='word_1_66' title='bbox 244 1073 520 1142; x_wconf 89' lang='lat' dir='ltr'><strong>linquens,</strong></span> <span class='ocrx_word' id='word_1_67' title='bbox 550 1071 850 1124; x_wconf 84' lang='lat' dir='ltr'><strong>Nantildem</strong></span> <span class='ocrx_word' id='word_1_68' title='bbox 891 1068 1178 1138; x_wconf 81' lang='lat' dir='ltr'><strong>quamdam</strong></span> <span class='ocrx_word' id='word_1_69' title='bbox 1207 1066 1462 1136; x_wconf 87' lang='lat' dir='ltr'><strong>puellam,</strong></span> <span class='ocrx_word' id='word_1_70' title='bbox 1491 1081 1523 1120; x_wconf 90' lang='lat' dir='ltr'><strong>a</strong></span> <span class='ocrx_word' id='word_1_71' title='bbox 1563 1072 1835 1118; x_wconf 84' lang='lat' dir='ltr'><strong>monaste-</strong></span> 
     </span>
    </p>
   </div>
   <div class='ocr_carea' id='block_1_13' title="bbox 247 1153 1836 1231">
    <p class='ocr_par' dir='ltr' id='par_1_13' title="bbox 247 1153 1836 1231">
     <span class='ocr_line' id='line_1_13' title="bbox 247 1153 1836 1231; baseline -0.006 -15"><span class='ocrx_word' id='word_1_72' title='bbox 247 1163 332 1216; x_wconf 86' lang='lat' dir='ltr'><strong>rio</strong></span> <span class='ocrx_word' id='word_1_73' title='bbox 367 1171 594 1231; x_wconf 81' lang='lat' dir='ltr'><strong>raptam,</strong></span> <span class='ocrx_word' id='word_1_74' title='bbox 627 1163 677 1214; x_wconf 93' lang='lat' dir='ltr'><strong>in</strong></span> <span class='ocrx_word' id='word_1_75' title='bbox 725 1160 1126 1214; x_wconf 77' lang='lat' dir='ltr'><strong>matrimonium</strong></span> <span class='ocrx_word' id='word_1_76' title='bbox 1169 1156 1491 1226; x_wconf 78' lang='lat' dir='ltr'><strong>sibijunxit.</strong></span> <span class='ocrx_word' id='word_1_77' title='bbox 1540 1155 1722 1223; x_wconf 88' lang='lat' dir='ltr'><strong>Usque</strong></span> <span class='ocrx_word' id='word_1_78' title='bbox 1768 1153 1836 1207; x_wconf 89' lang='lat' dir='ltr'><strong>ad</strong></span> 
     </span>
    </p>
   </div>
   <div class='ocr_carea' id='block_1_14' title="bbox 245 1248 1838 1322">
    <p class='ocr_par' dir='ltr' id='par_1_14' title="bbox 245 1248 1838 1322">
     <span class='ocr_line' id='line_1_14' title="bbox 245 1248 1838 1322; baseline -0.004 -14"><span class='ocrx_word' id='word_1_79' title='bbox 245 1255 300 1308; x_wconf 83' lang='lat' dir='ltr'><strong>id</strong></span> <span class='ocrx_word' id='word_1_80' title='bbox 359 1254 620 1322; x_wconf 88' lang='lat' dir='ltr'><strong>temporis</strong></span> <span class='ocrx_word' id='word_1_81' title='bbox 667 1252 893 1308; x_wconf 89' lang='lat' dir='ltr'><strong>consilio</strong></span> <span class='ocrx_word' id='word_1_82' title='bbox 940 1251 1082 1304; x_wconf 82' lang='lat' dir='ltr'><strong>beati</strong></span> <span class='ocrx_word' id='word_1_83' title='bbox 1127 1251 1332 1304; x_wconf 88' lang='lat' dir='ltr'><strong>Arnulti</strong></span> <span class='ocrx_word' id='word_1_84' title='bbox 1385 1250 1636 1304; x_wconf 86' lang='lat' dir='ltr'><strong>Metensis</strong></span> <span class='ocrx_word' id='word_1_85' title='bbox 1691 1248 1838 1301; x_wconf 87' lang='lat' dir='ltr'><strong>urbis</strong></span> 
     </span>
    </p>
   </div>
   <div class='ocr_carea' id='block_1_15' title="bbox 241 1339 1838 1416">
    <p class='ocr_par' dir='ltr' id='par_1_15' title="bbox 241 1339 1838 1416">
     <span class='ocr_line' id='line_1_15' title="bbox 241 1339 1838 1416; baseline -0.006 -16"><span class='ocrx_word' id='word_1_86' title='bbox 241 1349 546 1416; x_wconf 86' lang='lat' dir='ltr'><strong>pontiﬁcis,</strong></span> <span class='ocrx_word' id='word_1_87' title='bbox 588 1361 800 1400; x_wconf 84' lang='lat' dir='ltr'><strong>necnon</strong></span> <span class='ocrx_word' id='word_1_88' title='bbox 849 1343 1080 1414; x_wconf 80' lang='lat' dir='ltr'><strong>I’ippini,</strong></span> <span class='ocrx_word' id='word_1_89' title='bbox 1129 1343 1182 1396; x_wconf 85' lang='lat' dir='ltr'><strong>in</strong></span> <span class='ocrx_word' id='word_1_90' title='bbox 1217 1358 1382 1413; x_wconf 80' lang='lat' dir='ltr'><strong>regno</strong></span> <span class='ocrx_word' id='word_1_91' title='bbox 1435 1339 1838 1414; x_wconf 80' lang='lat' dir='ltr'><strong>Austrasinrum</strong></span> 
     </span>
    </p>
   </div>
   <div class='ocr_carea' id='block_1_16' title="bbox 247 1431 1844 1508">
    <p class='ocr_par' dir='ltr' id='par_1_16' title="bbox 247 1431 1844 1508">
     <span class='ocr_line' id='line_1_16' title="bbox 247 1431 1844 1508; baseline -0.004 -17"><span class='ocrx_word' id='word_1_92' title='bbox 247 1439 480 1508; x_wconf 84' lang='lat' dir='ltr'><strong>majoris</strong></span> <span class='ocrx_word' id='word_1_93' title='bbox 525 1439 715 1492; x_wconf 89' lang='lat' dir='ltr'><strong>domus</strong></span> <span class='ocrx_word' id='word_1_94' title='bbox 741 1436 974 1491; x_wconf 84' lang='lat' dir='ltr'><strong>otIicium</strong></span> <span class='ocrx_word' id='word_1_95' title='bbox 1006 1435 1264 1504; x_wconf 79' lang='lat' dir='ltr'><strong>gerentis,</strong></span> <span class='ocrx_word' id='word_1_96' title='bbox 1316 1449 1446 1486; x_wconf 86' lang='lat' dir='ltr'><strong>usus</strong></span> <span class='ocrx_word' id='word_1_97' title='bbox 1473 1440 1576 1486; x_wconf 91' lang='lat' dir='ltr'><strong>est.</strong></span> <span class='ocrx_word' id='word_1_98' title='bbox 1615 1431 1844 1499; x_wconf 81' lang='lat' dir='ltr'><strong>Ideoque</strong></span> 
     </span>
    </p>
   </div>
   <div class='ocr_carea' id='block_1_17' title="bbox 249 1524 1844 1596">
    <p class='ocr_par' dir='ltr' id='par_1_17' title="bbox 249 1524 1844 1596">
     <span class='ocr_line' id='line_1_17' title="bbox 249 1524 1844 1596; baseline -0.004 -14"><span class='ocrx_word' id='word_1_99' title='bbox 249 1539 367 1582; x_wconf 87' lang='lat' dir='ltr'><strong>tam</strong></span> <span class='ocrx_word' id='word_1_100' title='bbox 395 1539 652 1583; x_wconf 89' lang='lat' dir='ltr'><strong>strenuus</strong></span> <span class='ocrx_word' id='word_1_101' title='bbox 681 1538 896 1596; x_wconf 89' lang='lat' dir='ltr'><strong>tamque</strong></span> <span class='ocrx_word' id='word_1_102' title='bbox 923 1525 1110 1582; x_wconf 78' lang='lat' dir='ltr'><strong>eﬂicax</strong></span> <span class='ocrx_word' id='word_1_103' title='bbox 1142 1525 1192 1579; x_wconf 92' lang='lat' dir='ltr'><strong>iu</strong></span> <span class='ocrx_word' id='word_1_104' title='bbox 1221 1524 1650 1579; x_wconf 83' lang='lat' dir='ltr'><strong>administrando</strong></span> <span class='ocrx_word' id='word_1_105' title='bbox 1681 1538 1844 1590; x_wconf 90' lang='lat' dir='ltr'><strong>appa-</strong></span> 
     </span>
    </p>
   </div>
   <div class='ocr_carea' id='block_1_18' title="bbox 249 1616 1848 1690">
    <p class='ocr_par' dir='ltr' id='par_1_18' title="bbox 249 1616 1848 1690">
     <span class='ocr_line' id='line_1_18' title="bbox 249 1616 1848 1690; baseline -0.004 -16"><span class='ocrx_word' id='word_1_106' title='bbox 249 1621 410 1674; x_wconf 87' lang='lat' dir='ltr'><strong>rebat</strong></span> <span class='ocrx_word' id='word_1_107' title='bbox 433 1637 598 1690; x_wconf 86' lang='lat' dir='ltr'><strong>regno</strong></span> <span class='ocrx_word' id='word_1_108' title='bbox 627 1628 683 1673; x_wconf 92' lang='lat' dir='ltr'><strong>ut</strong></span> <span class='ocrx_word' id='word_1_109' title='bbox 723 1619 1119 1687; x_wconf 71' lang='lat' dir='ltr'><strong>circumpositae</strong></span> <span class='ocrx_word' id='word_1_110' title='bbox 1156 1618 1402 1672; x_wconf 87' lang='lat' dir='ltr'><strong>nationes</strong></span> <span class='ocrx_word' id='word_1_111' title='bbox 1448 1616 1564 1683; x_wconf 86' lang='lat' dir='ltr'><strong>ejus</strong></span> <span class='ocrx_word' id='word_1_112' title='bbox 1595 1630 1848 1670; x_wconf 89' lang='lat' dir='ltr'><strong>vereren-</strong></span> 
     </span>
    </p>
   </div>
   <div class='ocr_carea' id='block_1_19' title="bbox 246 1694 1928 1782">
    <p class='ocr_par' dir='ltr' id='par_1_19' title="bbox 246 1694 1928 1782">
     <span class='ocr_line' id='line_1_19' title="bbox 246 1694 1928 1782; baseline -0.003 -17"><span class='ocrx_word' id='word_1_113' title='bbox 246 1721 346 1768; x_wconf 81' lang='lat' dir='ltr'><strong>tur</strong></span> <span class='ocrx_word' id='word_1_114' title='bbox 374 1729 590 1778; x_wconf 89' lang='lat' dir='ltr'><strong>nomen,</strong></span> <span class='ocrx_word' id='word_1_115' title='bbox 631 1729 836 1782; x_wconf 87' lang='lat' dir='ltr'><strong>suaque</strong></span> <span class='ocrx_word' id='word_1_116' title='bbox 867 1713 1087 1764; x_wconf 80' lang='lat' dir='ltr'><strong>&#39;auxilia</strong></span> <span class='ocrx_word' id='word_1_117' title='bbox 1145 1711 1199 1763; x_wconf 90' lang='lat' dir='ltr'><strong>in</strong></span> <span class='ocrx_word' id='word_1_118' title='bbox 1253 1707 1602 1777; x_wconf 85' lang='lat' dir='ltr'><strong>subjiciendis</strong></span> <span class='ocrx_word' id='word_1_119' title='bbox 1649 1705 1851 1760; x_wconf 77' lang='lat' dir='ltr'><strong>exteris</strong></span> <span class='ocrx_word' id='word_1_120' title='bbox 1883 1694 1928 1753; x_wconf 81' lang='grc' dir='ltr'><strong>Β</strong></span> 
     </span>
    </p>
   </div>
   <div class='ocr_carea' id='block_1_20' title="bbox 250 1800 1850 1876">
    <p class='ocr_par' dir='ltr' id='par_1_20' title="bbox 250 1800 1850 1876">
     <span class='ocr_line' id='line_1_20' title="bbox 250 1800 1850 1876; baseline -0.008 -14"><span class='ocrx_word' id='word_1_121' title='bbox 250 1807 588 1876; x_wconf 85' lang='lat' dir='ltr'><strong>sponderent</strong></span> <span class='ocrx_word' id='word_1_122' title='bbox 615 1805 863 1876; x_wconf 76' lang='lat' dir='ltr'><strong>gentib-is</strong></span> <span class='ocrx_word' id='word_1_123' title='bbox 893 1805 993 1858; x_wconf 88' lang='lat' dir='ltr'><strong>ﬁde</strong></span> <span class='ocrx_word' id='word_1_124' title='bbox 1021 1803 1444 1874; x_wconf 86' lang='lat' dir='ltr'><strong>promptissima.</strong></span> <span class='ocrx_word' id='word_1_125' title='bbox 1474 1800 1542 1854; x_wconf 81' lang='lat' dir='ltr'><strong>At</strong></span> <span class='ocrx_word' id='word_1_126' title='bbox 1573 1814 1700 1854; x_wconf 88' lang='lat' dir='ltr'><strong>vero</strong></span> <span class='ocrx_word' id='word_1_127' title='bbox 1727 1805 1850 1866; x_wconf 85' lang='lat' dir='ltr'><strong>post</strong></span> 
     </span>
    </p>
   </div>
   <div class='ocr_carea' id='block_1_21' title="bbox 249 1890 1852 1966">
    <p class='ocr_par' dir='ltr' id='par_1_21' title="bbox 249 1890 1852 1966">
     <span class='ocr_line' id='line_1_21' title="bbox 249 1890 1852 1966; baseline -0.008 -12"><span class='ocrx_word' id='word_1_128' title='bbox 249 1901 573 1954; x_wconf 81' lang='lat' dir='ltr'><strong>discessum-</strong></span> <span class='ocrx_word' id='word_1_129' title='bbox 602 1897 807 1966; x_wconf 69' lang='lat' dir='ltr'><strong>praefati</strong></span> <span class='ocrx_word' id='word_1_130' title='bbox 835 1897 1116 1959; x_wconf 83' lang='lat' dir='ltr'><strong>antistitis,</strong></span> <span class='ocrx_word' id='word_1_131' title='bbox 1150 1893 1392 1948; x_wconf 85' lang='lat' dir='ltr'><strong>consiliis</strong></span> <span class='ocrx_word' id='word_1_132' title='bbox 1417 1893 1528 1963; x_wconf 90' lang='lat' dir='ltr'><strong>jam</strong></span> <span class='ocrx_word' id='word_1_133' title='bbox 1553 1891 1684 1945; x_wconf 88' lang='lat' dir='ltr'><strong>dicti</strong></span> <span class='ocrx_word' id='word_1_134' title='bbox 1727 1890 1852 1960; x_wconf 81' lang='lat' dir='ltr'><strong>Pip-</strong></span> 
     </span>
    </p>
   </div>
   <div class='ocr_carea' id='block_1_22' title="bbox 247 1983 1849 2061">
    <p class='ocr_par' dir='ltr' id='par_1_22' title="bbox 247 1983 1849 2061">
     <span class='ocr_line' id='line_1_22' title="bbox 247 1983 1849 2061; baseline -0.007 -16"><span class='ocrx_word' id='word_1_135' title='bbox 247 1991 372 2061; x_wconf 77' lang='lat' dir='ltr'><strong>pini</strong></span> <span class='ocrx_word' id='word_1_136' title='bbox 431 1999 486 2044; x_wconf 90' lang='lat' dir='ltr'><strong>et</strong></span> <span class='ocrx_word' id='word_1_137' title='bbox 537 1989 852 2044; x_wconf 78' lang='lat' dir='ltr'><strong>Clitlniberti</strong></span> <span class='ocrx_word' id='word_1_138' title='bbox 893 1989 1042 2043; x_wconf 83' lang='lat' dir='ltr'><strong>urbis</strong></span> <span class='ocrx_word' id='word_1_139' title='bbox 1091 1987 1328 2042; x_wconf 69' lang='lat' dir='ltr'><strong>Colonia:</strong></span> <span class='ocrx_word' id='word_1_140' title='bbox 1380 1984 1624 2055; x_wconf 77' lang='lat' dir='ltr'><strong>prmsulis</strong></span> <span class='ocrx_word' id='word_1_141' title='bbox 1677 1983 1849 2037; x_wconf 87' lang='lat' dir='ltr'><strong>obau-</strong></span> 
     </span>
    </p>
   </div>
   <div class='ocr_carea' id='block_1_23' title="bbox 255 2076 1853 2153">
    <p class='ocr_par' dir='ltr' id='par_1_23' title="bbox 255 2076 1853 2153">
     <span class='ocr_line' id='line_1_23' title="bbox 255 2076 1853 2153; baseline -0.006 -17"><span class='ocrx_word' id='word_1_142' title='bbox 255 2083 440 2146; x_wconf 89' lang='lat' dir='ltr'><strong>diens,</strong></span> <span class='ocrx_word' id='word_1_143' title='bbox 471 2081 884 2153; x_wconf 83' lang='lat' dir='ltr'><strong>suggerentibus</strong></span> <span class='ocrx_word' id='word_1_144' title='bbox 903 2081 1007 2146; x_wconf 89' lang='lat' dir='ltr'><strong>eis,</strong></span> <span class='ocrx_word' id='word_1_145' title='bbox 1029 2078 1268 2150; x_wconf 66' lang='lat' dir='ltr'><strong>aequitati</strong></span> <span class='ocrx_word' id='word_1_146' title='bbox 1299 2093 1361 2132; x_wconf 90' lang='lat' dir='ltr'><strong>ac</strong></span> <span class='ocrx_word' id='word_1_147' title='bbox 1381 2076 1604 2148; x_wconf 69' lang='lat' dir='ltr'><strong>justitia:</strong></span> <span class='ocrx_word' id='word_1_148' title='bbox 1630 2088 1853 2145; x_wconf 86' lang='lat' dir='ltr'><strong>operam</strong></span> 
     </span>
    </p>
   </div>
   <div class='ocr_carea' id='block_1_24' title="bbox 251 2171 448 2228">
    <p class='ocr_par' dir='ltr' id='par_1_24' title="bbox 251 2171 448 2228">
     <span class='ocr_line' id='line_1_24' title="bbox 251 2171 448 2228; baseline -0.005 -2"><span class='ocrx_word' id='word_1_149' title='bbox 251 2171 448 2228; x_wconf 82' lang='lat' dir='ltr'><strong>dabat.</strong></span> 
     </span>
    </p>
   </div>
   <div class='ocr_carea' id='block_1_25' title="bbox 871 2373 1258 2431">
    <p class='ocr_par' dir='ltr' id='par_1_25' title="bbox 871 2373 1258 2431">
     <span class='ocr_line' id='line_1_25' title="bbox 871 2373 1258 2431; baseline -0.008 0"><span class='ocrx_word' id='word_1_150' title='bbox 871 2374 1099 2431; x_wconf 81' lang='lat' dir='ltr'><strong>CAPUT</strong></span> <span class='ocrx_word' id='word_1_151' title='bbox 1137 2373 1258 2430; x_wconf 80' lang='lat' dir='ltr'><strong>XX.</strong></span> 
     </span>
    </p>
   </div>
   <div class='ocr_carea' id='block_1_26' title="bbox 261 2443 1858 2514">
    <p class='ocr_par' dir='ltr' id='par_1_26' title="bbox 261 2443 1858 2514">
     <span class='ocr_line' id='line_1_26' title="bbox 261 2443 1858 2514; baseline 0 -17"><span class='ocrx_word' id='word_1_152' title='bbox 261 2444 343 2497; x_wconf 78' lang='lat' dir='ltr'><strong>De</strong></span> <span class='ocrx_word' id='word_1_153' title='bbox 368 2444 649 2514; x_wconf 77' lang='lat' dir='ltr'><strong>Dagoberti</strong></span> <span class='ocrx_word' id='word_1_154' title='bbox 689 2462 758 2499; x_wconf 78' lang='lat' dir='ltr'><strong>ea:</strong></span> <span class='ocrx_word' id='word_1_155' title='bbox 789 2444 1125 2510; x_wconf 74' lang='lat' dir='ltr'><strong>Ragnatrude</strong></span> <span class='ocrx_word' id='word_1_156' title='bbox 1154 2447 1285 2513; x_wconf 74' lang='lat' dir='ltr'><strong>ﬁlio,</strong></span> <span class='ocrx_word' id='word_1_157' title='bbox 1321 2445 1410 2514; x_wconf 85' lang='lat' dir='ltr'><strong>qui</strong></span> <span class='ocrx_word' id='word_1_158' title='bbox 1461 2443 1586 2498; x_wconf 83' lang='lat' dir='ltr'><strong>dum</strong></span> <span class='ocrx_word' id='word_1_159' title='bbox 1634 2461 1665 2497; x_wconf 90' lang='lat' dir='ltr'><strong>a</strong></span> <span class='ocrx_word' id='word_1_160' title='bbox 1709 2443 1858 2498; x_wconf 80' lang='lat' dir='ltr'><strong>beato</strong></span> 
     </span>
    </p>
   </div>
   <div class='ocr_carea' id='block_1_27' title="bbox 335 2515 1863 2582">
    <p class='ocr_par' dir='ltr' id='par_1_27' title="bbox 335 2515 1863 2582">
     <span class='ocr_line' id='line_1_27' title="bbox 335 2515 1863 2582; baseline -0.001 -16"><span class='ocrx_word' id='word_1_161' title='bbox 335 2516 580 2568; x_wconf 75' lang='lat' dir='ltr'><strong>Amantio</strong></span> <span class='ocrx_word' id='word_1_162' title='bbox 609 2517 961 2582; x_wconf 74' lang='lat' dir='ltr'><strong>baptizaretur</strong></span> <span class='ocrx_word' id='word_1_163' title='bbox 983 2517 1244 2582; x_wconf 76' lang='lat' dir='ltr'><strong>respondit</strong></span> <span class='ocrx_word' id='word_1_164' title='bbox 1268 2530 1286 2566; x_wconf 93' lang='lat'><strong><em>:</em></strong></span> <span class='ocrx_word' id='word_1_165' title='bbox 1312 2517 1501 2578; x_wconf 85' lang='lat' dir='ltr'><strong>Amen,</strong></span> <span class='ocrx_word' id='word_1_166' title='bbox 1528 2526 1576 2568; x_wconf 82' lang='lat' dir='ltr'><strong>et</strong></span> <span class='ocrx_word' id='word_1_167' title='bbox 1607 2525 1781 2582; x_wconf 79' lang='lat' dir='ltr'><strong>postea</strong></span> <span class='ocrx_word' id='word_1_168' title='bbox 1809 2515 1863 2566; x_wconf 83' lang='lat' dir='ltr'><strong>in</strong></span> 
     </span>
    </p>
   </div>
   <div class='ocr_carea' id='block_1_28' title="bbox 338 2585 1862 2654">
    <p class='ocr_par' dir='ltr' id='par_1_28' title="bbox 338 2585 1862 2654">
     <span class='ocr_line' id='line_1_28' title="bbox 338 2585 1862 2654; baseline -0.001 -18"><span class='ocrx_word' id='word_1_169' title='bbox 338 2587 623 2654; x_wconf 70' lang='lat' dir='ltr'><strong>avaritiae:</strong></span> <span class='ocrx_word' id='word_1_170' title='bbox 669 2586 858 2653; x_wconf 77' lang='lat' dir='ltr'><strong>{tedam</strong></span> <span class='ocrx_word' id='word_1_171' title='bbox 895 2586 1067 2653; x_wconf 77' lang='lat' dir='ltr'><strong>lapsu,</strong></span> <span class='ocrx_word' id='word_1_172' title='bbox 1097 2585 1501 2654; x_wconf 73' lang='lat' dir='ltr'><strong>apoliationeque</strong></span> <span class='ocrx_word' id='word_1_173' title='bbox 1542 2585 1718 2651; x_wconf 86' lang='lat' dir='ltr'><strong>templi</strong></span> <span class='ocrx_word' id='word_1_174' title='bbox 1757 2585 1862 2636; x_wconf 84' lang='lat' dir='ltr'><strong>divi</strong></span> 
     </span>
    </p>
   </div>
   <div class='ocr_carea' id='block_1_29' title="bbox 339 2653 1864 2726">
    <p class='ocr_par' dir='ltr' id='par_1_29' title="bbox 339 2653 1864 2726">
     <span class='ocr_line' id='line_1_29' title="bbox 339 2653 1864 2726; baseline 0 -19"><span class='ocrx_word' id='word_1_175' title='bbox 339 2653 562 2726; x_wconf 69' lang='lat' dir='ltr'><strong>Hilarii,</strong></span> <span class='ocrx_word' id='word_1_176' title='bbox 593 2673 653 2709; x_wconf 86' lang='lat' dir='ltr'><strong>ac</strong></span> <span class='ocrx_word' id='word_1_177' title='bbox 674 2656 886 2710; x_wconf 85' lang='lat' dir='ltr'><strong>libidine</strong></span> <span class='ocrx_word' id='word_1_178' title='bbox 921 2653 1188 2723; x_wconf 78' lang='lat' dir='ltr'><strong>eiusdem;</strong></span> <span class='ocrx_word' id='word_1_179' title='bbox 1223 2656 1313 2710; x_wconf 72' lang='grc' dir='ltr'><strong>δρα</strong></span> <span class='ocrx_word' id='word_1_180' title='bbox 1342 2653 1696 2726; x_wconf 66' lang='grc' dir='ltr'><strong>τεδίρὶδεεηιὶα</strong></span> <span class='ocrx_word' id='word_1_181' title='bbox 1734 2670 1864 2707; x_wconf 84' lang='lat' dir='ltr'><strong>con-</strong></span> 
     </span>
    </p>
   </div>
   <div class='ocr_carea' id='block_1_30' title="bbox 335 2724 723 2794">
    <p class='ocr_par' dir='ltr' id='par_1_30' title="bbox 335 2724 723 2794">
     <span class='ocr_line' id='line_1_30' title="bbox 335 2724 723 2794; baseline -0.003 -15"><span class='ocrx_word' id='word_1_182' title='bbox 335 2725 461 2779; x_wconf 67' lang='lat' dir='ltr'><strong>silio</strong></span> <span class='ocrx_word' id='word_1_183' title='bbox 493 2724 723 2794; x_wconf 76' lang='lat' dir='ltr'><strong>Pippini.</strong></span> 
     </span>
    </p>
   </div>
   <div class='ocr_carea' id='block_1_31' title="bbox 342 2815 1866 2887">
    <p class='ocr_par' dir='ltr' id='par_1_31' title="bbox 342 2815 1866 2887">
     <span class='ocr_line' id='line_1_31' title="bbox 342 2815 1866 2887; baseline -0.001 -18"><span class='ocrx_word' id='word_1_184' title='bbox 342 2816 516 2871; x_wconf 88' lang='lat' dir='ltr'><strong>Porro</strong></span> <span class='ocrx_word' id='word_1_185' title='bbox 545 2832 640 2871; x_wconf 81' lang='lat' dir='ltr'><strong>vui</strong></span> <span class='ocrx_word' id='word_1_186' title='bbox 673 2832 814 2871; x_wconf 91' lang='lat' dir='ltr'><strong>anno</strong></span> <span class='ocrx_word' id='word_1_187' title='bbox 844 2817 992 2885; x_wconf 87' lang='lat' dir='ltr'><strong>regni</strong></span> <span class='ocrx_word' id='word_1_188' title='bbox 1017 2817 1120 2882; x_wconf 89' lang='lat' dir='ltr'><strong>sui,</strong></span> <span class='ocrx_word' id='word_1_189' title='bbox 1158 2833 1281 2872; x_wconf 91' lang='lat' dir='ltr'><strong>cum</strong></span> <span class='ocrx_word' id='word_1_190' title='bbox 1317 2816 1491 2887; x_wconf 91' lang='lat' dir='ltr'><strong>(more</strong></span> <span class='ocrx_word' id='word_1_191' title='bbox 1521 2815 1738 2885; x_wconf 84' lang='lat' dir='ltr'><strong>regibus</strong></span> <span class='ocrx_word' id='word_1_192' title='bbox 1773 2827 1866 2868; x_wconf 84' lang='lat' dir='ltr'><strong>as-</strong></span> 
     </span>
    </p>
   </div>
   <div class='ocr_carea' id='block_1_32' title="bbox 267 2908 1868 2980">
    <p class='ocr_par' dir='ltr' id='par_1_32' title="bbox 267 2908 1868 2980">
     <span class='ocr_line' id='line_1_32' title="bbox 267 2908 1868 2980; baseline -0.003 -16"><span class='ocrx_word' id='word_1_193' title='bbox 267 2908 450 2980; x_wconf 84' lang='lat' dir='ltr'><strong>sueto)</strong></span> <span class='ocrx_word' id='word_1_194' title='bbox 483 2909 792 2979; x_wconf 86' lang='lat' dir='ltr'><strong>superiores</strong></span> <span class='ocrx_word' id='word_1_195' title='bbox 815 2910 1058 2964; x_wconf 75' lang='lat' dir='ltr'><strong>Francia:</strong></span> <span class='ocrx_word' id='word_1_196' title='bbox 1084 2919 1266 2978; x_wconf 89' lang='lat' dir='ltr'><strong>partes</strong></span> <span class='ocrx_word' id='word_1_197' title='bbox 1301 2915 1704 2978; x_wconf 74' lang='lat' dir='ltr'><strong>pervagaretur,</strong></span> <span class='ocrx_word' id='word_1_198' title='bbox 1738 2921 1868 2960; x_wconf 83' lang='lat' dir='ltr'><strong>moe-</strong></span> 
     </span>
    </p>
   </div>
   <div class='ocr_carea' id='block_1_33' title="bbox 267 3001 1869 3072">
    <p class='ocr_par' dir='ltr' id='par_1_33' title="bbox 267 3001 1869 3072">
     <span class='ocr_line' id='line_1_33' title="bbox 267 3001 1869 3072; baseline -0.002 -17"><span class='ocrx_word' id='word_1_199' title='bbox 267 3011 500 3071; x_wconf 87' lang='lat' dir='ltr'><strong>stusque</strong></span> <span class='ocrx_word' id='word_1_200' title='bbox 535 3012 678 3056; x_wconf 82' lang='lat' dir='ltr'><strong>esset</strong></span> <span class='ocrx_word' id='word_1_201' title='bbox 704 3002 845 3070; x_wconf 86' lang='lat' dir='ltr'><strong>quod</strong></span> <span class='ocrx_word' id='word_1_202' title='bbox 871 3002 1040 3056; x_wconf 86' lang='lat' dir='ltr'><strong>ﬁlium</strong></span> <span class='ocrx_word' id='word_1_203' title='bbox 1069 3017 1173 3056; x_wconf 91' lang='lat' dir='ltr'><strong>non</strong></span> <span class='ocrx_word' id='word_1_204' title='bbox 1199 3010 1584 3072; x_wconf 85' lang='lat' dir='ltr'><strong>progenerarct</strong></span> <span class='ocrx_word' id='word_1_205' title='bbox 1617 3001 1706 3069; x_wconf 90' lang='lat' dir='ltr'><strong>qui</strong></span> <span class='ocrx_word' id='word_1_206' title='bbox 1749 3008 1869 3069; x_wconf 88' lang='lat' dir='ltr'><strong>post</strong></span> 
     </span>
    </p>
   </div>
   <div class='ocr_carea' id='block_1_34' title="bbox 271 3091 1871 3164">
    <p class='ocr_par' dir='ltr' id='par_1_34' title="bbox 271 3091 1871 3164">
     <span class='ocr_line' id='line_1_34' title="bbox 271 3091 1871 3164; baseline -0.004 -15"><span class='ocrx_word' id='word_1_207' title='bbox 271 3111 333 3149; x_wconf 84' lang='lat' dir='ltr'><strong>se</strong></span> <span class='ocrx_word' id='word_1_208' title='bbox 364 3103 641 3164; x_wconf 79' lang='lat' dir='ltr'><strong>regnaret,</strong></span> <span class='ocrx_word' id='word_1_209' title='bbox 678 3093 909 3162; x_wconf 85' lang='lat' dir='ltr'><strong>puellam</strong></span> <span class='ocrx_word' id='word_1_210' title='bbox 930 3094 1242 3162; x_wconf 88' lang='lat' dir='ltr'><strong>quamdam,</strong></span> <span class='ocrx_word' id='word_1_211' title='bbox 1266 3092 1667 3162; x_wconf 77' lang='lat' dir='ltr'><strong>Ragnetrudem</strong></span> <span class='ocrx_word' id='word_1_212' title='bbox 1699 3091 1871 3145; x_wconf 84' lang='lat' dir='ltr'><strong>nomi—</strong></span> 
     </span>
    </p>
   </div>
   <div class='ocr_carea' id='block_1_35' title="bbox 271 3182 1872 3253">
    <p class='ocr_par' dir='ltr' id='par_1_35' title="bbox 271 3182 1872 3253">
     <span class='ocr_line' id='line_1_35' title="bbox 271 3182 1872 3253; baseline -0.003 -13"><span class='ocrx_word' id='word_1_213' title='bbox 271 3201 368 3250; x_wconf 83' lang='lat' dir='ltr'><strong>ne,</strong></span> <span class='ocrx_word' id='word_1_214' title='bbox 403 3185 644 3239; x_wconf 85' lang='lat' dir='ltr'><strong>thalamo</strong></span> <span class='ocrx_word' id='word_1_215' title='bbox 690 3185 792 3238; x_wconf 92' lang='lat' dir='ltr'><strong>sibi</strong></span> <span class='ocrx_word' id='word_1_216' title='bbox 845 3185 1103 3248; x_wconf 87' lang='lat' dir='ltr'><strong>sociavit;</strong></span> <span class='ocrx_word' id='word_1_217' title='bbox 1155 3199 1218 3238; x_wconf 80' lang='lat' dir='ltr'><strong>ex</strong></span> <span class='ocrx_word' id='word_1_218' title='bbox 1257 3198 1362 3253; x_wconf 88' lang='lat' dir='ltr'><strong>qua</strong></span> <span class='ocrx_word' id='word_1_219' title='bbox 1401 3182 1568 3237; x_wconf 88' lang='lat' dir='ltr'><strong>ﬁlium</strong></span> <span class='ocrx_word' id='word_1_220' title='bbox 1617 3195 1682 3236; x_wconf 89' lang='lat' dir='ltr'><strong>eo</strong></span> <span class='ocrx_word' id='word_1_221' title='bbox 1729 3195 1872 3234; x_wconf 81' lang='lat' dir='ltr'><strong>a.;no</strong></span> 
     </span>
    </p>
   </div>
   <div class='ocr_carea' id='block_1_36' title="bbox 277 3271 1872 3347">
    <p class='ocr_par' dir='ltr' id='par_1_36' title="bbox 277 3271 1872 3347">
     <span class='ocr_line' id='line_1_36' title="bbox 277 3271 1872 3347; baseline -0.004 -16"><span class='ocrx_word' id='word_1_222' title='bbox 277 3278 541 3347; x_wconf 75' lang='lat' dir='ltr'><strong>suscepit.</strong></span> <span class='ocrx_word' id='word_1_223' title='bbox 573 3275 740 3342; x_wconf 86' lang='lat' dir='ltr'><strong>Quem</strong></span> <span class='ocrx_word' id='word_1_224' title='bbox 769 3276 891 3330; x_wconf 90' lang='lat' dir='ltr'><strong>dum</strong></span> <span class='ocrx_word' id='word_1_225' title='bbox 919 3274 1259 3344; x_wconf 72' lang='lat' dir='ltr'><strong>pOStmoium</strong></span> <span class='ocrx_word' id='word_1_226' title='bbox 1283 3273 1335 3327; x_wconf 92' lang='lat' dir='ltr'><strong>in</strong></span> <span class='ocrx_word' id='word_1_227' title='bbox 1364 3271 1738 3328; x_wconf 86' lang='lat' dir='ltr'><strong>Aurelianensi</strong></span> <span class='ocrx_word' id='word_1_228' title='bbox 1778 3285 1872 3324; x_wconf 89' lang='lat' dir='ltr'><strong>ur-</strong></span> 
     </span>
    </p>
   </div>
   <div class='ocr_carea' id='block_1_37' title="bbox 278 3367 1872 3438">
    <p class='ocr_par' dir='ltr' id='par_1_37' title="bbox 278 3367 1872 3438">
     <span class='ocr_line' id='line_1_37' title="bbox 278 3367 1872 3438; baseline -0.005 -12"><span class='ocrx_word' id='word_1_229' title='bbox 278 3373 346 3428; x_wconf 88' lang='lat' dir='ltr'><strong>be</strong></span> <span class='ocrx_word' id='word_1_230' title='bbox 364 3371 691 3426; x_wconf 81' lang='lat' dir='ltr'><strong>venerabilis</strong></span> <span class='ocrx_word' id='word_1_231' title='bbox 712 3371 794 3424; x_wconf 89' lang='lat' dir='ltr'><strong>vir</strong></span> <span class='ocrx_word' id='word_1_232' title='bbox 811 3369 1087 3424; x_wconf 85' lang='lat' dir='ltr'><strong>Amandus</strong></span> <span class='ocrx_word' id='word_1_233' title='bbox 1108 3367 1540 3438; x_wconf 86' lang='lat' dir='ltr'><strong>Trajectensium</strong></span> <span class='ocrx_word' id='word_1_234' title='bbox 1564 3367 1872 3436; x_wconf 89' lang='lat' dir='ltr'><strong>episcopus,</strong></span> 
     </span>
    </p>
   </div>
   <div class='ocr_carea' id='block_1_38' title="bbox 274 3455 1873 3531">
    <p class='ocr_par' dir='ltr' id='par_1_38' title="bbox 274 3455 1873 3531">
     <span class='ocr_line' id='line_1_38' title="bbox 274 3455 1873 3531; baseline -0.002 -21"><span class='ocrx_word' id='word_1_235' title='bbox 274 3461 432 3531; x_wconf 72' lang='lat' dir='ltr'><strong>juxta</strong></span> <span class='ocrx_word' id='word_1_236' title='bbox 465 3477 670 3514; x_wconf 87' lang='lat' dir='ltr'><strong>rnorem</strong></span> <span class='ocrx_word' id='word_1_237' title='bbox 695 3459 954 3522; x_wconf 87' lang='lat' dir='ltr'><strong>ﬁdelium,</strong></span> <span class='ocrx_word' id='word_1_238' title='bbox 984 3459 1360 3528; x_wconf 71' lang='lat' dir='ltr'><strong>prmsignaret,</strong></span> <span class='ocrx_word' id='word_1_239' title='bbox 1393 3457 1681 3511; x_wconf 89' lang='lat' dir='ltr'><strong>assistente</strong></span> <span class='ocrx_word' id='word_1_240' title='bbox 1719 3455 1873 3523; x_wconf 86' lang='lat' dir='ltr'><strong>geni-</strong></span> 
     </span>
    </p>
   </div>
   <div class='ocr_carea' id='block_1_39' title="bbox 287 3548 1876 3623">
    <p class='ocr_par' dir='ltr' id='par_1_39' title="bbox 287 3548 1876 3623">
     <span class='ocr_line' id='line_1_39' title="bbox 287 3548 1876 3623; baseline -0.004 -17"><span class='ocrx_word' id='word_1_241' title='bbox 287 3565 424 3620; x_wconf 88' lang='lat' dir='ltr'><strong>tore,</strong></span> <span class='ocrx_word' id='word_1_242' title='bbox 454 3554 768 3623; x_wconf 76' lang='lat' dir='ltr'><strong>pariterque</strong></span> <span class='ocrx_word' id='word_1_243' title='bbox 790 3551 1043 3605; x_wconf 82' lang='lat' dir='ltr'><strong>Ariberto</strong></span> <span class='ocrx_word' id='word_1_244' title='bbox 1069 3550 1376 3618; x_wconf 70' lang='lat' dir='ltr'><strong>Aquitania:</strong></span> <span class='ocrx_word' id='word_1_245' title='bbox 1399 3563 1542 3618; x_wconf 85' lang='lat' dir='ltr'><strong>rege,</strong></span> <span class='ocrx_word' id='word_1_246' title='bbox 1570 3548 1718 3602; x_wconf 83' lang='lat' dir='ltr'><strong>finita</strong></span> <span class='ocrx_word' id='word_1_247' title='bbox 1751 3563 1876 3601; x_wconf 85' lang='lat' dir='ltr'><strong>ora-</strong></span> 
     </span>
    </p>
   </div>
   <div class='ocr_carea' id='block_1_40' title="bbox 290 3639 1874 3698">
    <p class='ocr_par' dir='ltr' id='par_1_40' title="bbox 290 3639 1874 3698">
     <span class='ocr_line' id='line_1_40' title="bbox 290 3639 1874 3698; baseline -0.004 -2"><span class='ocrx_word' id='word_1_248' title='bbox 290 3645 437 3698; x_wconf 87' lang='lat' dir='ltr'><strong>tione</strong></span> <span class='ocrx_word' id='word_1_249' title='bbox 491 3652 541 3696; x_wconf 89' lang='lat' dir='ltr'><strong>et</strong></span> <span class='ocrx_word' id='word_1_250' title='bbox 574 3641 717 3696; x_wconf 90' lang='lat' dir='ltr'><strong>nullo</strong></span> <span class='ocrx_word' id='word_1_251' title='bbox 754 3651 959 3696; x_wconf 90' lang='lat' dir='ltr'><strong>etanta</strong></span> <span class='ocrx_word' id='word_1_252' title='bbox 1009 3643 1280 3694; x_wconf 69' lang='lat' dir='ltr'><strong>exercitus</strong></span> <span class='ocrx_word' id='word_1_253' title='bbox 1326 3639 1668 3694; x_wconf 88' lang='lat' dir='ltr'><strong>multitudine</strong></span> <span class='ocrx_word' id='word_1_254' title='bbox 1714 3641 1874 3692; x_wconf 81' lang='lat' dir='ltr'><strong>Amen</strong></span> 
     </span>
    </p>
   </div>
   <div class='ocr_carea' id='block_1_41' title="bbox 287 3728 1873 3800">
    <p class='ocr_par' dir='ltr' id='par_1_41' title="bbox 287 3728 1873 3800">
     <span class='ocr_line' id='line_1_41' title="bbox 287 3728 1873 3800; baseline -0.003 -15"><span class='ocrx_word' id='word_1_255' title='bbox 287 3733 670 3800; x_wconf 57' lang='lat' dir='ltr'><strong>repende-nte,</strong></span> <span class='ocrx_word' id='word_1_256' title='bbox 722 3731 935 3800; x_wconf 87' lang='lat' dir='ltr'><strong>aperuit</strong></span> <span class='ocrx_word' id='word_1_257' title='bbox 987 3730 1240 3784; x_wconf 81' lang='lat' dir='ltr'><strong>Dominus</strong></span> <span class='ocrx_word' id='word_1_258' title='bbox 1288 3745 1349 3784; x_wconf 89' lang='lat' dir='ltr'><strong>os</strong></span> <span class='ocrx_word' id='word_1_259' title='bbox 1399 3729 1572 3797; x_wconf 87' lang='lat' dir='ltr'><strong>pueri,</strong></span> <span class='ocrx_word' id='word_1_260' title='bbox 1625 3728 1714 3798; x_wconf 88' lang='lat' dir='ltr'><strong>qui</strong></span> <span class='ocrx_word' id='word_1_261' title='bbox 1771 3743 1873 3781; x_wconf 90' lang='lat' dir='ltr'><strong>non</strong></span> 
     </span>
    </p>
   </div>
   <div class='ocr_carea' id='block_1_42' title="bbox 284 3818 1875 3893">
    <p class='ocr_par' dir='ltr' id='par_1_42' title="bbox 284 3818 1875 3893">
     <span class='ocr_line' id='line_1_42' title="bbox 284 3818 1875 3893; baseline -0.003 -18"><span class='ocrx_word' id='word_1_262' title='bbox 284 3823 578 3893; x_wconf 85' lang='lat' dir='ltr'><strong>plusquam</strong></span> <span class='ocrx_word' id='word_1_263' title='bbox 610 3836 715 3874; x_wconf 73' lang='lat' dir='ltr'><strong>xxx</strong></span> <span class='ocrx_word' id='word_1_264' title='bbox 745 3837 774 3874; x_wconf 90' lang='lat' dir='ltr'><strong>a</strong></span> <span class='ocrx_word' id='word_1_265' title='bbox 822 3821 1100 3874; x_wconf 88' lang='lat' dir='ltr'><strong>nativitate</strong></span> <span class='ocrx_word' id='word_1_266' title='bbox 1147 3819 1454 3890; x_wconf 73' lang='lat' dir='ltr'><strong>eXpleverat</strong></span> <span class='ocrx_word' id='word_1_267' title='bbox 1478 3818 1616 3882; x_wconf 87' lang='lat' dir='ltr'><strong>dies,</strong></span> <span class='ocrx_word' id='word_1_268' title='bbox 1663 3833 1726 3871; x_wconf 88' lang='lat' dir='ltr'><strong>ac</strong></span> <span class='ocrx_word' id='word_1_269' title='bbox 1776 3834 1875 3870; x_wconf 83' lang='lat' dir='ltr'><strong>au-</strong></span> 
     </span>
    </p>
   </div>
   <div class='ocr_carea' id='block_1_43' title="bbox 285 3907 1879 3978">
    <p class='ocr_par' dir='ltr' id='par_1_43' title="bbox 285 3907 1879 3978">
     <span class='ocr_line' id='line_1_43' title="bbox 285 3907 1879 3978; baseline -0.003 -12"><span class='ocrx_word' id='word_1_270' title='bbox 285 3912 565 3967; x_wconf 86' lang='lat' dir='ltr'><strong>dientibus</strong></span> <span class='ocrx_word' id='word_1_271' title='bbox 601 3911 834 3974; x_wconf 87' lang='lat' dir='ltr'><strong>cunctis,</strong></span> <span class='ocrx_word' id='word_1_272' title='bbox 884 3910 1158 3978; x_wconf 78' lang='lat' dir='ltr'><strong>respondit</strong></span> <span class='ocrx_word' id='word_1_273' title='bbox 1191 3927 1202 3962; x_wconf 88' lang='lat'><strong>:</strong></span> <span class='ocrx_word' id='word_1_274' title='bbox 1238 3912 1422 3962; x_wconf 81' lang='lat' dir='ltr'><strong>Amen.</strong></span> <span class='ocrx_word' id='word_1_275' title='bbox 1473 3907 1667 3961; x_wconf 88' lang='lat' dir='ltr'><strong>Statim</strong></span> <span class='ocrx_word' id='word_1_276' title='bbox 1713 3907 1879 3976; x_wconf 84' lang='lat' dir='ltr'><strong>igitur</strong></span> 
     </span>
    </p>
   </div>
   <div class='ocr_carea' id='block_1_44' title="bbox 287 4001 1880 4071">
    <p class='ocr_par' dir='ltr' id='par_1_44' title="bbox 287 4001 1880 4071">
     <span class='ocr_line' id='line_1_44' title="bbox 287 4001 1880 4071; baseline -0.001 -13"><span class='ocrx_word' id='word_1_277' title='bbox 287 4013 515 4059; x_wconf 79' lang='lat' dir='ltr'><strong>sanctus</strong></span> <span class='ocrx_word' id='word_1_278' title='bbox 562 4003 788 4057; x_wconf 84' lang='lat' dir='ltr'><strong>antistes</strong></span> <span class='ocrx_word' id='word_1_279' title='bbox 815 4017 937 4056; x_wconf 87' lang='lat' dir='ltr'><strong>eum</strong></span> <span class='ocrx_word' id='word_1_280' title='bbox 983 4001 1354 4071; x_wconf 82' lang='lat' dir='ltr'><strong>regeneravit;</strong></span> <span class='ocrx_word' id='word_1_281' title='bbox 1401 4017 1558 4070; x_wconf 89' lang='lat' dir='ltr'><strong>quem</strong></span> <span class='ocrx_word' id='word_1_282' title='bbox 1596 4001 1880 4056; x_wconf 71' lang='lat' dir='ltr'><strong>Ariberzns</strong></span> 
     </span>
    </p>
   </div>
   <div class='ocr_carea' id='block_1_45' title="bbox 289 4091 1880 4164">
    <p class='ocr_par' dir='ltr' id='par_1_45' title="bbox 289 4091 1880 4164">
     <span class='ocr_line' id='line_1_45' title="bbox 289 4091 1880 4164; baseline -0.004 -14"><span class='ocrx_word' id='word_1_283' title='bbox 289 4112 390 4150; x_wconf 75' lang='lat' dir='ltr'><strong>rex</strong></span> <span class='ocrx_word' id='word_1_284' title='bbox 420 4097 488 4150; x_wconf 90' lang='lat' dir='ltr'><strong>de</strong></span> <span class='ocrx_word' id='word_1_285' title='bbox 512 4111 668 4150; x_wconf 86' lang='lat' dir='ltr'><strong>sacro</strong></span> <span class='ocrx_word' id='word_1_286' title='bbox 698 4095 844 4150; x_wconf 86' lang='lat' dir='ltr'><strong>fonte</strong></span> <span class='ocrx_word' id='word_1_287' title='bbox 867 4095 1083 4148; x_wconf 87' lang='lat' dir='ltr'><strong>levavit.</strong></span> <span class='ocrx_word' id='word_1_288' title='bbox 1119 4093 1340 4164; x_wconf 82' lang='lat' dir='ltr'><strong>Magnus</strong></span> <span class='ocrx_word' id='word_1_289' title='bbox 1370 4107 1434 4146; x_wconf 77' lang='lat' dir='ltr'><strong>ex</strong></span> <span class='ocrx_word' id='word_1_290' title='bbox 1462 4093 1564 4146; x_wconf 88' lang='lat' dir='ltr'><strong>hoc</strong></span> <span class='ocrx_word' id='word_1_291' title='bbox 1599 4091 1742 4146; x_wconf 84' lang='lat' dir='ltr'><strong>facto</strong></span> <span class='ocrx_word' id='word_1_292' title='bbox 1769 4101 1880 4145; x_wconf 86' lang='lat' dir='ltr'><strong>stu-</strong></span> 
     </span>
    </p>
   </div>
   <div class='ocr_carea' id='block_1_46' title="bbox 289 4177 1880 4258">
    <p class='ocr_par' dir='ltr' id='par_1_46' title="bbox 289 4177 1880 4258">
     <span class='ocr_line' id='line_1_46' title="bbox 289 4177 1880 4258; baseline -0.003 -18"><span class='ocrx_word' id='word_1_293' title='bbox 289 4204 395 4258; x_wconf 89' lang='lat' dir='ltr'><strong>por</strong></span> <span class='ocrx_word' id='word_1_294' title='bbox 423 4203 546 4242; x_wconf 90' lang='lat' dir='ltr'><strong>cum</strong></span> <span class='ocrx_word' id='word_1_295' title='bbox 580 4187 957 4248; x_wconf 73' lang='lat' dir='ltr'><strong>exsultatione,</strong></span> <span class='ocrx_word' id='word_1_296' title='bbox 993 4201 1096 4238; x_wconf 90' lang='lat' dir='ltr'><strong>non</strong></span> <span class='ocrx_word' id='word_1_297' title='bbox 1132 4193 1239 4237; x_wconf 88' lang='lat' dir='ltr'><strong>tam</strong></span> <span class='ocrx_word' id='word_1_298' title='bbox 1278 4177 1432 4252; x_wconf 81' lang='lat' dir='ltr'><strong>reges</strong></span> <span class='ocrx_word' id='word_1_299' title='bbox 1458 4198 1618 4252; x_wconf 76' lang='lat' dir='ltr'><strong>qna-n</strong></span> <span class='ocrx_word' id='word_1_300' title='bbox 1664 4183 1880 4236; x_wconf 86' lang='lat' dir='ltr'><strong>univer-</strong></span> 
     </span>
    </p>
   </div>
   <div class='ocr_carea' id='block_1_47' title="bbox 289 4273 1878 4346">
    <p class='ocr_par' dir='ltr' id='par_1_47' title="bbox 289 4273 1878 4346">
     <span class='ocr_line' id='line_1_47' title="bbox 289 4273 1878 4346; baseline -0.003 -16"><span class='ocrx_word' id='word_1_301' title='bbox 289 4292 386 4331; x_wconf 87' lang='lat' dir='ltr'><strong>sos</strong></span> <span class='ocrx_word' id='word_1_302' title='bbox 411 4277 635 4346; x_wconf 77' lang='lat' dir='ltr'><strong>replevit</strong></span> <span class='ocrx_word' id='word_1_303' title='bbox 672 4279 1104 4331; x_wconf 83' lang='lat' dir='ltr'><strong>circumstantes.</strong></span> <span class='ocrx_word' id='word_1_304' title='bbox 1136 4275 1342 4328; x_wconf 80' lang='lat' dir='ltr'><strong>Exinde</strong></span> <span class='ocrx_word' id='word_1_305' title='bbox 1371 4273 1725 4345; x_wconf 88' lang='lat' dir='ltr'><strong>Dagobcrtus,</strong></span> <span class='ocrx_word' id='word_1_306' title='bbox 1755 4275 1878 4326; x_wconf 89' lang='lat' dir='ltr'><strong>dum</strong></span> 
     </span>
    </p>
   </div>
   <div class='ocr_carea' id='block_1_48' title="bbox 1920 419 3510 492">
    <p class='ocr_par' dir='ltr' id='par_1_48' title="bbox 1920 419 3510 492">
     <span class='ocr_line' id='line_1_48' title="bbox 1920 419 3510 492; baseline -0.004 -13"><span class='ocrx_word' id='word_1_307' title='bbox 1920 435 2020 480; x_wconf 88' lang='lat' dir='ltr'><strong>set.</strong></span> <span class='ocrx_word' id='word_1_308' title='bbox 2050 424 2178 477; x_wconf 87' lang='lat' dir='ltr'><strong>Erat</strong></span> <span class='ocrx_word' id='word_1_309' title='bbox 2208 424 2260 477; x_wconf 94' lang='lat' dir='ltr'><strong>in</strong></span> <span class='ocrx_word' id='word_1_310' title='bbox 2291 437 2456 492; x_wconf 87' lang='lat' dir='ltr'><strong>regno</strong></span> <span class='ocrx_word' id='word_1_311' title='bbox 2505 420 2620 488; x_wconf 90' lang='lat' dir='ltr'><strong>ejus</strong></span> <span class='ocrx_word' id='word_1_312' title='bbox 2669 420 2948 490; x_wconf 81' lang='lat' dir='ltr'><strong>Pippinns,</strong></span> <span class='ocrx_word' id='word_1_313' title='bbox 3003 420 3070 474; x_wconf 90' lang='lat' dir='ltr'><strong>de</strong></span> <span class='ocrx_word' id='word_1_314' title='bbox 3123 419 3510 489; x_wconf 80' lang='lat' dir='ltr'><strong>potentissimis</strong></span> 
     </span>
    </p>
   </div>
   <div class='ocr_carea' id='block_1_49' title="bbox 1920 509 3514 581">
    <p class='ocr_par' dir='ltr' id='par_1_49' title="bbox 1920 509 3514 581">
     <span class='ocr_line' id='line_1_49' title="bbox 1920 509 3514 581; baseline -0.004 -13"><span class='ocrx_word' id='word_1_315' title='bbox 1920 513 2344 576; x_wconf 80' lang='lat' dir='ltr'><strong>Austrasiornm,</strong></span> <span class='ocrx_word' id='word_1_316' title='bbox 2369 511 2722 566; x_wconf 84' lang='lat' dir='ltr'><strong>familiaritati</strong></span> <span class='ocrx_word' id='word_1_317' title='bbox 2746 513 2862 581; x_wconf 88' lang='lat' dir='ltr'><strong>ejus</strong></span> <span class='ocrx_word' id='word_1_318' title='bbox 2885 512 3181 577; x_wconf 66' lang='lat' dir='ltr'><strong>iuhaarens;</strong></span> <span class='ocrx_word' id='word_1_319' title='bbox 3207 511 3298 580; x_wconf 89' lang='lat' dir='ltr'><strong>qui</strong></span> <span class='ocrx_word' id='word_1_320' title='bbox 3321 509 3514 566; x_wconf 85' lang='lat' dir='ltr'><strong>oderat</strong></span> 
     </span>
    </p>
   </div>
   <div class='ocr_carea' id='block_1_50' title="bbox 1925 601 3516 672">
    <p class='ocr_par' dir='ltr' id='par_1_50' title="bbox 1925 601 3516 672">
     <span class='ocr_line' id='line_1_50' title="bbox 1925 601 3516 672; baseline -0.002 -15"><span class='ocrx_word' id='word_1_321' title='bbox 1925 604 2215 671; x_wconf 89' lang='lat' dir='ltr'><strong>improbos,</strong></span> <span class='ocrx_word' id='word_1_322' title='bbox 2250 619 2348 656; x_wconf 91' lang='lat' dir='ltr'><strong>nec</strong></span> <span class='ocrx_word' id='word_1_323' title='bbox 2390 618 2448 656; x_wconf 90' lang='lat' dir='ltr'><strong>se</strong></span> <span class='ocrx_word' id='word_1_324' title='bbox 2491 603 2749 658; x_wconf 86' lang='lat' dir='ltr'><strong>miscebat</strong></span> <span class='ocrx_word' id='word_1_325' title='bbox 2775 603 3076 672; x_wconf 79' lang='lat' dir='ltr'><strong>flagitiosis.</strong></span> <span class='ocrx_word' id='word_1_326' title='bbox 3107 601 3264 656; x_wconf 83' lang='lat' dir='ltr'><strong>Hunc</strong></span> <span class='ocrx_word' id='word_1_327' title='bbox 3291 601 3516 672; x_wconf 85' lang='lat' dir='ltr'><strong>quidam</strong></span> 
     </span>
    </p>
   </div>
   <div class='ocr_carea' id='block_1_51' title="bbox 1927 689 3516 761">
    <p class='ocr_par' dir='ltr' id='par_1_51' title="bbox 1927 689 3516 761">
     <span class='ocr_line' id='line_1_51' title="bbox 1927 689 3516 761; baseline -0.001 -16"><span class='ocrx_word' id='word_1_328' title='bbox 1927 691 2335 760; x_wconf 84' lang='lat' dir='ltr'><strong>malignantium</strong></span> <span class='ocrx_word' id='word_1_329' title='bbox 2383 689 2685 761; x_wconf 86' lang='lat' dir='ltr'><strong>Dagobcrto</strong></span> <span class='ocrx_word' id='word_1_330' title='bbox 2731 692 2911 746; x_wconf 88' lang='lat' dir='ltr'><strong>adorsi</strong></span> <span class='ocrx_word' id='word_1_331' title='bbox 2961 701 3087 746; x_wconf 90' lang='lat' dir='ltr'><strong>sunt</strong></span> <span class='ocrx_word' id='word_1_332' title='bbox 3137 691 3318 746; x_wconf 88' lang='lat' dir='ltr'><strong>facere</strong></span> <span class='ocrx_word' id='word_1_333' title='bbox 3356 691 3516 746; x_wconf 84' lang='lat' dir='ltr'><strong>odio-</strong></span> 
     </span>
    </p>
   </div>
   <div class='ocr_carea' id='block_1_52' title="bbox 1929 782 3517 853">
    <p class='ocr_par' dir='ltr' id='par_1_52' title="bbox 1929 782 3517 853">
     <span class='ocr_line' id='line_1_52' title="bbox 1929 782 3517 853; baseline -0.001 -17"><span class='ocrx_word' id='word_1_334' title='bbox 1929 797 2068 836; x_wconf 91' lang='lat' dir='ltr'><strong>sum.</strong></span> <span class='ocrx_word' id='word_1_335' title='bbox 2098 783 2201 835; x_wconf 87' lang='lat' dir='ltr'><strong>Sed</strong></span> <span class='ocrx_word' id='word_1_336' title='bbox 2249 783 2459 836; x_wconf 90' lang='lat' dir='ltr'><strong>Domini</strong></span> <span class='ocrx_word' id='word_1_337' title='bbox 2490 791 2768 853; x_wconf 91' lang='lat' dir='ltr'><strong>protectus</strong></span> <span class='ocrx_word' id='word_1_338' title='bbox 2789 784 3097 848; x_wconf 84' lang='lat' dir='ltr'><strong>clementia,</strong></span> <span class='ocrx_word' id='word_1_339' title='bbox 3131 782 3287 852; x_wconf 84' lang='lat' dir='ltr'><strong>cujus</strong></span> <span class='ocrx_word' id='word_1_340' title='bbox 3317 783 3370 837; x_wconf 92' lang='lat' dir='ltr'><strong>in</strong></span> <span class='ocrx_word' id='word_1_341' title='bbox 3415 783 3517 836; x_wconf 86' lang='lat' dir='ltr'><strong>ob-</strong></span> 
     </span>
    </p>
   </div>
   <div class='ocr_carea' id='block_1_53' title="bbox 1929 872 3519 944">
    <p class='ocr_par' dir='ltr' id='par_1_53' title="bbox 1929 872 3519 944">
     <span class='ocr_line' id='line_1_53' title="bbox 1929 872 3519 944; baseline 0 -18"><span class='ocrx_word' id='word_1_342' title='bbox 1929 873 2194 926; x_wconf 84' lang='lat' dir='ltr'><strong>servanda</strong></span> <span class='ocrx_word' id='word_1_343' title='bbox 2237 873 2450 942; x_wconf 90' lang='lat' dir='ltr'><strong>jnstitia</strong></span> <span class='ocrx_word' id='word_1_344' title='bbox 2492 875 2807 928; x_wconf 86' lang='lat' dir='ltr'><strong>sectabatur</strong></span> <span class='ocrx_word' id='word_1_345' title='bbox 2851 884 3138 944; x_wconf 64' lang='lat' dir='ltr'><strong>praecepta,</strong></span> <span class='ocrx_word' id='word_1_346' title='bbox 3191 884 3247 928; x_wconf 88' lang='lat' dir='ltr'><strong>et</strong></span> <span class='ocrx_word' id='word_1_347' title='bbox 3295 872 3519 927; x_wconf 83' lang='lat' dir='ltr'><strong>insidias</strong></span> 
     </span>
    </p>
   </div>
   <div class='ocr_carea' id='block_1_54' title="bbox 1932 966 3520 1036">
    <p class='ocr_par' dir='ltr' id='par_1_54' title="bbox 1932 966 3520 1036">
     <span class='ocr_line' id='line_1_54' title="bbox 1932 966 3520 1036; baseline 0.001 -19"><span class='ocrx_word' id='word_1_348' title='bbox 1932 976 2149 1036; x_wconf 82' lang='lat' dir='ltr'><strong>paratas</strong></span> <span class='ocrx_word' id='word_1_349' title='bbox 2178 966 2368 1030; x_wconf 82' lang='lat' dir='ltr'><strong>evasit,</strong></span> <span class='ocrx_word' id='word_1_350' title='bbox 2414 974 2469 1020; x_wconf 90' lang='lat' dir='ltr'><strong>et</strong></span> <span class='ocrx_word' id='word_1_351' title='bbox 2503 967 2612 1036; x_wconf 83' lang='lat' dir='ltr'><strong>regi</strong></span> <span class='ocrx_word' id='word_1_352' title='bbox 2644 967 2796 1020; x_wconf 86' lang='lat' dir='ltr'><strong>utilia</strong></span> <span class='ocrx_word' id='word_1_353' title='bbox 2840 967 3116 1022; x_wconf 86' lang='lat' dir='ltr'><strong>suadendo</strong></span> <span class='ocrx_word' id='word_1_354' title='bbox 3172 966 3520 1020; x_wconf 86' lang='lat' dir='ltr'><strong>ﬁdelissimus</strong></span> 
     </span>
    </p>
   </div>
   <div class='ocr_carea' id='block_1_55' title="bbox 1935 1055 3524 1127">
    <p class='ocr_par' dir='ltr' id='par_1_55' title="bbox 1935 1055 3524 1127">
     <span class='ocr_line' id='line_1_55' title="bbox 1935 1055 3524 1127; baseline 0 -18"><span class='ocrx_word' id='word_1_355' title='bbox 1935 1057 2204 1124; x_wconf 87' lang='lat' dir='ltr'><strong>apparuit.</strong></span> <span class='ocrx_word' id='word_1_356' title='bbox 2243 1055 2338 1110; x_wconf 90' lang='lat' dir='ltr'><strong>Cui</strong></span> <span class='ocrx_word' id='word_1_357' title='bbox 2369 1058 2674 1111; x_wconf 78' lang='lat' dir='ltr'><strong>colnerebat</strong></span> <span class='ocrx_word' id='word_1_358' title='bbox 2701 1058 2857 1121; x_wconf 91' lang='lat' dir='ltr'><strong>alter,</strong></span> <span class='ocrx_word' id='word_1_359' title='bbox 2888 1058 2995 1127; x_wconf 84' lang='lat' dir='ltr'><strong>Ega</strong></span> <span class='ocrx_word' id='word_1_360' title='bbox 3041 1059 3280 1122; x_wconf 81' lang='lat' dir='ltr'><strong>nomine,</strong></span> <span class='ocrx_word' id='word_1_361' title='bbox 3312 1057 3366 1110; x_wconf 89' lang='lat' dir='ltr'><strong>in</strong></span> <span class='ocrx_word' id='word_1_362' title='bbox 3391 1071 3524 1111; x_wconf 83' lang='lat' dir='ltr'><strong>oon-</strong></span> 
     </span>
    </p>
   </div>
   <div class='ocr_carea' id='block_1_56' title="bbox 1937 1147 3526 1220">
    <p class='ocr_par' dir='ltr' id='par_1_56' title="bbox 1937 1147 3526 1220">
     <span class='ocr_line' id='line_1_56' title="bbox 1937 1147 3526 1220; baseline 0 -18"><span class='ocrx_word' id='word_1_363' title='bbox 1937 1148 2043 1202; x_wconf 84' lang='lat' dir='ltr'><strong>silii</strong></span> <span class='ocrx_word' id='word_1_364' title='bbox 2072 1148 2389 1202; x_wconf 88' lang='lat' dir='ltr'><strong>salubritate</strong></span> <span class='ocrx_word' id='word_1_365' title='bbox 2415 1158 2470 1203; x_wconf 90' lang='lat' dir='ltr'><strong>et</strong></span> <span class='ocrx_word' id='word_1_366' title='bbox 2503 1149 2558 1208; x_wconf 87' lang='lat' dir='ltr'><strong>in</strong></span> <span class='ocrx_word' id='word_1_367' title='bbox 2591 1149 2849 1220; x_wconf 89' lang='lat' dir='ltr'><strong>principis</strong></span> <span class='ocrx_word' id='word_1_368' title='bbox 2874 1150 3015 1204; x_wconf 89' lang='lat' dir='ltr'><strong>haud</strong></span> <span class='ocrx_word' id='word_1_369' title='bbox 3059 1150 3338 1205; x_wconf 88' lang='lat' dir='ltr'><strong>dissimilis</strong></span> <span class='ocrx_word' id='word_1_370' title='bbox 3365 1147 3526 1204; x_wconf 85' lang='lat' dir='ltr'><strong>fami-</strong></span> 
     </span>
    </p>
   </div>
   <div class='ocr_carea' id='block_1_57' title="bbox 1940 1239 3524 1311">
    <p class='ocr_par' dir='ltr' id='par_1_57' title="bbox 1940 1239 3524 1311">
     <span class='ocr_line' id='line_1_57' title="bbox 1940 1239 3524 1311; baseline 0.002 -20"><span class='ocrx_word' id='word_1_371' title='bbox 1940 1239 2194 1294; x_wconf 89' lang='lat' dir='ltr'><strong>liaritate.</strong></span> <span class='ocrx_word' id='word_1_372' title='bbox 2225 1239 2274 1294; x_wconf 90' lang='lat' dir='ltr'><strong>Is</strong></span> <span class='ocrx_word' id='word_1_373' title='bbox 2297 1248 2415 1294; x_wconf 90' lang='lat' dir='ltr'><strong>erat</strong></span> <span class='ocrx_word' id='word_1_374' title='bbox 2439 1256 2505 1296; x_wconf 84' lang='lat' dir='ltr'><strong>ex</strong></span> <span class='ocrx_word' id='word_1_375' title='bbox 2540 1239 2812 1306; x_wconf 70' lang='lat' dir='ltr'><strong>Neustria,</strong></span> <span class='ocrx_word' id='word_1_376' title='bbox 2844 1256 2948 1296; x_wconf 92' lang='lat' dir='ltr'><strong>non</strong></span> <span class='ocrx_word' id='word_1_377' title='bbox 2981 1241 3237 1296; x_wconf 88' lang='lat' dir='ltr'><strong>mediocri</strong></span> <span class='ocrx_word' id='word_1_378' title='bbox 3269 1239 3524 1311; x_wconf 76' lang='lat' dir='ltr'><strong>przeditus</strong></span> 
     </span>
    </p>
   </div>
   <div class='ocr_carea' id='block_1_58' title="bbox 1943 1334 2206 1400">
    <p class='ocr_par' dir='ltr' id='par_1_58' title="bbox 1943 1334 2206 1400">
     <span class='ocr_line' id='line_1_58' title="bbox 1943 1334 2206 1400; baseline 0 -14"><span class='ocrx_word' id='word_1_379' title='bbox 1943 1334 2206 1400; x_wconf 64' lang='lat' dir='ltr'><strong>potentia.</strong></span> 
     </span>
    </p>
   </div>
   <div class='ocr_carea' id='block_1_59' title="bbox 2532 1422 2936 1479">
    <p class='ocr_par' dir='ltr' id='par_1_59' title="bbox 2532 1422 2936 1479">
     <span class='ocr_line' id='line_1_59' title="bbox 2532 1422 2936 1479; baseline -0.005 -1"><span class='ocrx_word' id='word_1_380' title='bbox 2532 1422 2760 1479; x_wconf 70' lang='lat' dir='ltr'><strong>CAPUT</strong></span> <span class='ocrx_word' id='word_1_381' title='bbox 2795 1423 2936 1478; x_wconf 78' lang='lat' dir='ltr'><strong>XXI.</strong></span> 
     </span>
    </p>
   </div>
   <div class='ocr_carea' id='block_1_60' title="bbox 1950 1513 3530 1584">
    <p class='ocr_par' dir='ltr' id='par_1_60' title="bbox 1950 1513 3530 1584">
     <span class='ocr_line' id='line_1_60' title="bbox 1950 1513 3530 1584; baseline 0.002 -17"><span class='ocrx_word' id='word_1_382' title='bbox 1950 1513 2023 1567; x_wconf 87' lang='lat' dir='ltr'><strong>De</strong></span> <span class='ocrx_word' id='word_1_383' title='bbox 2053 1514 2238 1584; x_wconf 83' lang='lat' dir='ltr'><strong>legatis</strong></span> <span class='ocrx_word' id='word_1_384' title='bbox 2276 1514 2342 1567; x_wconf 85' lang='lat' dir='ltr'><strong>ad</strong></span> <span class='ocrx_word' id='word_1_385' title='bbox 2371 1514 2729 1583; x_wconf 83' lang='lat' dir='ltr'><strong>imperatorem</strong></span> <span class='ocrx_word' id='word_1_386' title='bbox 2757 1555 2770 1579; x_wconf 91' lang='lat'><strong>,</strong></span> <span class='ocrx_word' id='word_1_387' title='bbox 2802 1528 2849 1569; x_wconf 81' lang='lat' dir='ltr'><strong>et</strong></span> <span class='ocrx_word' id='word_1_388' title='bbox 2877 1516 2942 1568; x_wconf 82' lang='lat' dir='ltr'><strong>dc</strong></span> <span class='ocrx_word' id='word_1_389' title='bbox 2972 1515 3343 1580; x_wconf 70' lang='lat' dir='ltr'><strong>imperatorum</strong></span> <span class='ocrx_word' id='word_1_390' title='bbox 3374 1514 3530 1570; x_wconf 73' lang='grc' dir='ltr'><em>Ιιόεω</em></span> 
     </span>
    </p>
   </div>
   <div class='ocr_carea' id='block_1_61' title="bbox 2017 1585 3532 1654">
    <p class='ocr_par' dir='ltr' id='par_1_61' title="bbox 2017 1585 3532 1654">
     <span class='ocr_line' id='line_1_61' title="bbox 2017 1585 3532 1654; baseline 0.001 -17"><span class='ocrx_word' id='word_1_391' title='bbox 2017 1596 2063 1637; x_wconf 89' lang='lat' dir='ltr'><strong>et</strong></span> <span class='ocrx_word' id='word_1_392' title='bbox 2099 1585 2330 1654; x_wconf 75' lang='lat' dir='ltr'><strong>Heraclii</strong></span> <span class='ocrx_word' id='word_1_393' title='bbox 2359 1585 2546 1654; x_wconf 77' lang='lat' dir='ltr'><strong>gestis,</strong></span> <span class='ocrx_word' id='word_1_394' title='bbox 2574 1597 2620 1637; x_wconf 86' lang='lat' dir='ltr'><strong>et</strong></span> <span class='ocrx_word' id='word_1_395' title='bbox 2651 1587 2970 1639; x_wconf 76' lang='lat' dir='ltr'><strong>successibus</strong></span> <span class='ocrx_word' id='word_1_396' title='bbox 3007 1585 3240 1638; x_wconf 76' lang='lat' dir='ltr'><strong>llcraclii</strong></span> <span class='ocrx_word' id='word_1_397' title='bbox 3284 1587 3337 1638; x_wconf 86' lang='lat' dir='ltr'><strong>in</strong></span> <span class='ocrx_word' id='word_1_398' title='bbox 3363 1586 3532 1639; x_wconf 68' lang='lat' dir='ltr'><strong>(Ilios-</strong></span> 
     </span>
    </p>
   </div>
   <div class='ocr_carea' id='block_1_62' title="bbox 2023 1653 3532 1726">
    <p class='ocr_par' dir='ltr' id='par_1_62' title="bbox 2023 1653 3532 1726">
     <span class='ocr_line' id='line_1_62' title="bbox 2023 1653 3532 1726; baseline 0.003 -20"><span class='ocrx_word' id='word_1_399' title='bbox 2023 1655 2236 1726; x_wconf 76' lang='lat' dir='ltr'><strong>clrohem</strong></span> <span class='ocrx_word' id='word_1_400' title='bbox 2269 1653 2549 1708; x_wconf 77' lang='lat' dir='ltr'><strong>Persarum</strong></span> <span class='ocrx_word' id='word_1_401' title='bbox 2577 1655 3242 1725; x_wconf 77' lang='lat' dir='ltr'><strong>tyrannum,ejusquenece</strong></span> <span class='ocrx_word' id='word_1_402' title='bbox 3263 1657 3532 1726; x_wconf 77' lang='lat' dir='ltr'><strong>crucisque</strong></span> 
     </span>
    </p>
   </div>
   <div class='ocr_carea' id='block_1_63' title="bbox 2029 1724 2648 1793">
    <p class='ocr_par' dir='ltr' id='par_1_63' title="bbox 2029 1724 2648 1793">
     <span class='ocr_line' id='line_1_63' title="bbox 2029 1724 2648 1793; baseline 0 -17"><span class='ocrx_word' id='word_1_403' title='bbox 2029 1724 2315 1776; x_wconf 71' lang='lat' dir='ltr'><strong>ﬂaminica:</strong></span> <span class='ocrx_word' id='word_1_404' title='bbox 2343 1727 2648 1793; x_wconf 82' lang='lat' dir='ltr'><strong>receptione.</strong></span> 
     </span>
    </p>
   </div>
   <div class='ocr_carea' id='block_1_64' title="bbox 2027 1815 3534 1888">
    <p class='ocr_par' dir='ltr' id='par_1_64' title="bbox 2027 1815 3534 1888">
     <span class='ocr_line' id='line_1_64' title="bbox 2027 1815 3534 1888; baseline 0.002 -19"><span class='ocrx_word' id='word_1_405' title='bbox 2027 1815 2178 1869; x_wconf 91' lang='lat' dir='ltr'><strong>Tunc</strong></span> <span class='ocrx_word' id='word_1_406' title='bbox 2210 1816 2470 1884; x_wconf 89' lang='lat' dir='ltr'><strong>temporis</strong></span> <span class='ocrx_word' id='word_1_407' title='bbox 2499 1815 2778 1871; x_wconf 86' lang='lat' dir='ltr'><strong>Servatius</strong></span> <span class='ocrx_word' id='word_1_408' title='bbox 2805 1825 2857 1870; x_wconf 90' lang='lat' dir='ltr'><strong>ct</strong></span> <span class='ocrx_word' id='word_1_409' title='bbox 2895 1817 3162 1872; x_wconf 83' lang='lat' dir='ltr'><strong>Paternus</strong></span> <span class='ocrx_word' id='word_1_410' title='bbox 3190 1858 3205 1883; x_wconf 93' lang='lat'><strong>,</strong></span> <span class='ocrx_word' id='word_1_411' title='bbox 3249 1817 3342 1887; x_wconf 89' lang='lat' dir='ltr'><strong>qui</strong></span> <span class='ocrx_word' id='word_1_412' title='bbox 3385 1818 3534 1888; x_wconf 85' lang='lat' dir='ltr'><strong>lega-</strong></span> 
     </span>
    </p>
   </div>
   <div class='ocr_carea' id='block_1_65' title="bbox 1959 1906 3536 1964">
    <p class='ocr_par' dir='ltr' id='par_1_65' title="bbox 1959 1906 3536 1964">
     <span class='ocr_line' id='line_1_65' title="bbox 1959 1906 3536 1964; baseline 0.001 -3"><span class='ocrx_word' id='word_1_413' title='bbox 1959 1908 2103 1962; x_wconf 91' lang='lat' dir='ltr'><strong>tione</strong></span> <span class='ocrx_word' id='word_1_414' title='bbox 2139 1906 2311 1960; x_wconf 89' lang='lat' dir='ltr'><strong>functi</strong></span> <span class='ocrx_word' id='word_1_415' title='bbox 2349 1907 2566 1961; x_wconf 88' lang='lat' dir='ltr'><strong>fuerant</strong></span> <span class='ocrx_word' id='word_1_416' title='bbox 2603 1909 2670 1961; x_wconf 90' lang='lat' dir='ltr'><strong>ad</strong></span> <span class='ocrx_word' id='word_1_417' title='bbox 2713 1907 3020 1962; x_wconf 84' lang='lat' dir='ltr'><strong>lleraclium</strong></span> <span class='ocrx_word' id='word_1_418' title='bbox 3055 1909 3208 1963; x_wconf 72' lang='lat' dir='ltr'><strong>Foca:</strong></span> <span class='ocrx_word' id='word_1_419' title='bbox 3255 1923 3536 1964; x_wconf 75' lang='lat' dir='ltr'><strong>successo-</strong></span> 
     </span>
    </p>
   </div>
   <div class='ocr_carea' id='block_1_66' title="bbox 1957 1997 3532 2068">
    <p class='ocr_par' dir='ltr' id='par_1_66' title="bbox 1957 1997 3532 2068">
     <span class='ocr_line' id='line_1_66' title="bbox 1957 1997 3532 2068; baseline 0.002 -16"><span class='ocrx_word' id='word_1_420' title='bbox 1957 2012 2071 2052; x_wconf 85' lang='lat' dir='ltr'><strong>rem</strong></span> <span class='ocrx_word' id='word_1_421' title='bbox 2104 1998 2355 2066; x_wconf 80' lang='lat' dir='ltr'><strong>regressi,</strong></span> <span class='ocrx_word' id='word_1_422' title='bbox 2387 1997 2688 2068; x_wconf 86' lang='lat' dir='ltr'><strong>Dagoberto</strong></span> <span class='ocrx_word' id='word_1_423' title='bbox 2713 2013 2772 2053; x_wconf 89' lang='lat' dir='ltr'><strong>se</strong></span> <span class='ocrx_word' id='word_1_424' title='bbox 2803 2007 3226 2068; x_wconf 59' lang='lat' dir='ltr'><strong>praesentarunt,</strong></span> <span class='ocrx_word' id='word_1_425' title='bbox 3257 1999 3532 2054; x_wconf 87' lang='lat' dir='ltr'><strong>dicentes:</strong></span> 
     </span>
    </p>
   </div>
   <div class='ocr_carea' id='block_1_67' title="bbox 1963 2083 3532 2161">
    <p class='ocr_par' dir='ltr' id='par_1_67' title="bbox 1963 2083 3532 2161">
     <span class='ocr_line' id='line_1_67' title="bbox 1963 2083 3532 2161; baseline 0.001 -20"><span class='ocrx_word' id='word_1_426' title='bbox 1963 2108 1982 2141; x_wconf 85' lang='grc'>‹</span> <span class='ocrx_word' id='word_1_427' title='bbox 2019 2089 2214 2143; x_wconf 76' lang='lat' dir='ltr'><strong>Pacem</strong></span> <span class='ocrx_word' id='word_1_428' title='bbox 2263 2105 2323 2145; x_wconf 90' lang='lat' dir='ltr'><strong>se</strong></span> <span class='ocrx_word' id='word_1_429' title='bbox 2361 2105 2482 2144; x_wconf 90' lang='lat' dir='ltr'><strong>cum</strong></span> <span class='ocrx_word' id='word_1_430' title='bbox 2529 2088 2778 2146; x_wconf 83' lang='lat' dir='ltr'><strong>Heraclio</strong></span> <span class='ocrx_word' id='word_1_431' title='bbox 2827 2092 3071 2146; x_wconf 87' lang='lat' dir='ltr'><strong>ﬁrmasse</strong></span> <span class='ocrx_word' id='word_1_432' title='bbox 3120 2101 3458 2161; x_wconf 88' lang='lat' dir='ltr'><strong>perpetuam.</strong></span> <span class='ocrx_word' id='word_1_433' title='bbox 3487 2083 3532 2143; x_wconf 62' lang='grc' dir='ltr'>ἰ</span> 
     </span>
    </p>
   </div>
   <div class='ocr_carea' id='block_1_68' title="bbox 1961 2178 3536 2249">
    <p class='ocr_par' dir='ltr' id='par_1_68' title="bbox 1961 2178 3536 2249">
     <span class='ocr_line' id='line_1_68' title="bbox 1961 2178 3536 2249; baseline 0.002 -17"><span class='ocrx_word' id='word_1_434' title='bbox 1961 2178 2203 2248; x_wconf 88' lang='lat' dir='ltr'><strong>Denique</strong></span> <span class='ocrx_word' id='word_1_435' title='bbox 2237 2178 2410 2234; x_wconf 86' lang='lat' dir='ltr'><strong>Focas</strong></span> <span class='ocrx_word' id='word_1_436' title='bbox 2438 2179 2731 2249; x_wconf 86' lang='lat' dir='ltr'><strong>imperator</strong></span> <span class='ocrx_word' id='word_1_437' title='bbox 2775 2181 2843 2236; x_wconf 87' lang='lat' dir='ltr'><strong>ab</strong></span> <span class='ocrx_word' id='word_1_438' title='bbox 2875 2181 3127 2235; x_wconf 85' lang='lat' dir='ltr'><strong>universo</strong></span> <span class='ocrx_word' id='word_1_439' title='bbox 3159 2182 3406 2236; x_wconf 88' lang='lat' dir='ltr'><strong>desertus</strong></span> <span class='ocrx_word' id='word_1_440' title='bbox 3447 2193 3536 2235; x_wconf 89' lang='lat' dir='ltr'><strong>se-</strong></span> 
     </span>
    </p>
   </div>
   <div class='ocr_carea' id='block_1_69' title="bbox 1960 2269 3540 2342">
    <p class='ocr_par' dir='ltr' id='par_1_69' title="bbox 1960 2269 3540 2342">
     <span class='ocr_line' id='line_1_69' title="bbox 1960 2269 3540 2342; baseline 0.001 -17"><span class='ocrx_word' id='word_1_441' title='bbox 1960 2280 2091 2326; x_wconf 90' lang='lat' dir='ltr'><strong>natu</strong></span> <span class='ocrx_word' id='word_1_442' title='bbox 2121 2269 2298 2341; x_wconf 88' lang='lat' dir='ltr'><strong>(quasi</strong></span> <span class='ocrx_word' id='word_1_443' title='bbox 2336 2285 2587 2340; x_wconf 87' lang='lat' dir='ltr'><strong>perversa</strong></span> <span class='ocrx_word' id='word_1_444' title='bbox 2617 2271 2891 2326; x_wconf 89' lang='lat' dir='ltr'><strong>insaniens</strong></span> <span class='ocrx_word' id='word_1_445' title='bbox 2918 2280 3100 2326; x_wconf 88' lang='lat' dir='ltr'><strong>mente</strong></span> <span class='ocrx_word' id='word_1_446' title='bbox 3123 2311 3138 2336; x_wconf 90' lang='lat'><strong>,</strong></span> <span class='ocrx_word' id='word_1_447' title='bbox 3169 2286 3300 2340; x_wconf 87' lang='lat' dir='ltr'><strong>opes</strong></span> <span class='ocrx_word' id='word_1_448' title='bbox 3327 2271 3540 2342; x_wconf 82' lang='lat' dir='ltr'><strong>imperii</strong></span> 
     </span>
    </p>
   </div>
   <div class='ocr_carea' id='block_1_70' title="bbox 1963 2359 3540 2432">
    <p class='ocr_par' dir='ltr' id='par_1_70' title="bbox 1963 2359 3540 2432">
     <span class='ocr_line' id='line_1_70' title="bbox 1963 2359 3540 2432; baseline 0.001 -18"><span class='ocrx_word' id='word_1_449' title='bbox 1963 2359 2014 2414; x_wconf 92' lang='lat' dir='ltr'><strong>in</strong></span> <span class='ocrx_word' id='word_1_450' title='bbox 2060 2375 2207 2414; x_wconf 88' lang='lat' dir='ltr'><strong>mare</strong></span> <span class='ocrx_word' id='word_1_451' title='bbox 2232 2360 2545 2429; x_wconf 89' lang='lat' dir='ltr'><strong>projiceret,</strong></span> <span class='ocrx_word' id='word_1_452' title='bbox 2573 2360 2758 2416; x_wconf 88' lang='lat' dir='ltr'><strong>dicens</strong></span> <span class='ocrx_word' id='word_1_453' title='bbox 2801 2377 2859 2417; x_wconf 90' lang='lat' dir='ltr'><strong>se</strong></span> <span class='ocrx_word' id='word_1_454' title='bbox 2889 2361 3206 2417; x_wconf 85' lang='lat' dir='ltr'><strong>muneribus</strong></span> <span class='ocrx_word' id='word_1_455' title='bbox 3233 2359 3540 2432; x_wconf 77' lang='lat' dir='ltr'><strong>Neptunum</strong></span> 
     </span>
    </p>
   </div>
   <div class='ocr_carea' id='block_1_71' title="bbox 1962 2451 3542 2524">
    <p class='ocr_par' dir='ltr' id='par_1_71' title="bbox 1962 2451 3542 2524">
     <span class='ocr_line' id='line_1_71' title="bbox 1962 2451 3542 2524; baseline 0.003 -20"><span class='ocrx_word' id='word_1_456' title='bbox 1962 2451 2180 2522; x_wconf 88' lang='lat' dir='ltr'><strong>placare</strong></span> <span class='ocrx_word' id='word_1_457' title='bbox 2219 2453 2377 2523; x_wconf 80' lang='lat' dir='ltr'><strong>velle)</strong></span> <span class='ocrx_word' id='word_1_458' title='bbox 2407 2453 2473 2508; x_wconf 86' lang='lat' dir='ltr'><strong>ab</strong></span> <span class='ocrx_word' id='word_1_459' title='bbox 2521 2453 2844 2508; x_wconf 89' lang='lat' dir='ltr'><strong>lleracliano</strong></span> <span class='ocrx_word' id='word_1_460' title='bbox 2874 2464 2999 2509; x_wconf 90' lang='lat' dir='ltr'><strong>tunc</strong></span> <span class='ocrx_word' id='word_1_461' title='bbox 3045 2453 3242 2508; x_wconf 60' lang='lat' dir='ltr'><strong>Africa!</strong></span> <span class='ocrx_word' id='word_1_462' title='bbox 3281 2453 3542 2524; x_wconf 78' lang='lat' dir='ltr'><strong>praefecto</strong></span> 
     </span>
    </p>
   </div>
   <div class='ocr_carea' id='block_1_72' title="bbox 1963 2543 3541 2615">
    <p class='ocr_par' dir='ltr' id='par_1_72' title="bbox 1963 2543 3541 2615">
     <span class='ocr_line' id='line_1_72' title="bbox 1963 2543 3541 2615; baseline 0.001 -17"><span class='ocrx_word' id='word_1_463' title='bbox 1963 2543 2267 2615; x_wconf 89' lang='lat' dir='ltr'><strong>perimitur.</strong></span> <span class='ocrx_word' id='word_1_464' title='bbox 2317 2545 2494 2614; x_wconf 81' lang='lat' dir='ltr'><strong>Atque</strong></span> <span class='ocrx_word' id='word_1_465' title='bbox 2545 2545 2828 2600; x_wconf 88' lang='lat' dir='ltr'><strong>lleraclius</strong></span> <span class='ocrx_word' id='word_1_466' title='bbox 2871 2545 3176 2600; x_wconf 84' lang='lat' dir='ltr'><strong>Heracliani</strong></span> <span class='ocrx_word' id='word_1_467' title='bbox 3218 2545 3360 2599; x_wconf 88' lang='lat' dir='ltr'><strong>ﬁlius</strong></span> <span class='ocrx_word' id='word_1_468' title='bbox 3399 2547 3448 2600; x_wconf 89' lang='lat' dir='ltr'><strong>ei</strong></span> <span class='ocrx_word' id='word_1_469' title='bbox 3489 2547 3541 2600; x_wconf 95' lang='lat' dir='ltr'><strong>in</strong></span> 
     </span>
    </p>
   </div>
   <div class='ocr_carea' id='block_1_73' title="bbox 1967 2634 3545 2706">
    <p class='ocr_par' dir='ltr' id='par_1_73' title="bbox 1967 2634 3545 2706">
     <span class='ocr_line' id='line_1_73' title="bbox 1967 2634 3545 2706; baseline 0.001 -18"><span class='ocrx_word' id='word_1_470' title='bbox 1967 2634 2253 2704; x_wconf 87' lang='lat' dir='ltr'><strong>imperium</strong></span> <span class='ocrx_word' id='word_1_471' title='bbox 2290 2635 2662 2690; x_wconf 86' lang='lat' dir='ltr'><strong>substituitur.</strong></span> <span class='ocrx_word' id='word_1_472' title='bbox 2705 2634 2862 2689; x_wconf 88' lang='lat' dir='ltr'><strong>Anno</strong></span> <span class='ocrx_word' id='word_1_473' title='bbox 2892 2650 2946 2689; x_wconf 74' lang='lat' dir='ltr'><strong>ut</strong></span> <span class='ocrx_word' id='word_1_474' title='bbox 2995 2646 3278 2705; x_wconf 87' lang='lat' dir='ltr'><strong>postquam</strong></span> <span class='ocrx_word' id='word_1_475' title='bbox 3303 2650 3545 2706; x_wconf 85' lang='lat' dir='ltr'><strong>purpura</strong></span> 
     </span>
    </p>
   </div>
   <div class='ocr_carea' id='block_1_74' title="bbox 1967 2723 3547 2794">
    <p class='ocr_par' dir='ltr' id='par_1_74' title="bbox 1967 2723 3547 2794">
     <span class='ocr_line' id='line_1_74' title="bbox 1967 2723 3547 2794; baseline 0.001 -15"><span class='ocrx_word' id='word_1_476' title='bbox 1967 2739 2026 2779; x_wconf 82' lang='lat' dir='ltr'><strong>se</strong></span> <span class='ocrx_word' id='word_1_477' title='bbox 2049 2725 2317 2788; x_wconf 87' lang='lat' dir='ltr'><strong>induerat,</strong></span> <span class='ocrx_word' id='word_1_478' title='bbox 2345 2725 2432 2780; x_wconf 90' lang='lat' dir='ltr'><strong>hic</strong></span> <span class='ocrx_word' id='word_1_479' title='bbox 2455 2725 2735 2779; x_wconf 88' lang='lat' dir='ltr'><strong>Hcraclius</strong></span> <span class='ocrx_word' id='word_1_480' title='bbox 2756 2723 2951 2780; x_wconf 87' lang='lat' dir='ltr'><strong>multas</strong></span> <span class='ocrx_word' id='word_1_481' title='bbox 2981 2725 3287 2794; x_wconf 81' lang='lat' dir='ltr'><strong>provincias</strong></span> <span class='ocrx_word' id='word_1_482' title='bbox 3311 2741 3340 2777; x_wconf 89' lang='lat' dir='ltr'><strong>a</strong></span> <span class='ocrx_word' id='word_1_483' title='bbox 3366 2724 3547 2780; x_wconf 81' lang='lat' dir='ltr'><strong>Persis</strong></span> 
     </span>
    </p>
   </div>
   <div class='ocr_carea' id='block_1_75' title="bbox 1967 2815 3548 2888">
    <p class='ocr_par' dir='ltr' id='par_1_75' title="bbox 1967 2815 3548 2888">
     <span class='ocr_line' id='line_1_75' title="bbox 1967 2815 3548 2888; baseline -0.001 -16"><span class='ocrx_word' id='word_1_484' title='bbox 1967 2832 2225 2888; x_wconf 88' lang='lat' dir='ltr'><strong>pervasas</strong></span> <span class='ocrx_word' id='word_1_485' title='bbox 2251 2817 2561 2885; x_wconf 78' lang='lat' dir='ltr'><strong>reipublicae</strong></span> <span class='ocrx_word' id='word_1_486' title='bbox 2589 2817 2828 2870; x_wconf 87' lang='lat' dir='ltr'><strong>restituit</strong></span> <span class='ocrx_word' id='word_1_487' title='bbox 2859 2816 3101 2884; x_wconf 77' lang='lat' dir='ltr'><strong>aliasque</strong></span> <span class='ocrx_word' id='word_1_488' title='bbox 3133 2816 3371 2886; x_wconf 81' lang='lat' dir='ltr'><strong>graviter</strong></span> <span class='ocrx_word' id='word_1_489' title='bbox 3398 2815 3548 2870; x_wconf 85' lang='lat' dir='ltr'><strong>labe-</strong></span> 
     </span>
    </p>
   </div>
   <div class='ocr_carea' id='block_1_76' title="bbox 1969 2907 3549 2978">
    <p class='ocr_par' dir='ltr' id='par_1_76' title="bbox 1969 2907 3549 2978">
     <span class='ocr_line' id='line_1_76' title="bbox 1969 2907 3549 2978; baseline -0.001 -16"><span class='ocrx_word' id='word_1_490' title='bbox 1969 2908 2202 2962; x_wconf 87' lang='lat' dir='ltr'><strong>factatas</strong></span> <span class='ocrx_word' id='word_1_491' title='bbox 2234 2908 2546 2962; x_wconf 87' lang='lat' dir='ltr'><strong>vindicavit.</strong></span> <span class='ocrx_word' id='word_1_492' title='bbox 2571 2908 2876 2963; x_wconf 88' lang='lat' dir='ltr'><strong>Chosdroes</strong></span> <span class='ocrx_word' id='word_1_493' title='bbox 2909 2917 3052 2962; x_wconf 87' lang='lat' dir='ltr'><strong>enim</strong></span> <span class='ocrx_word' id='word_1_494' title='bbox 3080 2909 3331 2978; x_wconf 88' lang='lat' dir='ltr'><strong>princeps</strong></span> <span class='ocrx_word' id='word_1_495' title='bbox 3359 2907 3549 2962; x_wconf 82' lang='lat' dir='ltr'><strong>Persa-</strong></span> 
     </span>
    </p>
   </div>
   <div class='ocr_carea' id='block_1_77' title="bbox 1898 2999 3550 3095">
    <p class='ocr_par' dir='ltr' id='par_1_77' title="bbox 1898 2999 3550 3095">
     <span class='ocr_line' id='line_1_77' title="bbox 1898 2999 3550 3095; baseline -0.002 -39"><span class='ocrx_word' id='word_1_496' title='bbox 1898 3034 1942 3095; x_wconf 65' lang='grc' dir='ltr'><strong>Ο</strong></span> <span class='ocrx_word' id='word_1_497' title='bbox 1971 3017 2114 3066; x_wconf 90' lang='lat' dir='ltr'><strong>rum,</strong></span> <span class='ocrx_word' id='word_1_498' title='bbox 2143 3010 2339 3056; x_wconf 91' lang='lat' dir='ltr'><strong>cuncta</strong></span> <span class='ocrx_word' id='word_1_499' title='bbox 2363 3016 2458 3071; x_wconf 89' lang='lat' dir='ltr'><strong>per</strong></span> <span class='ocrx_word' id='word_1_500' title='bbox 2484 3017 2604 3071; x_wconf 70' lang='lat' dir='ltr'><strong>quae</strong></span> <span class='ocrx_word' id='word_1_501' title='bbox 2633 2999 2898 3055; x_wconf 87' lang='lat' dir='ltr'><strong>transibat</strong></span> <span class='ocrx_word' id='word_1_502' title='bbox 2920 3001 3209 3058; x_wconf 82' lang='lat' dir='ltr'><strong>vastando.</strong></span> <span class='ocrx_word' id='word_1_503' title='bbox 3235 2999 3550 3070; x_wconf 79' lang='lat' dir='ltr'><strong>Hierosoly-</strong></span> 
     </span>
    </p>
   </div>
   <div class='ocr_carea' id='block_1_78' title="bbox 1978 3091 3551 3161">
    <p class='ocr_par' dir='ltr' id='par_1_78' title="bbox 1978 3091 3551 3161">
     <span class='ocr_line' id='line_1_78' title="bbox 1978 3091 3551 3161; baseline -0.002 -14"><span class='ocrx_word' id='word_1_504' title='bbox 1978 3107 2120 3148; x_wconf 91' lang='lat' dir='ltr'><strong>mam</strong></span> <span class='ocrx_word' id='word_1_505' title='bbox 2160 3093 2330 3158; x_wconf 87' lang='lat' dir='ltr'><strong>venit,</strong></span> <span class='ocrx_word' id='word_1_506' title='bbox 2374 3100 2535 3161; x_wconf 90' lang='lat' dir='ltr'><strong>atque</strong></span> <span class='ocrx_word' id='word_1_507' title='bbox 2565 3092 2706 3146; x_wconf 86' lang='lat' dir='ltr'><strong>inter</strong></span> <span class='ocrx_word' id='word_1_508' title='bbox 2748 3103 2974 3146; x_wconf 83' lang='lat' dir='ltr'><strong>caeteras</strong></span> <span class='ocrx_word' id='word_1_509' title='bbox 3013 3091 3409 3147; x_wconf 85' lang='lat' dir='ltr'><strong>ecclesiasticas</strong></span> <span class='ocrx_word' id='word_1_510' title='bbox 3456 3106 3551 3146; x_wconf 83' lang='lat' dir='ltr'><strong>seu</strong></span> 
     </span>
    </p>
   </div>
   <div class='ocr_carea' id='block_1_79' title="bbox 1975 3181 3550 3252">
    <p class='ocr_par' dir='ltr' id='par_1_79' title="bbox 1975 3181 3550 3252">
     <span class='ocr_line' id='line_1_79' title="bbox 1975 3181 3550 3252; baseline 0 -16"><span class='ocrx_word' id='word_1_511' title='bbox 1975 3182 2263 3252; x_wconf 88' lang='lat' dir='ltr'><strong>populares</strong></span> <span class='ocrx_word' id='word_1_512' title='bbox 2325 3181 2652 3248; x_wconf 86' lang='lat' dir='ltr'><strong>manubias,</strong></span> <span class='ocrx_word' id='word_1_513' title='bbox 2713 3192 2923 3252; x_wconf 86' lang='lat' dir='ltr'><strong>partem</strong></span> <span class='ocrx_word' id='word_1_514' title='bbox 2983 3181 3273 3237; x_wconf 64' lang='lat' dir='ltr'><strong>salutiferae</strong></span> <span class='ocrx_word' id='word_1_515' title='bbox 3339 3182 3550 3248; x_wconf 76' lang='lat' dir='ltr'><strong>crucis,</strong></span> 
     </span>
    </p>
   </div>
   <div class='ocr_carea' id='block_1_80' title="bbox 1974 3272 3556 3346">
    <p class='ocr_par' dir='ltr' id='par_1_80' title="bbox 1974 3272 3556 3346">
     <span class='ocr_line' id='line_1_80' title="bbox 1974 3272 3556 3346; baseline 0.004 -20"><span class='ocrx_word' id='word_1_516' title='bbox 1974 3289 2134 3343; x_wconf 90' lang='lat' dir='ltr'><strong>quam</strong></span> <span class='ocrx_word' id='word_1_517' title='bbox 2177 3273 2249 3328; x_wconf 89' lang='lat' dir='ltr'><strong>ibi</strong></span> <span class='ocrx_word' id='word_1_518' title='bbox 2305 3272 2505 3327; x_wconf 85' lang='lat' dir='ltr'><strong>Helena</strong></span> <span class='ocrx_word' id='word_1_519' title='bbox 2544 3281 2718 3327; x_wconf 89' lang='lat' dir='ltr'><strong>mater</strong></span> <span class='ocrx_word' id='word_1_520' title='bbox 2751 3272 3090 3329; x_wconf 86' lang='lat' dir='ltr'><strong>Constantini</strong></span> <span class='ocrx_word' id='word_1_521' title='bbox 3129 3275 3402 3346; x_wconf 79' lang='lat' dir='ltr'><strong>quondam</strong></span> <span class='ocrx_word' id='word_1_522' title='bbox 3444 3274 3556 3332; x_wconf 84' lang='lat' dir='ltr'><strong>Au-</strong></span> 
     </span>
    </p>
   </div>
   <div class='ocr_carea' id='block_1_81' title="bbox 1975 3365 3556 3440">
    <p class='ocr_par' dir='ltr' id='par_1_81' title="bbox 1975 3365 3556 3440">
     <span class='ocr_line' id='line_1_81' title="bbox 1975 3365 3556 3440; baseline 0.004 -21"><span class='ocrx_word' id='word_1_523' title='bbox 1975 3365 2118 3434; x_wconf 77' lang='lat' dir='ltr'><strong>gusti</strong></span> <span class='ocrx_word' id='word_1_524' title='bbox 2168 3365 2480 3434; x_wconf 84' lang='lat' dir='ltr'><strong>reliquerat,</strong></span> <span class='ocrx_word' id='word_1_525' title='bbox 2537 3367 2852 3438; x_wconf 85' lang='lat' dir='ltr'><strong>asportavit.</strong></span> <span class='ocrx_word' id='word_1_526' title='bbox 2911 3365 3243 3440; x_wconf 85' lang='lat' dir='ltr'><strong>Traditoque</strong></span> <span class='ocrx_word' id='word_1_527' title='bbox 3295 3372 3405 3427; x_wconf 91' lang='lat' dir='ltr'><strong>ﬁlio</strong></span> <span class='ocrx_word' id='word_1_528' title='bbox 3457 3387 3556 3427; x_wconf 87' lang='lat' dir='ltr'><strong>suo</strong></span> 
     </span>
    </p>
   </div>
   <div class='ocr_carea' id='block_1_82' title="bbox 1977 3459 3558 3533">
    <p class='ocr_par' dir='ltr' id='par_1_82' title="bbox 1977 3459 3558 3533">
     <span class='ocr_line' id='line_1_82' title="bbox 1977 3459 3558 3533; baseline 0.003 -19"><span class='ocrx_word' id='word_1_529' title='bbox 1977 3473 2168 3530; x_wconf 69' lang='lat' dir='ltr'><strong>regno,</strong></span> <span class='ocrx_word' id='word_1_530' title='bbox 2197 3459 2312 3530; x_wconf 89' lang='lat' dir='ltr'><strong>ipse</strong></span> <span class='ocrx_word' id='word_1_531' title='bbox 2345 3459 2397 3514; x_wconf 89' lang='lat' dir='ltr'><strong>in</strong></span> <span class='ocrx_word' id='word_1_532' title='bbox 2449 3469 2701 3531; x_wconf 85' lang='lat' dir='ltr'><strong>argentea</strong></span> <span class='ocrx_word' id='word_1_533' title='bbox 2754 3461 2889 3515; x_wconf 90' lang='lat' dir='ltr'><strong>turri</strong></span> <span class='ocrx_word' id='word_1_534' title='bbox 2937 3465 3126 3533; x_wconf 85' lang='lat' dir='ltr'><strong>(quam</strong></span> <span class='ocrx_word' id='word_1_535' title='bbox 3172 3463 3240 3517; x_wconf 84' lang='lat' dir='ltr'><strong>ad</strong></span> <span class='ocrx_word' id='word_1_536' title='bbox 3280 3463 3380 3518; x_wconf 90' lang='lat' dir='ltr'><strong>hos</strong></span> <span class='ocrx_word' id='word_1_537' title='bbox 3427 3479 3558 3518; x_wconf 89' lang='lat' dir='ltr'><strong>usus</strong></span> 
     </span>
    </p>
   </div>
   <div class='ocr_carea' id='block_1_83' title="bbox 1976 3551 3560 3621">
    <p class='ocr_par' dir='ltr' id='par_1_83' title="bbox 1976 3551 3560 3621">
     <span class='ocr_line' id='line_1_83' title="bbox 1976 3551 3560 3621; baseline 0.004 -18"><span class='ocrx_word' id='word_1_538' title='bbox 1976 3551 2285 3621; x_wconf 89' lang='lat' dir='ltr'><strong>paraverat)</strong></span> <span class='ocrx_word' id='word_1_539' title='bbox 2317 3565 2484 3605; x_wconf 88' lang='lat' dir='ltr'><strong>aureo</strong></span> <span class='ocrx_word' id='word_1_540' title='bbox 2509 3553 2750 3607; x_wconf 90' lang='lat' dir='ltr'><strong>residens</strong></span> <span class='ocrx_word' id='word_1_541' title='bbox 2779 3552 2936 3618; x_wconf 91' lang='lat' dir='ltr'><strong>solio,</strong></span> <span class='ocrx_word' id='word_1_542' title='bbox 2971 3553 3224 3608; x_wconf 76' lang='lat' dir='ltr'><strong>vexillum</strong></span> <span class='ocrx_word' id='word_1_543' title='bbox 3254 3563 3452 3609; x_wconf 80' lang='lat' dir='ltr'><strong>nostra:</strong></span> <span class='ocrx_word' id='word_1_544' title='bbox 3479 3571 3560 3610; x_wconf 87' lang='lat' dir='ltr'><strong>rc-</strong></span> 
     </span>
    </p>
   </div>
   <div class='ocr_carea' id='block_1_84' title="bbox 1978 3642 3560 3716">
    <p class='ocr_par' dir='ltr' id='par_1_84' title="bbox 1978 3642 3560 3716">
     <span class='ocr_line' id='line_1_84' title="bbox 1978 3642 3560 3716; baseline 0.003 -20"><span class='ocrx_word' id='word_1_545' title='bbox 1978 3642 2303 3711; x_wconf 89' lang='lat' dir='ltr'><strong>demptionis</strong></span> <span class='ocrx_word' id='word_1_546' title='bbox 2329 3683 2343 3708; x_wconf 95' lang='lat'><strong>,</strong></span> <span class='ocrx_word' id='word_1_547' title='bbox 2381 3643 2534 3711; x_wconf 91' lang='lat' dir='ltr'><strong>quasi</strong></span> <span class='ocrx_word' id='word_1_548' title='bbox 2565 3643 2825 3715; x_wconf 81' lang='lat' dir='ltr'><strong>collegam</strong></span> <span class='ocrx_word' id='word_1_549' title='bbox 2869 3646 3050 3716; x_wconf 88' lang='lat' dir='ltr'><strong>regni,</strong></span> <span class='ocrx_word' id='word_1_550' title='bbox 3085 3660 3115 3700; x_wconf 91' lang='lat' dir='ltr'><strong>e</strong></span> <span class='ocrx_word' id='word_1_551' title='bbox 3155 3645 3325 3702; x_wconf 88' lang='lat' dir='ltr'><strong>latere</strong></span> <span class='ocrx_word' id='word_1_552' title='bbox 3353 3648 3560 3702; x_wconf 88' lang='lat' dir='ltr'><strong>consti-</strong></span> 
     </span>
    </p>
   </div>
   <div class='ocr_carea' id='block_1_85' title="bbox 1981 3729 3559 3798">
    <p class='ocr_par' dir='ltr' id='par_1_85' title="bbox 1981 3729 3559 3798">
     <span class='ocr_line' id='line_1_85' title="bbox 1981 3729 3559 3798; baseline 0.004 -14"><span class='ocrx_word' id='word_1_553' title='bbox 1981 3731 2101 3785; x_wconf 90' lang='lat' dir='ltr'><strong>tuit.</strong></span> <span class='ocrx_word' id='word_1_554' title='bbox 2139 3732 2290 3798; x_wconf 84' lang='lat' dir='ltr'><strong>Quod</strong></span> <span class='ocrx_word' id='word_1_555' title='bbox 2337 3731 2426 3785; x_wconf 89' lang='lat' dir='ltr'><strong>ubi</strong></span> <span class='ocrx_word' id='word_1_556' title='bbox 2465 3731 2713 3786; x_wconf 86' lang='lat' dir='ltr'><strong>Heraclio</strong></span> <span class='ocrx_word' id='word_1_557' title='bbox 2747 3729 3054 3787; x_wconf 85' lang='lat' dir='ltr'><strong>nuntiatum</strong></span> <span class='ocrx_word' id='word_1_558' title='bbox 3096 3744 3202 3798; x_wconf 88' lang='lat' dir='ltr'><strong>est,</strong></span> <span class='ocrx_word' id='word_1_559' title='bbox 3229 3751 3352 3790; x_wconf 87' lang='lat' dir='ltr'><strong>cum</strong></span> <span class='ocrx_word' id='word_1_560' title='bbox 3384 3737 3559 3790; x_wconf 76' lang='lat' dir='ltr'><strong>\alida</strong></span> 
     </span>
    </p>
   </div>
   <div class='ocr_carea' id='block_1_86' title="bbox 1977 3823 3565 3893">
    <p class='ocr_par' dir='ltr' id='par_1_86' title="bbox 1977 3823 3565 3893">
     <span class='ocr_line' id='line_1_86' title="bbox 1977 3823 3565 3893; baseline 0.004 -16"><span class='ocrx_word' id='word_1_561' title='bbox 1977 3823 2206 3877; x_wconf 89' lang='lat' dir='ltr'><strong>militum</strong></span> <span class='ocrx_word' id='word_1_562' title='bbox 2232 3838 2392 3876; x_wconf 90' lang='lat' dir='ltr'><strong>manu</strong></span> <span class='ocrx_word' id='word_1_563' title='bbox 2415 3823 2690 3878; x_wconf 85' lang='lat' dir='ltr'><strong>Persidem</strong></span> <span class='ocrx_word' id='word_1_564' title='bbox 2715 3833 2924 3893; x_wconf 87' lang='lat' dir='ltr'><strong>petens,</strong></span> <span class='ocrx_word' id='word_1_565' title='bbox 2947 3827 3157 3880; x_wconf 90' lang='lat' dir='ltr'><strong>obviam</strong></span> <span class='ocrx_word' id='word_1_566' title='bbox 3190 3827 3377 3881; x_wconf 89' lang='lat' dir='ltr'><strong>habuit</strong></span> <span class='ocrx_word' id='word_1_567' title='bbox 3401 3827 3565 3882; x_wconf 83' lang='lat' dir='ltr'><strong>Chos-</strong></span> 
     </span>
    </p>
   </div>
   <div class='ocr_carea' id='block_1_87' title="bbox 1981 3913 3563 3988">
    <p class='ocr_par' dir='ltr' id='par_1_87' title="bbox 1981 3913 3563 3988">
     <span class='ocr_line' id='line_1_87' title="bbox 1981 3913 3563 3988; baseline 0.002 -20"><span class='ocrx_word' id='word_1_568' title='bbox 1981 3915 2112 3970; x_wconf 88' lang='lat' dir='ltr'><strong>droe</strong></span> <span class='ocrx_word' id='word_1_569' title='bbox 2166 3913 2356 3979; x_wconf 89' lang='lat' dir='ltr'><strong>ﬁlium,</strong></span> <span class='ocrx_word' id='word_1_570' title='bbox 2389 3929 2510 3968; x_wconf 90' lang='lat' dir='ltr'><strong>cum</strong></span> <span class='ocrx_word' id='word_1_571' title='bbox 2545 3915 2780 3968; x_wconf 83' lang='lat' dir='ltr'><strong>maxima</strong></span> <span class='ocrx_word' id='word_1_572' title='bbox 2808 3914 3092 3970; x_wconf 86' lang='lat' dir='ltr'><strong>Persarum</strong></span> <span class='ocrx_word' id='word_1_573' title='bbox 3121 3915 3404 3988; x_wconf 82' lang='lat' dir='ltr'><strong>phalange,</strong></span> <span class='ocrx_word' id='word_1_574' title='bbox 3441 3933 3563 3988; x_wconf 85' lang='lat' dir='ltr'><strong>qua:</strong></span> 
     </span>
    </p>
   </div>
   <div class='ocr_carea' id='block_1_88' title="bbox 1979 4005 3531 4075">
    <p class='ocr_par' dir='ltr' id='par_1_88' title="bbox 1979 4005 3531 4075">
     <span class='ocr_line' id='line_1_88' title="bbox 1979 4005 3531 4075; baseline 0.001 -16"><span class='ocrx_word' id='word_1_575' title='bbox 1979 4020 2126 4068; x_wconf 89' lang='lat' dir='ltr'><strong>eum,</strong></span> <span class='ocrx_word' id='word_1_576' title='bbox 2174 4013 2320 4058; x_wconf 84' lang='lat' dir='ltr'><strong>metu</strong></span> <span class='ocrx_word' id='word_1_577' title='bbox 2365 4013 2552 4059; x_wconf 90' lang='lat' dir='ltr'><strong>coacta</strong></span> <span class='ocrx_word' id='word_1_578' title='bbox 2578 4005 2818 4075; x_wconf 82' lang='lat' dir='ltr'><strong>tyranni,</strong></span> <span class='ocrx_word' id='word_1_579' title='bbox 2853 4020 2955 4059; x_wconf 91' lang='lat' dir='ltr'><strong>non</strong></span> <span class='ocrx_word' id='word_1_580' title='bbox 2986 4005 3266 4060; x_wconf 85' lang='lat' dir='ltr'><strong>voluntate</strong></span> <span class='ocrx_word' id='word_1_581' title='bbox 3293 4009 3450 4062; x_wconf 88' lang='lat' dir='ltr'><strong>ducta</strong></span> <span class='ocrx_word' id='word_1_582' title='bbox 3474 4023 3531 4075; x_wconf 66' lang='grc' dir='ltr'><strong>ιιι</strong></span> 
     </span>
    </p>
   </div>
   <div class='ocr_carea' id='block_1_89' title="bbox 1982 4096 3563 4168">
    <p class='ocr_par' dir='ltr' id='par_1_89' title="bbox 1982 4096 3563 4168">
     <span class='ocr_line' id='line_1_89' title="bbox 1982 4096 3563 4168; baseline 0.003 -19"><span class='ocrx_word' id='word_1_583' title='bbox 1982 4096 2144 4150; x_wconf 90' lang='lat' dir='ltr'><strong>vandi</strong></span> <span class='ocrx_word' id='word_1_584' title='bbox 2185 4096 2634 4166; x_wconf 88' lang='lat' dir='ltr'><strong>prosequebatur.</strong></span> <span class='ocrx_word' id='word_1_585' title='bbox 2697 4096 2760 4150; x_wconf 88' lang='lat' dir='ltr'><strong>Et</strong></span> <span class='ocrx_word' id='word_1_586' title='bbox 2802 4097 3244 4166; x_wconf 85' lang='lat' dir='ltr'><strong>conspirantibns</strong></span> <span class='ocrx_word' id='word_1_587' title='bbox 3281 4099 3563 4168; x_wconf 77' lang='lat' dir='ltr'><strong>utriusque</strong></span> 
     </span>
    </p>
   </div>
   <div class='ocr_carea' id='block_1_90' title="bbox 1985 4188 3564 4259">
    <p class='ocr_par' dir='ltr' id='par_1_90' title="bbox 1985 4188 3564 4259">
     <span class='ocr_line' id='line_1_90' title="bbox 1985 4188 3564 4259; baseline 0.003 -18"><span class='ocrx_word' id='word_1_588' title='bbox 1985 4189 2156 4259; x_wconf 87' lang='lat' dir='ltr'><strong>partis</strong></span> <span class='ocrx_word' id='word_1_589' title='bbox 2203 4189 2420 4254; x_wconf 89' lang='lat' dir='ltr'><strong>studiis,</strong></span> <span class='ocrx_word' id='word_1_590' title='bbox 2467 4188 2764 4258; x_wconf 89' lang='lat' dir='ltr'><strong>imperator</strong></span> <span class='ocrx_word' id='word_1_591' title='bbox 2811 4203 2935 4242; x_wconf 91' lang='lat' dir='ltr'><strong>cum</strong></span> <span class='ocrx_word' id='word_1_592' title='bbox 3001 4189 3285 4243; x_wconf 85' lang='lat' dir='ltr'><strong>Persarum</strong></span> <span class='ocrx_word' id='word_1_593' title='bbox 3338 4193 3564 4246; x_wconf 88' lang='lat' dir='ltr'><strong>ductore</strong></span> 
     </span>
    </p>
   </div>
   <div class='ocr_carea' id='block_1_91' title="bbox 1987 4277 3561 4351">
    <p class='ocr_par' dir='ltr' id='par_1_91' title="bbox 1987 4277 3561 4351">
     <span class='ocr_line' id='line_1_91' title="bbox 1987 4277 3561 4351; baseline 0.001 -18"><span class='ocrx_word' id='word_1_594' title='bbox 1987 4277 2314 4349; x_wconf 83' lang='lat' dir='ltr'><strong>singularem</strong></span> <span class='ocrx_word' id='word_1_595' title='bbox 2345 4293 2630 4349; x_wconf 83' lang='lat' dir='ltr'><strong>aggressus</strong></span> <span class='ocrx_word' id='word_1_596' title='bbox 2657 4288 2740 4332; x_wconf 89' lang='lat' dir='ltr'><strong>est</strong></span> <span class='ocrx_word' id='word_1_597' title='bbox 2779 4294 3032 4348; x_wconf 81' lang='lat' dir='ltr'><strong>pugnam,</strong></span> <span class='ocrx_word' id='word_1_598' title='bbox 3077 4282 3352 4350; x_wconf 88' lang='lat' dir='ltr'><strong>proposita</strong></span> <span class='ocrx_word' id='word_1_599' title='bbox 3399 4281 3517 4351; x_wconf 71' lang='lat' dir='ltr'><strong>lege</strong></span> <span class='ocrx_word' id='word_1_600' title='bbox 3547 4300 3561 4335; x_wconf 91' lang='lat'><strong>:</strong></span> 
     </span>
    </p>
   </div>
   <div class='ocr_carea' id='block_1_92' title="bbox 290 4366 3563 4443">
    <p class='ocr_par' dir='ltr' id='par_1_92' title="bbox 290 4366 3563 4443">
     <span class='ocr_line' id='line_1_92' title="bbox 290 4366 3563 4443; baseline 0.001 -20"><span class='ocrx_word' id='word_1_601' title='bbox 290 4371 534 4440; x_wconf 88' lang='lat' dir='ltr'><strong>patrium</strong></span> <span class='ocrx_word' id='word_1_602' title='bbox 565 4383 706 4438; x_wconf 54' lang='lat' dir='ltr'><strong>sirpe</strong></span> <span class='ocrx_word' id='word_1_603' title='bbox 725 4369 905 4422; x_wconf 86' lang='lat' dir='ltr'><strong>studet</strong></span> <span class='ocrx_word' id='word_1_604' title='bbox 933 4366 1452 4421; x_wconf 76' lang='lat' dir='ltr'><strong>Neustrizeinvisere</strong></span> <span class='ocrx_word' id='word_1_605' title='bbox 1477 4366 1880 4435; x_wconf 85' lang='lat' dir='ltr'><strong>regnum,prio-</strong></span> <span class='ocrx_word' id='word_1_606' title='bbox 1916 4373 1960 4430; x_wconf 86' lang='grc' dir='ltr'>υ</span> <span class='ocrx_word' id='word_1_607' title='bbox 1993 4389 2010 4419; x_wconf 71' lang='grc' dir='ltr'>ι</span> <span class='ocrx_word' id='word_1_608' title='bbox 2041 4367 2116 4422; x_wconf 83' lang='lat' dir='ltr'><strong>Ne</strong></span> <span class='ocrx_word' id='word_1_609' title='bbox 2158 4369 2281 4438; x_wconf 90' lang='lat' dir='ltr'><strong>quis</strong></span> <span class='ocrx_word' id='word_1_610' title='bbox 2322 4368 2388 4422; x_wconf 91' lang='lat' dir='ltr'><strong>de</strong></span> <span class='ocrx_word' id='word_1_611' title='bbox 2437 4377 2666 4438; x_wconf 87' lang='lat' dir='ltr'><strong>utroque</strong></span> <span class='ocrx_word' id='word_1_612' title='bbox 2711 4369 2952 4424; x_wconf 76' lang='lat' dir='ltr'><strong>exercitu</strong></span> <span class='ocrx_word' id='word_1_613' title='bbox 3011 4371 3428 4441; x_wconf 82' lang='lat' dir='ltr'><strong>progrederetur</strong></span> <span class='ocrx_word' id='word_1_614' title='bbox 3472 4389 3563 4443; x_wconf 63' lang='lat' dir='ltr'><strong>qua</strong></span> 
     </span>
    </p>
   </div>
   <div class='ocr_carea' id='block_1_93' title="bbox 293 4457 1880 4525">
    <p class='ocr_par' dir='ltr' id='par_1_93' title="bbox 293 4457 1880 4525">
     <span class='ocr_line' id='line_1_93' title="bbox 293 4457 1880 4525; baseline -0.004 -9"><span class='ocrx_word' id='word_1_615' title='bbox 293 4463 375 4516; x_wconf 83' lang='lat' dir='ltr'><strong>ris</strong></span> <span class='ocrx_word' id='word_1_616' title='bbox 398 4461 597 4515; x_wconf 89' lang='lat' dir='ltr'><strong>oblitus</strong></span> <span class='ocrx_word' id='word_1_617' title='bbox 632 4461 912 4525; x_wconf 86' lang='lat' dir='ltr'><strong>bonitatis,</strong></span> <span class='ocrx_word' id='word_1_618' title='bbox 946 4475 1048 4512; x_wconf 92' lang='lat' dir='ltr'><strong>non</strong></span> <span class='ocrx_word' id='word_1_619' title='bbox 1079 4459 1250 4513; x_wconf 91' lang='lat' dir='ltr'><strong>solum</strong></span> <span class='ocrx_word' id='word_1_620' title='bbox 1281 4457 1661 4522; x_wconf 86' lang='lat' dir='ltr'><strong>ecclesiarum,</strong></span> <span class='ocrx_word' id='word_1_621' title='bbox 1694 4473 1880 4511; x_wconf 89' lang='lat' dir='ltr'><strong>verum</strong></span> 
     </span>
    </p>
   </div>
   <div class='ocr_carea' id='block_1_94' title="bbox 295 4551 1886 4622">
    <p class='ocr_par' dir='ltr' id='par_1_94' title="bbox 295 4551 1886 4622">
     <span class='ocr_line' id='line_1_94' title="bbox 295 4551 1886 4622; baseline -0.003 -13"><span class='ocrx_word' id='word_1_622' title='bbox 295 4555 464 4609; x_wconf 88' lang='lat' dir='ltr'><strong>ctiam</strong></span> <span class='ocrx_word' id='word_1_623' title='bbox 499 4568 836 4622; x_wconf 89' lang='lat' dir='ltr'><strong>quorumque</strong></span> <span class='ocrx_word' id='word_1_624' title='bbox 868 4551 1211 4622; x_wconf 87' lang='lat' dir='ltr'><strong>locupletium</strong></span> <span class='ocrx_word' id='word_1_625' title='bbox 1245 4551 1456 4606; x_wconf 89' lang='lat' dir='ltr'><strong>inhians</strong></span> <span class='ocrx_word' id='word_1_626' title='bbox 1481 4553 1662 4616; x_wconf 88' lang='lat' dir='ltr'><strong>rebus,</strong></span> <span class='ocrx_word' id='word_1_627' title='bbox 1685 4552 1886 4621; x_wconf 83' lang='lat' dir='ltr'><strong>impro-</strong></span> 
     </span>
    </p>
   </div>
   <div class='ocr_carea' id='block_1_95' title="bbox 296 4643 1884 4714">
    <p class='ocr_par' dir='ltr' id='par_1_95' title="bbox 296 4643 1884 4714">
     <span class='ocr_line' id='line_1_95' title="bbox 296 4643 1884 4714; baseline -0.002 -15"><span class='ocrx_word' id='word_1_628' title='bbox 296 4647 401 4700; x_wconf 87' lang='lat' dir='ltr'><strong>bus</strong></span> <span class='ocrx_word' id='word_1_629' title='bbox 428 4643 653 4698; x_wconf 73' lang='lat' dir='ltr'><strong>effectus</strong></span> <span class='ocrx_word' id='word_1_630' title='bbox 687 4654 768 4700; x_wconf 90' lang='lat' dir='ltr'><strong>est</strong></span> <span class='ocrx_word' id='word_1_631' title='bbox 797 4645 997 4714; x_wconf 70' lang='lat' dir='ltr'><strong>pratrlo.</strong></span> <span class='ocrx_word' id='word_1_632' title='bbox 1037 4643 1166 4696; x_wconf 80' lang='lat' dir='ltr'><strong>Nam</strong></span> <span class='ocrx_word' id='word_1_633' title='bbox 1215 4643 1355 4697; x_wconf 87' lang='lat' dir='ltr'><strong>inter</strong></span> <span class='ocrx_word' id='word_1_634' title='bbox 1399 4643 1500 4696; x_wconf 88' lang='lat' dir='ltr'><strong>alia</strong></span> <span class='ocrx_word' id='word_1_635' title='bbox 1529 4643 1884 4697; x_wconf 89' lang='lat' dir='ltr'><strong>ecclesiarum</strong></span> 
     </span>
    </p>
   </div>
   <div class='ocr_carea' id='block_1_96' title="bbox 297 4731 1884 4802">
    <p class='ocr_par' dir='ltr' id='par_1_96' title="bbox 297 4731 1884 4802">
     <span class='ocr_line' id='line_1_96' title="bbox 297 4731 1884 4802; baseline -0.003 -15"><span class='ocrx_word' id='word_1_636' title='bbox 297 4734 488 4788; x_wconf 72' lang='lat' dir='ltr'><strong>Galliae</strong></span> <span class='ocrx_word' id='word_1_637' title='bbox 528 4733 716 4802; x_wconf 81' lang='lat' dir='ltr'><strong>spolia,</strong></span> <span class='ocrx_word' id='word_1_638' title='bbox 761 4749 826 4787; x_wconf 77' lang='lat' dir='ltr'><strong>ex</strong></span> <span class='ocrx_word' id='word_1_639' title='bbox 867 4734 1152 4788; x_wconf 85' lang='lat' dir='ltr'><strong>occasione</strong></span> <span class='ocrx_word' id='word_1_640' title='bbox 1202 4731 1440 4786; x_wconf 82' lang='lat' dir='ltr'><strong>basilicae</strong></span> <span class='ocrx_word' id='word_1_641' title='bbox 1487 4732 1590 4786; x_wconf 88' lang='lat' dir='ltr'><strong>divi</strong></span> <span class='ocrx_word' id='word_1_642' title='bbox 1650 4733 1884 4802; x_wconf 76' lang='lat' dir='ltr'><strong>Dionysii</strong></span> 
     </span>
    </p>
   </div>
   <div class='ocr_carea' id='block_1_97' title="bbox 299 4822 1888 4895">
    <p class='ocr_par' dir='ltr' id='par_1_97' title="bbox 299 4822 1888 4895">
     <span class='ocr_line' id='line_1_97' title="bbox 299 4822 1888 4895; baseline 0 -17"><span class='ocrx_word' id='word_1_643' title='bbox 299 4827 651 4891; x_wconf 71' lang='lat' dir='ltr'><strong>exornandtr,</strong></span> <span class='ocrx_word' id='word_1_644' title='bbox 676 4827 914 4895; x_wconf 85' lang='lat' dir='ltr'><strong>direptas</strong></span> <span class='ocrx_word' id='word_1_645' title='bbox 943 4824 1124 4877; x_wconf 77' lang='lat' dir='ltr'><strong>valvas</strong></span> <span class='ocrx_word' id='word_1_646' title='bbox 1173 4824 1311 4879; x_wconf 91' lang='lat' dir='ltr'><strong>fusili</strong></span> <span class='ocrx_word' id='word_1_647' title='bbox 1347 4839 1453 4878; x_wconf 63' lang='lat' dir='ltr'><strong>aere</strong></span> <span class='ocrx_word' id='word_1_648' title='bbox 1491 4822 1816 4878; x_wconf 86' lang='lat' dir='ltr'><strong>fabrefaclas</strong></span> <span class='ocrx_word' id='word_1_649' title='bbox 1858 4840 1888 4878; x_wconf 89' lang='lat' dir='ltr'><strong>a</strong></span> 
     </span>
    </p>
   </div>
   <div class='ocr_carea' id='block_1_98' title="bbox 304 4913 1887 4986">
    <p class='ocr_par' dir='ltr' id='par_1_98' title="bbox 304 4913 1887 4986">
     <span class='ocr_line' id='line_1_98' title="bbox 304 4913 1887 4986; baseline -0.002 -15"><span class='ocrx_word' id='word_1_650' title='bbox 304 4916 505 4986; x_wconf 83' lang='lat' dir='ltr'><strong>templo</strong></span> <span class='ocrx_word' id='word_1_651' title='bbox 529 4913 710 4970; x_wconf 81' lang='lat' dir='ltr'><strong>Sancti</strong></span> <span class='ocrx_word' id='word_1_652' title='bbox 742 4916 929 4970; x_wconf 88' lang='lat' dir='ltr'><strong>llilarii</strong></span> <span class='ocrx_word' id='word_1_653' title='bbox 973 4915 1332 4970; x_wconf 88' lang='lat' dir='ltr'><strong>Pictaviensis</strong></span> <span class='ocrx_word' id='word_1_654' title='bbox 1367 4913 1539 4969; x_wconf 82' lang='lat' dir='ltr'><strong>fertur</strong></span> <span class='ocrx_word' id='word_1_655' title='bbox 1579 4915 1887 4969; x_wconf 84' lang='lat' dir='ltr'><strong>abstulisse.</strong></span> 
     </span>
    </p>
   </div>
   <div class='ocr_carea' id='block_1_99' title="bbox 303 5005 1888 5077">
    <p class='ocr_par' dir='ltr' id='par_1_99' title="bbox 303 5005 1888 5077">
     <span class='ocr_line' id='line_1_99' title="bbox 303 5005 1888 5077; baseline 0.001 -18"><span class='ocrx_word' id='word_1_656' title='bbox 303 5009 454 5074; x_wconf 87' lang='lat' dir='ltr'><strong>Quas</strong></span> <span class='ocrx_word' id='word_1_657' title='bbox 480 5023 600 5061; x_wconf 87' lang='lat' dir='ltr'><strong>cum</strong></span> <span class='ocrx_word' id='word_1_658' title='bbox 635 5023 728 5077; x_wconf 89' lang='lat' dir='ltr'><strong>per</strong></span> <span class='ocrx_word' id='word_1_659' title='bbox 756 5006 1028 5062; x_wconf 85' lang='lat' dir='ltr'><strong>Oceanum</strong></span> <span class='ocrx_word' id='word_1_660' title='bbox 1062 5007 1114 5060; x_wconf 90' lang='lat' dir='ltr'><strong>in</strong></span> <span class='ocrx_word' id='word_1_661' title='bbox 1145 5005 1450 5076; x_wconf 89' lang='lat' dir='ltr'><strong>Sequanam</strong></span> <span class='ocrx_word' id='word_1_662' title='bbox 1479 5006 1668 5061; x_wconf 89' lang='lat' dir='ltr'><strong>devehi</strong></span> <span class='ocrx_word' id='word_1_663' title='bbox 1693 5007 1888 5077; x_wconf 87' lang='lat' dir='ltr'><strong>jussis-</strong></span> 
     </span>
    </p>
   </div>
   <div class='ocr_carea' id='block_1_100' title="bbox 307 5096 1892 5168">
    <p class='ocr_par' dir='ltr' id='par_1_100' title="bbox 307 5096 1892 5168">
     <span class='ocr_line' id='line_1_100' title="bbox 307 5096 1892 5168; baseline -0.001 -17"><span class='ocrx_word' id='word_1_664' title='bbox 307 5109 414 5163; x_wconf 88' lang='lat' dir='ltr'><strong>set,</strong></span> <span class='ocrx_word' id='word_1_665' title='bbox 460 5107 521 5152; x_wconf 89' lang='lat' dir='ltr'><strong>ut</strong></span> <span class='ocrx_word' id='word_1_666' title='bbox 574 5114 670 5168; x_wconf 92' lang='lat' dir='ltr'><strong>per</strong></span> <span class='ocrx_word' id='word_1_667' title='bbox 726 5113 845 5152; x_wconf 91' lang='lat' dir='ltr'><strong>eam</strong></span> <span class='ocrx_word' id='word_1_668' title='bbox 884 5098 1125 5152; x_wconf 85' lang='lat' dir='ltr'><strong>Parisius</strong></span> <span class='ocrx_word' id='word_1_669' title='bbox 1175 5111 1346 5166; x_wconf 88' lang='lat' dir='ltr'><strong>usque</strong></span> <span class='ocrx_word' id='word_1_670' title='bbox 1384 5096 1730 5159; x_wconf 86' lang='lat' dir='ltr'><strong>ducerentur,</strong></span> <span class='ocrx_word' id='word_1_671' title='bbox 1788 5112 1892 5149; x_wconf 89' lang='lat' dir='ltr'><strong>una</strong></span> 
     </span>
    </p>
   </div>
   <div class='ocr_carea' id='block_1_101' title="bbox 308 5185 1896 5258">
    <p class='ocr_par' dir='ltr' id='par_1_101' title="bbox 308 5185 1896 5258">
     <span class='ocr_line' id='line_1_101' title="bbox 308 5185 1896 5258; baseline -0.003 -13"><span class='ocrx_word' id='word_1_672' title='bbox 308 5207 495 5245; x_wconf 86' lang='lat' dir='ltr'><strong>earum</strong></span> <span class='ocrx_word' id='word_1_673' title='bbox 525 5191 686 5244; x_wconf 80' lang='lat' dir='ltr'><strong>fluvio</strong></span> <span class='ocrx_word' id='word_1_674' title='bbox 713 5191 987 5258; x_wconf 86' lang='lat' dir='ltr'><strong>absorpta,</strong></span> <span class='ocrx_word' id='word_1_675' title='bbox 1014 5205 1112 5242; x_wconf 90' lang='lat' dir='ltr'><strong>nec</strong></span> <span class='ocrx_word' id='word_1_676' title='bbox 1139 5188 1479 5258; x_wconf 89' lang='lat' dir='ltr'><strong>postmodum</strong></span> <span class='ocrx_word' id='word_1_677' title='bbox 1511 5187 1709 5242; x_wconf 82' lang='lat' dir='ltr'><strong>dicitur</strong></span> <span class='ocrx_word' id='word_1_678' title='bbox 1729 5185 1896 5241; x_wconf 85' lang='lat' dir='ltr'><strong>fuisse</strong></span> 
     </span>
    </p>
   </div>
   <div class='ocr_carea' id='block_1_102' title="bbox 312 5277 1898 5352">
    <p class='ocr_par' dir='ltr' id='par_1_102' title="bbox 312 5277 1898 5352">
     <span class='ocr_line' id='line_1_102' title="bbox 312 5277 1898 5352; baseline -0.003 -17"><span class='ocrx_word' id='word_1_679' title='bbox 312 5292 546 5352; x_wconf 68' lang='lat' dir='ltr'><strong>rrperta.</strong></span> <span class='ocrx_word' id='word_1_680' title='bbox 577 5281 827 5335; x_wconf 75' lang='lat' dir='ltr'><strong>Luxuria:</strong></span> <span class='ocrx_word' id='word_1_681' title='bbox 851 5291 956 5334; x_wconf 92' lang='lat' dir='ltr'><strong>tam</strong></span> <span class='ocrx_word' id='word_1_682' title='bbox 995 5277 1306 5334; x_wconf 72' lang='lat' dir='ltr'><strong>ineli‘renate</strong></span> <span class='ocrx_word' id='word_1_683' title='bbox 1337 5293 1392 5334; x_wconf 91' lang='lat' dir='ltr'><strong>se</strong></span> <span class='ocrx_word' id='word_1_684' title='bbox 1427 5278 1644 5332; x_wconf 90' lang='lat' dir='ltr'><strong>tradidit</strong></span> <span class='ocrx_word' id='word_1_685' title='bbox 1665 5286 1721 5330; x_wconf 91' lang='lat' dir='ltr'><strong>ut</strong></span> <span class='ocrx_word' id='word_1_686' title='bbox 1747 5291 1898 5332; x_wconf 80' lang='lat' dir='ltr'><strong>exce-</strong></span> 
     </span>
    </p>
   </div>
   <div class='ocr_carea' id='block_1_103' title="bbox 312 5368 1896 5443">
    <p class='ocr_par' dir='ltr' id='par_1_103' title="bbox 312 5368 1896 5443">
     <span class='ocr_line' id='line_1_103' title="bbox 312 5368 1896 5443; baseline -0.003 -18"><span class='ocrx_word' id='word_1_687' title='bbox 312 5375 416 5443; x_wconf 89' lang='lat' dir='ltr'><strong>ptis</strong></span> <span class='ocrx_word' id='word_1_688' title='bbox 449 5375 642 5435; x_wconf 87' lang='lat' dir='ltr'><strong>tribus,</strong></span> <span class='ocrx_word' id='word_1_689' title='bbox 675 5388 794 5442; x_wconf 65' lang='lat' dir='ltr'><strong>quae</strong></span> <span class='ocrx_word' id='word_1_690' title='bbox 819 5387 940 5427; x_wconf 87' lang='lat' dir='ltr'><strong>cum</strong></span> <span class='ocrx_word' id='word_1_691' title='bbox 974 5371 1187 5426; x_wconf 88' lang='lat' dir='ltr'><strong>nomine</strong></span> <span class='ocrx_word' id='word_1_692' title='bbox 1214 5371 1358 5423; x_wconf 89' lang='lat' dir='ltr'><strong>culu</strong></span> <span class='ocrx_word' id='word_1_693' title='bbox 1405 5370 1567 5423; x_wconf 87' lang='lat' dir='ltr'><strong>etiam</strong></span> <span class='ocrx_word' id='word_1_694' title='bbox 1597 5368 1896 5423; x_wconf 88' lang='lat' dir='ltr'><strong>fulcieban-</strong></span> 
     </span>
    </p>
   </div>
   <div class='ocr_carea' id='block_1_104' title="bbox 313 5461 1900 5538">
    <p class='ocr_par' dir='ltr' id='par_1_104' title="bbox 313 5461 1900 5538">
     <span class='ocr_line' id='line_1_104' title="bbox 313 5461 1900 5538; baseline -0.005 -18"><span class='ocrx_word' id='word_1_695' title='bbox 313 5478 399 5520; x_wconf 91' lang='lat' dir='ltr'><strong>tnr</strong></span> <span class='ocrx_word' id='word_1_696' title='bbox 427 5468 599 5538; x_wconf 81' lang='lat' dir='ltr'><strong>regio,</strong></span> <span class='ocrx_word' id='word_1_697' title='bbox 637 5466 898 5536; x_wconf 73' lang='lat' dir='ltr'><strong>plurimus</strong></span> <span class='ocrx_word' id='word_1_698' title='bbox 941 5465 1367 5519; x_wconf 90' lang='lat' dir='ltr'><strong>concubinarum</strong></span> <span class='ocrx_word' id='word_1_699' title='bbox 1400 5461 1474 5515; x_wconf 89' lang='lat' dir='ltr'><strong>illi</strong></span> <span class='ocrx_word' id='word_1_700' title='bbox 1507 5462 1900 5531; x_wconf 88' lang='lat' dir='ltr'><strong>obsequeretur</strong></span> 
     </span>
    </p>
   </div>
   <div class='ocr_carea' id='block_1_105' title="bbox 313 5551 1899 5626">
    <p class='ocr_par' dir='ltr' id='par_1_105' title="bbox 313 5551 1899 5626">
     <span class='ocr_line' id='line_1_105' title="bbox 313 5551 1899 5626; baseline -0.004 -16"><span class='ocrx_word' id='word_1_701' title='bbox 313 5573 594 5612; x_wconf 86' lang='lat' dir='ltr'><strong>numerus.</strong></span> <span class='ocrx_word' id='word_1_702' title='bbox 633 5559 900 5612; x_wconf 79' lang='lat' dir='ltr'><strong>Aversum</strong></span> <span class='ocrx_word' id='word_1_703' title='bbox 924 5557 1104 5626; x_wconf 90' lang='lat' dir='ltr'><strong>itaque</strong></span> <span class='ocrx_word' id='word_1_704' title='bbox 1128 5571 1222 5610; x_wconf 90' lang='lat' dir='ltr'><strong>cor</strong></span> <span class='ocrx_word' id='word_1_705' title='bbox 1240 5555 1356 5624; x_wconf 82' lang='lat' dir='ltr'><strong>ejus</strong></span> <span class='ocrx_word' id='word_1_706' title='bbox 1377 5569 1404 5609; x_wconf 72' lang='grc' dir='ltr'>θ</span> <span class='ocrx_word' id='word_1_707' title='bbox 1438 5554 1543 5608; x_wconf 88' lang='lat' dir='ltr'><strong>Deo</strong></span> <span class='ocrx_word' id='word_1_708' title='bbox 1566 5551 1732 5608; x_wconf 90' lang='lat' dir='ltr'><strong>fuisse</strong></span> <span class='ocrx_word' id='word_1_709' title='bbox 1751 5551 1899 5606; x_wconf 73' lang='lat' dir='ltr'><strong>msti-</strong></span> 
     </span>
    </p>
   </div>
   <div class='ocr_carea' id='block_1_106' title="bbox 315 5645 1901 5720">
    <p class='ocr_par' dir='ltr' id='par_1_106' title="bbox 315 5645 1901 5720">
     <span class='ocr_line' id='line_1_106' title="bbox 315 5645 1901 5720; baseline -0.004 -15"><span class='ocrx_word' id='word_1_710' title='bbox 315 5650 568 5707; x_wconf 82' lang='lat' dir='ltr'><strong>mabatur</strong></span> <span class='ocrx_word' id='word_1_711' title='bbox 601 5663 928 5720; x_wconf 84' lang='lat' dir='ltr'><strong>prorsusqnc</strong></span> <span class='ocrx_word' id='word_1_712' title='bbox 967 5647 1351 5715; x_wconf 82' lang='lat' dir='ltr'><strong>abalienatum,</strong></span> <span class='ocrx_word' id='word_1_713' title='bbox 1382 5646 1482 5701; x_wconf 89' lang='lat' dir='ltr'><strong>nisi</strong></span> <span class='ocrx_word' id='word_1_714' title='bbox 1517 5645 1568 5701; x_wconf 91' lang='lat' dir='ltr'><strong>in</strong></span> <span class='ocrx_word' id='word_1_715' title='bbox 1598 5653 1769 5702; x_wconf 85' lang='lat' dir='ltr'><strong>semet</strong></span> <span class='ocrx_word' id='word_1_716' title='bbox 1820 5658 1901 5699; x_wconf 85' lang='lat' dir='ltr'><strong>re—</strong></span> 
     </span>
    </p>
   </div>
   <div class='ocr_carea' id='block_1_107' title="bbox 1985 4459 3568 4534">
    <p class='ocr_par' dir='ltr' id='par_1_107' title="bbox 1985 4459 3568 4534">
     <span class='ocr_line' id='line_1_107' title="bbox 1985 4459 3568 4534; baseline 0.004 -22"><span class='ocrx_word' id='word_1_717' title='bbox 1985 4459 2108 4514; x_wconf 89' lang='lat' dir='ltr'><strong>duci</strong></span> <span class='ocrx_word' id='word_1_718' title='bbox 2147 4474 2244 4514; x_wconf 85' lang='lat' dir='ltr'><strong>suo</strong></span> <span class='ocrx_word' id='word_1_719' title='bbox 2274 4459 2532 4512; x_wconf 80' lang='lat' dir='ltr'><strong>auxilium</strong></span> <span class='ocrx_word' id='word_1_720' title='bbox 2573 4459 2760 4514; x_wconf 80' lang='lat' dir='ltr'><strong>ferret.</strong></span> <span class='ocrx_word' id='word_1_721' title='bbox 2800 4460 2955 4526; x_wconf 91' lang='lat' dir='ltr'><strong>Quod</strong></span> <span class='ocrx_word' id='word_1_722' title='bbox 3004 4461 3047 4515; x_wconf 83' lang='lat' dir='ltr'><strong>si</strong></span> <span class='ocrx_word' id='word_1_723' title='bbox 3107 4461 3229 4530; x_wconf 88' lang='lat' dir='ltr'><strong>quis</strong></span> <span class='ocrx_word' id='word_1_724' title='bbox 3273 4460 3568 4534; x_wconf 88' lang='lat' dir='ltr'><strong>infringere</strong></span> 
     </span>
    </p>
   </div>
   <div class='ocr_carea' id='block_1_108' title="bbox 1987 4548 3568 4620">
    <p class='ocr_par' dir='ltr' id='par_1_108' title="bbox 1987 4548 3568 4620">
     <span class='ocr_line' id='line_1_108' title="bbox 1987 4548 3568 4620; baseline 0.003 -18"><span class='ocrx_word' id='word_1_725' title='bbox 1987 4548 2262 4602; x_wconf 78' lang='lat' dir='ltr'><strong>decretura</strong></span> <span class='ocrx_word' id='word_1_726' title='bbox 2290 4556 2660 4618; x_wconf 67' lang='lat' dir='ltr'><strong>praesumeret,</strong></span> <span class='ocrx_word' id='word_1_727' title='bbox 2686 4548 2755 4602; x_wconf 88' lang='lat' dir='ltr'><strong>ab</strong></span> <span class='ocrx_word' id='word_1_728' title='bbox 2781 4551 2896 4619; x_wconf 88' lang='lat' dir='ltr'><strong>ipso</strong></span> <span class='ocrx_word' id='word_1_729' title='bbox 2925 4550 3170 4620; x_wconf 86' lang='lat' dir='ltr'><strong>principe</strong></span> <span class='ocrx_word' id='word_1_730' title='bbox 3201 4566 3317 4614; x_wconf 89' lang='lat' dir='ltr'><strong>suo,</strong></span> <span class='ocrx_word' id='word_1_731' title='bbox 3345 4555 3568 4606; x_wconf 84' lang='lat' dir='ltr'><strong>succisis</strong></span> 
     </span>
    </p>
   </div>
   <div class='ocr_carea' id='block_1_109' title="bbox 1990 4643 3568 4718">
    <p class='ocr_par' dir='ltr' id='par_1_109' title="bbox 1990 4643 3568 4718">
     <span class='ocr_line' id='line_1_109' title="bbox 1990 4643 3568 4718; baseline 0.003 -20"><span class='ocrx_word' id='word_1_732' title='bbox 1990 4643 2300 4714; x_wconf 89' lang='lat' dir='ltr'><strong>poplitibus,</strong></span> <span class='ocrx_word' id='word_1_733' title='bbox 2322 4643 2498 4698; x_wconf 90' lang='lat' dir='ltr'><strong>vicino</strong></span> <span class='ocrx_word' id='word_1_734' title='bbox 2525 4643 2938 4714; x_wconf 84' lang='lat' dir='ltr'><strong>immergeretur</strong></span> <span class='ocrx_word' id='word_1_735' title='bbox 2967 4644 3195 4700; x_wconf 84' lang='lat' dir='ltr'><strong>llutnini.</strong></span> <span class='ocrx_word' id='word_1_736' title='bbox 3226 4667 3245 4700; x_wconf 71' lang='grc' dir='ltr'><strong><em>ι</em></strong></span> <span class='ocrx_word' id='word_1_737' title='bbox 3276 4649 3376 4702; x_wconf 91' lang='lat' dir='ltr'><strong>Diu</strong></span> <span class='ocrx_word' id='word_1_738' title='bbox 3405 4649 3568 4718; x_wconf 85' lang='lat' dir='ltr'><strong>igitur</strong></span> 
     </span>
    </p>
   </div>
   <div class='ocr_carea' id='block_1_110' title="bbox 1991 4732 3570 4802">
    <p class='ocr_par' dir='ltr' id='par_1_110' title="bbox 1991 4732 3570 4802">
     <span class='ocr_line' id='line_1_110' title="bbox 1991 4732 3570 4802; baseline 0.002 -15"><span class='ocrx_word' id='word_1_739' title='bbox 1991 4736 2341 4802; x_wconf 88' lang='lat' dir='ltr'><strong>animoseque</strong></span> <span class='ocrx_word' id='word_1_740' title='bbox 2369 4733 2752 4802; x_wconf 85' lang='lat' dir='ltr'><strong>congressione</strong></span> <span class='ocrx_word' id='word_1_741' title='bbox 2777 4732 2942 4798; x_wconf 85' lang='lat' dir='ltr'><strong>facta,</strong></span> <span class='ocrx_word' id='word_1_742' title='bbox 2966 4733 3246 4791; x_wconf 86' lang='lat' dir='ltr'><strong>Heraclius</strong></span> <span class='ocrx_word' id='word_1_743' title='bbox 3280 4737 3348 4792; x_wconf 88' lang='lat' dir='ltr'><strong>ad</strong></span> <span class='ocrx_word' id='word_1_744' title='bbox 3377 4741 3570 4790; x_wconf 75' lang='lat' dir='ltr'><strong>adver—</strong></span> 
     </span>
    </p>
   </div>
   <div class='ocr_carea' id='block_1_111' title="bbox 1992 4821 3567 4898">
    <p class='ocr_par' dir='ltr' id='par_1_111' title="bbox 1992 4821 3567 4898">
     <span class='ocr_line' id='line_1_111' title="bbox 1992 4821 3567 4898; baseline 0.001 -17"><span class='ocrx_word' id='word_1_745' title='bbox 1992 4821 2194 4881; x_wconf 75' lang='lat' dir='ltr'><strong>sarium</strong></span> <span class='ocrx_word' id='word_1_746' title='bbox 2225 4843 2238 4878; x_wconf 92' lang='lat'>:</span> <span class='ocrx_word' id='word_1_747' title='bbox 2279 4844 2294 4876; x_wconf 83' lang='lat' dir='ltr'><strong>I</strong></span> <span class='ocrx_word' id='word_1_748' title='bbox 2331 4823 2397 4879; x_wconf 87' lang='lat' dir='ltr'><strong>Ut</strong></span> <span class='ocrx_word' id='word_1_749' title='bbox 2426 4826 2554 4894; x_wconf 92' lang='lat' dir='ltr'><strong>quid</strong></span> <span class='ocrx_word' id='word_1_750' title='bbox 2575 4865 2590 4890; x_wconf 93' lang='lat'><strong>,</strong></span> <span class='ocrx_word' id='word_1_751' title='bbox 2616 4825 2732 4891; x_wconf 90' lang='lat' dir='ltr'><strong>ait,</strong></span> <span class='ocrx_word' id='word_1_752' title='bbox 2777 4826 2852 4880; x_wconf 89' lang='lat' dir='ltr'><strong>tui</strong></span> <span class='ocrx_word' id='word_1_753' title='bbox 2885 4827 2987 4881; x_wconf 91' lang='lat' dir='ltr'><strong>hoc</strong></span> <span class='ocrx_word' id='word_1_754' title='bbox 3013 4829 3155 4898; x_wconf 91' lang='lat' dir='ltr'><strong>quod</strong></span> <span class='ocrx_word' id='word_1_755' title='bbox 3188 4828 3567 4882; x_wconf 84' lang='lat' dir='ltr'><strong>constituimus</strong></span> 
     </span>
    </p>
   </div>
   <div class='ocr_carea' id='block_1_112' title="bbox 1992 4915 3568 4986">
    <p class='ocr_par' dir='ltr' id='par_1_112' title="bbox 1992 4915 3568 4986">
     <span class='ocr_line' id='line_1_112' title="bbox 1992 4915 3568 4986; baseline 0.003 -18"><span class='ocrx_word' id='word_1_756' title='bbox 1992 4915 2350 4986; x_wconf 83' lang='lat' dir='ltr'><strong>praevaricant</strong></span> <span class='ocrx_word' id='word_1_757' title='bbox 2370 4915 2620 4985; x_wconf 83' lang='lat' dir='ltr'><strong>pactum?</strong></span> <span class='ocrx_word' id='word_1_758' title='bbox 2652 4934 2670 4967; x_wconf 73' lang='grc' dir='ltr'><strong><em>ι</em></strong></span> <span class='ocrx_word' id='word_1_759' title='bbox 2712 4915 2803 4969; x_wconf 90' lang='lat' dir='ltr'><strong>llle</strong></span> <span class='ocrx_word' id='word_1_760' title='bbox 2835 4915 3030 4970; x_wconf 82' lang='lat' dir='ltr'><strong>reﬂexa</strong></span> <span class='ocrx_word' id='word_1_761' title='bbox 3058 4918 3292 4982; x_wconf 87' lang='lat' dir='ltr'><strong>cervice,</strong></span> <span class='ocrx_word' id='word_1_762' title='bbox 3328 4925 3388 4971; x_wconf 89' lang='lat' dir='ltr'><strong>ut</strong></span> <span class='ocrx_word' id='word_1_763' title='bbox 3416 4917 3568 4972; x_wconf 88' lang='lat' dir='ltr'><strong>vide-</strong></span> 
     </span>
    </p>
   </div>
   <div class='ocr_carea' id='block_1_113' title="bbox 1997 5004 3570 5074">
    <p class='ocr_par' dir='ltr' id='par_1_113' title="bbox 1997 5004 3570 5074">
     <span class='ocr_line' id='line_1_113' title="bbox 1997 5004 3570 5074; baseline 0.003 -16"><span class='ocrx_word' id='word_1_764' title='bbox 1997 5013 2076 5058; x_wconf 87' lang='lat' dir='ltr'><strong>ret</strong></span> <span class='ocrx_word' id='word_1_765' title='bbox 2105 5004 2226 5074; x_wconf 90' lang='lat' dir='ltr'><strong>quis</strong></span> <span class='ocrx_word' id='word_1_766' title='bbox 2263 5019 2484 5058; x_wconf 92' lang='lat' dir='ltr'><strong>suorum</strong></span> <span class='ocrx_word' id='word_1_767' title='bbox 2526 5005 2585 5059; x_wconf 80' lang='lat' dir='ltr'><strong>Se</strong></span> <span class='ocrx_word' id='word_1_768' title='bbox 2611 5005 2820 5060; x_wconf 88' lang='lat' dir='ltr'><strong>veniret</strong></span> <span class='ocrx_word' id='word_1_769' title='bbox 2866 5005 3140 5074; x_wconf 90' lang='lat' dir='ltr'><strong>juvatum,</strong></span> <span class='ocrx_word' id='word_1_770' title='bbox 3197 5006 3266 5060; x_wconf 90' lang='lat' dir='ltr'><strong>ab</strong></span> <span class='ocrx_word' id='word_1_771' title='bbox 3321 5005 3570 5063; x_wconf 86' lang='lat' dir='ltr'><strong>Heraclio</strong></span> 
     </span>
    </p>
   </div>
   <div class='ocr_carea' id='block_1_114' title="bbox 1995 5095 3572 5166">
    <p class='ocr_par' dir='ltr' id='par_1_114' title="bbox 1995 5095 3572 5166">
     <span class='ocr_line' id='line_1_114' title="bbox 1995 5095 3572 5166; baseline 0.004 -18"><span class='ocrx_word' id='word_1_772' title='bbox 1995 5110 2283 5166; x_wconf 88' lang='lat' dir='ltr'><strong>percussus</strong></span> <span class='ocrx_word' id='word_1_773' title='bbox 2307 5111 2445 5165; x_wconf 88' lang='lat' dir='ltr'><strong>equo</strong></span> <span class='ocrx_word' id='word_1_774' title='bbox 2470 5095 2711 5164; x_wconf 86' lang='lat' dir='ltr'><strong>dejectus</strong></span> <span class='ocrx_word' id='word_1_775' title='bbox 2752 5107 2835 5152; x_wconf 88' lang='lat' dir='ltr'><strong>est</strong></span> <span class='ocrx_word' id='word_1_776' title='bbox 2863 5107 3125 5152; x_wconf 89' lang='lat' dir='ltr'><strong>mortuus.</strong></span> <span class='ocrx_word' id='word_1_777' title='bbox 3169 5095 3364 5152; x_wconf 90' lang='lat' dir='ltr'><strong>Statim</strong></span> <span class='ocrx_word' id='word_1_778' title='bbox 3392 5097 3572 5155; x_wconf 68' lang='lat' dir='ltr'><strong>Persa.</strong></span> 
     </span>
    </p>
   </div>
   <div class='ocr_carea' id='block_1_115' title="bbox 1998 5185 3571 5257">
    <p class='ocr_par' dir='ltr' id='par_1_115' title="bbox 1998 5185 3571 5257">
     <span class='ocr_line' id='line_1_115' title="bbox 1998 5185 3571 5257; baseline 0.002 -15"><span class='ocrx_word' id='word_1_779' title='bbox 1998 5187 2266 5257; x_wconf 83' lang='lat' dir='ltr'><strong>supplices</strong></span> <span class='ocrx_word' id='word_1_780' title='bbox 2291 5202 2349 5240; x_wconf 89' lang='lat' dir='ltr'><strong>se</strong></span> <span class='ocrx_word' id='word_1_781' title='bbox 2377 5185 2624 5241; x_wconf 78' lang='lat' dir='ltr'><strong>Heraclio</strong></span> <span class='ocrx_word' id='word_1_782' title='bbox 2650 5189 2907 5242; x_wconf 88' lang='lat' dir='ltr'><strong>subdunt.</strong></span> <span class='ocrx_word' id='word_1_783' title='bbox 2939 5187 3040 5253; x_wconf 90' lang='lat' dir='ltr'><strong>Qui</strong></span> <span class='ocrx_word' id='word_1_784' title='bbox 3071 5203 3194 5242; x_wconf 90' lang='lat' dir='ltr'><strong>cum</strong></span> <span class='ocrx_word' id='word_1_785' title='bbox 3231 5188 3346 5243; x_wconf 88' lang='lat' dir='ltr'><strong>suis</strong></span> <span class='ocrx_word' id='word_1_786' title='bbox 3390 5187 3459 5245; x_wconf 87' lang='lat' dir='ltr'><strong>ad</strong></span> <span class='ocrx_word' id='word_1_787' title='bbox 3487 5191 3571 5245; x_wconf 91' lang='lat' dir='ltr'><strong>ul-</strong></span> 
     </span>
    </p>
   </div>
   <div class='ocr_carea' id='block_1_116' title="bbox 1999 5277 3572 5346">
    <p class='ocr_par' dir='ltr' id='par_1_116' title="bbox 1999 5277 3572 5346">
     <span class='ocr_line' id='line_1_116' title="bbox 1999 5277 3572 5346; baseline 0.003 -16"><span class='ocrx_word' id='word_1_788' title='bbox 1999 5277 2196 5331; x_wconf 86' lang='lat' dir='ltr'><strong>teriora</strong></span> <span class='ocrx_word' id='word_1_789' title='bbox 2245 5291 2566 5346; x_wconf 82' lang='lat' dir='ltr'><strong>progressus</strong></span> <span class='ocrx_word' id='word_1_790' title='bbox 2591 5317 2606 5342; x_wconf 88' lang='lat'><strong>,</strong></span> <span class='ocrx_word' id='word_1_791' title='bbox 2636 5277 3006 5332; x_wconf 86' lang='lat' dir='ltr'><strong>Chosdrobem</strong></span> <span class='ocrx_word' id='word_1_792' title='bbox 3053 5277 3106 5331; x_wconf 91' lang='lat' dir='ltr'><strong>in</strong></span> <span class='ocrx_word' id='word_1_793' title='bbox 3139 5287 3443 5334; x_wconf 89' lang='lat' dir='ltr'><strong>memorato</strong></span> <span class='ocrx_word' id='word_1_794' title='bbox 3482 5295 3572 5334; x_wconf 84' lang='lat' dir='ltr'><strong>re-</strong></span> 
     </span>
    </p>
   </div>
   <div class='ocr_carea' id='block_1_117' title="bbox 1999 5366 3572 5440">
    <p class='ocr_par' dir='ltr' id='par_1_117' title="bbox 1999 5366 3572 5440">
     <span class='ocr_line' id='line_1_117' title="bbox 1999 5366 3572 5440; baseline 0.003 -18"><span class='ocrx_word' id='word_1_795' title='bbox 1999 5369 2142 5440; x_wconf 89' lang='lat' dir='ltr'><strong>perit</strong></span> <span class='ocrx_word' id='word_1_796' title='bbox 2190 5366 2316 5420; x_wconf 88' lang='lat' dir='ltr'><strong>fano</strong></span> <span class='ocrx_word' id='word_1_797' title='bbox 2367 5369 2732 5432; x_wconf 82' lang='lat' dir='ltr'><strong>residentem,</strong></span> <span class='ocrx_word' id='word_1_798' title='bbox 2779 5378 2834 5421; x_wconf 89' lang='lat' dir='ltr'><strong>et</strong></span> <span class='ocrx_word' id='word_1_799' title='bbox 2873 5367 3028 5437; x_wconf 84' lang='lat' dir='ltr'><strong>juxta</strong></span> <span class='ocrx_word' id='word_1_800' title='bbox 3067 5382 3192 5422; x_wconf 88' lang='lat' dir='ltr'><strong>eum</strong></span> <span class='ocrx_word' id='word_1_801' title='bbox 3233 5369 3572 5426; x_wconf 83' lang='lat' dir='ltr'><strong>Dominicam</strong></span> 
     </span>
    </p>
   </div>
   <div class='ocr_carea' id='block_1_118' title="bbox 2001 5457 3573 5530">
    <p class='ocr_par' dir='ltr' id='par_1_118' title="bbox 2001 5457 3573 5530">
     <span class='ocr_line' id='line_1_118' title="bbox 2001 5457 3573 5530; baseline 0.002 -18"><span class='ocrx_word' id='word_1_802' title='bbox 2001 5471 2238 5512; x_wconf 89' lang='lat' dir='ltr'><strong>crucem.</strong></span> <span class='ocrx_word' id='word_1_803' title='bbox 2272 5457 2443 5523; x_wconf 91' lang='lat' dir='ltr'><strong>Quem</strong></span> <span class='ocrx_word' id='word_1_804' title='bbox 2484 5457 2612 5510; x_wconf 87' lang='lat' dir='ltr'><strong>dum</strong></span> <span class='ocrx_word' id='word_1_805' title='bbox 2658 5457 3058 5527; x_wconf 86' lang='lat' dir='ltr'><strong>interrogaret:</strong></span> <span class='ocrx_word' id='word_1_806' title='bbox 3094 5457 3299 5530; x_wconf 69' lang='lat' dir='ltr'><strong>,Utrum</strong></span> <span class='ocrx_word' id='word_1_807' title='bbox 3369 5458 3573 5515; x_wconf 81' lang='lat' dir='ltr'><strong>Christi</strong></span> 
     </span>
    </p>
   </div>
   <div class='ocr_carea' id='block_1_119' title="bbox 2003 5549 3577 5620">
    <p class='ocr_par' dir='ltr' id='par_1_119' title="bbox 2003 5549 3577 5620">
     <span class='ocr_line' id='line_1_119' title="bbox 2003 5549 3577 5620; baseline 0.001 -17"><span class='ocrx_word' id='word_1_808' title='bbox 2003 5549 2162 5603; x_wconf 83' lang='lat' dir='ltr'><strong>ﬁdem</strong></span> <span class='ocrx_word' id='word_1_809' title='bbox 2190 5550 2487 5618; x_wconf 88' lang='lat' dir='ltr'><strong>suscipere,</strong></span> <span class='ocrx_word' id='word_1_810' title='bbox 2505 5557 2560 5602; x_wconf 86' lang='lat' dir='ltr'><strong>et</strong></span> <span class='ocrx_word' id='word_1_811' title='bbox 2583 5549 2822 5604; x_wconf 87' lang='lat' dir='ltr'><strong>salutare</strong></span> <span class='ocrx_word' id='word_1_812' title='bbox 2850 5549 3053 5620; x_wconf 90' lang='lat' dir='ltr'><strong>lignum</strong></span> <span class='ocrx_word' id='word_1_813' title='bbox 3079 5550 3266 5620; x_wconf 88' lang='lat' dir='ltr'><strong>(quod,</strong></span> <span class='ocrx_word' id='word_1_814' title='bbox 3291 5550 3416 5607; x_wconf 88' lang='lat' dir='ltr'><strong>licet</strong></span> <span class='ocrx_word' id='word_1_815' title='bbox 3439 5552 3577 5606; x_wconf 89' lang='lat' dir='ltr'><strong>indi-</strong></span> 
     </span>
    </p>
   </div>
   <div class='ocr_carea' id='block_1_120' title="bbox 2004 5641 3576 5714">
    <p class='ocr_par' dir='ltr' id='par_1_120' title="bbox 2004 5641 3576 5714">
     <span class='ocr_line' id='line_1_120' title="bbox 2004 5641 3576 5714; baseline 0.003 -18"><span class='ocrx_word' id='word_1_816' title='bbox 2004 5659 2162 5714; x_wconf 78' lang='lat' dir='ltr'><strong>gnus,</strong></span> <span class='ocrx_word' id='word_1_817' title='bbox 2195 5642 2494 5700; x_wconf 83' lang='lat' dir='ltr'><strong>honoriﬁce.</strong></span> <span class='ocrx_word' id='word_1_818' title='bbox 2528 5651 2704 5699; x_wconf 84' lang='lat' dir='ltr'><strong>tamen</strong></span> <span class='ocrx_word' id='word_1_819' title='bbox 2729 5641 2884 5713; x_wconf 81' lang='lat' dir='ltr'><strong>juxta</strong></span> <span class='ocrx_word' id='word_1_820' title='bbox 2918 5659 3072 5700; x_wconf 87' lang='lat' dir='ltr'><strong>suum</strong></span> <span class='ocrx_word' id='word_1_821' title='bbox 3111 5653 3438 5704; x_wconf 86' lang='lat' dir='ltr'><strong>tractaverat</strong></span> <span class='ocrx_word' id='word_1_822' title='bbox 3463 5659 3576 5700; x_wconf 72' lang='lat' dir='ltr'><strong>mo-</strong></span> 
     </span>
    </p>
   </div>
  </div>
