4108 5412
534 262 644 319 783

1588 258 1858 317 AlilOlNl
1900 257 2207 314 MONAClll
2246 258 2738 314 FLORIACENSIS
2818 316 2825 323 ,

3698 257 3808 315 ’181

535 355 686 427 dum)
712 354 872 412 vellet
898 354 1162 420 adorare;
1195 354 1391 423 illeque
1418 355 1770 422 responderet
1799 351 2113 406 nullatenus
2142 364 2189 419 Α
2216 349 2313 405 Cui
2342 350 2609 405 successit
2643 348 2941 404 Heraclona
2985 348 3126 403 filius
3165 360 3295 404 cum
3338 354 3513 403 matre
3545 345 3806 404 Martina.

536 449 588 502 id
618 464 677 503 se
701 446 988 510 facturum,
1014 445 1297 499 Heraclius
1322 457 1445 497 eum
1473 442 1616 496 illico
1651 440 1945 496 interfecit.
1973 439 2114 494 Per-
2138 470 2145 475 -

533 548 867 609 vagatusque
906 536 1212 591 universam
1256 533 1535 588 Persidem
1560 572 1575 597 ,
1621 529 1787 585 lilium
1830 529 2112 586 Chosdroe

534 629 816 701 parvulum
847 628 1028 698 (quem
1055 642 1177 683 cum
1201 640 1265 681 eo
1293 625 1596 694 invenerat)
1628 623 1890 694 baptizari
1920 625 2113 693 praeci-

535 725 708 794 piens,
742 722 915 777 eidem
951 720 1235 790 praeponit.
1263 717 1329 772 Et
1370 726 1655 788 argentum
1692 716 1910 785 quidem
1948 724 2115 771 turris

532 812 817 878 exercitui,
843 827 1032 867 aurum
1060 825 1187 865 vero
1218 806 1603 864 restaurationi
1646 806 1912 875 deputans
1941 804 2113 860 eccle-

526 904 758 969 siarum,
804 918 928 958 cum
956 900 1271 957 multimoda
1318 899 1496 970 praeda
1522 912 1588 953 ac
1615 907 1820 965 septem
1856 896 2110 965 elephan-

529 994 620 1057 tis,
646 1002 919 1063 assumpta
946 992 1110 1045 etiam
1135 989 1434 1045 Salvatoris
1458 1002 1645 1054 cruce,
1663 986 2109 1057 Hierosolymam,

531 1086 766 1157 indeque
791 1082 1317 1153 ConstantinOpolim
1349 1080 1628 1134 remeavit.

1087 1191 1318 1249 CAPUT
1377 1189 1542 1246 XXII.

526 1288 606 1344 De
638 1286 874 1342 Heraclii
915 1287 1107 1357 fama,
1140 1296 1188 1339 et
1229 1283 1472 1357 praesagii
1500 1296 1612 1357 quo
1638 1297 1692 1357 se
1724 1297 1754 1334 a
1785 1280 2108 1334 circumcrsts

594 1359 890 1429 pellendum
915 1350 1127 1411 'viderat
1167 1350 1365 1429 errore.
1398 1350 1539 1406 Nam
1580 1350 1798 1429 iudices
1834 1361 2106 1420 propterea

593 1421 1025 1500 persequebatur,
1083 1441 1118 1500 _e
1165 1422 1501 1500 Franciaque
1540 1421 1803 1500 pellendos
1869 1430 2105 1500 curauit;

598 1491 716 1553 cum
750 1491 782 1552 ἱι
810 1497 1119 1552 Sarracenis
1153 1494 1314 1564 fuerit
1353 1491 1643 1564 pellendus.
1685 1491 1759 1546 De
1788 1507 1969 1545 eorum
2002 1492 2107 1545 itu-

593 1585 693 1641 que
720 1571 899 1639 agitur
917 1567 1103 1637 prwlio
1141 1563 1189 1619 et
1222 1563 1461 1618 Heraclii
1491 1572 1673 1616 morte.

595 1659 717 1713 Fuit
748 1668 925 1713 autem
955 1656 1105 1712 vultu
1141 1656 1390 1721 decorus,
1413 1653 1528 1708 visu
1560 1653 1782 1718 hilaris,
1814 1651 2103 1706 mediocris

2216 439 2315 495 Hic
2353 443 2552 508 etiam,
2602 439 2811 495 duobus
2865 439 3022 494 antiis
3076 453 3255 494 rerum
3314 452 3525 494 summa
3562 438 3805 510 potitus,

2214 529 2368 587 fratri
2401 532 2755 588 Constantino
2775 529 2900 598 jura
2936 529 3151 598 reliquit
3180 526 3419 600 imperii.

2775 619 3001 675 CAPUT
3042 619 3228 673 XXIII.

2213 712 2294 767 De
2321 723 2486 766 morte
2513 712 2742 766 Ariberti
2776 714 2910 780 regis
2937 713 3257 780 Aquilaniw,
3286 722 3335 763 et
3382 707 3496 780 ejus
3525 708 3642 780 ﬁlii:
3659 708 3811 764 Chil-

2283 785 2443 853 periri
2471 783 2634 853 deque
2663 777 3081 853 negociatoribus
3112 779 3217 853 F13:
3229 782 3338 834 ncis
3366 777 3579 853 πηιιιΙε-ιιΔ
3603 777 3810 833 Sc'aris

2282 848 2614 921 acceptius!
2647 848 3007 922 delegatione
3044 854 3111 904 ad
3161 849 3448 922 Samomint
3491 848 3813 922 Sclavorum

2283 918 2472 991 regem.
2520 933 2569 976 el
2615 918 2946 988 prndio—cum
2979 923 3054 976 eis
3081 924 3355 976 commisso
3397 918 3618 988 ejusque
3660 921 3809 974 erilis

2283 991 2508 1047 Francis
2529 993 2749 1063 infelici.

2279 1082 2438 1138 Anno
2487 1100 2543 1138 ix
2587 1083 2877 1155 Dagoberti
2922 1083 3090 1155 regis,
3139 1083 3425 1139 Ariberlus
3461 1079 3641 1136 frater
3687 1080 3812 1152 Pj‘is

2207 1174 2516 1244 Aquitania:
2538 1190 2634 1230 rex
2663 1176 2916 1240 moritur,
2951 1175 3265 1246 relinquens
3284 1175 3576 1245 parvulum
3605 1172 3805 1237 lilium,

2209 1266 2433 1321 nomine
2482 1265 2867 1338 Chilpericum.
2906 1266 3010 1334 Qui
3041 1280 3147 1321 non
3191 1267 3283 1321 diu
3332 1266 3496 1323 rebus
3543 1264 3808 1322 humanis

2209 1358 2491 1428 superfuit
2530 1358 2725 1429 Opinio
2753 1361 2947 1416 mortis
2981 1360 3100 1431 ejus
3132 1360 3439 1432 Dagoberto
3474 1359 3808 1417 ascribeba»

2210 1455 2318 1503 tur.
2348 1448 2449 1514 Qui
2480 1447 2598 1518 ejus
2628 1459 2908 1521 comperta
2940 1459 3147 1517 morte,
3175 1450 3475 1506 Barontum
3503 1453 3700 1507 ducem
3735 1450 3805 1503 al

2206 1541 2612 1609 pervadendum
2657 1539 2773 1609 ejus
2806 1556 3077 1612 regnum,
3121 1539 3209 1596 vel
3243 1541 3311 1595 ad
3354 1525 3664 1606 thesauros,
3693 1539 3805 1599 εῑέιί

2206 1633 2593 1700 adducendus,
2624 1634 2845 1689 direxit.
2890 1635 3161 1689 Barontus
3209 1649 3340 1690 vero
3368 1650 3536 1706 grave
3576 1635 3802 1705 dispen-

523 1760 757 1817 statura,
784 1748 1118 1820 egregiasque
1152 1744 1519 1810 fortitudinis;
1550 1743 1640 1813 qui
1667 1751 1722 1798 et
1750 1743 1932 1798 leones
1959 1758 2102 1812 sche
2133 1703 2179 1764 Β
2208 1722 2357 1777 dium
2391 1723 2589 1779 “inde
2616 1723 2812 1779 redsse
2841 1732 3196 1779 memorat"?-
3224 1724 3301 1780 Εο
3329 1733 3597 1796 tempore,
3635 1740 3706 1781 co
3732 1748 3741 1775 :
3769 1753 3799 1767 -

518 1843 575 1898 in
612 1857 799 1906 arena,
829 1849 885 1894 et
912 1839 1115 1909 plures,
1136 1837 1283 1892 solus
1312 1834 1664 1890 interfecerit.
1691 1834 1935 1904 Cumque
1960 1834 2102 1888 litteo

520 1935 598 1989 ris
619 1933 833 1988 abunde
870 1939 1016 1987 esset
1046 1929 1380 1993 instructus,
1410 1927 1479 1982 ad
1515 1925 1765 1980 ultimum
1799 1925 2106 1996 astrologus

517 2025 769 2081 efﬁcitur.
805 2022 1123 2094 Agnoscens
1150 2020 1333 2088 itaque
1358 2018 1411 2073 in
1436 2017 1605 2088 signis
1631 2016 1872 2071 siderum
1892 2056 1907 2081 ,
1932 2016 2102 2086 impe-

518 2118 661 2174 rium
689 2130 852 2171 suum
876 2129 907 2168 a
928 2111 1253 2168 circumcisa
1287 2117 1449 2180 gente
1477 2106 1803 2163 vastandum
1822 2146 1838 2175 ,
1864 2116 1921 2161 et
1944 2113 2101 2160 autu-

514 2223 676 2265 mans
702 2206 755 2262 id
787 2205 855 2259 de
875 2202 1075 2260 Judaeis
1101 2200 1270 2256 fuisse
1296 2206 1798 2270 pra-monstratum,
1820 2211 1917 2268 per
1939 2196 2101 2251 inter-

514 2299 738 2356 nuntios
769 2296 1132 2368 Dagobertum
1171 2292 1383 2363 rogavit
1407 2305 1589 2362 regem
1625 2288 1965 2344 Francorum
1987 2329 2002 2354 ,
2043 2297 2102 2342 ut

514 2403 745 2451 cunctos
783 2391 1025 2449 Judaicae
1063 2388 1287 2459 stirpis,
1314 2386 1407 2457 qui
1440 2385 1494 2440 in
1532 2382 1833 2455 provinciis
1869 2380 1944 2437 illi
1974 2382 2102 2437 sub-

510 2466 674 2559 jeciis
716 2481 1041 2546 manebant,
1082 2477 1424 2535 Christianos
1458 2473 1572 2529 fieri
1611 2472 1963 2544 praeciperet;
2005 2485 2105 2526 eos

513 2593 646 2634 vero
706 2577 799 2648 qui
843 2574 1053 2631 nollent
1093 2579 1187 2627 aut
1235 2569 1429 2628 exsilio
1450 2575 1546 2624 aut
1603 2575 1781 2640 morte
1828 2565 2093 2620 damnari.

514 2670 670 2738 Quod
697 2668 1036 2739 Dagobertus
1066 2663 1254 2719 volens
1291 2661 1508 2727 effecit,
1545 2672 1737 2717 omnes
1773 2656 1864 2727 qui
1907 2655 2098 2710 nolue-

512 2772 642 2819 runt
668 2762 938 2833 baptisma
963 2757 1242 2825 suscipere
1277 2752 1468 2824 procul
1502 2767 1535 2807 a
1581 2750 1779 2805 finibus
1809 2747 2099 2804 eliminaos

516 2854 780 2911 Francius.
830 2849 1001 2906 Porro
1044 2846 1294 2902 Heraclio
1342 2859 1450 2900 non
1498 2843 1568 2898 de
1614 2840 1849 2905 Judaeis,
1886 2838 1981 2893 sed
2032 2837 2099 2891 de

516 2942 835 3000 Sarracenis
878 2938 1055 2994 fuerat
1093 2944 1506 3008 praeostensum.
1548 2930 1782 3003 Agareni
1828 2928 2096 2998 siquidem

516 3035 630 3107 (qui
671 3042 728 3088 et
770 3028 1080 3099 Sarraceni)
1110 3040 1244 3097 gens
1275 3022 1511 3108 perfida,
1552 3022 1622 3076 ah
1654 3020 1929 3075 Abraham
1971 3031 2096 3112 cum
2125 3050 2169 3112 ο

514 3127 724 3198 origine
772 3123 937 3178 ritum
1001 3118 1224 3174 trahens
1274 3107 1755 3175 circumcisionis,
1817 3125 1849 3164 a
1913 3107 2097 3163 radice

517 3216 747 3273 Caucasi
780 3213 981 3269 montis
1013 3223 1303 3280 progressa
1324 3246 1340 3274 ,
1376 3214 1551 3262 terras
1591 3202 1826 3258 Heraclii
1869 3200 2099 3271 pupula-

517 3319 629 3362 tum
652 3310 937 3360 venerunt.
965 3301 1167 3357 Contra
1198 3311 1337 3368 quos
1366 3293 1507 3351 lecta
1538 3292 1770 3348 militum
1805 3305 2022 3353 manus,
2066 3303 2098 3341 a

515 3398 730 3455 Czcsare
756 3395 987 3457 directa,
1012 3391 1252 3462 graviter
1275 3394 1359 3442 est
1392 3385 1460 3442 ab
1487 3383 1736 3439 hostibus
1760 3395 1920 3437 caasa.
1960 3379 2099 3434 Nam

522 3504 737 3552 centum
771 3486 1165 3560 quinquaginta
1202 3482 1375 3538 millia
1413 3496 1481 3536 ex
1529 3479 1797 3535 militibus
1822 3475 2099 3531 interiisse

515 3585 846 3643 referuntur.
872 3577 1055 3649 Spolia
1087 3588 1351 3630 caesorum
1378 3570 1617 3626 victores
1644 3576 1800 3639 rapta
1829 3569 2097 3636 Augusto,

517 3690 619 3747 per
648 3672 855 3744 legatos
894 3666 1204 3738 recipienda
1225 3704 1241 3731 ,
1272 3664 1559 3719 miserunt.
1589 3659 1661 3716 At
1701 3660 1791 3713 ille
1818 3658 1910 3729 qui
1942 3657 2100 3712 ultio-

513 3780 639 3822 nem
669 3761 851 3834 potius
878 3757 1266 3819 meditaretur,
1300 3769 1405 3808 non
1446 3752 1620 3808 solum
1651 3749 1829 3804 oblata
1859 3748 2094 3817 respuit,

512 3870 701 3912 verum
735 3854 850 3923 ipsa
873 3849 1143 3921 legatione
1164 3846 1368 3901 Alanos
1388 3844 1444 3900 in
1473 3842 1800 3914 adjutorium
1826 3841 1930 3904 sui,
1959 3854 2102 3895 rese-

515 3947 651 4002 ratis
679 3944 851 4016 portis
889 3955 1033 4012 quas
1071 3936 1382 3995 Alexander
1425 3934 1650 4006 Magnus
1684 3932 1882 4003 Caspio
1929 3930 2100 3985 monti

514 4041 880 4111 imposuerat,
924 4033 993 4089 ad
1033 4040 1251 4088 centum
1280 4027 1669 4100 quinquaginta
1713 4024 1885 4080 ferme
1920 4032 2100 4077 arma-

515 4142 695 4184 torum
727 4125 893 4182 millia
915 4122 1091 4195 pretio
1119 4119 1325 4176 eduxit.
1358 4117 1784 4173 Sarracenorum
1806 4114 1912 4170 duo
1934 4114 2097 4168 duces

517 4230 697 4284 erant,
743 4218 835 4290 qui
875 4218 1107 4273 ducenta
1150 4211 1316 4267 millia
1357 4209 1528 4264 armis
1568 4208 1834 4262 instructa
1872 4205 1926 4260 in
1958 4204 2096 4260 bella

515 4313 806 4366 ducebant.
831 4306 1075 4374 Cumque
1096 4312 1325 4371 uterque
1350 4299 1628 4355 exercitus
1652 4296 1840 4367 procul
1867 4311 1896 4350 a
1924 4309 1984 4350 se
2015 4296 2097 4349 in-

2205 1822 2505 1870 mutatores
2533 1815 2796 1871 mercium
2835 1830 2900 1870 ex
2927 1814 3160 1870 Francia
3188 1814 3509 1871 Sclavorum
3557 1817 3796 1888 ingressi

2205 1906 2460 1975 patriam,
2486 1923 2515 1960 a
2548 1905 2757 1961 Sclavis
2799 1908 2961 1961 rebus
3001 1906 3293 1978 exspoliati
3324 1909 3474 1973 suis,
3499 1916 3556 1962 et
3581 1910 3675 1979 qui
3710 1925 3803 1962 rr-

2204 1998 2398 2054 sistere
2423 2006 2768 2054 tentaverant
2804 1998 3082 2055 interfecti
3123 2008 3268 2054 sunt.
3302 1998 3555 2071 Quaprop
3582 2015 3645 2054 er
3671 2002 3796 2070 qui-

2202 2088 2351 2154 dam,
2404 2088 2688 2144 Sieharius
2736 2089 3019 2155 vocabulo,
3046 2090 3252 2147 missus
3288 2106 3318 2145 a
3362 2089 3679 2163 Dagoberto
3723 2092 3792 2144 ad

2205 2179 2494 2237 Satnonem
2527 2191 2840 2237 memorata:
2861 2183 3038 2254 gentis
3055 2184 3384 2254 principem,
3412 2183 3798 2256 postulaturus

2204 2271 2269 2326 de
2316 2273 2623 2327 commissis
2666 2273 2958 2344 justitiam,
3005 2274 3134 2329 dum
3178 2276 3345 2330 sciret
3391 2289 3451 2330 se
3484 2290 3516 2329 a
3551 2274 3798 2330 Samene

2204 2363 2345 2418 nolle
2375 2364 2583 2430 videri,
2616 2366 2861 2421 vestibus
2898 2366 3097 2437 quibus
3139 2365 3317 2422 Sclavi
3360 2368 3689 2433 utebantur,
3720 2385 3792 2423 ne

2201 2465 2588 2525 agnosceretur
2617 2457 2869 2522 indutus,
2900 2459 3280 2528 conspectibus
3321 2474 3381 2519 se
3424 2458 3603 2516 oll‘ert‘
3644 2461 3795 2530 regis

2201 2548 2545 2618 praesentiam
2585 2563 2741 2604 suam
2783 2547 3124 2621 refugientis.
3155 2551 3225 2606 Et
3248 2565 3370 2621 qua:
3407 2550 3511 2606 sibi
3544 2551 3598 2605 in
3630 2566 3791 2605 man-

2201 2639 2342 2694 datis
2371 2638 2569 2693 tradita
2602 2637 2820 2695 fuerant
2849 2640 3281 2710 prolocutus,ait
3304 2655 3407 2696 non
3435 2640 3636 2696 debere
3661 2656 3794 2697 eum

2200 2728 2531 2797 contemptui
2560 2729 2763 2784 habere
2787 2738 3002 2801 gentem
3031 2729 3392 2797 Francorum,
3414 2745 3479 2786 eo
3502 2730 3647 2800 quod
3671 2730 3790 2801 ipse

2200 2834 2265 2875 ac
2288 2820 2515 2892 populus
2537 2822 2588 2876 ei
2618 2822 2897 2893 subjectus
2922 2822 3143 2878 obnoxii
3169 2821 3350 2879 forent
3378 2823 3661 2879 servitutis
3683 2824 3791 2879 Da-

2199 2914 2428 2983 goberto
2462 2929 2650 2970 eorum
2693 2915 2829 2986 regi.
2869 2914 2969 2971 His
3010 2916 3193 2972 verbis
3230 2915 3425 2983 Samo,
3457 2926 3791 2987 provocatus

2201 3004 2268 3057 ad
2293 3003 2463 3069 iram,
2497 3007 2809 3076 respondit,
2859 3020 2918 3062 se
2962 3021 3085 3062 cum
3126 3007 3323 3078 populo
3360 3024 3493 3074 suo,
3530 3007 3695 3064 simul
3733 3017 3796 3062 et

2204 3103 2383 3162 terra,
2411 3096 2714 3168 Dagoberto
2748 3096 3112 3155 libentissime
3153 3098 3476 3168 parituram,
3525 3117 3545 3152 ι
3608 3098 3669 3154 Si
3700 3109 3791 3153 ta-

2200 3202 2347 3255 men,
2373 3189 2570 3259 inquit,
2600 3190 2929 3261 disposuerit
2962 3192 3246 3247 nobiscum
3273 3191 3546 3247 amicitias
3566 3206 3791 3247 conser-

2201 3293 2352 3334 vare.
2389 3298 2409 3331 ι
2439 3280 2522 3334 Ad
2552 3281 2666 3336 1)ωο
2696 3281 3016 3337 Sicharius:
3047 3301 3065 3334 ι
3095 3280 3212 3337 Non
3241 3291 3347 3348 est,
3378 3282 3474 3347 ait,
3500 3282 3788 3353 possihiie,

2201 3381 2260 3426 ut
2289 3372 2432 3427 servi
2464 3372 2665 3428 Christi
2707 3389 2829 3429 cum
2871 3374 3100 3430 canibus
3145 3373 3350 3429 foedera
3368 3373 3621 3446 jungam.
3659 3394 3686 3428 ι
3722 3375 3791 3429 Et

2202 3465 2565 3532 respondente
2604 3463 2838 3519 Samone
2868 3482 2881 3519 :
2922 3482 2941 3516 ι
2986 3464 3432 3535 Quandoquidem
3469 3480 3565 3521 vos
3595 3480 3788 3521 servos

2201 3550 2530 3621 proﬁtemini
2561 3566 2683 3607 esse
2715 3554 2830 3619 Dei,
2860 3562 2915 3609 et
2948 3569 3048 3608 nos
3072 3554 3190 3624 ejus
3215 3569 3405 3610 sumus
3434 3569 3632 3620 canes,
3659 3555 3792 3611 ideo

2200 3656 2264 3697 ea
2291 3657 2410 3712 qua:
2438 3659 2534 3698 vos
2564 3645 2814 3714 nequiter
2839 3654 3028 3700 contra
3063 3643 3178 3713 ejus
3200 3645 3391 3715 geritis
3426 3644 3785 3709 voluntatem,

2201 3744 2259 3789 ut
2285 3734 2502 3791 inutiles
2526 3734 2734 3803 famuli,
2771 3737 2929 3792 nobis
2955 3736 3266 3806 frequenter
3294 3735 3608 3791 conceditur
3634 3750 3788 3790 mor-

2200 3826 2353 3882 sibus
2388 3827 2500 3898 ipsa
2531 3827 2741 3883 ulcisci.
2785 3846 2808 3879 ι
2839 3826 3034 3883 Statim
3062 3824 3267 3896 cjectus
3291 3834 3376 3881 est
3406 3825 3688 3882 Sicharius
3721 3830 3796 3882 tie

2199 3930 2491 3991 conspectu
2527 3921 2715 3991 ipsius.
2753 3919 2868 3988 Qua
2902 3928 3252 3989 exasperatus
3281 3918 3617 3989 Dsgohertus
3654 3932 3788 3971 cou-

2203 4013 2442 4078 tumelia,
2476 4014 2647 4069 lectas
2683 4029 2749 4068 ex
2790 4012 3011 4068 Austria
3049 4010 3237 4083 dirigit
3266 4010 3533 4065 militares
3559 4009 3784 4080 capias,

2201 4102 2271 4158 ad
2308 4096 2683 4159 debellandum
2721 4103 3067 4159 Wiuidorum
3110 4112 3345 4173 gentem.
3382 4100 3593 4169 Quibus
3631 4098 3793 4155 fuere

2201 4196 2405 4251 auxilio
2444 4195 2730 4251 Alemanni
2783 4212 2905 4255 cum
2956 4195 3220 4251 liotberto
3257 4195 3427 4263 duce,
3473 4209 3688 4249 necnon
3731 4202 3791 4246 et

2200 4289 2563 4362 Longobardi.
2618 4288 2722 4356 Qui
2754 4289 2813 4343 in
2848 4302 2913 4344 ea
2951 4303 3057 4359 qua
3096 4287 3372 4358 congressi
3413 4293 3568 4357 parte
3610 4284 3791 4338 vicio-

512 4404 688 4456 vicem
711 4408 891 4456 castra
923 4397 1212 4468 posuisset,
1238 4401 1419 4457 nocte,
1451 4406 1571 4461 quae
1609 4389 1751 4445 diem
1798 4386 1921 4444 belli
1956 4402 2099 4457 prac-
2126 4390 2169 4448 l)
2201 4383 2335 4436 riam
2363 4383 2576 4449 adepti,
2606 4380 2903 4451 plurimum
2940 4379 3276 4450 captivorum
3324 4378 3393 4432 ad
3436 4377 3656 4448 propria
3696 4392 3788 4429 re-

517 4495 745 4549 eedebat
769 4532 785 4555 ,
816 4492 998 4547 subito
1035 4490 1087 4543 in
1129 4486 1324 4543 castris
1354 4484 1669 4541 Graecorum
1706 4481 2097 4553 quinquaginta

515 4587 622 4639 duo
651 4583 815 4637 millia
845 4589 1204 4653 pugnatorum
1236 4577 1547 4634 exanimata
1581 4577 1632 4630 in
1663 4575 1849 4630 stratis
1885 4582 2099 4643 reperta

515 4686 662 4731 sunt.
690 4676 803 4741 Qua
836 4674 904 4729 de
932 4688 990 4727 re
1021 4668 1249 4741 reliqui,
1290 4679 1434 4725 metu
1469 4669 1742 4738 percussi,
1785 4668 1837 4722 iu
1882 4667 2096 4722 diversa

518 4770 792 4839 fugerunt,
834 4780 1060 4835 regnum
1101 4779 1260 4819 sumn
1295 4760 1727 4832 dep0pulandum
1766 4760 2096 4813 adversariis

519 4860 910 4929 relinquentes.
948 4856 1072 4924 Qui,
1109 4854 1268 4926 quasi
1313 4861 1535 4922 accepta
1573 4851 1769 4921 injuria
1814 4851 1956 4919 quod
1998 4850 2100 4904 oli-

523 4950 675 5004 viarc
703 4947 820 5003 ausi
862 4947 1050 5002 hostes
1091 4943 1351 5006 fuissent,
1398 4940 1771 4996 vehementius
1808 4938 2096 4993 vasmtioni

517 5040 850 5096 institerunt.
878 5037 1067 5092 Tanta:
1093 5035 1265 5091 cladis
1303 5034 1492 5089 nuntio
1524 5030 1807 5085 Heraclitus
1833 5038 2094 5099 accepto,

517 5131 761 5186 diliideos
805 5145 865 5185 se
910 5142 1075 5200 posse
1116 5126 1393 5190 resistere,
1445 5140 1569 5181 eum
1609 5124 1720 5193 jam
1762 5124 1837 5178 illi
1869 5122 2097 5192 majore,

517 5233 685 5288 prope
704 5218 845 5272 Asia:
887 5226 1041 5286 parte
1079 5230 1330 5286 pervasa,
1372 5213 1801 5284 Hierosolymam
1836 5211 2098 5267 infestare

2199 4474 2427 4527 demites
2441 4472 2785 4527 abduxerunt
2814 4485 3121 4526 numerum.
3137 4470 3402 4525 Austrasii
3427 4484 3560 4525 vero
3582 4468 3785 4523 Franci

2200 4560 2471 4626 Wiuidos,
2506 4561 2597 4631 qui
2636 4561 2688 4614 in
2727 4560 3062 4631 Vogastense
3108 4560 3465 4630 confugerant
3498 4568 3786 4619 castrum,

2196 4654 2477 4710 obsidione
2510 4653 2844 4711 clauserunt.
2887 4651 3059 4720 Quam
3096 4653 3223 4709 dum
3262 4652 3502 4724 segniter
3548 4650 3786 4707 admini-

2197 4755 2468 4812 strarent,
2516 4746 2853 4802 irruentibus
2891 4759 3057 4816 super
3118 4759 3176 4800 se
3239 4743 3489 4800 hostibus
3541 4743 3785 4813 graviter

2198 4838 2402 4906 alilicti,
2433 4848 2611 4896 castra
2641 4853 2763 4893 cum
2796 4838 3045 4894 tentoriis
3074 4836 3389 4893 deserentes
3430 4835 3779 4902 aufugerunt.

2199 4931 2311 4988 liae
2333 4932 2561 4988 victoria
2594 4930 2799 4985 Winidi
2827 4930 3185 4984 auimosiores
3212 4928 3426 4991 redditi,
3464 4930 3518 4981 in
3545 4926 3787 4981 Thurin-

2196 5040 2321 5096 gam
2340 5035 2396 5080 et
2416 5021 2864 5091 circuuijacentes
2892 5020 3226 5076 Francorum
3259 5028 3433 5075 terras
3457 5034 3582 5074 sese
3608 5018 3784 5073 edun-

2197 5121 2356 5187 dunt,
2402 5122 2473 5175 ita
2525 5130 2582 5175 ut
2625 5119 2907 5175 Dervanus
2950 5119 3089 5184 dux,
3130 5118 3224 5188 qui
3270 5115 3497 5171 urbibus
3549 5124 3785 5185 praeerat

2199 5210 2547 5276 Sclavorum,
2589 5225 2711 5281 quas
2748 5225 2921 5280 usque
2961 5209 3030 5264 ad
3070 5209 3122 5263 id
3159 5215 3371 5278 tempus
3410 5206 3450 5261 F
3458 5206 3642 5261 raucis
3683 5221 3783 5274 pa-

3449 5305 3523 5316 .-γ
3542 5313 3563 5315 μ
3582 5294 3785 5316 ,ιιρ-..ηι
