4108 5412
310 405 411 460 783

878 532 1102 589 CAPUT
1141 532 1330 589 XXIV.

314 646 393 700 De
422 646 751 701 contentione
778 646 915 700 inter
941 647 1135 699 Aram
1168 657 1213 697 et
1244 645 1503 714 Bulgaraa
1536 646 1597 699 de
1627 663 1739 715 rege
1767 646 1898 699 deli-

382 719 572 785 gendo.
589 726 637 769 et
664 717 727 769 de
750 716 996 783 Bulgaris
1021 717 1251 784 expulsis
1275 734 1304 767 α
1328 717 1525 781 patria,
1548 727 1593 769 et
1613 715 1899 770 Frunci'am

382 787 627 840 invadere
655 788 984 853 parantibus,
1026 804 1133 840 una
1175 797 1321 840 nocte
1348 786 1519 839 etesia.

382 898 481 953 IIis
502 898 711 962 diebus,
747 899 889 952 inter
918 902 1141 962 Avares,
1174 907 1533 968 cognomento
1569 896 1813 962 Hunnos,
1844 907 1899 953 et

362 1007 399 1042 ις
428 990 520 1059 qui
544 988 757 1059 Bnlgari
803 988 1075 1053 dicuntur,
1115 1004 1306 1057 magna
1334 988 1566 1041 surrexit
1598 990 1895 1054 contentio,

342 1083 394 1135 ni
425 1083 713 1137 deberetur
750 1082 897 1151 regni
944 1082 1255 1135 successio:
1298 1090 1480 1133 utrum
1532 1093 1599 1133 ex
1652 1079 1899 1151 Bulgaris

308 1184 456 1235 orto,
490 1191 556 1226 an
598 1188 663 1227 ex
690 1174 990 1227 Avarorum
1022 1173 1228 1225 semine
1263 1180 1569 1241 procreato.
1608 1171 1700 1225 Lis
1729 1187 1897 1240 usque

308 1264 377 1317 ad
410 1278 563 1315 arma
610 1262 861 1325 deducta,
894 1261 1105 1315 IIunnis
1150 1262 1433 1315 victoriam
1479 1262 1709 1331 peperit.
1758 1260 1897 1316 Victi

307 1356 548 1427 Bulgari,
580 1367 633 1412 et
676 1373 705 1411 a
744 1358 978 1427 propriis
1020 1357 1234 1411 essules
1297 1358 1474 1420 terris,
1533 1357 1894 1427 Dagohertum

308 1460 569 1518 expetunt
614 1465 792 1519 regem
846 1448 1217 1511 Francorum,
1279 1459 1561 1518 poscentes
1611 1457 1895 1503 vacantem

308 1541 556 1594 tellurem
605 1542 705 1595 sibi
729 1541 951 1595 concedi
978 1542 1047 1594 ad
1073 1541 1446 1595 habitamlnm.
1476 1542 1565 1596 Ille
1598 1542 1892 1597 hiematum

303 1645 405 1685 eos
440 1632 491 1684 in
522 1631 831 1699 Bajoariam
862 1631 1062 1699 dirigit,
1099 1632 1269 1685 donec
1310 1647 1431 1685 cum
1459 1632 1648 1685 amicis
1694 1630 1897 1685 delibe-

306 1732 453 1776 rarel
483 1723 613 1791 quid
644 1722 710 1776 de
740 1722 819 1776 eis
852 1730 1054 1791 ageret.
1089 1720 1299 1786 Quibus
1342 1736 1440 1791 per
1488 1722 1675 1777 domos
1707 1721 1893 1790 Bajoa-

309 1814 511 1865 riornm
543 1811 959 1881 bospitautibus,
1008 1828 1099 1866 rex
1134 1813 1319 1867 habito
1364 1828 1484 1867 cum
1534 1812 1891 1868 familiaribus

304 1912 542 1958 tractatu
573 1903 799 1973 (veritus
841 1920 905 1957 ne
947 1904 1075 1971 quid
1121 1903 1241 1957 novi
1278 1905 1621 1977 molirentur)
1650 1905 1892 1960 evocatis

306 1995 572 2065 Bajoariis
603 1996 704 2051 hoc
751 1996 897 2051 dedit
942 1998 994 2052 in
1028 1998 1331 2052 mandatis:
1373 2016 1391 2047 ‹
1426 1996 1495 2051 Ut
1523 1998 1891 2067 unusquisque

302 2102 444 2148 eum,
482 2088 573 2155 qui
607 2088 747 2155 apud
778 2102 835 2141 se
864 2088 1251 2157 hospitaretur,
1284 2103 1405 2140 cum
1428 2086 1652 2157 conjuge
1676 2102 1738 2143 ac
1760 2088 1893 2143 libe-

302 2179 379 2231 ris
407 2179 832 2233 contrucidaret.
878 2198 895 2230 ι
929 2179 1079 2245 Quod
1105 2178 1305 2232 factum
1334 2187 1454 2242 est;
1492 2188 1545 2233 et
1574 2194 1677 2232 una
1706 2186 1884 2239 nocte,

302 2284 423 2337 qu;e
471 2279 576 2325 tam
618 2269 823 2324 crudeli
865 2270 1013 2340 operi
1045 2270 1323 2341 designata
1359 2278 1497 2336 erat,
1549 2284 1737 2324 omnes
1769 2268 1887 2323 neci

306 2360 486 2414 traditi
512 2370 662 2414 sunt.

863 2493 1094 2550 CAPUT
1146 2496 1315 2550 XXV.

299 2604 623 2678 De_regibus
660 2606 927 2677 Hispanis,
985 2619 1033 2663 et
1086 2609 1216 2662 bello
1272 2609 1346 2662 eis
1398 2626 1428 2661 a
1473 2608 1764 2678 Dagoberto
1798 2625 1887 2674 per

366 2673 769 2749 Burgundiones
802 2678 968 2741 illato,
1006 2690 1050 2732 et
1090 2680 1150 2732 de
1185 2678 1412 2733 .Ilissorii
1443 2673 1809 2749 pastinatione,
1836 2690 1884 2732 et

368 2748 685 2815 direptione,
714 2766 773 2800 nc
800 2752 1291 2818 recompensatione.

364 2859 541 2913 Porro
586 2860 723 2929 apud
777 2860 1089 2931 Hispaniam
1133 2860 1388 2917 defuncto
1443 2860 1705 2916 Siseboda
1758 2876 1885 2931 rege

290 2951 724 3005 clementissimo
754 2952 955 3008 Seutila
994 2954 1259 3007 successit
1305 2954 1356 3006 in
1391 2968 1578 3019 regno.
1610 2951 1711 3018 Qui
1756 2953 1882 3005 dum

290 3042 468 3096 multa
520 3043 573 3098 in
629 3059 753 3097 suos
795 3045 1031 3098 crudelia
1061 3052 1362 3107 exerceret,
1395 3043 1728 3097 Siscnandus
1760 3043 1882 3111 qui-

292 3135 420 3186 eam
456 3133 602 3187 hauJ
638 3134 885 3203 ignobilis
932 3134 1303 3203 Hispaniensis
1333 3134 1398 3187 ad
1433 3134 1794 3205 Dagobertum
1827 3147 1884 3187 se

1404 398 1725 458 HISTORIA
1771 397 2219 455 FRANGORL'M.
2264 402 2388 457 LIB.
2432 401 2519 457 IV.

1921 522 1969 578 A

3468 397 3577 455 τεο

2560 513 2783 571 CAPUT
2824 512 3013 569 XXVI.

2004 624 2080 678 De
2107 624 2238 677 bello
2262 629 2403 694 quod
2427 625 2478 678 in
2504 624 2715 679 Sclttros
2748 626 2948 693 paravit
2980 623 3319 693 Dagoberttts,
3345 640 3376 675 tt
3408 621 3578 677 Saxo-

2071 696 2217 748 nibus
2256 696 2316 748 ob
2367 696 2546 748 tributi
2595 696 2899 748 levationem
2942 695 3061 762 ﬁcte
3090 705 3354 762 stiscepto;
3400 695 3490 747 sed
3544 712 3578 747 α

2071 766 2337 834 Sigeberto
2366 765 2479 833 ﬁlio
2520 766 2650 833 regis
2675 765 2894 834 feliciter
2916 775 3077 835 gesto.

2066 872 2225 925 Anno
2271 881 2450 926 autem
2494 890 2546 938 x,
2596 884 2879 943 postquam
2930 873 3186 943 prmfatus
3241 871 3579 941 Dagobertus

1999 978 2229 1032 regnare
2247 974 2508 1034 cmperat.
2536 980 2744 1019 memor
2766 965 2982 1017 malitia:
3009 963 3325 1018 Sclavorum
3353 963 3405 1015 in
3428 978 3576 1027 suos,

1997 1052 2214 1123 collegit
2236 1053 2428 1107 lectam
2455 1069 2484 1108 e
2520 1053 2761 1108 Francia:
2788 1054 3134 1108 bellatoribus
3159 1068 3392 1117 scaram,
3416 1069 3578 1122 quam

1999 1160 2097 1200 nos
2128 1154 2359 1199 turmam
2393 1145 2475 1199 vel
2524 1160 2752 1200 cunequ
2794 1144 3064 1214 appellare
3099 1159 3405 1213 possumus.
3455 1144 3579 1208 (ὲυὶ,

1999 1235 2310 1305 preperauti
2341 1236 2407 1289 ad
2448 1236 2762 1305 rapiendam
2796 1236 3055 1291 ultionem
3086 1251 3151 1290 ex
3181 1236 3438 1301 inimicis,
3482 1251 3576 1291 oc-

1996 1340 2217 1380 currere
2242 1324 2515 1380 Saxonum
2549 1326 2733 1397 legati,
2762 1326 3142 1397 spondentium
3172 1341 3233 1380 se
3258 1326 3373 1380 fore
3400 1326 3577 1402 vindi-

1995 1432 2087 1470 ces
2110 1417 2559 1470 contumeliarum
2594 1434 2714 1488 qua:
2740 1418 2963 1472 Francis
2995 1418 3155 1471 illatze
3194 1429 3368 1480 erant,
3403 1419 3446 1471 si
3482 1418 3578 1471 tri-

1997 1508 2125 1561 buto
2148 1507 2291 1577 quod
2316 1508 2475 1577 regiis
2500 1508 2829 1564 exhibebant
2860 1509 3043 1563 usibus
3070 1509 3234 1561 levari
3268 1510 3576 1563 metuisset.

1996 1598 2329 1667 Quingentas
2361 1614 2591 1668 namque
2626 1616 2818 1654 vaccas
2862 1600 3221 1654 inferendales
3254 1615 3282 1653 a
3339 1600 3581 1655 Clotario

1997 1687 2241 1748 Seniore,
2270 1686 2519 1742 Clodovei
2546 1689 2675 1753 lilio,
2692 1688 2981 1758 Chilperici
2998 1699 3173 1759 patre,
3192 1690 3353 1759 regia:
3382 1704 3581 1743 mensa:

1996 1778 2196 1833 inlerre
2232 1778 2367 1848 jussi
2408 1778 2639 1834 fuerant.
2674 1780 2804 1846 ane
2850 1780 2968 1835 ideo
3021 1780 3383 1835 inferendaies
3430 1781 3583 1834 dice-

1924 1876 1966 1934 B
1996 1869 2217 1933 bantur,
2248 1884 2312 1922 eo
2362 1870 2505 1939 quod
2554 1869 2782 1936 singulis
2819 1869 3151 1923 inferrentur
3197 1862 3375 1923 anuis.
3410 1869 3585 1937 Dago-

1994 1958 2181 2012 bertus
2206 1974 2355 2028 ergo,
2400 1959 2629 2028 sapienti
2679 1960 3084 2014 Austrasiorum
3115 1960 3364 2026 consilio,
3414 1960 3579 2029 petita

1995 2065 2101 2103 non
2127 2050 2336 2115 abnuit,
2366 2065 2430 2105 eo
2472 2049 2722 2103 videlicet
2763 2059 2925 2120 pacto
2974 2060 3031 2104 ut
3085 2068 3182 2121 per
3236 2051 3580 2106 succcdentia

1992 2156 2207 2211 semper
2250 2150 2509 2208 tempora,
2543 2140 2877 2197 Francorum
2914 2143 3142 2199 limitem
3187 2144 3286 2199 sibi
3341 2144 3578 2198 vicinum

1993 2233 2237 2289 Saxones
2263 2244 2453 2290 contra
2486 2234 2890 2290 adversantium
2922 2235 3272 2293 defensarent
3304 2235 3576 2290 incursus.

1992 2325 2103 2380 Iloc
2130 2334 2345 2395 pactum
2375 2336 2716 2380 sacramento
2773 2327 2989 2397 quidem
3019 2341 3185 2396 super
3208 2341 3363 2380 arma
3394 2327 3473 2394 (ut
3502 2324 3581 2379 eis

1991 2432 2107 2470 mos
2137 2425 2254 2470 erat
2296 2416 2623 2487 iurantibus)
2660 2416 2951 2474 ﬁrmatum.
3003 2416 3109 2472 Sed
3156 2418 3301 2471 nulla
3332 2416 3576 2473 eﬂicacia

1991 2506 2257 2561 factorum
2316 2515 2399 2561 est
2430 2506 2751 2571 stabilitum,
2785 2507 2909 2561 licet
2960 2523 3122 2561 sensu
3173 2523 3331 2577 quem
3372 2507 3581 2563 solvere

1989 2603 2250 2671 solebant,
2285 2603 2499 2659 liberati
2530 2611 2729 2659 essent.
2764 2602 3023 2671 Sequenti
3057 2602 3223 2657 etiam
3254 2618 3418 2667 anno,
3452 2618 3576 2657 cum

1989 2696 2221 2749 assiduis
2252 2696 2571 2751 Sclavorum
2618 2696 3021 2750 incursionibus
3060 2694 3336 2766 Thoringa
3364 2696 3578 2749 labora-

1990 2798 2095 2852 ret,
2138 2788 2337 2841 collato
2378 2803 2505 2842 cum
2550 2785 2895 2857 pontiﬁcibus
2937 2801 3001 2841 ac
3054 2786 3361 2840 senioribus
3401 2785 3578 2855 gentis

1987 2876 2233 2941 consilio,
2251 2878 2586 2948 Dagobertus
2609 2876 2775 2929 illium
2810 2892 2963 2930 suum
2985 2875 3326 2947 Sigebertum
3349 2876 3576 2931 Austra-

1987 2967 2084 3021 siis
2110 2969 2422 3037 przeposuit,
2467 2977 2525 3021 ut
2574 2966 2892 3039 fungeretur
2921 2969 3151 3023 rectoris
3183 2984 3405 3023 munere
3455 2984 3578 3022 cum

1987 3062 2134 3129 regni
2164 3061 2388 3116 honore.
2422 3059 2652 3117 Tutores
2683 3062 2817 3117 duos
2868 3063 2977 3116 lilio
3028 3062 3315 3134 delegavit,
3372 3062 3578 3117 Cbuui-

1987 3149 2198 3203 bertum
2230 3150 2469 3205 Colonia:
2494 3151 2645 3205 urbis
2676 3151 2957 3220 prtesulem
2978 3150 3358 3222 etAdalgisum
3390 3152 3576 3221 palatii

289 3222 553 3285 contulit,
587 3238 784 3289 regnas
829 3224 1081 3278 auxiliari
1128 3240 1252 3277 eum
1295 3224 1417 3289 sibi,
1465 3240 1573 3293 quo
1622 3222 1885 3278 Sentilam

1991 3250 2276 3295 rectorem.
2308 3242 2642 3297 Thesanrum
2671 3242 2837 3296 etiam
2867 3242 2945 3297 eis
2976 3240 3329 3297 subicientem
3365 3243 3576 3306 tribuit,

289 3313 561 3381 Hispania
622 3315 936 3382 expelleret.
982 3316 1317 3386 Dagobertus
1367 3317 1676 3370 universam
1737 3317 1884 3385 regni

289 3406 745 3477 Burgundionum
777 3408 1019 3462 militiam
1054 3409 1321 3479 proﬁcisci
1346 3408 1599 3476 eojubet,
1625 3408 1884 3462 auxilium

288 3498 609 3553 Siscnando
637 3499 892 3555 laturam.
944 3501 1107 3569 Igitur
1146 3501 1233 3554 ubi
1275 3502 1326 3553 in
1366 3500 1676 3568 Hispaniam
1710 3499 1883 3554 divul-

289 3605 481 3662 gatum
506 3603 615 3657 est,
644 3595 940 3648 exercitum
991 3595 1329 3650 Francorum
1358 3596 1424 3648 ad
1462 3594 1759 3648 subsidium
1803 3592 1886 3647 sui

288 3685 663 3738 Sisenaudum
713 3686 927 3748 ducere,
985 3686 1126 3740 illico
1166 3686 1343 3740 cuncti
1379 3685 1637 3739 Sentilam
1672 3684 1889 3753 jamdu-

286 3774 422 3828 dum
457 3776 561 3829 sibi
611 3776 853 3831 odiosum
887 3778 1163 3841 deserunt,
1199 3793 1261 3833 ac
1304 3778 1450 3831 illum
1484 3777 1712 3829 alterum
1746 3774 1886 3829 bello

288 3867 576 3932 aptiorem
617 3866 734 3919 sine
768 3881 944 3935 pugna
978 3867 1149 3920 secuti
1195 3867 1489 3922 sublimaut
1535 3867 1586 3920 in
1639 3880 1883 3934 regnum.

288 3957 679 4011 Abundantius
702 3968 754 4011 et
783 3957 1131 4013 Veneraudus
1158 3959 1323 4014 duces
1352 3974 1473 4013 cum
1499 3958 1739 4014 exercitu
1769 3966 1885 4011 tan-

290 4055 408 4097 tum
464 4044 735 4099 Tolosano
790 4047 1257 4117 Caesaraugustam
1311 4064 1481 4118 usque
1524 4048 1883 4102 Sisenandum

286 4137 572 4204 proScenti
605 4148 750 4192 sunt.
783 4138 878 4193 Ubi
908 4140 1114 4195 nobiles
1148 4140 1446 4195 Gothorum
1481 4157 1537 4195 se
1568 4142 1614 4196 ei
1652 4142 1885 4196 tradide-

286 4239 441 4293 runt,
471 4239 521 4285 et
554 4231 676 4300 ipsi,
705 4233 770 4285 ab
792 4249 855 4287 eo
877 4235 1029 4289 donis
1058 4236 1347 4299 munerati,
1375 4236 1439 4289 ad
1469 4236 1685 4306 propria
1710 4237 1883 4291 redie-

290 4329 446 4372 runt.
495 4318 619 4374 Post
662 4322 763 4376 hoc
817 4323 1172 4393 Dagobertus,
1223 4325 1445 4379 directis
1471 4325 1779 4396 Amalgario
1830 4334 1885 4379 et

292 4409 627 4487 Venerando
676 4412 885 4482 legatis,
931 4416 1188 4485 poscebat
1246 4418 1512 4485 promissa
1565 4417 1666 4471 sibi
1726 4416 1880 4471 solvi.

288 4500 680 4569 Spoponderat
717 4505 859 4557 enim
890 4504 1221 4561 Siscnandus
1258 4522 1317 4560 se
1346 4508 1396 4560 ei
1446 4507 1753 4562 missorium
1787 4522 1883 4560 au-

290 4608 454 4645 reum
484 4608 547 4646 ex
594 4594 858 4650 thesauris
886 4582 1187 4652 Gothorqu
1238 4599 1509 4661 daturum,
1560 4613 1719 4667 quem
1750 4597 1878 4652 olim

291 4681 651 4738 Torsimodus
675 4687 787 4756 (qui
820 4689 956 4757 apud
979 4688 1189 4744 Gothos
1212 4691 1552 4760 regnaverat)
1596 4691 1662 4744 ab
1699 4691 1878 4757 Aetio,

290 4770 669 4825 Romanorum
714 4778 961 4843 patricio,
1002 4782 1144 4833 dono
1175 4789 1485 4846 acceperat.
1538 4778 1708 4845 Quem
1751 4779 1877 4832 dum

290 4858 497 4927 legatis
522 4876 611 4913 rex
643 4861 823 4918 libenti
860 4872 1039 4921 animo
1065 4868 1397 4931 tradidisset,
1430 4867 1590 4923 Gothi
1620 4868 1879 4936 speculati

291 4949 448 5015 quod
491 4964 587 5017 per
626 4951 739 5006 illos
767 4957 1151 5009 transeundum
1206 4956 1350 5010 foret
1398 4958 1521 5023 iter,
1567 4956 1877 5011 missorium

270 5041 589 5108 .diripiunt,
619 5059 715 5098 nec
741 5061 860 5099 eum
890 5048 1121 5117 publicis
1147 5049 1296 5119 passi
1326 5058 1453 5103 sunt
1496 5050 1697 5105 auferri
1743 5065 1879 5104 tera-

292 5131 417 5185 riis.
454 5130 811 5197 Quamobrem
850 5140 1178 5197 Siscnandus
1204 5150 1393 5212 postea
1424 5142 1725 5214 Dagoberto
1742 5144 1877 5213 regi,

292 5234 395 5287 pro
441 5230 931 5292 recompensatione
979 5232 1241 5296 missorii,
1288 5231 1516 5285 ducenta
1547 5234 1711 5287 millia
1746 5234 1875 5287 soli-

288 5316 321 5364 d
347 5330 494 5366 ll'IIIII
529 5325 891 5377 annumeravit
918 5329 1146 5392 argenti.
1182 5327 1335 5393 Quos
1359 5326 1691 5396 Dagobertns
1726 5325 1873 5380 basi-

1988 3344 2043 3386 et
2074 3349 2407 3403 quaecunque
2456 3334 2745 3398 concessit,
2798 3341 3126 3389 testamento
3161 3343 3353 3388 cuncta
3386 3334 3577 3396 inseri,

1990 3438 2052 3477 ac
2099 3424 2257 3492 sigilli
2313 3425 2671 3494 impressione
2731 3424 2931 3493 signari
2974 3425 3270 3477 mandavit.
3320 3423 3580 3492 Deinceps

1988 3516 2228 3585 quandiu
2264 3515 2945 3585 Sigebertusvixit,studio
2974 3530 3039 3569 ac
3068 3514 3332 3571 industria
3358 3514 3582 3567 Austra-

1989 3609 2189 3664 siorum
2212 3608 2536 3678 irruptiones
2568 3608 2853 3664 refrenatio
2882 3616 3010 3663 sunt
3037 3607 3400 3663 Winidorum.

2538 3721 2767 3779 CAPUT
2808 3720 3020 3775 XXVII.

1990 3810 2064 3865 De
2086 3809 2327 3864 Clotlorei
2360 3812 2457 3880 ﬁlii
2487 3812 2765 3881 Dngoberti
2789 3821 2931 3874 orm,
2964 3820 3012 3863 et
3042 3810 3105 3863 de
3137 3826 3412 3881 regnorum
3440 3811 3575 3881 inter

2058 3878 2380 3944 Siqebertnrn
2410 3892 2456 3933 et
2478 3878 2593 3933 enin
2620 3892 2925 3951 pet-patrem
2956 3882 3230 3945 divisione,
3258 3891 3311 3933 et
3342 3880 3406 3933 de
3433 3878 3571 3933 Denc

2057 3952 2211 4004 tcteni
2242 3952 2436 4004 ducatu
2479 3962 2697 4020 recepto.

2055 4068 2211 4121 Anno
2245 4083 2318 4120 xu
2369 4068 2509 4135 regis
2538 4067 2847 4139 Dagoberti,
2891 4068 3064 4121 eidem
3094 4067 3161 4123 de
3210 4067 3391 4137 regina
3428 4066 3573 4121 Nan-

1989 4158 2114 4213 tilde
2144 4159 2386 4212 nascitur
2412 4158 2571 4224 lilius,
2618 4158 2835 4212 nomine
2862 4158 3191 4225 Clodoveus;
3226 4158 3316 4227 qui
3361 4167 3416 4213 et
3461 4157 3568 4211 Lu-

1986 4252 2173 4306 dovius
2223 4251 2497 4306 invenitur
2528 4260 2886 4321 nuncupatus.
2931 4250 3084 4306 Unde
3123 4266 3240 4316 rex,
3274 4265 3570 4320 suggeren-

1987 4343 2129 4397 tibus
2160 4343 2225 4397 iis
2246 4344 2334 4413 qui
2363 4341 2687 4397 utilitatibus
2724 4343 2869 4413 regni
2900 4340 3185 4397 consulere
3220 4340 3564 4403 videbantur,

1983 4448 2137 4501 aequa
2188 4434 2344 4488 lance
2392 4433 2531 4487 inter
2570 4434 2669 4488 bos
2705 4433 2838 4487 duos
2887 4433 3025 4487 ﬁlios
3072 4447 3296 4503 regnum
3329 4432 3569 4486 dividere

1914 4562 1957 4619 D
1986 4525 2192 4578 statuit.
2224 4522 2559 4593 Sigebertum
2608 4524 2791 4594 itaque
2818 4526 3085 4581 seniorem
3117 4541 3182 4579 ex
3218 4524 3421 4587 liberis,
3452 4525 3565 4578 Au-

1985 4614 2151 4679 Sll‘ltB,
2204 4623 2263 4666 ut
2294 4613 2634 4683 prmlibatum
2672 4623 2774 4679 est,
2825 4630 3005 4686 regem
3057 4614 3323 4679 instituit;
3370 4613 3567 4669 Clodo-

1984 4719 2143 4758 veum
2166 4718 2296 4758 vero
2340 4702 2604 4757 minorem
2638 4714 2789 4769 natu,
2832 4706 2949 4775 pari
2995 4705 3255 4777 dignitate
3302 4704 3569 4759 Neustrite

1983 4812 2047 4851 ac
2075 4796 2398 4866 Burgundia:
2431 4795 2691 4864 prtefecit,
2726 4799 2976 4853 restituto
3002 4799 3167 4853 etiam
3198 4797 3398 4850 ducatu
3430 4799 3569 4851 Den-

1985 4889 2154 4955 teliui,
2177 4888 2266 4957 qui
2296 4903 2465 4957 usque
2491 4888 2556 4942 ad
2582 4889 2711 4943 illud
2733 4892 3021 4960 tempusab
3041 4888 3340 4943 Austrasiis
3372 4888 3573 4956 injuste

1988 4982 2324 5036 retinebatur
2345 4997 2643 5051 possessus.
2673 4984 2823 5049 Quod
2846 4984 3094 5052 quamvis
3123 4981 3394 5034 Austrasii
3432 4996 3574 5053 aegre

1986 5069 2239 5127 tulerunt.
2276 5079 2420 5123 metu
2458 5078 2637 5126 tamen
2679 5070 2964 5141 Dagoberti
2988 5078 3042 5123 et
3070 5069 3135 5121 ad
3168 5082 3411 5135 praesens
3441 5088 3574 5125 con-

1987 5162 2337 5219 ﬁrmaverunt
2359 5162 2489 5217 etin
2514 5174 2789 5233 posterum
2812 5159 3002 5214 stabile
3033 5157 3147 5211 fore
3164 5157 3573 5225 promiserunt.

2513 5251 2739 5311 CAPUT
2793 5248 3020 5305 XXVIII.

1982 5346 2057 5402 De
2087 5345 2400 5412 Stra’regisit'i
2432 5346 2579 5399 duc-is
2612 5357 2752 5403 nece,
2784 5340 3094 5412 e.‘__,‘i.';.;;:;.';:;
3140 5351 3254 5412 .35.};
3304 5336 3367 5412 o1:
3423 5341 3577 5410 ἱυηα-
