4108 5412
774 391 806 403 Α
1587 296 1848 363 ΑιΜοιΝι
1888 306 2191 370 MONACIH
2227 314 2717 386 rLontACENsts
3680 346 3787 403 788

538 387 637 444 llic
663 400 748 491 est
773 391 1152 491 Sadregisilus,
1181 418 1340 474 quem
1378 422 1407 462 a
1461 410 1782 485 Dagoberto,
1832 423 2010 479 adhuc
2052 425 2104 479 in
2137 434 2182 491 Α

536 480 782 569 pueritiae
803 488 961 543 annis
987 494 1301 560 constituto,
1337 480 1586 568 superior
1605 480 1900 566 declaravit
1928 527 2106 569 sermo

533 568 853 672 etllagellis
905 594 1100 636 caesum
1137 593 1191 638 et
1239 586 1418 644 barbte
1466 594 1680 651 rasione
1732 599 2102 672 deturpatum.

532 660 696 728 Cujus
731 665 850 734 ﬁlii,
878 668 1244 734 cum'ultores
1282 684 1584 750 potuissent
1612 688 1727 745 ﬁeri
1782 660 1936 751 ell'usi
1980 684 2108 752 san-

531 752 712 820 guinis
755 763 985 827 paterni,
1018 767 1321 824 maluerunt
1364 775 1547 832 vivere
1580 781 1791 838 desides
1837 801 1901 842 ac
1947 790 2105 845 otiosi

522 854 713 910 quam,
758 856 1095 923 perurgendo
1152 860 1317 915 armis
1361 864 1682 936 homicidas,
1707 888 1955 931 cruorem
1988 880 2105 934 exi-

528 945 659 1002 gere
695 936 985 996 interfecti.
1021 943 1225 1003 Idcirco
1270 951 1324 1006 in
1369 955 1584 1023 publico
1611 953 1945 1019 Francorum
1975 958 2107 1022 cou-

516 1032 715 1094 'ventu,’
743 1044 773 1083 a
804 1032 1123 1100 quibusdam
1152 1044 1466 1110 proceribus
1490 1053 1785 1108 secundum
1816 1056 1960 1128 leges
1995 1059 2105 1114 Ro-

524 1126 718 1172 manas
744 1122 887 1188 (qua:
906 1126 1179 1192 sanciunt,
1201 1145 1228 1181 ιι
1251 1140 1472 1199 paterna
1495 1153 1589 1193 eos
1611 1122 2107 1204 deciderelueredi-

527 1212 638 1260 tate
659 1207 876 1277 debere,
904 1215 995 1283 qui
1025 1218 1292 1275 noluerint
1310 1222 1576 1283 interfecti
1601 1247 1786 1287 necem
1810 1236 2105 1310 vindicare)

522 1297 777 1353 omnibus
812 1305 1052 1370 palemis
1073 1310 1359 1379 exspoliati
1394 1327 1521 1371 sunt
1549 1320 1901 1394 bonis,atque
1923 1297 2109 1383 inanes

520 1387 720 1486 relicti.
745 1391 785 1445 E
809 1409 1035 1462 quorum
1064 1404 1519 1474 possessionibus,
1548 1412 1744 1468 multas
1776 1387 2108 1486 D'agobertus

521 1477 711 1535 tribuit
735 1486 978 1544 ecclesice
1008 1489 1190 1549 Sancti
1223 1496 1457 1572 DiOLyaii
1487 1503 1744 1574 obsequia
1775 1477 2107 1568 curvantibus.

588 1575 747 1627 Anno
782 1592 875 1633 xlv
923 1581 1236 1651 Dagoberti,
1293 1589 1417 1644 dum
1467 1593 1518 1647 ei
1565 1597 1869 1652 nuntiatum
1916 1599 2109 1657 fuisset

520 1664 796 1725 Vascones
838 1686 868 1725 a
911 1687 1012 1730 suo
1049 1677 1277 1749 imperio
1322 1683 1551 1740 deﬁcere
1604 1688 1763 1752 velle,
1808 1693 2106 1747 exercitum

2775 444 3004 505 CAPUT
3040 427 3212 505 xxx‘.

2209 566 2285 622 De
2310 570 2590 650 ()aggberti
2606 575 2954 650 in_Echesias
2981 579 3356 650 muniﬁcentia,
3381 592 3425 635 et
3456 584 3519 638 de
3538 601 3790 641 concmmr

2276 642 2401 723 ejus
2422 644 2476 697 in
2510 646 2731 723 concilio
2756 665 3027 723 procerum
3078 642 3243 722 regni,
3288 642 3451 723 deque
3478 665 3788 711 testamento

2279 723 2326 765 et
2368 713 2737 770 donationibus
2757 713 2900 787 ejus.

2278 844 2356 899 Eo
2394 860 2560 912 anno,
2593 865 2688 903 rex
2732 846 3084 922 Dagobcrtus,
3111 855 3362 911 omnibus
3388 857 3788 929 circutrpositis

2208 939 2482 1007 gentibus,
2515 942 2928 1014 nationibusque
2965 946 3065 999 sibi
3092 946 3387 1019 subiugatis
3427 965 3665 1020 paceque
3689 968 3789 1021 per

2209 1028 2495 1082 circuitum
2528 1030 2689 1098 facta,
2714 1032 2779 1085 ad
2810 1035 3063 1103 pietatem
3092 1036 3340 1091 intendit.
3372 1036 3549 1107 thue
3574 1055 3632 1094 se
3663 1056 3789 1111 gra-

2211 1119 2683 1193 tumhcazlestibus
2710 1122 2760 1176 in
2785 1137 2843 1177 se
2869 1139 3031 1192 supra
3063 1126 3278 1179 modum
3312 1126 3599 1182 ﬁttentibus
3626 1130 3792 1183 bene—

2195 1206 2369 1286 ﬁciis,
2398 1210 2820 1276 demonstraret,
2852 1214 3136 1269 universas
3156 1232 3290 1285 pene
3309 1217 3497 1272 Gallia:
3526 1220 3788 1274 ecclesias

2209 1285 2519 1368 patrimonii
2548 1302 2628 1355 sui
2652 1301 2892 1357 haeredes
2919 1304 3169 1358 instituit.
3194 1304 3617 1378 Convocatisque
3639 1309 3788 1373 ﬁliis,

2209 1404 2275 1444 ac
2311 1391 2463 1446 turba
2513 1394 2831 1458 amicorum.
2878 1397 3130 1465 generale
3179 1398 3373 1453 indixit
3424 1400 3680 1470 placitum
3731 1403 3785 1456 in

2209 1485 2328 1541 loco
2369 1498 2674 1557 nuncupata
2724 1488 2990 1561 Bigargio.
3021 1492 3101 1546 Ad
3156 1494 3297 1562 quod
3338 1509 3566 1563 propere
3590 1511 3790 1551 conve-

2211 1581 2484 1636 nientibus
2511 1583 2721 1637 cunctis
2744 1583 2988 1640 Francia;
3018 1586 3366 1656 primoribus,
3396 1604 3427 1641 χ
3451 1588 3565 1642 Kal.
3592 1588 3786 1654 Maias,

2209 1686 2307 1727 rex
2355 1673 2490 1728 solio
2522 1675 2763 1731 residens
2811 1692 3001 1744 aureo,
3054 1678 3157 1733 hoc
3215 1679 3354 1749 apud
3409 1695 3501 1734 eos
3532 1682 3790 1735 disseruit

519 1753 962 1829 Burgundionum
980 1781 1100 1822 cum
1130 1786 1206 1826 xu
1237 1774 1465 1831 ducibus
1489 1791 1554 1831 eo
1576 1777 1777 1846 dirigit,
1802 1778 1926 1847 Qui,
1952 1797 2107 1835 com-
2140 1767 2180 1825 li
2211 1764 2370 1818 modo
2394 1780 2409 1818 :
2447 1784 2465 1816 ι
2497 1765 2669 1820 Causa.
2689 1767 2869 1831 modo,
2891 1769 3021 1822 mihi
3049 1771 3405 1823 amantissimi
3432 1769 3559 1835 ﬁlii,
3591 1780 3648 1825 et
3669 1772 3791 1840 qui-

518 1845 682 1902 missa
710 1865 834 1907 cum
866 1854 1110 1913 hostibus
1137 1875 1336 1933 pugna,
1366 1867 1582 1921 eosdem
1609 1868 1725 1924 acie
1755 1881 2103 1940 superarunt,

516 1944 571 1989 et
599 1939 793 1997 multos
831 1959 894 1999 ex
945 1948 1024 2003 eis
1067 1952 1306 2021 captivos
1354 1956 1632 2023 ducentes,
1668 1966 1869 2014 terram
1910 1975 2098 2018 eorum

517 2030 724 2098 rapinis
778 2050 842 2090 ac
901 2038 1150 2095 incendio
1204 2045 1601 2104 desolaverunt.
1668 2049 1910 2121 Denique
1968 2070 2092 2109 cum

516 2133 729 2177 summa
768 2123 1025 2185 felicitate
1073 2141 1216 2187 totus
1242 2137 1311 2189 ad
1358 2139 1575 2207 propria
1629 2141 1859 2197 redisset
1905 2143 2100 2200 illusus

517 2215 810 2282 exercitus,
860 2219 914 2273 ni
949 2221 1053 2275 dux
1094 2226 1469 2292 Aretnbertus,
1515 2245 1636 2284 cum
1671 2232 1901 2286 maxima
1948 2246 2100 2303 parte

517 2305 797 2375 nobilium,
822 2319 875 2364 et
903 2313 1066 2368 etiam
1097 2326 1501 2384 veteranorum,
1532 2336 1598 2375 ex
1627 2323 1710 2376 his
1739 2340 1873 2393 quos
1913 2341 2096 2381 SCI'III"

515 2395 743 2451 duxerat
772 2399 824 2453 in
855 2402 992 2458 valle
1022 2403 1246 2473 Robora,
1277 2424 1310 2463 α
1343 2408 1680 2467 Vasconibus
1704 2414 1891 2469 fuisset
1931 2417 2098 2471 inter-

517 2484 708 2542 fectus.
754 2487 922 2559 Hujus
968 2502 1131 2549 tantae
1168 2499 1549 2568 multitudinis,
1604 2519 1723 2573 quae
1772 2506 2093 2562 Vascuniam

516 2578 655 2634 bello
679 2580 909 2652 subegit,
934 2585 1062 2642 licet
1092 2589 1274 2645 multis
1315 2595 1614 2652 rectoribus
1644 2607 1906 2667 uteretur,
1946 2601 2095 2670 prin-

514 2682 641 2737 ceps
668 2669 768 2725 fuit
796 2674 1126 2733 Audoenus:
1156 2681 1245 2749 qui
1274 2683 1459 2739 multis
1485 2685 1538 2739 in
1567 2688 1763 2757 praeliis
1787 2691 1888 2744 sub
1917 2669 2095 2747 Theo-

514 2759 699 2816 dorico
732 2763 978 2823 inventus
1004 2779 1085 2825 est
1109 2780 1380 2838 strenuus,
1413 2776 1497 2830 cui
1530 2781 1883 2851 praerogativa
1915 2783 2092 2839 omnis

514 2849 580 2938 de
609 2855 835 2911 summis
858 2863 1235 2917 reservabatur
1257 2865 1436 2920 rebus.
1474 2867 1554 2922 Ad
1582 2849 1742 2938 quem
1772 2874 2091 2930 accedentes

518 2934 818 2992 Vasconum
875 2942 1164 3010 primores,
1221 2959 1544 3017 rogaverunt
1588 2934 1741 3020 parci
1785 2955 1911 3021 sibi,
1965 2973 2091 3028 pro-

2206 1872 2420 1925 cunque
2464 1857 2666 1912 adestis
2707 1857 3041 1915 Francorum
3072 1869 3338 1931 potentes,
3372 1862 3516 1916 utilis
3562 1878 3626 1917 ac
3675 1863 3703 1916 l'
3729 1881 3791 1916 u-

2204 1956 2392 2001 etuosa
2442 1947 2555 2001 visa
2606 1956 2688 2002 est
2749 1964 2844 2004 vos
2892 1951 3115 2004 vocandi
3166 1951 3391 2006 intentio
3421 1992 3437 2016 ,
3500 1961 3558 2005 ut
3611 1954 3677 2007 de
3720 1954 3789 2007 iis

2204 2051 2327 2105 qua:
2350 2052 2448 2104 pro
2477 2038 2713 2091 remedio
2740 2038 2935 2093 anima:
2963 2054 3095 2094 mete
3116 2055 3274 2110 agere
3300 2041 3530 2105 institui,
3558 2057 3663 2095 non
3686 2057 3792 2111 ego

2204 2128 2353 2184 solus
2380 2128 2509 2183 mihi
2544 2129 2946 2200 applaudcrem.
2986 2132 3121 2198 Quia
3157 2133 3356 2201 etenim
3400 2134 3604 2188 caduca
3646 2134 3791 2204 geri-

2201 2234 2321 2272 mus
2368 2234 2617 2290 corpora,
2679 2221 2998 2289 animasque
3035 2210 3388 2287 immortales,
3444 2240 3637 2294 magna
3700 2240 3791 2277 no-

2187 2307 2305 2392 .‘bis,
2351 2308 2394 2362 si
2444 2306 2787 2364 dissimulare
2826 2309 3097 2374 nolunms,
3150 2322 3234 2366 est
3264 2312 3463 2367 indicta
3499 2313 3793 2382 probitatis

2199 2399 2495 2452 necessitas
2547 2416 2560 2452 :
2612 2414 2681 2455 ne
2736 2401 2779 2455 si
2825 2402 3001 2470 (quod
3049 2401 3229 2473 absit)
3284 2404 3460 2457 minus
3526 2402 3791 2458 fuerimus

2201 2486 2420 2551 intenti,
2458 2503 2563 2543 non
2611 2489 2786 2544 solum
2828 2491 3226 2561 corruptionem
3280 2508 3442 2562 quam
3502 2509 3791 2562 speramus

2204 2591 2514 2646 corporum,
2578 2592 2764 2633 verum
2824 2589 2879 2635 et
2937 2580 3108 2651 ipsam
3164 2582 3521 2635 aeternitatem
3568 2583 3785 2635 anima-

2198 2683 2320 2723 rum
2370 2670 2666 2739 perpetuis,
2697 2673 2975 2728 tradamus
3030 2673 3313 2729 incendiis.
3376 2673 3611 2744 Ideoque
3661 2689 3788 2743 ego,

2196 2761 2560 2816 reminiscens
2581 2764 2743 2833 iustis
2782 2775 3085 2836 pra-parata
3116 2766 3359 2836 prtemia,
3391 2774 3446 2819 et
3484 2777 3790 2836 pra-parata

2193 2851 2395 2922 iniquis
2462 2856 2766 2926 supplicia,
2815 2870 3025 2912 memor
3099 2859 3260 2911 etiam
3337 2856 3600 2911 malorum
3664 2873 3790 2927 qua:

2190 2946 2355 3018 gessi,
2389 2956 2768 3003 testamentum
2800 2949 3037 3005 scribere
3054 2952 3295 3019 decrevi,
3339 2967 3447 3021 quo
3480 2967 3672 3007 omnes
3700 2956 3789 3007 re‘

515 3027 790 3085 mittentes
824 3047 883 3087 se
916 3035 1216 3102 Dagoberlo
1254 3040 1362 3109 regi
1407 3052 1822 3109 ριηωερηιηιυτοε
1848 3089 1863 3111 ,
1915 3027 1977 3103 εί
2021 3049 2087 3104 de
2148 3109 2161 3111 _
2189 3036 2279 3106 gni
2316 3036 2484 3090 nostri
2534 3046 2845 3092 sanctorum
2886 3039 3139 3094 basilicas
3182 3036 3284 3096 isto
3334 3049 3587 3111 tempore
3614 3043 3790 3095 famo-

514 3120 711 3187 quibus
736 3136 1095 3194 arguerentur
1137 3129 1527 3189 satisfacturos.
1570 3134 1695 3190 Hzec
1732 3137 1819 3191 ille
1856 3139 2084 3212 allegata

2208 3141 2317 3191 sas,
2343 3126 2585 3183 hteredes
2612 3128 2873 3183 faciamus
2916 3120 3101 3183 earum
3132 3146 3253 3200 quae
3299 3131 3380 3185 eis
3426 3147 3456 3185 a
3487 3132 3643 3185 nobis
3674 3140 3788 3185 tra-

514 3210 771 3271 sine‘dolo
801 3217 1435 3289 intelligens.exercitum
1453 3227 1594 3281 unde
1617 3239 1836 3284 venerat
1858 3210 2094 3289 reduxit.

1084 3332 1313 3391 CAPUT
1343 3336 1534 3392 XXIX.

515 3438 592 3494 De
619 3440 880 3527 legatione
906 3447 974 3500 ad
995 3445 1367 3527 [uilicum/ent
1395 3451 1694 3510 Britannia:
1738 3474 1937 3527 regem,
1984 3478 2101 3515 cum

582 3529 687 3593 quo
717 3514 927 3593 Etigius
957 3520 1038 3593 uir
1071 3520 1236 3593 bonus
1266 3524 1432 3593 [trdus
1463 3537 1647 3593 pactus
1675 3540 1773 3589 est,
1793 3514 1970 3587 “deque
1997 3514 2103 3584 lu?-

584 3583 829 3637 dicaliilis
859 3587 1197 3660 Audoenique
1225 3583 1582 3662 religiosiiale.
1756 3583 1772 3613 ³

583 3673 681 3729 llis
702 3675 775 3729 ita
807 3680 1056 3747 patratis,
1085 3680 1280 3750 legatio
1320 3699 1348 3737 a
1393 3684 1696 3755 Dagoberto
1727 3691 1793 3744 ad
1821 3690 2097 3747 Judirahi-

515 3766 617 3821 lem
646 3781 825 3839 regem
852 3769 1145 3827 Britannia:
1172 3774 1442 3844 dirigitur,
1481 3787 1537 3832 ut
1562 3797 1681 3849 qua:
1707 3783 1947 3838 Britanni
1978 3803 2102 3838 cnn-

2209 3217 2332 3271 ditae
2357 3227 2481 3272 sunt
2504 3234 2706 3273 rerum.
2737 3218 3002 3274 Constitui
3032 3222 3196 3274 etiam
3237 3231 3469 3291 quatuor
3518 3222 3635 3274 ﬁeri
3678 3238 3790 3275 uno

2210 3317 2397 3363 tenore
2421 3311 2749 3381 exetuplaria
2780 3322 2834 3366 et
2857 3328 2918 3367 ea
2944 3314 3193 3367 manibus
3226 3315 3653 3379 subterﬁrmare,
3677 3332 3787 3369 non

2207 3407 2414 3453 tantum
2448 3400 2604 3475 meis,
2651 3402 2743 3457 sed
2772 3403 2937 3457 etiam
2972 3402 3202 3457 ﬁliorum
3238 3419 3480 3458 meorum
3514 3404 3783 3474 Sigcberti

2205 3507 2270 3546 ac
2314 3491 2561 3555 Ludovii,
2584 3509 2721 3562 quos
2750 3494 2908 3549 hodie
2939 3508 3095 3564 reges
3119 3495 3407 3560 constituo,
3430 3497 3627 3549 vestris
3652 3511 3787 3565 quu-

2203 3596 2308 3651 que
2335 3582 2427 3651 qui
2451 3582 2640 3637 astatis
2676 3582 3001 3637 sanctissimi
3035 3583 3337 3652 pontiﬁces,
3370 3597 3579 3638 necnon
3607 3585 3787 3653 gentis

2204 3684 2401 3728 nostrae
2430 3675 2721 3743 principes.
2758 3674 2797 3727 E
2827 3674 3024 3743 quibus
3068 3689 3233 3727 unum
3275 3673 3535 3744 Lugduno
3572 3672 3783 3735 Gallice.

2202 3767 2344 3819 aliud
2370 3766 2630 3827 Parisius,
2662 3766 2880 3820 tertimu
2916 3764 3071 3819 Metis
3111 3766 3163 3818 in
3207 3765 3458 3818 Archivis
3509 3763 3787 3818 Ecclesia-

515 3866 598 3912 tra
644 3858 883 3916 Francos
920 3863 1059 3918 male
1098 3876 1376 3935 gesserant
1415 3873 1786 3927 emendarem.
1822 3872 1939 3928 Sin‘
1964 3875 2098 3930 alias

2202 3872 2319 3910 rum
2350 3856 2713 3910 custodiendis
2736 3855 3041 3924 dirigimus.
3080 3854 3345 3922 Quartum
3388 3862 3591 3918 autem,
3641 3852 3786 3920 quod

515 3951 796 4007 universas
824 3956 1029 4023 copias,
1064 3972 1183 4026 qua:
1205 3972 1235 4011 ο
1270 3959 1530 4015 Vasconia
1554 3963 1844 4028 redieram,
1876 3968 2100 4019 ροηηης,
2200 3965 2310 4019 prie
2332 3949 2581 4003 manibus
2604 3946 2880 4011 habemus,
2911 3947 3250 4017 initltesauris
3278 3946 3782 4045 nostrisa-ssermri

515 4053 674 4098 natus
701 4053 785 4098 est
828 4061 886 4100 se
914 4046 1193 4102 Britonum
1233 4050 1425 4106 ﬁnibus
1467 4052 1850 4109 immissurnm.
1902 4057 2095 4111 Adsci-

2202 4043 2559 4113 przecipitnns.
2586 4041 2848 4110 Cumque,
2878 4049 3000 4109 post
3030 4040 3328 4109 depositam
3356 4054 3385 4091 a
3423 4036 3581 4091 nobis
3601 4036 3786 4090 carnis

515 4134 685 4188 scitur
711 4136 778 4190 ad
806 4136 943 4191 hanc
962 4138 1160 4208 Eligius
1183 4147 1582 4210 exsequendum
1606 4143 1949 4214 legationem,
1978 4161 2097 4215 Spe-
2199 4136 2873 4204 sarcinam,unusquisque
2900 4135 3205 4204 prtesnlnm,
3240 4135 3329 4203 qui
3360 4133 3491 4187 locis
3514 4141 3787 4201 praecepto

517 4232 675 4278 erata:
718 4225 796 4296 (ut
835 4237 1224 4294 prmostcnsum
1269 4229 1373 4301 est)
1408 4231 1529 4286 ﬁdei
1562 4234 1664 4286 vir.
1720 4234 1821 4300 Qui
1867 4235 2093 4304 plurima
2160 4218 2161 4221 X
2198 4227 2471 4297 inscriptis
2526 4224 2878 4296 praefuerint,
2935 4225 3040 4278 sibi
3093 4226 3364 4294 assignata
3418 4223 3777 4290 susceperint,

516 4327 640 4367 cum
671 4311 972 4369 Judicahile
1018 4316 1285 4372 allocutus
1327 4321 1393 4374 de
1442 4336 1596 4389 pace,
1649 4338 1755 4377 non
1815 4325 1985 4378 solum
2038 4334 2097 4379 ιιι
2132 4364 2135 4365 ν
2198 4334 2451 4389 rogamus
2499 4326 2553 4370 et
2593 4318 2933 4371 obtestamur
2962 4329 3061 4384 per
3093 4312 3573 4369 terribileDOmini
3606 4312 3780 4365 nostri

515 4402 852 4459 Francorum
909 4407 1310 4478 obtemperaret
1368 4412 1479 4480 regi
1538 4416 1849 4481 persuasit,
1906 4432 2092 4471 verum
2130 4450 2174 4506 Ι)
2199 4406 2324 4461 Jesu
2353 4407 2552 4460 Christi
2598 4422 2791 4461 nomen
2822 4415 2882 4460 ut
2931 4406 3247 4481 memoriam
3302 4404 3470 4506 nostri
3507 4404 3678 4504 tribus
3725 4402 3779 4455 in

470 4492 476 4497 ’
516 4495 794 4567 (ΣΙΞιιρίειεο
844 4498 991 4564 villa,
1023 4515 1129 4570 quo
1187 4509 1312 4557 tunc
1374 4503 1707 4571 Dagobcrtus
1763 4508 2094 4573 morabatur,
2130 4492 2170 4506 ”
2200 4500 2534 4555 hebdotuada
2577 4498 2766 4553 diebus
2794 4512 2892 4566 per
2918 4506 3208 4567 sequentes
3234 4510 3406 4548 annos
3436 4493 3678 4557 faciant;
3716 4506 3783 4546 ac

516 4603 696 4644 secum
723 4588 990 4660 perduxit.
1039 4590 1135 4645 Ubi
1164 4602 1494 4648 memoratus
1528 4595 1779 4666 princeps
1819 4606 1874 4651 et
1915 4613 2098 4654 corre-
2154 4616 2155 4623 ‘
2199 4604 2297 4658 pro
2335 4589 2520 4658 τείιιιῑθ
2559 4588 2753 4642 “limi”
2783 4596 2983 4640 "95mg
3022 4584 3348 4639 sacrmdu'“
3382 4580 3612 4635 "miram
3636 4580 3783 4633 sum"

518 4680 756 4735 ctionem
782 4683 1223 4747 commissorum,
1251 4693 1305 4736 et
1337 4684 1725 4755 subiectionem
1752 4688 1832 4742 sui
1876 4688 2094 4743 Britan-

463 4760 467 4767 ¹
517 4773 734 4842 nit'ique
768 4776 947 4843 populi
978 4775 1193 4839 obtulit,
1218 4790 1280 4830 ac
1308 4792 1491 4846 pacem
1525 4794 1647 4832 cum
1680 4795 1744 4833 eo
1779 4791 2093 4850 perpetuam

519 4864 661 4920 iniit.
693 4863 938 4935 Cumque
966 4867 1300 4937 Dagobertus
1328 4869 1394 4921 ad
1420 4873 1656 4923 curanda
1690 4868 1845 4938 juxta
1891 4887 2093 4926 morem

517 4957 691 5026 epulis
721 4958 988 5026 regalibus
1036 4974 1261 5028 corpora
1313 4975 1371 5015 se
1422 4961 1779 5027 contulisset,
1829 4960 2096 5018 Judicahil

517 5049 719 5118 palatio
747 5064 997 5119 egressus
1055 5051 1121 5104 ad
1171 5049 1390 5105 domum
1446 5052 1681 5107 Dadonis
1718 5053 2094 5116 relerendarii,

518 5139 609 5205 qui
641 5148 696 5193 et
724 5139 1015 5195 Auloenus
1045 5141 1220 5195 dictus
1260 5148 1360 5200 est,
1395 5155 1459 5194 eo
1500 5142 1642 5210 quod
1682 5142 1943 5212 religiosae
1972 5144 2097 5197 vitte

521 5231 893 5285 testimonium
943 5232 1186 5297 haberet,
1227 5233 1465 5302 perrexit
1515 5232 1698 5300 ibique
1733 5248 1964 5302 pransus
1992 5244 2093 5288 est.

466 5306 471 5311 ‘
520 5320 650 5374 Erat
671 5322 814 5376 enim
847 5322 960 5394 ipse
988 5322 1257 5378 Judicahil
1298 5322 1578 5393 religiosus
1619 5320 1795 5386 valde,
1825 5323 2097 5377 audierat-

2200 4694 2335 4745 tare,
2368 4694 2671 4749 nomenque
2707 4686 2974 4739 nostrum,
2998 4676 3150 4745 quasi
3180 4682 3496 4743 perpetuum
3531 4679 3779 4725 tenentes

2195 4776 2528 4837 mctnoriale,
2563 4776 2701 4829 libro
2724 4774 2963 4829 inserant
2989 4774 3133 4826 Viue.
3163 4770 3272 4825 Vos
3303 4779 3483 4823 autetn
3512 4767 3643 4821 boni
3661 4767 3773 4829 ﬁlii,

2196 4870 2604 4924 considerantes
2624 4866 2855 4935 primum
2885 4876 3092 4919 natura:
3113 4862 3451 4936 religionem,
3478 4860 3629 4928 cujus
3656 4875 3778 4928 gra-

2199 4961 2267 5014 tia
2320 4960 2483 5013 etiam
2528 4958 2725 5013 bestias
2773 4956 2921 5027 ligat,
2976 4965 3191 5009 manete
3237 4954 3452 5014 fratres,
3513 4962 3569 5005 et
3614 4951 3779 5005 nolite

2195 5065 2393 5105 exuere
2429 5050 2570 5123 quod
2614 5051 2853 5120 generati
2886 5049 3036 5103 estis.
3069 5048 3271 5113 Deinde
3318 5045 3638 5100 reveremini
3692 5060 3777 5095 me

2199 5154 2407 5213 patrem
2438 5150 2698 5205 vestrum,
2745 5141 2835 5209 qui
2866 5154 3059 5208 rogare
3096 5138 3255 5202 tualo,
3300 5153 3422 5192 cum
3474 5134 3673 5205 possitu
3696 5131 3778 5199 ju-

2199 5235 2348 5295 bere,
2376 5243 2433 5284 ut
2458 5240 2659 5285 statuta
2686 5240 2870 5283 nostra
2900 5228 3213 5283 inconvulsa
3245 5228 3493 5287 servetis,
3523 5226 3567 5279 si
3597 5232 3774 5277 vestra

2199 5341 2229 5379 a
2276 5322 2685 5379 successoribus
2715 5321 2919 5375 servari
2970 5319 3242 5374 mavuhis.
3302 5316 3550 5372 Proiecto
3604 5316 3781 5369 scien-
