4108 5412
357 221 452 278 289

1461 234 1782 296 ΙΙΙΞΤΟΙΗᾹ
1824 241 2280 306 FRANCOBUM.
2324 252 2450 310 LIB.
2494 257 2581 314 [Vs

3514 265 3642 321 τω.

356 337 550 403 "lum.
599 354 664 449 ac
703 339 756 394 Ῐιὶ
802 341 983 396 ¹¹ιιιιηὊ
1014 352 1340 408 manentem,
1393 346 1643 403 Salﬂlalis
1687 353 1938 408 οιιὶηὶὺιιε
1966 360 2013 418 Δ
2042 377 2140 430 per
2168 381 2239 419 tu
2265 370 2548 427 continuos
2579 373 2694 430 dies
2715 375 2910 446 quibus
2940 377 3011 433 ibi
3044 378 3260 442 resedit,
3295 379 3473 434 onmia
3499 396 3618 449 qua:

357 439 556 484 castum
583 430 810 498 di;uisit,
843 445 898 490 ut
925 435 1127 490 rediret
1155 439 1523 510 unusquisque
1549 442 1614 495 ad
1643 459 1763 500 sua.

932 525 1160 581 CAPUT
1192 528 1383 582 XXXI.

548 612 625 666 De
656 613 761 682 ﬁde
799 617 1028 684 prmstita
1068 615 1294 671 Francis
1335 638 1366 673 a
1411 619 1752 677 Vasconibus.

433 705 632 773 Quinto
665 708 876 762 decimo
905 725 1033 763 vero
1065 711 1210 781 regni
1244 713 1324 766 sui
1379 729 1554 777 anno,
1595 731 1784 771 omnes
1833 715 1946 774 fere

360 802 606 853 seniores
657 801 955 868 Vasconiae,
1013 819 1136 858 cum
1195 804 1439 858 Amantio
1486 806 1642 870 duce,
1695 809 1763 862 ad
1820 824 1943 864 eum

360 889 636 961 Clippiaco
675 902 982 960 venerunt;
1032 895 1257 966 ejusque
1306 896 1655 954 formidantes
1711 915 1946 970 praesen-

365 983 520 1043 tiam,
589 983 642 1035 in
695 985 996 1038 oratorium
1034 985 1218 1040 Sancti
1275 987 1513 1060 Dionysii
1569 992 1945 1062 confugerunt.

361 1071 514 1138 Quos
545 1072 645 1127 etsi
672 1074 864 1143 dignos
896 1085 1067 1130 morte
1092 1077 1454 1146 judicaverat,
1488 1093 1732 1150 respectu
1767 1093 1946 1138 tamen

363 1175 704 1230 sani-torum,
736 1181 966 1234 quorum
995 1171 1336 1238 expctierant
1371 1173 1710 1238 memoriam,
1752 1175 1832 1230 eis
1858 1176 1947 1229 iu-

364 1257 532 1311 dulsit
557 1257 742 1312 vitam.
793 1259 893 1326 Qui
924 1271 1267 1316 sacramento
1313 1262 1473 1318 fidem
1527 1265 1717 1321 dantes
1770 1283 1829 1322 se
1883 1268 1949 1322 de

366 1360 566 1404 eattero
611 1349 799 1405 ﬁdeles
859 1351 1182 1422 Dagoberto,
1238 1369 1302 1408 ac
1370 1354 1590 1424 reliquis
1653 1367 1774 1425 post
1825 1371 1975 1422 eum_

367 1443 587 1511 regibus
619 1441 734 1496 fore
787 1442 1140 1509 Francorum,
1199 1445 1267 1500 ad
1324 1449 1556 1516 patriam
1612 1447 1791 1503 redire
1821 1464 1951 1519 per-

369 1535 521 1589 missi
554 1544 680 1589 sunt
712 1551 892 1590 suam.

916 1626 1143 1683 CAPUT
1186 1628 1402 1684 XXXII.

370 1714 450 1770 De
473 1715 765 1794 Grimoaltli
795 1721 925 1794 regis
957 1720 1414 1794 Langobardorum
1447 1727 1623 1794 gestis.
1649 1736 1695 1780 et
1727 1727 1953 1794 fratrum

441 1788 557 1866 ejus
589 1791 945 1866 cmi/e._tfeqtte
979 1788 1323 1866 Constantino
1375 1788 1684 1865 imperatore
1727 1788 1847 1866 '(qui
1905 1807 1951 1848 et

490 1870 703 1911 onstans
733 1861 902 1913 tlicms
950 1863 1044 1928 est)
1079 1861 1839 1929 Beneventum"obsitlentefet
1892 1867 1955 1919 tle

445 1929 754 2005 crudelitate
790 1930 979 2005 ejuset
1007 1935 1186 2005 exitio,
1220 1945 1268 1988 et
1311 1935 1561 1989 Mezentii
1601 1936 1832 2005 tyranni,
1861 1937 1954 1990 tle-

444 2016 545 2067 qtte
572 1997 868 2053 Constantii
902 2003 1138 2071 imperio.

449 2088 752 2158 Dagoberto
794 2091 954 2158 igitur
981 2092 1207 2160 pacifice
1248 2093 1385 2162 apud
1433 2093 1636 2149 Gallias
1670 2105 1956 2167 regnante,

377 2178 750 2250 Longobardis
771 2179 1114 2237 Grimoaldus
1144 2193 1392 2253 praeerat,
1437 2186 1525 2254 qui
1558 2186 1825 2240 exstincto
1854 2185 1962 2241 Go-

376 2269 589 2340 diperto
614 2268 846 2340 Ariperti
898 2272 1038 2342 regis
1070 2274 1197 2336 filio,
1241 2281 1294 2328 et
1326 2275 1443 2344 ejus
1486 2274 1654 2331 fratre
1688 2276 1962 2330 Bcrtharit

380 2361 526 2415 Itdia
563 2359 734 2431 pulso,
761 2377 980 2431 regnum
1021 2365 1347 2432 arripuerat.
1376 2365 1476 2421 llic
1494 2367 1960 2435 estGrimoaIdus,

379 2451 448 2508 de
471 2467 576 2521 qua
614 2452 818 2522 μηνί..ῑί
850 2469 1056 2520 sumus,
1107 2456 1251 2526 quod
1297 2459 1552 2526 praedicta
1585 2474 1776 2514 eversa
1806 2459 1959 2524 urbe,

383 2547 635 2608 Avaretn,
677 2560 708 2598 a
737 2561 843 2615 quo
881 2548 1126 2615 captivus
1169 2549 1346 2604 adhuc
1375 2565 1510 2618 puer
1548 2553 1846 2606 ducebatur
1883 2552 1965 2620 (ut

384 2636 587 2690 dictum
638 2636 742 2703 est)
785 2637 1082 2692 occiderat.
1138 2639 1302 2708 Cujus
1349 2641 1544 2696 fratres
1585 2641 1849 2696 Tasonem
1899 2657 1964 2696 ac

382 2726 678 2792 Cacouem,
706 2726 1000 2797 Gregorius
1033 2729 1398 2785 Romanorum
1427 2733 1712 2802 patricius,
1744 2734 1795 2787 in
1827 2733 1965 2788 civi-

388 2824 495 2870 tate
525 2815 856 2886 Opitergium
903 2818 1082 2873 dolos:
1140 2819 1329 2873 fraude
1370 2823 1620 2890 peremit.
1664 2821 1798 2875 Nam
1841 2837 1966 2892 pro~

385 2907 608 2962 mittens
674 2907 872 2962 Tasoni
950 2911 1090 2977 quod
1133 2911 1360 2964 barbam
1419 2912 1534 2981 ejus
1576 2912 1963 2981 prtcsciudens,

377 2995 533 3066 juxta
585 3013 788 3053 morem
837 2999 1200 3068 antiquorum,
1255 3017 1378 3057 eum
1428 3002 1527 3056 sibi
1583 3004 1866 3074 adoptaret
1910 3005 1964 3058 in

389 3090 577 3153 tilium,
611 3105 732 3145 cum
781 3090 946 3148 fratre
992 3108 1054 3146 ac
1082 3095 1268 3163 paucis
1301 3093 1537 3148 fidelium
1587 3094 1653 3149 ad
1699 3111 1756 3151 se
1784 3096 1970 3152 venire

388 3183 582 3237 suasit.
634 3182 1068 3254 Ingredieutique
1117 3185 1304 3240 urbem
1356 3197 1545 3256 portas
1598 3197 1716 3258 post
1759 3197 1968 3259 tergum

388 3270 564 3325 claudi
591 3273 928 3342 prmcipiens,
969 3274 1166 3328 milites
1193 3284 1432 3330 armatos
1464 3276 1554 3346 qui
1599 3292 1720 3332 cum
1771 3278 1971 3332 interfi-

389 3369 810 3422 cerentdircxit.
845 3368 994 3434 Quod
1039 3369 1125 3422 ubi
1155 3372 1244 3438 qui
1284 3370 1510 3440 ingressi
1541 3382 1697 3426 erant
1725 3373 1972 3426 animad-

388 3467 689 3521 verterunt,
719 3459 960 3512 ultimum
1007 3461 1108 3513 sibi
1163 3460 1280 3514 vale
1327 3463 1586 3527 dicentes,
1642 3479 1738 3532 per
1767 3465 1972 3534 plateas

390 3548 627 3603 civitatis
664 3549 884 3617 dispersi
921 3551 1108 3605 obvios
1135 3568 1377 3621 quosque
1409 3555 1769 3610 trucidabant.
1806 3557 1973 3611 Maxi-

392 3652 588 3706 maque
617 3640 761 3692 edita
790 3649 992 3707 strage,
1026 3642 1241 3694 tandem
1285 3642 1440 3710 pauci
1493 3659 1520 3696 a
1579 3645 1822 3699 uluribus
1865 3647 1976 3700 cir-

390 3729 662 3783 cumventi
689 3728 1099 3785 obtruncantur.
1134 3730 1430 3803 Gregorius
1466 3734 1647 3803 itach
1700 3735 1790 3804 qui
1847 3752 1973 3806 spo-

391 3820 655 3890 ponderat
689 3837 746 3876 se
775 3823 996 3877 barbam
1030 3823 1229 3880 Tasoni
1283 3826 1669 3892 abscissurum,
1729 3841 1838 3880 non
1887 3843 1975 3882 so-

395 3908 502 3962 lum
532 3911 773 3975 barbam,
804 3925 991 3963 verum
1021 3922 1072 3966 et
1096 3915 1396 3982 amputavit
1422 3915 1542 3983 ejus
1593 3929 1720 3985 :tput
1747 3918 1974 3972 Verum-

2044 450 2259 509 fuerant
2291 460 2584 529 antiquitus
2629 463 2680 520 in
2731 478 3108 523 ornamentum
3145 470 3380 524 civitatis
3410 485 3474 524 ex
3513 484 3620 523 tere

2046 541 2312 612 instituta,
2337 549 2527 620 deponi
2546 553 2727 620 jussit.
2759 556 2813 610 In
2841 567 3044 614 tantqu
3073 563 3310 615 utetiam
3341 561 3620 616 basilicatn

2045 633 2222 690 Beatae
2253 638 2434 697 Mariae
2467 644 2762 714 (Pantheon
2803 653 3103 721 antiquitus
3147 654 3415 722 vocatam)
3446 653 3622 709 disco-

2044 727 2300 794 Operiret,
2341 734 2650 805 tegulasque
2684 754 2749 793 ex
2789 757 2896 794 :cre
2933 741 3102 798 factas
3145 745 3337 797 exinde
3363 743 3618 806 auferret,

2047 829 2246 886 easque
2271 837 2390 874 cum
2417 824 2536 878 aliis
2564 831 2898 884 ornamentis
2913 831 3425 902 Constantinpolim
3449 845 3625 889 trans-

2049 909 2304 964 mitteret.
2338 913 2436 979 Qui
2471 925 2669 982 tamen,
2723 922 2813 976 tibi
2859 924 3096 978 Siciliam
3131 926 3329 996 attigit,
3372 926 3625 980 meritum

2051 1008 2322 1057 tantarum
2369 1005 2709 1076 iniquitatqu
2745 1017 3023 1080 praemium
3056 1016 3170 1069 luit.
3204 1016 3336 1070 Nam
3380 1017 3624 1087 ejusdem

2050 1090 2235 1145 insula:
2302 1094 2523 1162 incolas,
2576 1099 2943 1172 Calabrimque
3001 1122 3065 1160 ac
3121 1108 3406 1173 Sardinia},
3465 1117 3627 1178 atque

2049 1179 2264 1247 Africa).
2312 1184 2692 1245 afﬂictionibus
2748 1201 2854 1247 tam
2913 1197 3246 1263 gravissimis
3309 1197 3516 1250 atlrivit
3569 1205 3630 1252 ut

2052 1288 2247 1327 uxores
2276 1290 2304 1326 a
2337 1278 2545 1334 maritis
2588 1292 2642 1335 et
2675 1282 2767 1336 filii
2818 1300 2847 1338 a
2898 1288 3211 1354 parentibus
3263 1297 3495 1357 separati
3529 1288 3628 1341 du-

2051 1377 2166 1416 ram
2197 1379 2518 1435 cogerentur
2537 1375 2742 1442 perpeti
2758 1376 3093 1431 servitutem.
3110 1377 3298 1447 Itaque
3313 1379 3626 1448 imperator,

2052 1455 2163 1509 suis
2188 1472 2348 1526 quam
2383 1459 2627 1518 hostibus
2657 1464 2922 1532 infestior,
2963 1483 2991 1521 a
3022 1467 3282 1523 militibus
3322 1468 3437 1537 ejus
3482 1471 3630 1523 saevi-

2055 1549 2182 1602 tiam
2205 1555 2620 1609 exsecrantibus
2645 1558 2696 1610 in
2733 1559 2924 1613 balneo
2950 1559 3292 1614 interficitur.
3319 1560 3445 1614 Post
3470 1574 3628 1629 quem

2057 1639 2356 1698 Mezentius
2384 1645 2434 1698 in
2469 1647 2649 1701 Sicilia
2679 1652 3017 1720 tyrannidem
3055 1653 3308 1722 arripuit.
3357 1654 3473 1719 Quo
3515 1654 3632 1722 pari

2058 1735 2217 1786 modo
2256 1735 2375 1789 sine
2418 1753 2565 1791 mora
2599 1742 2805 1809 punito,
2855 1744 3140 1813 capitequo
3179 1744 3296 1814 ejus
3325 1744 3662 1799 Constanti-—

2060 1828 2293 1896 uopolim
2325 1831 2550 1899 perlato,
2583 1834 2990 1900 Constantinus,
3016 1837 3372 1892 Constantiuii
3403 1838 3490 1906 (de
3529 1853 3635 1904 quo

2060 1922 2439 1992 pratmisimus)
2468 1924 2629 1991 filius,
2664 1942 2770 1979 xvu
2802 1928 2956 1980 :mnis
2985 1928 3210 1982 Romani
3243 1929 3409 1982 tenuit
3437 1928 3660 1998 guberm

2061 2012 2250 2065 uacula
2281 2013 2510 2082 imperii.
2564 2015 2703 2070 Sane
2743 2020 2914 2086 patris
2943 2019 3060 2089 ejus
3109 2019 3460 2087 temporibus,
3497 2015 3638 2070 Vita-

2063 2103 2236 2158 lianus
2285 2119 2422 2174 papa
2472 2105 2812 2162 Theodorum
2841 2109 3304 2179 archiepiscopum
3337 2120 3392 2163 et
3439 2108 3634 2162 Adria-

2063 2210 2188 2248 num
2217 2199 2468 2253 abbatem
2496 2199 2546 2253 in
2572 2200 2906 2256 Britanniam
2935 2201 3153 2267 direxit,
3182 2202 3247 2256 ad
3276 2201 3636 2255 corroboran-

2062 2284 2205 2349 datu,
2241 2303 2402 2355 quam
2455 2287 2643 2343 beatus
2693 2291 2985 2362 Gregorius
3037 2293 3090 2346 in
3139 2291 3431 2363 Anglorum
3481 2298 3640 2362 gente

2065 2385 2298 2442 several,
2320 2377 2438 2431 fidei
2470 2377 2792 2434 Cbrisrianae
2818 2393 3075 2450 segetem.

2603 2469 2826 2524 CAPUT
2871 2471 3108 2527 XXXIiI.

2065 2558 2141 2613 De
2167 2557 2447 2629 Dagoberti
2485 2562 2742 2616 laudabili
2782 2565 2922 2616 olu'm
2968 2575 3013 2617 et
3059 2565 3364 2631 sepultura,
3407 2581 3469 2619 ac
3514 2564 3647 2619 aulis-

2307 2631 2412 2684 diri
2454 2632 2695 2703 Dionysii
2733 2635 3079 2702 a'dificatione
3112 2645 3158 2688 et
3185 2645 3396 2688 ornatu.

2135 2718 2307 2773 Porro
2339 2721 2570 2792 inclytus
2613 2739 2705 2777 rex
2735 2723 3068 2778 Francorum
3104 2725 3455 2795 Dagobcrtus,
3489 2728 3645 2780 anuis

2067 2825 2156 2863 xvr
2187 2809 2418 2880 gloriosa
2464 2811 2682 2867 functus
2730 2814 2878 2882 regni
2923 2814 3411 2881 administratione,
3448 2817 3644 2885 Spino-

2067 2899 2174 2970 giIo
2199 2899 2322 2954 villa
2356 2917 2518 2970 super
2539 2901 2734 2956 flumen
2765 2902 3029 2973 Sequana:
3055 2905 3180 2968 sita,
3213 2905 3351 2958 baud
3392 2905 3575 2975 procul
3613 2925 3645 2961 ιι

2071 2991 2311 3046 l’arisius
2381 2994 2754 3059 constitutus,
2801 2993 3061 3065 profluvio
3118 2997 3324 3052 ventris
3399 2997 3648 3052 laborare

2073 3085 2257 3154 cu'pit.
2286 3084 2518 3156 Indeque
2547 3088 2958 3155 obsequentium
2999 3090 3248 3143 manibus
3273 3090 3337 3143 ad
3368 3089 3647 3143 basilicam

2073 3175 2258 3230 Sancti
2292 3176 2534 3249 Dionysii
2567 3179 2798 3245 delatus,
2822 3181 2945 3235 dum
2977 3197 3036 3236 se
3079 3182 3419 3236 incommodo
3450 3181 3649 3235 ultima:

2072 3271 2406 3338 (egritudinis
2458 3274 2523 3326 ad
2573 3283 2800 3329 mortem
2855 3276 3032 3345 urgeri
3067 3276 3443 3338 intellexisset,
3480 3277 3646 3346 Egam

2072 3365 2437 3418 consiliarium
2464 3381 2619 3419 suum
2665 3382 2879 3421 summa
2924 3384 3044 3422 cum
3075 3368 3352 3423 celeritate
3382 3370 3445 3422 ad
3472 3385 3530 3423 se
3559 3384 3648 3422 ve-

2074 3455 2189 3507 nire
2222 3457 2514 3523 mandavit,
2565 3473 2730 3528 seque
2780 3461 3145 3515 discessurum
3196 3478 3227 3515 c
3275 3463 3522 3532 praesenti
3553 3477 3650 3515 sm-

2074 3548 2193 3602 cqu
2237 3549 2514 3613 inlimatis.
2562 3567 2785 3605 uxorem
2825 3568 2976 3605 suam
3019 3552 3321 3607 Nantildem
3369 3571 3432 3608 ac
3483 3553 3648 3606 filium

2073 3639 2397 3693 Cludoveum
2429 3639 2544 3708 ejus
2586 3642 2796 3696 tuitioni
2847 3643 3140 3706 commisit,
3173 3652 3225 3696 et
3269 3651 3324 3696 ut
3353 3644 3647 3697 secundum

2074 3732 2416 3800 prudentiam
2442 3733 2543 3785 sibi
2576 3748 2605 3785 a
2643 3735 2750 3787 Deo
2787 3748 3098 3788 concessam
3148 3734 3316 3786 filium
3365 3735 3647 3794 cnutriret,

2074 3825 2267 3894 pieque
2299 3840 2521 3892 regnum
2547 3826 2881 3893 disponeret,
2909 3825 3205 3881 admonuit.
3237 3825 3458 3880 Cat-teris
3487 3826 3652 3878 etiam

2075 3914 2427 3971 omimatibus
2458 3931 2520 3970 ac
2565 3915 2912 3982 pontificibus
2954 3915 3223 3971 Neustrite
3252 3930 3314 3970 ac
3332 3913 3652 3983 Burgundii!)

1983 1700 2026 1759 B

394 4012 580 4064 tamen
611 4016 678 4054 ne
707 3995 960 4068 parjurtts
985 4001 1278 4062 diceretur,
1306 3999 1489 4053 barbze
1511 4015 1729 4070 quoque
1757 4005 1988 4059 summi-
2069 4007 2369 4070 accersitis,
2409 4005 2518 4058 tilio
2571 4021 2667 4060 eos
2696 4011 2885 4076 eisque
2918 4007 3089 4063 filium
3125 4014 3533 4081 commendans,
3565 4031 3652 4068 xw

395 4099 558 4144 tatem
623 4091 859 4144 inaniter
915 4089 1172 4157 praecidit.
1251 4087 1591 4158 Quapropter
1638 4093 1984 4150 Grimoaldus
2068 4096 2186 4150 Kal.
2216 4095 2496 4150 Februarii
2519 4096 2662 4151 diem
2695 4099 2890 4154 clausit
2913 4105 3434 4174 extremum.Cujus
3456 4122 3652 4175 corpus

402 4197 563 4247 regno
593 4199 658 4250 po
689 4186 810 4251 itus,
838 4189 1172 4262 Opitergium
1206 4193 1449 4252 funditus
1487 4200 1680 4253 evertit
1735 4201 1784 4254 in
1818 4201 1979 4257 ttIiiO-

398 4289 519 4326 mm
551 4274 778 4331 fratrum
810 4279 938 4334 inibi
964 4294 1388 4354 peremptorum.
1430 4289 1596 4360 Cujus
1645 4295 1977 4360 temporibus

396 4361 470 4451 t‘n
495 4367 780 4422 astzuuinus
805 4370 1096 4440 Augustus,
1145 4378 1236 4445 qui
1267 4386 1319 4433 et
1364 4379 1631 4437 Constans
1663 4384 1836 4439 dictus
1867 4394 1971 4451 est,

396 4448 470 4503 ιθ
511 4453 775 4520 gobardos
840 4459 990 4516 Italia
1053 4465 1255 4532 pellere
1321 4470 1580 4539 cupiens,
1642 4481 1973 4530 transmeato

389 4540 670 4599 Adriatic»
711 4550 871 4618 mari,
921 4551 1280 4610 Beneventum
1322 4559 1552 4615 obsedit.
1595 4561 1746 4618 Unde
1794 4566 1974 4620 subito

391 4636 627 4690 adventu
673 4639 965 4698 Grimoaldi
1017 4634 1260 4713 territus,
1303 4651 1570 4716 discessit,
1612 4654 1800 4709 relicto
1849 4672 1972 4712 cum

389 4729 632 4783 exercitu
678 4735 909 4800 quodam
956 4752 1021 4792 ex
1065 4740 1420 4807 optimatibus
1457 4745 1674 4800 nomine
1707 4745 1970 4813 Saburra,

390 4817 488 4884 qui
511 4834 633 4874 cum
675 4820 984 4881 Grimoaldo
1029 4829 1213 4898 praelio
1243 4832 1506 4888 conﬂixit.
1554 4833 1707 4890 Tunc
1757 4853 1898 4893 unus
1941 4853 1971 4894 e

391 4907 468 4966 L0
492 4912 786 4984 tgobardis,
820 4920 1076 4974 vocabqu
1096 4922 1445 4995 Amalongus,
1476 4928 1568 4995 qui
1602 4930 1808 4999 regium
1839 4946 1972 4986 con-

389 5007 502 5053 tum
527 5001 718 5057 solitus
746 5015 863 5060 erat
899 5007 1055 5074 ferre,
1109 5015 1394 5078 quemdam
1440 5014 1747 5074 Grmculum
1778 5023 1969 5076 eodem

389 5098 550 5142 conto
583 5106 920 5160 percussum,
967 5114 996 5152 e
1045 5099 1174 5174 si-Ila
1225 5104 1548 5172 equitatoria
1599 5123 1762 5178 super
1806 5119 1970 5181 caput

388 5195 542 5235 suum
582 5183 824 5248 elevans,
857 5189 1091 5260 reliquos
1134 5197 1554 5261 perterrefactos
1593 5199 1778 5272 fugere
1815 5221 1967 5259 com-

384 5273 535 5339 pulit.
575 5274 726 5327 Talia
756 5291 1050 5347 agnoscens
1083 5283 1396 5351 imperator,
1435 5289 1768 5348 iracundiam
1800 5296 1966 5351 corde

385 5373 706 5412 coitcentam
742 5366 793 5412 in
851 5383 974 5412 Rllnc
1026 5373 1152 5412 (Imp
1206 5384 1284 5412 per
1327 5377 1624 5412 unlnnnno\
1669 5387 1935 5412 Amm--.“

2078 4199 2353 4253 conditum
2386 4205 2740 4268 aromatibus,
2777 4207 3040 4275 sepultqu
3071 4220 3151 4263 est
3182 4211 3232 4264 in
3268 4211 3494 4265 ecclesia
3525 4227 3651 4265 san-

2076 4289 2148 4343 cti
2185 4290 2442 4361 Dionysii,
2472 4292 2522 4345 in
2562 4294 2751 4349 dextro
2783 4297 2950 4350 latere
2991 4300 3223 4367 sepulcri
3257 4302 3420 4369 ipsius
3453 4314 3650 4373 marty-

2003 4402 2050 4461 D
2078 4381 2173 4434 ris.
2208 4382 2468 4451 Denique,
2521 4395 2576 4439 ut
2609 4402 2771 4457 supra
2812 4397 3086 4444 ostensum
3118 4401 3222 4455 est,
3255 4408 3375 4447 cum
3408 4409 3464 4447 se
3493 4410 3645 4446 orna-

2083 4479 2191 4525 tum
2220 4473 2298 4527 ire
2323 4473 2464 4529 illius
2488 4479 2802 4532 memoriam
2837 4480 3214 4552 sociorumque
3245 4484 3360 4553 ejus
3385 4484 3654 4552 pollicitus

2077 4574 2238 4629 esset,
2265 4567 2520 4636 templum
2546 4569 2626 4623 eis
2652 4571 2891 4625 condidit
2921 4573 3189 4627 universis
3209 4615 3224 4639 ,
3252 4590 3370 4643 quae.
3397 4577 3448 4627 in
3480 4575 3678 4633 Gallia-

2031 4689 2034 4691 λ
2079 4661 2208 4710 tunc
2235 4658 2492 4727 temporis
2515 4668 2692 4726 erant,
2740 4660 3091 4716 excellentius
3133 4665 3365 4736 templis.
3411 4663 3662 4720 Nullum-

2077 4763 2181 4816 que
2209 4749 2467 4820 impensis
2490 4759 2736 4808 statuens
2766 4755 3008 4818 modum,
3048 4758 3370 4810 marmoreis
3404 4755 3534 4807 illud
3567 4775 3676 4812 cn-

2076 4842 2275 4899 Iumnis
2327 4846 2597 4914 similique
2649 4849 2959 4901 venustavit
3007 4850 3336 4916 pavimento,
3394 4847 3721 4911 immenso.

2077 4933 2375 4988 azdificandi
2419 4945 2672 5001 sumptu,
2696 4947 2748 4991 et
2779 4938 3052 5006 exquisito
3090 4937 3417 4991 fabricatum
3449 4933 3713 5007 decore,

2078 5021 2188 5080 Nec
2243 5025 2425 5079 minor
2463 5025 2537 5079 illi
2577 5025 2628 5077 in
2672 5028 2792 5081 aliis
2817 5041 3030 5095 quoque
3077 5030 3367 5081 ornatibus
3416 5022 3740 5101 intentio,

2077 5109 2234 5179 Nam,
2264 5113 2508 5168 vestibus
2540 5129 2676 5169 auro
2705 5117 2870 5169 textis
2908 5124 2961 5167 et
3003 5112 3184 5180 palliis
3216 5109 3578 5174 bolosericis,
3637 5134 3762 5188 ι.οι

2080 5211 2192 5258 tum
2224 5202 2540 5256 interiorem
2571 5203 2940 5258 circumdedit
2977 5201 3160 5269 templi
3198 5204 3481 5257 ambitum.
3524 5199 3768 5279 Or(li,

2075 5309 2197 5349 nem
2230 5292 2572 5362 psallentium
2596 5293 2675 5346 uti
2701 5294 2838 5361 apud
2864 5290 3120 5343 Sanctum
3171 5291 3468 5345 Martinum
3509 5287 3776 5367 Turo.

2077 5385 2156 5412 ιιῗρ.
2197 5397 2406 5412 nar-nn“
2440 5380 2577 5412 nnlul
2602 5379 2860 5412 anntnrn
2891 5376 3204 5412 ΝΙτιιηοῖΙῖηιι-ρι
3235 5375 3656 5412 Ann-inicum“.
