4108 5412
534 345 632 401 791

1562 357 1819 420 ΜΗΟΙΝΙ
1866 361 2171 424 ΜΟΝᾹΟΠΙ
2217 363 2715 425 FLOMACENSIS

3694 374 3799 430 793

531 475 563 513 α
589 460 871 552 huirabilis
896 467 1055 522 esset.
1087 467 1208 524 Fuit
1238 473 1437 529 etenim
1482 476 1621 533 idem
1652 495 1745 535 rex
1782 480 2116 551 Dagohertus
2144 479 2191 537 Ᾱ
2222 489 2439 536 sanctos
2487 482 2591 536 sibi
2640 481 2889 536 auxiliari
2942 479 3218 552 poscebat,
3265 496 3493 552 quorum
3543 484 3799 541 basilicas

537 551 829 609 admodum
856 565 1066 623 cautus,
1111 552 1327 632 ingenio
1378 577 1608 635 astntus,
1645 573 1788 627 circa
1822 571 2114 627 benevolos

531 656 587 701 et
615 648 716 703 sibi
750 649 932 705 ﬁdeles
963 668 1295 720 mansuetus,
1350 662 1644 720 rebellibus
1688 676 1867 720 autem
1907 681 1970 719 ac
2002 679 2114 735 per-

534 736 660 793 lidis
689 739 842 795 valde
869 742 1143 800 terribilis.
1188 747 1472 808 Exercitiis
1496 756 1741 825 corporis
1771 757 2114 826 maximeque

528 829 913 888 .vcnationibus
957 835 1172 893 deditus
1194 879 1208 902 ,
1257 849 1421 912 atque
1451 844 1505 899 in
1548 846 1695 923 omni
1730 848 1972 918 agilitate
1994 862 2113 902 eor-

535 937 698 992 porea
726 933 1013 994 strenuus;
1053 931 1249 1000 peritia
1275 949 1491 1006 quoque
1541 953 1612 994 ac
1648 939 1848 995 virtute
1888 939 1941 994 in
1972 940 2114 996 bello

524 1014 875 1083 .prazvalidus.

1075 1113 1303 1171 CAPUT
1342 1116 1583 1177 XXXIV.

532 1192 838 1285 chui’sione.
856 1200 998 1271 facta
1025 1204 1263 1285 solitario
1291 1226 1450 1285 super
1480 1221 1621 1285 statu
1667 1209 1954 1284 Dagoberti
1981 1216 2112 1285 regis

602 1268 980 1353 defuncta-“et
1020 1277 1145 1347 quid
1194 1268 1367 1348 prosit.
1403 1282 1712 1353 templorum
1753 1268 1969 1339 'oruutio
1993 1326 2007 1350 ,
2035 1268 2115 1340 “et

603 1337 732 1393 obsit
767 1337 1036 1411 spatiatim

603 1429 871 1487 Caeterum
899 1450 965 1489 eo
993 1445 1232 1507 tempore
1285 1458 1395 1511 quo
1439 1445 1728 1500 terminum
1767 1447 1995 1502 sortitus
2031 1455 2115 1502 est

542 1518 699 1585 vitm,
725 1523 944 1591 quidam
978 1526 1201 1585 illustris
1230 1530 1536 1589 Ansoaldus
1581 1536 1830 1598 nomine,
1860 1536 2117 1591 defensor

535 1612 889 1672 Pictavicnsis
913 1617 1192 1687 ECclesite,
1219 1635 1400 1695 partes
1420 1629 1743 1699 peragrabat
1767 1629 1982 1686 Siciliae.
2011 1630 2111 1698 Qui

533 1705 663 1760 dum
709 1718 898 1764 evectu
948 1722 1314 1770 reverteretur
1344 1718 1557 1784 navali,
1604 1720 1810 1790 appulit
1836 1721 1902 1775 ad
1926 1738 2113 1791 quam—

2216 573 2335 643 plus
2358 574 2571 630 caeteris
2600 590 2659 630 se
2681 576 2874 646 opibus
2906 574 3110 630 ditasse
3142 576 3485 631 meminerat.

2759 665 2985 721 caper
3024 666 3242 735 xxxv.

2215 754 2584 829 De‘CIodocei
2616 758 2711 811 sub
2763 756 2879 828 ‘Ega
2924 758 3070 827 justo
3112 760 3426 829 principatu,
3478 744 3801 829 cuperet/isi

2288 825 2516 880 Romani
2543 825 2857 891 pavimento.
2892 825 2956 881 Et
2989 830 3054 883 de
3096 825 3387 883 Gothorum
3436 832 3492 884 in
3532 825 3796 897 Hispania

2282 898 2487 965 regibus
2513 896 2673 969 Tolga
2698 910 2744 953 et
2772 898 3060 954 Risicindo.

2284 987 2355 1041 At
2403 1004 2533 1044 vero
2584 990 2887 1062 Dagoberto
2928 991 3205 1057 defuncto,
3254 992 3376 1061 ejus
3414 993 3558 1047 ﬁlius
3603 993 3795 1048 Clodo-

2215 1095 2369 1145 veus,
2391 1096 2554 1152 quem
2586 1083 2750 1139 etiam
2803 1083 3102 1153 Ludovinm
3134 1087 3374 1141 diximus
3410 1087 3578 1141 fuisse
3625 1087 3801 1140 nomi—

2216 1180 2430 1241 natum,
2454 1189 2577 1229 cum
2607 1183 2784 1230 matre
2814 1173 3066 1231 Nantilde
3088 1176 3141 1230 in
3169 1188 3351 1247 partes
3374 1179 3539 1247 erepit
3567 1193 3800 1246 regnare

2216 1266 2484 1324 Neustriaa
2510 1269 2628 1325 sive
2654 1270 2999 1340 Burgundite,
3045 1271 3153 1342 liga
3194 1273 3509 1329 consiliario
3535 1274 3801 1345 palatium

2216 1376 2338 1416 cum
2399 1377 2565 1433 regno
2621 1363 2983 1433 gubernante.
3035 1364 3140 1432 Qui
3204 1366 3481 1437 patientize
3538 1367 3797 1429 deditus,

2214 1455 2499 1510 abundans
2536 1456 2751 1526 opibus,
2798 1456 3025 1525 justitia:
3070 1468 3189 1511 erat
3231 1458 3409 1512 cultor
3449 1458 3706 1520 eximius,
3746 1468 3803 1513 et

2216 1563 2413 1620 genere
2435 1549 2584 1604 claro
2605 1548 3301 1621 oriundus.'l‘antummmlo
3323 1549 3807 1619 biasphemabatur

2219 1638 2382 1711 [GalL
2403 1640 2526 1693 était
2558 1638 2749 1711 bldmé]
2778 1657 2805 1693 a
2830 1640 3073 1709 pluribus
3098 1641 3241 1711 quod
3255 1650 3401 1695 esset
3430 1643 3676 1696 avaritia:
3706 1643 3803 1696 de-

2217 1731 2378 1786 ditus.
2405 1730 2505 1798 Qui
2535 1739 2717 1785 tamen
2750 1747 2839 1787 res
2868 1748 3190 1803 pauperum,
3223 1749 3343 1802 quae
3368 1733 3470 1788 sub
3496 1734 3805 1805 Dagolu-rto

513 1799 652 1897 ,(ξεηῐι
683 1799 1186 1897 δι’(ξξέιιιηῖιιευῐαηι,
1233 1810 1520 1877 Ρνίιῖεθηιὶίι
1571 1827 1635 1867 ac
1679 1813 1890 1868 meritis
1932 1814 2108 1884 clelIS-
2137 1825 2182 1884 Β
2210 1838 2452 1893 pervaszc
2477 1834 2531 1877 et
2564 1823 2695 1878 fisco
2723 1823 2939 1879 Inerant
2963 1825 3158 1895 injuste
3188 1827 3440 1891 sociatae,
3470 1828 3803 1897 possessori-

530 1889 654 1944 dam
703 1893 932 1949 solitarii
976 1898 1067 1966 qui
1104 1899 1341 1955 Joannes
1381 1902 1663 1958 dicebatur
1707 1905 2036 1960 redimitam.
2066 1907 2111 1960 Α

531 1995 660 2048 quo,
690 1982 815 2036 dum
852 1984 919 2039 de
965 1987 1138 2043 solute
1164 1990 1358 2045 animae
1389 2007 1510 2046 cum
1539 2008 1603 2048 eo
1630 1996 2112 2062 sermocinaretur,

530 2070 898 2144 interrogatus
936 2087 1114 2132 utrum
1149 2096 1327 2151 regem
1357 2081 1720 2154 Dagobertnm
1749 2088 2109 2157 cognovisset,

534 2159 731 2233 illeque
758 2179 816 2219 se
840 2180 963 2220 cum
994 2169 1197 2239 Optime
1228 2186 1387 2226 nosse
1416 2176 1803 2244 respondisset,
1836 2193 2050 2232 rursum
2082 2194 2112 2233 a

533 2266 661 2307 sene
709 2264 927 2326 rogatus
963 2273 1140 2314 mures
1184 2262 1457 2331 vitamque
1505 2266 1647 2335 regis
1703 2268 1971 2335 exposuit.
2016 2267 2111 2322 Cui

536 2360 743 2400 senex:
775 2367 799 2400 ο
823 2348 982 2415 Cum,
1014 2352 1117 2418 ait,
1140 2354 1307 2407 multa
1340 2356 1644 2426 vigiliarum
1676 2358 2115 2428 acjt-juuiorum,

535 2435 802 2506 simulque
831 2443 1125 2496 senectutis
1158 2441 1474 2514 fatigatione
1498 2448 1802 2517 depressus,
1837 2449 2111 2518 paululum

537 2528 776 2581 membra
802 2531 983 2599 sopori
1015 2532 1307 2600 dedissem,
1332 2536 1505 2592 astitit
1533 2538 1663 2593 mihi
1694 2541 1939 2609 quidam,
1960 2557 2117 2597 vene-

531 2619 698 2672 randa
727 2620 955 2678 decorus
980 2625 1198 2691 canitie,
1228 2643 1454 2684 monens
1479 2639 1537 2683 ut
1558 2646 1787 2700 propere
1809 2648 2113 2704 surgerent,

537 2718 593 2764 et
615 2726 714 2780 pro
745 2712 1025 2783 Dagobetti
1060 2718 1201 2788 regis
1226 2720 1432 2786 anima,
1457 2737 1577 2791 quae.
1603 2726 1793 2781 eadem
1827 2740 1857 2778 a
1887 2742 2115 2797 corpore

532 2802 743 2858 exierat
786 2806 943 2873 hora,
972 2809 1179 2865 Domini
1226 2828 1507 2868 exorarem
1553 2817 1919 2872 clementiam.
1960 2821 2113 2886 Quod

535 2908 658 2948 cum
691 2894 870 2951 facere
898 2909 1165 2956 maturato
1206 2918 1501 2969 curassem,
1536 2920 1905 2977 apparuerunt
1936 2912 2115 2965 subito

538 2986 680 3040 haud
728 2990 917 3056 procul
963 2990 1015 3046 in
1067 2993 1257 3063 pelago
1305 2996 1575 3054 deformes
1624 2999 1925 3054 truculenta
1977 3002 2114 3057 facie

531 3078 828 3144 dtemones,
874 3081 1116 3136 vinctum
1172 3101 1350 3155 regem
1404 3088 1762 3157 Dagobertum
1810 3106 1906 3160 per
1943 3094 2112 3162 spatia

533 3169 704 3223 maris
732 3171 1024 3241 agitantes,
1071 3174 1395 3248 inﬂictisque
1440 3180 1661 3251 insuper
1704 3184 2020 3239 verberibus
2045 3185 2111 3241 ad
2141 3187 2185 3249 C

537 3260 796 3318 Vulcania
822 3264 937 3319 l'oea
964 3269 1260 3324 trahentes.
1315 3272 1415 3339 Qui
1463 3274 1732 3331 distentus
1756 3278 2115 3346 cruciatibus,

533 3352 676 3407 inter
699 3355 1019 3424 agitationes
1048 3368 1095 3413 et
1126 3362 1367 3425 verbera,
1416 3366 1770 3431 quorumdam
1802 3377 2115 3423 sanctorum

539 3445 862 3500 audiebatur
897 3449 1170 3516 postulare
1199 3450 1473 3523 suffragia.
1505 3452 1638 3513 Cum
1683 3466 1902 3525 repente
1930 3469 2118 3527 aperto

496 3579 501 3584 .
539 3538 700 3603 cado,
732 3539 874 3592 inter
903 3538 1124 3595 fulmina
1159 3542 1209 3595 in
1244 3542 1441 3599 fluctus
1484 3560 1605 3600 cum
1639 3547 1851 3616 fragore
1877 3550 2114 3617 ruentia,

536 3631 639 3685 visi
683 3641 807 3685 sunt
836 3633 1177 3688 descendisse
1206 3635 1304 3688 viri
1337 3637 1531 3692 decore
1573 3640 1810 3695 nite:.tes
1858 3641 2111 3696 mirabili.

542 3724 840 3793 Requirere
865 3727 1001 3795 ccepi
1031 3727 1099 3781 ab
1125 3727 1205 3780 eis
1254 3729 1345 3798 qni
1395 3739 1595 3784 essent.
1628 3731 1728 3797 Qui
1775 3733 2027 3788 dixerunt
2057 3748 2115 3789 se

537 3829 660 3870 esse
712 3815 830 3870 illus
866 3832 1002 3886 quos
1044 3816 1377 3889 Dagohertus
1419 3820 1485 3874 ad
1522 3836 1677 3875 suum
1712 3833 1998 3879 vocaverat
2022 3843 2116 3879 au-

533 3907 742 3970 x'linnt,
774 3908 1086 3978 Dionysium
1113 3909 1363 3965 videlicet
1388 3926 1452 3966 ac
1479 3910 1792 3969 Manritium
1820 3927 2108 3987 martyres,

538 4015 750 4055 necnon
775 4000 1063 4056 Martinnm
1108 4000 1493 4058 confessorem.
1538 4005 1601 4059 Hi
1642 4015 1882 4076 ereptam
1913 4009 2113 4063 dmino-

534 4093 692 4147 nihus
741 4093 977 4147 animam
1028 4107 1212 4148 secum
1267 4097 1332 4147 ad
1386 4097 1584 4151 aethera
1634 4098 1968 4165 levaverunt,
2018 4116 2110 4154 ca-

533 4192 725 4237 nentes
760 4182 905 4237 hunc
936 4182 1200 4253 psalmum
1230 4202 1243 4237 :
1284 4183 1478 4239 Beatus
1517 4203 1671 4257 quem
1698 4188 1898 4259 elegiati
1942 4200 1990 4244 et
2027 4208 2114 4245 as-

535 4272 836 4342 sumpsisti,
884 4272 1147 4341 Domine;
1191 4274 1445 4330 habitabit
1490 4278 1543 4331 in
1582 4280 1734 4333 atriis
1784 4282 1888 4335 tuis
1937 4280 2109 4352 (Psal.

532 4364 737 4433 mv).»
772 4362 895 4418 Haec
932 4365 1014 4417 vir
1060 4364 1148 4419 illc
1193 4367 1517 4422 venerabilis
1560 4366 1795 4426 Joannes
1841 4372 2113 4430 Ansoaldo

540 4455 723 4509 retulit
750 4470 810 4510 se
835 4455 1057 4511 vidisse.
1085 4457 1214 4524 Quae
1238 4457 1349 4519 ille,
1378 4460 1430 4513 in
1461 4459 1662 4517 Gallias
1691 4479 1962 4531 reversus,
1990 4483 2139 4522 san-.

2219 1918 2319 1972 bus
2348 1931 2470 1971 cum
2505 1917 2651 1970 omni
2707 1918 2939 1973 reddidit
2983 1918 3316 1988 integritate.
3351 1919 3445 1974 llis
3486 1919 3677 1974 diebus
3706 1921 3806 1973 do-

2218 2005 2398 2061 minus
2424 2022 2558 2076 papa
2587 2006 2843 2063 Romamn
2867 2009 3121 2065 Ecclesiae
3150 2009 3351 2075 locum,
3383 2011 3473 2081 qui
3503 2010 3804 2065 Paradisns

2220 2098 2416 2171 [vulg.,
2440 2100 2491 2153 le
2528 2097 2736 2172 Parcis]
2769 2101 2987 2165 dicitur,
3020 2111 3146 2156 ante
3170 2102 3445 2157 basilicam
3470 2104 3619 2157 Beati
3653 2103 3803 2159 Petri

2220 2191 2477 2260 apostoli,
2493 2192 2801 2248 camlidiset
2816 2195 3026 2264 magnis
3039 2196 3402 2251 marmoribus
3413 2196 3642 2251 miriﬁce
3654 2206 3698 2249 st
3710 2212 3800 2249 ra-

2217 2282 2314 2335 vit.
2337 2282 2494 2353 Apud
2536 2282 2823 2353 Hispanias
2855 2295 3068 2340 mortuo
3098 2285 3421 2351 Sisenando,
3460 2287 3625 2357 'folga
3657 2288 3803 2341 filius

2217 2372 2333 2443 ejus
2361 2381 2578 2442 petente
2609 2383 2761 2443 patre
2806 2390 2900 2429 rex
2948 2386 3163 2431 creatus
3207 2386 3309 2432 cst.
3357 2377 3601 2447 Cumque
3634 2377 3799 2433 Gothi

2217 2465 2506 2537 pueritiam
2537 2467 2682 2538 regis
2709 2471 2984 2537 aucupati,
3017 2484 3167 2525 more
3209 2471 3310 2524 sibi
3351 2480 3570 2526 assueto
3615 2472 3803 2524 multi-

2220 2560 2376 2613 moda
2431 2560 2835 2615 committerent
2876 2561 3120 2627 scelera,
3166 2560 3518 2617 Cintasindus
3576 2563 3802 2632 quidam

2216 2650 2517 2707 Gothorum
2547 2651 3111 2720 prmmiuentissintus,
3139 2653 3301 2724 Tolga
3342 2668 3507 2722 regno
3532 2654 3708 2722 pulso,
3734 2669 3797 2707 ac

2215 2741 2416 2797 clerico
2450 2741 2565 2797 fieri
2588 2752 2803 2809 coacto,
2833 2759 3056 2815 regnum
3084 2746 3330 2815 arripuit.
3365 2745 3465 2811 Qui
3496 2760 3801 2815 agnoscens

2217 2833 2665 2888 consuetudinem
2702 2835 2900 2904 gentis,
2952 2851 3112 2906 quam
3155 2837 3205 2889 in
3242 2836 3633 2891 interticiendis
3681 2835 3798 2890 sive

2216 2923 2550 2993 expellendis
2585 2925 2859 2980 habebant
2890 2926 3126 2995 regibus,
3163 2926 3425 2997 plurimos
3456 2943 3521 2980 ex
3550 2928 3629 2981 eis
3657 2943 3797 2996 quos

2217 3015 2347 3069 huic
2374 3015 2508 3069 vitio
2538 3015 2698 3072 scivit
2723 3017 2932 3071 deditos
2966 3018 3084 3071 neci
3135 3018 3358 3072 tradidit
3400 3018 3477 3072 ita
3506 3027 3567 3070 ut
3601 3018 3666 3072 de
3696 3033 3793 3087 po-

2221 3107 2543 3163 trnlioribus
2590 3109 2807 3178 quidem
2839 3108 3123 3174 ducentos,
3160 3109 3227 3164 de
3273 3110 3425 3179 plebe
3468 3124 3600 3163 vero
3630 3110 3792 3179 quin-

2219 3211 2409 3275 gentos
2441 3201 2610 3257 ferme
2641 3201 2998 3264 interficeret,
3041 3203 3285 3256 residuos
3315 3201 3507 3256 exsilio
3535 3200 3796 3254 condem-

2219 3303 2394 3349 narct.
2427 3293 2543 3363 lpse
2572 3305 2750 3347 autem
2775 3308 2897 3348 cum
2929 3294 3110 3361 quiete
3156 3309 3319 3362 regno
3348 3294 3551 3362 potitus
3583 3290 3793 3352 fuisset,

2218 3384 2750 3439 filiumltisieindum
2807 3384 2996 3439 vivens
3054 3400 3232 3454 regem
3286 3383 3538 3438 instituit.
3591 3383 3691 3436 llic
3730 3383 3799 3435 de

2218 3479 2374 3534 malis
2419 3494 2539 3548 quae
2581 3486 2821 3549 gesserat
2867 3478 3240 3546 paenitentiam
3293 3492 3459 3546 agens
3498 3475 3799 3545 eleemosy—

2217 3586 2425 3639 nasque
2455 3571 2652 3624 multas
2685 3569 2913 3636 faciens,
2943 3568 3295 3640 nonagesimo
3340 3568 3423 3637 (ut
3451 3567 3644 3637 fertur)
3675 3566 3800 3619 vita:

2216 3680 2358 3719 anno
2387 3665 2527 3719 diem
2556 3662 2773 3718 clausit.

2745 3753 2973 3810 CAPUT
3027 3751 3269 3807 XXXVI.

2218 3850 2293 3904 De
2322 3850 2554 3903 thesauri
2585 3849 2717 3920 regii
2760 3844 3376 3968 ditgsiorae,let_consiliis
3410 3840 3624 3914 Pippini
3651 3839 3799 3912 Sige-

2864 3929 2976 3968 erlo
3017 3928 3179 3968 ((1118.

2830 3921 2976 3973 berto
3017 3919 3179 3970 datis.

2289 4012 2555 4077 Quoniam
2584 4010 2801 4080 quidem
2852 4009 3102 4077 superius
3148 4004 3643 4062 demonstravimus
3691 4015 3799 4069 quo

2214 4108 2404 4162 ordine
2429 4106 2555 4160 vine
2589 4115 2866 4174 superstes
2898 4103 3233 4173 Dagobcrtus
3262 4103 3404 4156 inter
3433 4101 3629 4155 liberos
3670 4112 3799 4153 suos

2215 4215 2442 4271 regnum
2474 4199 2740 4261 diviserit,
2773 4212 2919 4251 nunc
2953 4195 3335 4259 intimandum,
3365 4208 3470 4263 quo
3494 4203 3649 4262 pacto
3676 4199 3799 4261 post

2218 4292 2362 4347 illius
2390 4304 2670 4344 excessum
2702 4290 2845 4342 inter
2874 4287 3024 4356 ipsos
3049 4284 3167 4356 ejus
3188 4286 3296 4338 sint
3319 4285 3504 4354 partiti
3533 4282 3791 4337 thesauri.

2216 4382 2384 4453 igitur
2411 4380 2692 4449 Pippinus,
2727 4377 2818 4448 qui
2845 4377 2945 4431 sub
2972 4375 3279 4446 Dagoberto
3300 4373 3516 4428 assidue
3544 4389 3666 4427 cum
3698 4373 3796 4424 ati-

2221 4471 2420 4541 qnihus
2449 4485 2514 4523 ex
2544 4468 2763 4523 Austria
2792 4466 3121 4537 primoribus
3165 4463 3422 4534 palatium
3476 4462 3781 4517 incoluerat

534 4554 624 4598 (to
669 4544 928 4599 Andoeno
974 4548 1256 4612 narravit,
1303 4549 1393 4616 qni
1443 4566 1507 4605 ea
1559 4552 1611 4604 in
1660 4568 1765 4606 una
1807 4558 2113 4627 conscripta
2150 4535 2192 4592 υ
2219 4535 2284 4617 eo
2331 4562 2565 4616 abeunte
2612 4559 2685 4613 ad
2729 4535 3072 4628 Sigcbcrtnm
3124 4571 3183 4610 se
3228 4553 3461 4616 confert,
3499 4553 3797 4623 jnnetoqne

535 4634 787 4690 chartula
814 4637 1047 4706 posteris
1073 4638 1292 4706 reliquit
1319 4639 1370 4693 in
1397 4641 1645 4696 ordinem
1695 4644 1937 4701 historia:
1963 4648 2114 4720 dige-

537 4726 727 4780 renda.
756 4725 835 4780 Ex
866 4740 972 4796 qua
1004 4744 1062 4782 re
1091 4728 1249 4783 datur
1297 4729 1521 4800 intelligi
1556 4732 1705 4788 nullo
1744 4739 1903 4792 tnedo
1934 4753 1964 4792 a
1988 4756 2116 4795 san-

535 4819 640 4872 ctis
667 4826 922 4873 ornatum
954 4820 1255 4884 contemni,
1301 4837 1461 4890 quem
1493 4824 1557 4878 ad
1585 4840 1773 4880 eorum
1824 4833 2117 4887 memorias

539 4907 721 4962 devoti
747 4906 1039 4962 conferunt
1078 4909 1203 4963 viri.
1233 4911 1554 4980 Quanquam
1588 4915 1732 4969 enim
1757 4921 2113 4985 quorumdam

533 4999 1008 5064 calunmiatortun,
1037 5010 1094 5056 et
1123 5014 1318 5057 cuncta
1350 5004 1613 5061 devorare
1639 5010 1972 5064 cupientium
2002 5012 2116 5064 [nec

2218 4669 2342 4708 cum
2374 4652 2712 4708 Cbuniherto
2733 4648 2987 4719 pontifice
3039 4648 3121 4719 (ut
3156 4645 3387 4717 pridem)
3434 4645 3792 4699 amicitiarum

2220 4744 2442 4809 foedere,
2487 4742 2639 4797 utilia
2684 4757 2808 4798 eum
2856 4756 2921 4795 eo
2968 4739 3081 4809 regi
3132 4747 3432 4793 memorato
3457 4737 3795 4790 ministrabat

2216 4836 2468 4891 consilia.
2504 4835 2583 4890 Ex
2628 4849 2858 4903 quormn
2909 4832 3177 4886 sententia
3233 4830 3547 4900 Sigebertus
3583 4827 3648 4881 ad
3676 4826 3794 4881 Clo-

2219 4930 2446 4984 doveum
2482 4927 2667 4997 dirigit
2695 4926 2940 4989 fratrem,
2972 4924 3062 4992 qni
3097 4924 3333 4977 debitam
3360 4922 3460 4976 sibi
3492 4921 3790 4990 portionem

2216 5034 2278 5064 ρι
2307 5018 2547 5064 natm-nis
2579 5026 2825 5064 nosceret
2855 5014 3145 5064 thesauris.
3194 5013 3274 5064 Ad
3318 5027 3478 5064 (tuam
3512 5009 3791 5064 redhiben-
