4108 5412
301 389 406 447 1'93

1414 396 1735 455 IIISTORIX
1779 400 2232 461 FRANCORUM.
2274 406 2400 462 LIB.
2445 407 2532 462 IV.

3470 411 3574 466 τθι

307 498 415 543 tem
459 487 732 561 Sigeberti
778 489 1144 545 Cbuniberttts
1187 499 1244 545 et
1292 490 1548 563 Pippinus
1599 493 1667 547 ad
1709 493 1884 563 ipsum
1915 504 1961 560 Α
1992 499 2092 552 bus
2141 499 2428 554 Flaucatns
2461 501 2514 554 iu
2565 499 2929 569 Burgundiam
2980 497 3250 553 transiens
3286 501 3574 558 commissa

305 581 668 648 pertulerunt.

829 674 1057 730 CAPUT
1097 674 1356 730 XXXVII.
1817 756 1886 767 ‘—

308 764 388 821 Dc
443 762 611 838 Egon:
671 777 869 830 morte,
922 777 969 820 et
1030 766 1371 820 Erch‘noaldi
1430 762 1890 837 ρτανίεεωὴἶῖἙ

756 838 1080 906 Erntenftidi
1139 838 1442 892 homicidio.

377 927 535 982 Anno
576 943 638 983 ιιι
681 929 828 996 regni
876 927 1149 994 Clodovei,
1185 930 1311 998 Ega,
1358 928 1642 998 praefectus
1685 929 1889 1000 palatii,

307 1016 584 1086 Clippiaco
631 1018 756 1072 villa
805 1018 954 1072 febre
1005 1029 1230 1074 vexatus
1273 1021 1521 1074 moritur.
1567 1019 1692 1074 Post
1739 1019 1894 1088 cujus

307 1110 628 1174 discessum,
664 1111 1077 1174 Ercltinoaldus,
1126 1113 1409 1182 Dagoberti
1453 1114 1593 1183 regis
1634 1128 1699 1168 ex
1740 1114 1886 1184 geni-

310 1203 447 1256 lrice
477 1204 932 1273 consanguineus,
975 1204 1148 1271 major
1187 1205 1380 1259 domus
1430 1206 1480 1258 in
1531 1204 1779 1259 Neustria
1811 1215 1894 1260 est

309 1291 608 1345 institutus.
643 1293 743 1359 Qui
784 1293 1020 1358 humilis,
1057 1293 1343 1363 pacificus,
1375 1295 1695 1364 cunctisque
1729 1293 1894 1348 virtu-

310 1388 422 1433 tum
449 1381 604 1435 bonis
636 1383 879 1437 existens
921 1392 1165 1448 ornatus,
1195 1384 1503 1439 sacerdotes
1536 1383 1741 1438 Domini
1776 1385 1897 1438 dili-

305 1473 484 1541 gendo
519 1475 825 1538 verebatur,
856 1485 909 1529 et
935 1475 1050 1546 ipse
1075 1476 1144 1530 ab
1164 1476 1244 1532 eis
1286 1487 1333 1530 et
1372 1478 1439 1529 ab
1468 1477 1734 1531 universis
1756 1477 1894 1545 opti-

306 1564 547 1619 matibus
599 1566 940 1634 diligebatur.
983 1567 1125 1621 Ante
1167 1583 1371 1636 paucos
1401 1582 1532 1622 sane
1561 1568 1678 1622 dies
1716 1569 1895 1622 obitus

303 1653 497 1723 Egani,
523 1655 906 1712 Ermenfredus
925 1658 1167 1726 quidam,
1187 1659 1277 1727 qui
1309 1658 1426 1727 ejus
1455 1662 1684 1713 duxerat.
1706 1659 1892 1722 filiam,

299 1747 579 1802 Ainulfum
609 1750 861 1804 comitem
891 1753 1029 1820 apud
1054 1751 1398 1805 Albiodertun
1429 1755 1606 1804 vicum
1648 1751 1700 1805 in
1739 1751 1895 1804 Mallo

305 1839 591 1894 iutcrfecit.
627 1840 966 1910 Quapropter
993 1858 1154 1912 grave
1191 1859 1410 1897 suarum
1440 1857 1645 1906 rerum,
1677 1844 1896 1911 permit-

304 1939 453 1984 tente
486 1931 692 1999 pariter
721 1949 785 1986 ac
824 1932 1045 2001 jubente
1090 1933 1359 1995 Nantilde,
1392 1948 1421 1984 a
1458 1933 1774 2001 propinquis
1800 1933 1890 1984 Ai-

303 2019 489 2088 nalpbi
523 2037 716 2090 passus
757 2033 840 2077 est
881 2024 1240 2093 dispendium.
1287 2025 1403 2091 lpse
1438 2036 1652 2090 quoque
1690 2037 1719 2074 a
1772 2037 1896 2090 rege

303 2113 407 2165 sbi
441 2122 712 2180 metuens,
748 2114 932 2169 Remis
964 2117 1017 2169 in
1046 2115 1266 2171 basilica
1317 2115 1500 2170 Sancti
1534 2114 1761 2185 Remigii
1800 2129 1897 2183 per

303 2204 502 2260 multos
526 2205 722 2259 resedit
753 2207 891 2260 dies.

813 2301 1043 2357 CAPUT
1087 2302 1374 2358 XXXVIII.

307 2389 384 2444 L’e
432 2387 644 2464 Pippini
684 2404 862 2464 morte
893 2409 921 2445 a
963 2392 1141 2446 multis
1181 2395 1324 2462 ﬂeta,
1377 2405 1424 2448 el
1478 2396 1578 2462 ﬁlii
1635 2395 1749 2464 ejus
1785 2405 1896 2462 post

378 2463 598 2598 mttljnm
640 2463 1017 2516 contentionem
1057 2476 1103 2516 et
1143 2464 1423 2532 factionem
1468 2463 1793 2520 succesSione
1845 2467 1897 2518 in

378 2548 483 2598 νην
512 2544 711 2584 ecturn.

374 2548 711 2598 pne/actura.

380 2621 609 2675 Evulttto
641 2637 782 2677 anno
823 2622 1077 2694 Pippimts
1111 2626 1249 2679 diem
1281 2627 1432 2689 obiit,
1466 2627 1754 2680 maximum
1790 2627 1898 2680 Λιι-

312 2714 524 2768 strasiis
559 2715 867 2785 relinquens
898 2718 1098 2770 luctum
1131 2733 1290 2771 causa
1323 2719 1512 2771 mortis
1542 2735 1651 2772 sua:
1677 2734 1901 2786 genera-

316 2816 452 2871 tum,
482 2823 548 2861 eo
579 2811 745 2877 quod,
773 2818 994 2877 propter
1022 2809 1188 2862 animi
1237 2811 1703 2863 mansuetudinem
1737 2821 1789 2864 et
1811 2810 1901 2879 ju-

311 2900 474 2952 stitim
507 2909 780 2953 servatam
811 2901 1140 2970 mquitatem,
1167 2900 1234 2953 ab
1261 2901 1527 2954 universis
1564 2901 1897 2970 diligeretur.

311 2990 478 3059 Cujus
508 2991 649 3045 filius
677 2991 738 3046 Ct
757 2992 1040 3054 imcaldus,
1074 3001 1326 3046 strenuus
1349 2993 1636 3046 admodum
1661 2993 1900 3062 juvenis,

314 3093 542 3151 propter
577 3084 790 3153 egregia
826 3084 992 3153 pa'ris
1025 3084 1234 3146 merita,
1268 3083 1462 3153 populo
1491 3084 1649 3137 simul
1681 3095 1729 3135 et
1764 3085 1905 3152 prin-

1994 593 2095 648 sibi
2129 592 2308 646 munia
2335 595 2560 663 impigre
2591 594 2839 646 curabat.
2873 591 3037 660 Cujus
3064 593 3262 646 restitit
3289 594 3574 650 conatibus

1994 683 2312 737 “'illibadus
2338 682 2718 752 Ultrajttranus
2748 685 3026 754 patricius,
3060 684 3148 752 qui
3180 685 3393 754 generis
3428 685 3575 738 nubi-

1993 772 2144 828 litate
2187 784 2241 827 et
2283 791 2444 843 epum
2494 774 2764 828 alllucntia
2804 791 2923 829 sese
2961 773 3245 839 extollens,
3297 774 3573 842 despectui

1995 866 2222 920 ducebat
2251 866 2323 920 illi
2353 865 2677 934 subjici,aut
2709 866 2824 934 ejus
2855 881 3043 934 parere
3071 867 3373 936 ptmceptis.
3417 865 3577 918 Flau—

1994 967 2148 1011 cattts
2191 966 2367 1010 tamen
2411 957 2460 1009 id
2501 957 2603 1010 sibi
2649 957 2994 1010 dissimulans
3035 956 3327 1023 cognitum,
3392 969 3578 1008 mense

1997 1047 2135 1101 Maio
2163 1048 2228 1101 ad
2259 1047 2508 1117 generale
2536 1047 2790 1117 placitum
2833 1062 2953 1099 cum
2979 1046 3243 1101 Clodoveo
3284 1045 3578 1100 Cabillonis

1996 1139 2078 1204 agi
2136 1139 2410 1191 decretum
2462 1154 2754 1208 properare
2810 1154 2912 1191 non
2965 1137 3190 1192 distulit.
3245 1137 3360 1205 Quo
3416 1139 3575 1193 etim

1996 1229 2317 1285 Willibadus
2345 1247 2465 1285 cum
2501 1231 2763 1284 invidioso
2795 1235 2924 1285 satis
2955 1232 3186 1301 agmine,
3236 1241 3287 1285 et
3313 1230 3451 1298 quod
3482 1229 3579 1282 mi-

1996 1321 2112 1375 nari
2145 1321 2340 1375 bellum
2371 1321 2667 1383 videretur,
2711 1321 3001 1390 pertendit.
3051 1319 3159 1374 Nec
3206 1320 3460 1389 palatium
3499 1319 3580 1370 in-
3667 1343 3686 1360 ο

1996 1411 2144 1479 gredi
2177 1410 2362 1474 voluit,
2394 1420 2639 1464 metuens
2673 1409 2922 1463 videlicet
2956 1425 3021 1463 ne
3048 1425 3074 1460 a
3104 1409 3359 1463 Flaueato
3398 1423 3579 1464 tncau-

1999 1511 2084 1556 lus
2111 1502 2523 1570 opprimeretur.
2554 1500 2706 1568 Quod
2738 1502 2824 1554 ubi
2861 1500 3146 1553 Flaucalus
3175 1500 3578 1562 animadvertit,

1997 1596 2198 1666 palatio
2225 1611 2474 1665 egressus
2503 1611 2625 1649 eum
2664 1593 2968 1649 interficere
2995 1592 3180 1645 voluit.
3210 1592 3304 1645 Cui
3330 1604 3446 1644 sese
3475 1592 3583 1643 l'ra-

1999 1696 2080 1741 ter
2105 1687 2448 1740 Amalbertus
2485 1687 2700 1740 obvium
2742 1686 2879 1748 tulit,
2915 1695 2969 1740 et
2996 1682 3340 1740 Willibadum
3381 1683 3579 1735 frustta

1999 1782 2253 1835 resistere
2289 1789 2567 1850 parantem
2619 1779 2735 1834 neci
2776 1780 2993 1848 eripuit.
3050 1778 3253 1832 Exinde
3293 1774 3582 1830 Flaucatus

1931 1852 1973 1911 Β
2002 1871 2297 1924 rimabatur
2322 1887 2477 1941 oppOI
2496 1871 2802 1934 tnnitatem,
2836 1879 2894 1922 ut
2929 1869 2995 1924 de
3024 1867 3313 1922 Willibatlo
3336 1864 3581 1919 ultimam

1999 1975 2230 2018 sumeret
2262 1964 2540 2020 ultionem.

2601 2077 2683 2132 CA
2696 2076 2829 2132 PUT
2870 2075 2982 2130 XL.

2000 2173 2075 2228 De
2112 2171 2375 2226 Natali/dis
2419 2172 2608 2240 rrgitta'
2636 2172 2801 2230 obitu,
2837 2170 3108 2222 II'illibadi
3146 2168 3305 2230 crede,
3337 2175 3383 2220 et
3416 2164 3586 2218 Flau-

2254 2245 2358 2296 cati
2383 2244 2540 2312 paulo
2571 2253 2681 2309 post
2714 2252 2878 2294 morte
2915 2258 3016 2294 non
3046 2241 3324 2293 immerita.

2072 2335 2148 2388 Eo
2173 2350 2336 2399 anno,
2380 2332 2644 2386 Nantildis
2685 2332 2863 2400 regina
2913 2339 2994 2386 est
3040 2329 3312 2391 defuncta,
3343 2325 3584 2394 atquein

2000 2426 2224 2482 ecclesia
2261 2425 2443 2480 Sam-li
2483 2424 2746 2494 Dionysii,
2792 2423 2842 2476 in
2875 2422 3062 2476 eodem
3093 2436 3198 2489 quo
3229 2417 3582 2487 Dagoberius,

2001 2518 2167 2586 εοριι1‹
2189 2532 2248 2570 ro
2298 2517 2489 2586 posita.
2531 2514 2755 2584 Ipsoque
2805 2529 2947 2568 anno
2991 2512 3289 2566 Clodoveus
3337 2509 3404 2563 ab
3449 2509 3583 2562 urbe

2002 2612 2332 2666 Parisiorum
2373 2626 2492 2664 eum
2528 2608 2892 2664 Erchiuoaldo
2938 2615 2992 2660 et
3034 2605 3288 2660 Flaucato
3335 2603 3583 2664 ducibus,

2003 2715 2065 2754 ac
2097 2699 2367 2754 nonnullis
2391 2699 2636 2752 Francia:
2685 2697 3024 2767 primatibus,
3064 2710 3246 2748 mense
3279 2691 3582 2762 Septembri

2003 2807 2340 2861 progressus,
2392 2806 2488 2859 per
2531 2789 2776 2843 Senonas
2821 2797 2874 2841 et
2909 2786 3337 2840 Antissiodorum
3374 2783 3439 2836 ad
3478 2782 3586 2835 Au-

2005 2879 2460 2950 gustoduuensem
2493 2878 2764 2946 profectus
2803 2884 2884 2930 est
2915 2875 3207 2930 civitatem.
3239 2873 3474 2941 Indeque
3515 2869 3582 2924 ad

2005 2973 2352 3027 Willibadum
2386 2971 2634 3024 nuntium
2659 2969 2859 3039 dirigit,
2894 2970 3154 3022 mandans
3184 2973 3240 3019 ut
3267 2961 3586 3033 quantocius

2006 3068 2072 3120 ad
2106 3081 2163 3121 se
2196 3065 2424 3119 veniret.
2469 3063 2559 3117 Ille
2598 3062 2845 3132 quamvis
2891 3058 3184 3115 cavendum
3246 3056 3346 3111 sibi
3394 3069 3512 3110 esse
3553 3069 3588 3106 a

313 3171 529 3242 cipibus
581 3173 737 3228 valde
781 3182 899 3228 erat
950 3175 1169 3229 chartis.
1220 3177 1282 3226 At
1327 3190 1453 3228 vero
1497 3175 1620 3228 O'to
1660 3175 1897 3244 quilem,

2006 3158 2322 3230 praeparatis
2352 3157 2562 3210 insidiis
2611 3172 2717 3210 non
2766 3155 3054 3225 ignoraret,
3087 3150 3447 3222 periculosum
3500 3157 3585 3204 la-

314 3263 526 3318 Ilerone
555 3265 768 3334 genitus
814 3277 984 3335 patre,
1036 3268 1291 3337 sperabat
1323 3283 1380 3321 se.
1423 3269 1672 3322 comitem
1716 3268 1895 3338 palatii

314 3358 431 3411 lieri
462 3374 648 3428 posse,
678 3374 741 3413 eo
767 3362 906 3430 quod
937 3359 1148 3427 bajulus
1171 3359 1346 3413 fuerat
1376 3361 1517 3429 regis
1557 3361 1819 3428 Sigelzerti
1847 3360 1896 3412 in

314 3449 432 3518 ejus
480 3461 669 3504 tenera
698 3461 874 3506 :ntate.
922 3451 1125 3506 I.Ycirco
1163 3453 1288 3506 dum
1320 3451 1684 3506 Grimoaldutn
1716 3452 1900 3520 paula-

315 3544 410 3596 tim
437 3543 747 3611 despicere,
779 3560 874 3598 uec
902 3545 1012 3614 jam
1057 3545 1236 3598 odium
1268 3546 1524 3599 adversus
1553 3562 1672 3599 eum
1702 3561 1900 3599 conce-

316 3645 467 3704 ptum
497 3635 702 3698 velare,
729 3637 833 3689 imo
863 3638 1056 3689 crebro
1078 3646 1384 3705 contemptu
1414 3650 1532 3690 sese
1556 3637 1898 3690 manifestum

316 3734 567 3794 cceperal.
593 3727 961 3781 damouStrare
1006 3727 1402 3790 adversarium,
1429 3726 1773 3780 Crimoaldus
1803 3745 1898 3796 pa-

319 3828 488 3871 terna:
512 3818 761 3871 amicitia:
786 3818 1137 3888 prterngativa
1162 3817 1492 3872 CIIIIIIIIICI'IO
1514 3818 1750 3886 pontifici
1769 3817 1902 3886 jam-

318 3909 520 3961 dudum
576 3908 889 3976 foederatus,
931 3909 1253 3962 ludit-batur
1288 3907 1540 3962 Ottonem
1576 3907 1776 3977 pellere
1805 3923 1901 3976 pa-

317 3998 472 4052 lttio.
506 3998 610 4052 Sed
651 4015 770 4053 cum
817 3999 868 4053 id
916 3999 1189 4067 nequisset
1229 3999 1467 4067 explere,
1517 4013 1737 4052 exosum
1779 4012 1900 4049 et-m

319 4089 620 4144 Leutherio
664 4092 1085 4145 Alemannorutu
1128 4092 1305 4145 efferit
1352 4091 1494 4155 duci,
1545 4106 1572 4142 a
1620 4106 1726 4158 quo
1766 4090 1902 4142 idm

319 4182 449 4236 Otto
475 4182 686 4238 decimo
715 4183 979 4254 Sigebcrti
1021 4184 1163 4253 regis
1201 4199 1344 4237 anno
1375 4181 1688 4237 interfectus
1725 4189 1822 4242 est,
1851 4191 1902 4234 et

318 4272 668 4326 Crimoaldus
695 4275 746 4326 in
788 4275 960 4328 locum
991 4274 1160 4344 patris
1185 4275 1356 4346 major
1378 4276 1567 4328 domus
1595 4274 1645 4326 in
1673 4271 1906 4325 Austria:

320 4376 495 4432 regno
523 4360 821 4416 institutus.

855 4451 1083 4508 CAPUT
1125 4452 1366 4507 XXXIX.

2003 3266 2124 3305 men
2155 3250 2448 3304 arbitratus
2477 3248 2587 3318 regi
2630 3264 2732 3300 non
2763 3247 3005 3308 obedire,
3040 3242 3197 3297 dictis
3243 3241 3458 3310 quidem
3495 3256 3590 3309 pa~

2002 3344 2130 3407 ruit,
2157 3358 2276 3412 quae
2311 3357 2416 3396 non
2446 3340 2677 3396 audebat
2714 3338 2994 3402 refellere;
3038 3339 3130 3392 sed
3185 3335 3357 3389 valida
3404 3349 3586 3387 arma-

2002 3445 2178 3489 torum
2211 3433 2440 3487 vallatus
2468 3431 2808 3486 multitudine
2849 3429 3191 3483 adventabat.
3221 3427 3316 3481 Cui
3351 3423 3590 3480 occurrit

2001 3527 2347 3582 Ermenricus
2376 3524 2612 3594 quidam,
2647 3538 2767 3577 cum
2810 3522 2932 3577 aliis
2961 3538 3025 3576 ex
3061 3535 3285 3575 numero
3326 3517 3585 3572 nobilium

2001 3633 2030 3672 a
2065 3632 2188 3687 rege
2219 3617 2478 3676 directus.
2531 3624 2589 3668 ut
2641 3629 2762 3669 eum
2795 3615 2914 3668 sine
2951 3611 3294 3666 cunctatione
3337 3608 3403 3662 ad
3446 3606 3590 3676 pala-

2005 3713 2136 3766 tium
2161 3712 2358 3765 debere
2381 3723 2672 3778 properare
2693 3709 3023 3770 hortaretur,
3055 3701 3318 3771 simulque
3345 3708 3404 3753 ut
3428 3699 3584 3754 fidem

2003 3803 2179 3867 daret,
2208 3818 2330 3856 eum
2363 3802 2436 3855 nil
2466 3800 2697 3854 lmsionis
2748 3800 2799 3852 in
2846 3801 3023 3854 eundo
3057 3796 3138 3849 vel
3169 3794 3441 3849 redeundo
3470 3807 3590 3862 prr-

2002 3909 2305 3964 pessurum.
2339 3893 2502 3960 Cujus
2547 3891 2726 3945 verbis
2765 3906 2871 3944 non
2911 3907 2974 3944 ex
3010 3898 3121 3944 toto
3169 3889 3431 3955 derogans
3475 3898 3590 3937 cre-

2004 3985 2312 4050 dulitatem,
2341 3983 2469 4036 ibat.
2508 3982 2676 4048 Quem
2710 3982 2873 4035 etiam
2913 3980 3066 4035 donis
3118 3977 3456 4032 uberioribus
3493 3974 3590 4027 b0-

2005 4077 2240 4140 noravit,
2271 4085 2324 4128 et
2369 4083 2427 4128 ut
2467 4089 2525 4127 se
2575 4073 2641 4126 ad
2685 4072 2958 4127 civitatem
3003 4068 3328 4139 prtecederet
3361 4064 3587 4134 rogavit.

2009 4165 2391 4218 Verumtamen
2432 4178 2534 4216 nec
2566 4163 2644 4215 sic
2687 4161 3015 4215 sulIicienter
3057 4159 3138 4213 sui
3178 4173 3419 4219 securus,
3465 4154 3595 4221 Agi»

2007 4255 2218 4318 Iulium,
2253 4253 2509 4306 Valentia:
2547 4251 2852 4321 praesulem,
2887 4267 2949 4303 ac
2985 4249 3293 4303 Wisconcm
3337 4244 3516 4298 comite
3539 4257 3590 4295 m

2007 4346 2074 4398 ad
2120 4345 2322 4414 regiam
2363 4359 2470 4411 pra:
2506 4358 2564 4396 se
2609 4343 2686 4397 ire
2723 4340 2876 4410 jubet
2923 4341 3119 4403 aulam,
3157 4348 3211 4394 et
3249 4353 3366 4406 quae
3406 4336 3472 4389 de
3524 4349 3598 4388 eo

2008 4443 2298 4504 agerentur
2342 4447 2635 4502 agnoscere
2674 4432 2960 4503 agnitaque
3001 4432 3066 4484 ad
3107 4445 3164 4484 se
3207 4427 3464 4482 velociter
3510 4439 3597 4478 re-

321 4541 397 4596 De
425 4539 693 4596 Flaucato
729 4543 926 4612 majore
965 4545 1150 4598 domus
1181 4543 1522 4612 Burgtntdia’,
1559 4552 1604 4596 et
1643 4541 1898 4594 simultate

2010 4526 2172 4580 ferre.
2211 4525 2321 4579 Hos
2349 4525 2637 4579 Flaucatus
2665 4525 2717 4578 in
2762 4524 2896 4578 urbe
2927 4518 3151 4577 detineri
3188 4521 3334 4585 fecit,
3385 4529 3435 4574 et
3479 4519 3605 4588 ipse

809 4614 921 4683 ejus
953 4631 1069 4667 cum
1101 4613 1410 4668 Willibado.

388 4702 556 4756 Anno
588 4717 639 4755 tv
673 4705 820 4774 regni
847 4704 929 4758 sui
956 4704 1259 4759 Clodoveus
1303 4719 1426 4757 eum
1461 4701 1707 4756 Nantilde
1732 4711 1904 4754 matre

316 4791 635 4846 Aurelianis
678 4801 838 4861 caput
871 4795 1020 4863 regni
1050 4794 1366 4864 Burgundia:
1393 4793 1568 4861 petiit.
1613 4791 1712 4845 ULi
1749 4791 1906 4844 adve-

317 4885 536 4936 nientes
576 4883 857 4951 pontifices
888 4900 950 4938 ac
1001 4886 1289 4952 optimates
1317 4884 1482 4952 ipsius
1511 4881 1715 4951 gentis,
1756 4889 1810 4933 et
1848 4895 1904 4934 se

318 4975 565 5028 dominio
599 4974 849 5029 Clodovei
893 4976 1190 5039 tradentes,
1218 4975 1476 5031 NantilJis
1520 4975 1906 5029 luunauissime

322 5072 597 5134 tractavit,
623 5080 789 5140 utque
818 5074 924 5126 lilio
954 5074 1108 5127 tidem
1129 5083 1408 5126 servarent
1441 5074 1739 5130 adnuonuit.
1763 5073 1904 5140 Quo-

389 5181 438 5196 an
488 5164 720 5196 nnnc:I:n
771 5163 1077 5196 n'uunnlu-n
1149 5164 1372 5196 [Praelade
1415 5165 1704 5196 nni-nulum“

2007 4614 2271 4668 maturius
2300 4627 2526 4683 surgens
2547 4627 2669 4666 eum
2693 4612 2826 4674 suis,
2851 4612 3069 4666 civitate
3099 4610 3305 4673 relicta,
3333 4609 3606 4662 adversus

2006 4706 2351 4761 Willibadum
2408 4704 2748 4775 prteliaturus
2813 4705 2916 4758 iter
2983 4703 3228 4771 arripuit.
3285 4701 3500 4756 Auxilio
3545 4697 3604 4749 ei

2005 4806 2160 4852 erant
2192 4795 2582 4851 Ercltinoaldus
2608 4795 2714 4849 dux
2733 4811 2854 4849 cum
2883 4793 3230 4861 Neustrasiis,
3254 4788 3606 4861 Amalgarins

2007 4899 2061 4943 et
2102 4888 2427 4942 Ramelenus
2455 4903 2560 4940 non
2588 4887 2848 4956 ignobiles
2885 4887 3166 4956 juvenum,
3197 4898 3335 4952 quos
3369 4879 3598 4935 comita-

2011 4983 2170 5034 batur
2192 4981 2336 5034 Itaud
2359 4979 2660 5047 spernenda
2683 4979 2968 5032 multitudo
2994 4975 3311 5031 satellitum.
3344 4973 3384 5024 Ε
3407 4967 3612 5039 quibus

2010 5074 2336 5130 Ramelenus
2367 5082 2420 5128 et
2459 5073 2818 5140 Amalgarius,
2848 5087 2969 5126 eum
3007 5069 3109 5122 sibi
3151 5058 3610 5130 obsequentibus,

3043 5165 3230 5182 αιτιοι-..η
3257 5145 3627 5180 ..ν-..1129ιιλῦιιιδ

2013 5168 2265 5196 lib-unua-
2301 5169 2349 5192 ε...
2383 5165 2496 5190 ι-ΑῘΑ
2527 5165 2779 5188 n..-.:l=---.-
