4108 5412
520 282 625 355 795

1572 282 1830 341 ΑΙΜΟΙΝΙ
1873 279 2179 337 ΜΟΝΑΕΙΙΙ
2223 281 2715 342 FLORIACENSIS

3689 288 3791 347 196

522 394 637 450 rius
685 408 898 464 quoque
952 395 1187 467 partium
1245 397 1485 453 Flaucati
1515 437 1530 459 ,
1579 397 1705 452 dum
1769 399 2181 460 adversariosA
2214 399 2507 470 adimplere
2555 399 2729 454 factis.
2782 397 3136 455 intentionem
3185 399 3347 471 igitur
3395 401 3564 456 nostri
3611 402 3790 457 cordis

522 483 871 537 vehementer
922 495 1094 556 urget,
1143 486 1379 540 obviavit
1430 487 1718 555 quemdam
1763 486 2107 544 Madalulfum

525 575 958 646 Burgundionem
1007 578 1133 631 olim
1183 578 1282 632 sibi
1330 577 1696 633 familiaritate
1746 581 2105 637 notissimum.

527 667 626 736 Qui
654 668 953 724 Bertarinm
978 685 1097 724 sese
1118 680 1422 736 vocantem,
1452 671 1682 740 sibique,
1706 673 1848 741 quod
1876 674 1918 727 si
1951 675 2015 728 ad
2052 690 2111 731 se

529 761 753 823 veniret,
811 774 932 814 eum
979 759 1183 815 salvum
1223 762 1521 816 certamine
1562 761 1814 816 liberaret
1859 764 2113 832 pollicen-

529 860 657 915 tem,
701 859 755 904 et
789 850 855 905 ad
890 867 1013 905 eum
1068 854 1454 923 protegendum
1504 852 1746 925 clypeum
1791 854 2110 920 elevantem,

529 941 772 1013 ingratus
801 943 1046 999 beneficii
1090 954 1251 1000 contu
1286 946 1552 1014 percussit
1596 946 1647 998 in
1686 956 1923 1014 pectore.
1951 947 2115 1015 Cujus

527 1036 670 1091 filius
699 1035 945 1113 Aubedo,
972 1038 1145 1106 patris
1165 1038 1373 1092 excitus
1407 1037 1666 1108 periculo,
1693 1040 1759 1092 ad
1783 1054 1904 1093 eum
1930 1057 2117 1095 cucur-

526 1129 621 1195 rit,
653 1130 1043 1200 adversumque
1070 1130 1337 1185 Madalulfi
1381 1140 1571 1201 pectus
1612 1130 1798 1187 lancea
1842 1142 2115 1189 transver-

527 1221 767 1287 beravit,
820 1231 871 1277 et
918 1231 1140 1279 cunctos
1176 1224 1267 1293 qui
1307 1239 1461 1278 suum
1512 1226 1845 1294 appetierant
1884 1235 2116 1301 patrem,

537 1323 633 1368 aut
687 1315 991 1385 percussit,
1050 1325 1143 1370 aut
1185 1317 1238 1370 in
1279 1316 1457 1388 fugam
1497 1319 1623 1387 egit.
1668 1317 1863 1388 Sicque
1912 1321 2122 1391 genito-

533 1421 649 1461 rem
705 1422 888 1470 suum,
940 1405 1066 1463 licet
1100 1408 1336 1480 graviter
1378 1409 1744 1476 vulneratum,
1780 1411 1890 1465 nati
1950 1412 2121 1482 pietas

528 1495 846 1562 custodivit,
881 1512 947 1552 ne
984 1498 1353 1555 imminentem
1394 1500 1736 1570 experiretur
1767 1512 2015 1558 mortem.
2056 1504 2122 1576 lli

531 1600 661 1639 vero
713 1586 805 1655 qui
855 1588 1145 1644 noluerant
1187 1590 1328 1646 bello
1385 1591 1671 1659 interesse,
1729 1594 2124 1662 conspicientes

531 1673 854 1731 Flaucatum
897 1677 1009 1744 jam
1050 1678 1273 1751 jamque
1325 1681 1657 1752 superiorem
1700 1682 1948 1739 conﬂictu
1985 1684 2120 1751 fore,

2213 506 2326 555 vos,
2366 490 2835 571 sacerdotesaqni
2884 488 2962 544 dii
3002 491 3174 545 vocati
3210 492 3341 547 estis
3369 502 3439 547 et.
3463 492 3555 547 filii
3589 494 3792 550 excelsi

2210 598 2399 639 omnes
2420 580 2591 652 (Paul.
2625 583 2833 647 LXXXI),
2856 585 3119 638 attendite
3142 592 3198 638 et
3217 585 3420 649 audite,
3450 594 3506 639 et
3526 585 3792 651 auditam,

2212 676 2257 731 si
2296 674 2746 746 apprehaveritis,
2796 691 2900 727 una
2950 674 3229 729 nobiscum
3260 676 3327 730 ad
3357 674 3655 746 perfectum
3699 675 3799 729 ad-

2215 766 2413 820 ducere
2451 766 2747 819 elaborate.
2782 764 2958 818 Nostri
2998 766 3179 835 itaque
3211 766 3424 820 devotio
3462 767 3578 821 lucc
3616 774 3799 820 exstat

2214 856 2404 921 animi,
2433 865 2489 909 nt
2512 855 2895 910 monasterium
2928 858 3138 925 patroni
3169 857 3336 911 nostri
3364 858 3564 911 domini
3597 857 3800 928 Diony-

2216 950 2303 1011 sii.
2344 949 2394 1002 in
2421 964 2528 1017 quo
2558 948 2670 1017 ipse
2697 963 2819 1002 cum
2849 949 3192 1003 consortibus
3229 949 3522 1003 testimonii
3549 948 3801 1003 veritatis

2218 1043 2509 1111 requiescit
2555 1042 2829 1105 humatus,
2859 1050 2912 1096 et
2948 1041 3051 1110 piae
3095 1041 3371 1097 memorire
3394 1042 3667 1113 genitores
3702 1055 3803 1095 no-

2219 1133 2336 1192 stri.
2374 1133 2604 1186 domnus
2633 1131 2882 1185 videlicet
2917 1131 3272 1201 Dagobertus,
3310 1146 3375 1186 ac
3422 1132 3619 1187 donina
3658 1128 3804 1183 Nan-

2220 1223 2384 1289 tildis,
2431 1238 2491 1278 se
2530 1222 2759 1293 sepelire
2793 1223 3203 1289 mandaverunt,
3252 1224 3319 1278 ab
3346 1222 3499 1277 omni
3525 1222 3805 1277 solvamus

2221 1316 2460 1370 dominio
2511 1315 2837 1370 mortalium.
2887 1313 3173 1381 Quatenus
3206 1315 3342 1370 abba
3377 1314 3460 1368 vel
3503 1314 3702 1368 fratres
3736 1327 3807 1366 eo

2220 1410 2341 1466 loco
2371 1419 2793 1474 commaneutcs,
2849 1410 3219 1478 possessiones
3260 1424 3288 1463 a
3333 1408 3655 1479 parentilms
3702 1422 3805 1462 no-

2223 1506 2353 1561 stris
2381 1506 2495 1559 sive
2528 1505 2597 1559 ab
2624 1503 2744 1558 aliis
2775 1503 3019 1558 fidelibus
3049 1502 3373 1557 Christianis
3410 1502 3509 1557 sibi
3548 1501 3807 1564 traditas,

2225 1598 2428 1666 absque
2459 1595 2622 1649 ullius
2657 1594 2985 1649 dominantis
3030 1594 3406 1664 inquietudine
3445 1592 3811 1663 possidentes,

2225 1705 2325 1761 pro
2344 1686 2519 1743 salute
2546 1695 2728 1743 nostra
2757 1701 2821 1742 ac
2845 1695 2989 1742 statu
3022 1687 3171 1757 regni
3194 1672 3361 1741 nostri
3387 1685 3609 1740 liberius
3639 1684 3810 1739 Deum

530 1768 765 1822 tentoria
817 1768 1093 1845 Willibadi
1142 1780 1196 1826 et
1249 1772 1520 1828 sociorum
1569 1773 1685 1841 ejus
1745 1777 2122 1843 pervadentes,
2153 1756 2200 1815 Β
2227 1756 2608 1848 deprecentur.
2637 1778 2774 1833 Huic
2794 1787 2973 1833 autem
3004 1756 3203 1834 nostra:
3230 1778 3557 1849 suggestioni
3579 1791 3813 1831 consen-

531 1860 792 1930 quidquid
841 1862 1193 1933 supellectilis
1238 1862 1291 1917 in
1331 1864 1410 1919 eis
1464 1880 1716 1934 reperere
1766 1864 2126 1924 abstulerunt.

532 1947 715 2019 Equos
762 1967 977 2024 quoque
1021 1964 1424 2025 peremptorum
1468 1971 1567 2025 per
1616 1957 1829 2012 diversa
1868 1946 2127 2027 vagantes

535 2040 854 2112 abegcrunt.
933 2044 1156 2101 Postero
1224 2046 1310 2102 die
1374 2047 1665 2103 Flaucatus
1737 2050 2127 2120 Augustoduno

533 2148 787 2204 egressus
836 2136 1129 2195 Cabillonis
1158 2141 1321 2206 venit,
1359 2141 1730 2210 sequentique,
1784 2158 1891 2213 quo
1936 2146 2124 2200 urbem

534 2226 814 2297 ingressus
850 2238 933 2285 est
965 2231 1069 2297 die,
1102 2232 1289 2286 eadem
1338 2232 1531 2287 civitas
1578 2232 1800 2289 fortuito
1835 2234 2127 2305 conﬂagra-

536 2318 615 2372 vit
646 2319 915 2375 incendiu.
948 2321 1241 2379 Flaucatus
1269 2323 1417 2381 febre
1450 2336 1694 2389 vexatus,
1724 2328 1776 2382 in
1810 2328 2005 2398 scapha
2032 2346 2128 2400 per

537 2406 767 2486 Ararim}
799 2411 865 2466 ad
914 2410 1134 2468 Divioua
1164 2423 1399 2469 castrum
1440 2417 1713 2481 devectus,
1747 2417 1815 2472 ibi
1852 2418 2128 2475 exhalavit

541 2500 813 2569 spiritum,
846 2511 900 2558 et
930 2504 982 2559 in
1010 2504 1228 2581 basilica
1261 2505 1444 2561 Sancti
1497 2509 1720 2579 Benigni
1753 2520 1835 2565 est
1864 2513 2124 2582 sepultus.

539 2589 813 2645 Creditum
839 2603 916 2647 est
960 2609 989 2648 a
1020 2595 1263 2664 plurimis
1312 2597 1409 2653 bos
1440 2599 1571 2654 duos
1612 2601 1781 2666 viros,
1812 2601 2126 2658 Flaucatum

539 2679 790 2736 videlicet
819 2692 876 2737 et
904 2684 1272 2752 Willibadum,
1317 2689 1505 2759 dignas
1536 2691 1851 2747 meritorum
1905 2708 2126 2749 suorum

540 2771 704 2827 luisse
733 2790 942 2843 paruas,
960 2793 1024 2833 eo
1047 2779 1187 2848 quod
1215 2781 1400 2836 multis
1424 2783 1618 2837 irretiti
1650 2790 1831 2840 essent
1854 2785 2126 2855 perjuriis,

544 2882 687 2936 qum,
709 2869 850 2925 datis
876 2873 940 2926 ad
968 2875 1196 2932 invicem
1219 2891 1316 2948 per
1336 2878 1450 2935 loca
1479 2890 1791 2937 sanctorum
1821 2896 2130 2944 sairamcn-

543 2960 632 3028 tis,
664 2964 1063 3021 commiserant.

1152 3039 1359 3096 .ABUT
1398 3040 1532 3096 XLI.

544 3119 624 3174 De
646 3122 888 3200 (ilodonei
918 3127 970 3200 in
997 3144 1258 3200 pauperes
1287 3133 1588 3200 erogatione
1644 3135 1890 3187 concione
1924 3144 1970 3188 et
2001 3146 2129 3190 tem-
2155 3101 2199 3161 Ω

616 3192 689 3261 pli
716 3211 778 3247 ac
807 3192 1024 3272 emnobii
1062 3192 1468 3269 Dionysianiﬂab
1500 3203 1782 3270 episcopali
1812 3206 2130 3272 subjectione

617 3265 939 3345 eremptione
978 3280 998 3319 :
1047 3279 1106 3345 e_t_
1141 3265 1219 3322 der
1243 3273 1365 3325 viris
1408 3265 1602 3327 sanctis
1631 3265 1719 3342 qui
1755 3265 2036 3330 intererant
2068 3293 2130 3331 ac

616 3339 718 3403 piis
739 3352 919 3389 eorum
943 3339 1204 3407 aperibns.
1360 3378 1365 3381 ι
1644 3339 1651 3342 ⁷
1840 3378 1843 3383 .

627 3425 784 3479 Anno
814 3443 908 3483 xlv
945 3432 1185 3500 suscepti
1233 3432 1516 3502 rcgininis
1538 3475 1551 3497 ,
1590 3434 1892 3492 Clndovetzs
1916 3455 2009 3492 rex
2039 3454 2130 3493 ar-

552 3525 796 3586 gentum,
827 3535 936 3587 quo
974 3523 1191 3588 genitor
1236 3538 1367 3579 suus
1402 3525 1642 3581 absidem
1682 3543 1843 3596 super
1884 3530 2129 3598 sepulcra

553 3620 850 3680 martyrum
882 3612 1146 3682 Dionysii,
1179 3615 1387 3672 Rustici
1415 3633 1478 3672 ac
1508 3618 1802 3674 Eleutlierii
1829 3620 2135 3691 prominen-

552 3708 660 3785 tem
714 3712 1021 3770 operuerat,
1082 3705 1283 3760 auferri
1334 3710 1613 3763 mandavit
1664 3721 1719 3766 et
1768 3712 1980 3783 Aigallo
2029 3713 2130 3768 loci

547 3790 698 3847 illius
725 3792 903 3847 abbati
939 3796 1100 3861 tradi,
1135 3807 1190 3851 nt
1230 3798 1343 3867 ipse
1374 3799 1501 3854 illud
1532 3803 1717 3872 egenis
1746 3812 1799 3858 et
1835 3805 2130 3861 necessita-

556 3890 662 3934 tem
691 3883 1022 3952 patientibus
1047 3886 1066 3957 (
1088 3887 1212 3957 quia
1244 3888 1414 3945 fames
1443 3906 1507 3945 eo
1537 3900 1776 3964 tempore
1807 3903 1970 3950 totam
2000 3912 2135 3966 pene

555 3985 915 4043 occupaverat
962 3978 1269 4051 Franciam)
1310 3983 1663 4052 dispensarct.
1717 3984 1783 4041 Et
1821 3988 1946 4057 quia
1992 3990 2133 4045 idem

555 4064 708 4122 locus
730 4069 831 4122 sub
858 4079 1126 4140 potestate
1166 4074 1342 4128 adlme
1369 4077 1697 4132 constitutus
1726 4089 1842 4133 erat
1874 4080 2133 4136 Parisiaei

555 4159 849 4232 pontificis,
891 4162 996 4219 tale
1030 4165 1158 4235 quid
1201 4165 1338 4221 idem
1377 4167 1486 4222 Deo
1512 4167 1760 4223 amabilis
1809 4172 2136 4242 excogitavit

558 4271 835 4325 princeps.

632 4351 788 4402 Auno
801 4348 944 4402 enim
977 4364 1067 4403 xvi
1089 4364 1153 4405 ex
1194 4366 1302 4421 quo
1324 4362 1535 4428 sceptra
1565 4364 1879 4424 susceperat
1910 4355 2134 4423 regalia,

2228 1872 2292 1924 tit
2324 1870 2647 1925 venerabilis
2676 1869 3008 1925 Landericus
3046 1869 3335 1925 Parisiaeze
3369 1869 3520 1923 urbis
3561 1867 3759 1937 pracsul
3790 1883 3809 1920 :

2227 1959 2281 2014 in
2313 1959 2463 2029 cujus
2491 1960 2711 2015 dimcesi
2740 1960 3044 2015 ctenobium
3078 1959 3211 2013 illud
3263 1959 3426 2013 situm
3473 1967 3577 2022 est,
3621 1968 3679 2012 et
3720 1960 3811 2012 cui

2227 2069 2398 2122 usque
2456 2053 2521 2107 ad
2578 2068 2817 2123 prmsens
2869 2060 3080 2123 tempus
3137 2051 3436 2120 subjectum
3488 2050 3609 2105 fuit.
3655 2049 3815 2105 Hanc

2228 2161 2358 2218 ergo
2424 2143 2728 2199 libertatem
2801 2144 2939 2198 servi
3000 2142 3092 2198 Dei
3157 2142 3289 2197 inibi
3339 2143 3620 2197 constituti
3678 2142 3811 2197 dum

2229 2235 2430 2292 fuerint
2459 2233 2669 2303 adepti,
2702 2232 3010 2303 nulliusque
3054 2242 3254 2302 praeter
3282 2232 3375 2286 Dei
3403 2246 3465 2299 ac
3497 2242 3813 2287 sanctarum

2228 2329 2365 2399 ejus,
2399 2340 2785 2397 nostrumque,
2822 2326 2909 2380 cui
2940 2326 3104 2380 etiam
3143 2334 3254 2379 tota
3285 2325 3433 2380 natio
3470 2324 3811 2379 Francorum

2227 2431 2398 2493 paret,
2434 2419 2635 2475 fuerint
2677 2413 2915 2488 perpeSsi
2949 2418 3302 2480 dominatum,
3337 2417 3513 2472 sciant
3540 2431 3602 2473 se
3627 2416 3815 2471 debito

2231 2513 2321 2569 tali
2354 2510 2688 2584 genitoribus
2727 2510 2929 2563 nostris
2974 2518 3028 2563 et
3077 2508 3233 2563 nobis
3271 2509 3456 2578 eisque
3499 2507 3591 2578 qui
3626 2517 3821 2563 nosn-o

2231 2607 2312 2677 (ut
2356 2603 2657 2677 speramus)
2701 2618 2799 2672 per
2834 2604 2924 2659 Dei
2953 2603 3181 2674 gratiam
3223 2603 3469 2657 orientur
3508 2616 3573 2656 ex
3604 2601 3821 2656 semine

2212 2698 2344 2769 fore
2376 2696 2661 2761 obnoxios,
2702 2704 2756 2749 nt
2787 2711 2884 2766 pro
2909 2704 3089 2749 nostra
3120 2709 3416 2763 eorumque
3441 2694 3579 2763 quos
3608 2707 3819 2747 memo-

2230 2792 2470 2848 ravimus
2521 2790 2770 2860 praesenti
2822 2804 2887 2844 ac
2944 2787 3122 2843 futura
3170 2787 3356 2856 requie
3402 2802 3506 2841 non
3560 2784 3817 2839 desinant

2230 2885 2398 2941 Deum
2427 2896 2672 2939 exorare.
2706 2901 2725 2934 ι
2765 2881 2890 2936 llzcc
2920 2896 3097 2951 regem
3124 2896 3223 2950 pro
3259 2878 3518 2935 concione
3549 2877 3819 2941 locutum,

2230 2977 2691 3032 circumsistentes
2720 2982 3000 3044 postquam
3034 2973 3236 3026 intente
3265 2969 3727 3032 auscultaverunt,
3762 2968 3813 3022 in

2232 3069 2480 3124 laudibus
2526 3065 2641 3134 ejus
2685 3064 3116 3136 proclamantes,
3167 3076 3419 3116 mansura
3463 3060 3513 3117 ei
3558 3070 3817 3131 optavere

2232 3165 2450 3235 gaudia.
2502 3162 2637 3217 lluic
2695 3160 2983 3216 conventui
3044 3159 3341 3214 interfuere
3392 3174 3559 3229 prope
3624 3172 3813 3212 omnes

2232 3256 2493 3313 Gallicani
2527 3254 2762 3324 episcopi
2796 3272 2809 3308 :
2845 3253 2986 3307 inter
3020 3267 3156 3321 quos
3184 3252 3398 3321 quidam
3431 3251 3603 3306 sancti
3649 3251 3819 3306 exsti-

2235 3358 2415 3403 terunt
2450 3347 2574 3411 viri,
2605 3362 2740 3415 quos
2767 3355 2950 3400 sancta
2985 3343 3225 3399 Ecclesia
3256 3343 3431 3414 dignis
3460 3342 3614 3398 eﬂcrt
3642 3344 3810 3398 bono-

2235 3441 2405 3499 ribus.
2455 3454 2519 3493 eo
2565 3438 2708 3508 quod
2766 3437 2832 3492 ad
2889 3451 3075 3513 eorum
3129 3437 3374 3506 sepulcra
3424 3435 3592 3490 variis
3636 3433 3811 3488 vexati

2234 3545 2496 3592 sanentur
2525 3532 2947 3587 infirmitatibus.
2992 3530 3048 3585 Id
3086 3538 3170 3585 est
3207 3531 3397 3586 beatus
3422 3529 3731 3589 Audoenns,
3762 3535 3814 3581 et

2218 3639 2455 3686 sanctus
2493 3627 2645 3682 Rado
2681 3624 2846 3680 frater
2896 3625 3085 3695 ipsius,
3136 3633 3300 3694 atque
3348 3624 3575 3677 domnus
3612 3621 3813 3690 Eligins

2236 3739 2356 3779 cum
2408 3723 2566 3775 beato
2617 3717 2865 3788 Sulpitio,
2916 3732 3016 3772 nec
3061 3732 3165 3771 non
3213 3725 3400 3771 sancto
3447 3714 3738 3769 Eucherio.
3774 3711 3817 3765 E

2236 3814 2431 3884 quibus
2473 3814 2664 3866 beatus
2702 3808 2987 3862 Audoenns
3031 3807 3146 3879 (qui
3198 3813 3254 3873 et
3302 3805 3450 3859 Dado
3487 3804 3663 3859 dictus
3710 3801 3815 3871 est)

2238 3901 2640 3958 referendarius
2671 3899 2774 3953 fuit
2794 3900 2937 3969 regis
2966 3897 3254 3968 Dagoberti
3273 3938 3288 3962 ,
3318 3897 3566 3965 filiusque
3595 3894 3818 3965 prtccel-

2238 3992 2521 4049 lentissimi
2559 3991 2660 4045 viri
2695 3990 2962 4044 Aulharii.
3001 3989 3102 4056 Qui
3146 3988 3541 4044 referendarius
3580 3986 3702 4041 ideo
3735 3995 3820 4040 est

2238 4086 2417 4139 dictus
2457 4082 2598 4152 quod
2630 4081 2697 4134 ad
2732 4096 2854 4135 eum
2894 4081 3162 4136 universa:
3195 4078 3420 4148 publicae
3472 4077 3818 4133 deferrentur

2237 4175 2684 4243 conscriptiuncs,
2717 4173 2936 4242 ipseque
2963 4187 3058 4228 eas
3089 4171 3291 4225 annulo
3322 4168 3465 4240 regis
3491 4168 3604 4224 sive
3641 4168 3822 4238 sigillo

2240 4270 2307 4323 ab
2337 4282 2402 4322 eo
2439 4267 2538 4321 sibi
2587 4264 2878 4319 commisso
2905 4263 3138 4317 muniret
3167 4277 3260 4314 seu
3293 4261 3549 4314 firmaret.
3579 4258 3676 4313 Cui
3704 4259 3820 4313 fue-

2240 4367 2365 4412 runt
2396 4357 2502 4410 duo
2532 4355 2748 4417 fratres,
2780 4352 3136 4408 Ade-scilicet
3177 4360 3233 4404 et
3276 4350 3447 4403 ltadu.
3488 4348 3603 4402 Ado
3635 4348 3821 4416 itaque

560 4438 844 4507 pontifices
870 4448 924 4493 et
956 4441 1119 4496 totius
1141 4444 1316 4511 gentis
1343 4445 1617 4513 principes
1641 4445 1910 4515 Clippiaco
1944 4463 2113 4501 cunvc
2171 4439 2216 4497 D
2243 4447 2438 4517 spretis
2468 4444 2817 4501 szccularibas
2843 4442 3020 4514 pompi
3038 4462 3074 4506 ε,
3103 4440 3407 4496 construxit
3433 4440 3818 4493 monasterium

563 4530 682 4582 nire
707 4527 924 4597 jubens,
949 4532 1265 4603 mediusque
1297 4534 1436 4589 inter
1463 4551 1559 4589 eos
1588 4536 1723 4590 solio
1752 4538 2012 4602 residens,
2040 4539 2144 4592 huc

563 4622 750 4677 babnit
783 4625 1051 4680 sermonis
1074 4627 1356 4681 exordium
1390 4645 1404 4681 :
1439 4646 1457 4678 ι
1494 4627 1836 4698 Quanquam,
1870 4629 2138 4698 inquiens,

563 4711 915 4782 Francigenm
943 4715 1117 4778 cives.
1154 4717 1351 4771 terreni
1387 4733 1483 4772 nos
1521 4733 1648 4771 cura
1690 4718 2021 4789 principatus
2047 4718 2144 4773 ad-

566 4807 859 4869 monuerit,
892 4806 1118 4877 publicis
1148 4818 1242 4861 vos
1270 4810 1606 4865 consultores
1651 4811 1812 4865 rebus
1847 4812 2141 4876 advocare;

568 4907 748 4951 tamen
771 4897 932 4966 prius
965 4898 1121 4953 nobis
1160 4899 1417 4954 convenit
1447 4915 1509 4954 ea
1539 4917 1659 4970 quze
1707 4902 1799 4957 Dei
1833 4912 1887 4956 et
1925 4910 2144 4957 sancto-

534 5002 684 5049 ,rnm
726 4987 844 5056 ejus
893 4995 1019 5041 sunt
1060 4988 1366 5056 disponere,
1426 4998 1482 5043 ut
1535 4992 1871 5060 postmodum
1918 5006 1981 5046 ea
2027 5006 2146 5060 quae

567 5086 751 5131 nostra
774 5087 920 5144 sunt,
949 5078 1111 5135 dante
1139 5079 1268 5145 Deo,
1291 5094 1353 5139 ex
1379 5083 1643 5136 sententia
1669 5081 2146 5137 cedantJlleenim

567 5169 660 5238 qui
696 5184 793 5238 per
819 5169 1166 5238 semetipsntn
1201 5170 1441 5240 polliceri
1475 5172 1725 5243 dignatus
1755 5181 1837 5227 est
1861 5212 1876 5237 ,
1919 5172 2101 5226 dicens
2129 5189 2143 5222 :

570 5254 811 5313 Primum
831 5262 1047 5329 qum‘ite
1077 5278 1291 5331 regnum
1321 5261 1416 5315 Dei
1445 5273 1492 5315 el
1506 5263 1772 5332 justitiam
1801 5263 1944 5331 ejus,
1964 5270 2013 5316 et
2036 5264 2148 5316 hazc

572 5349 748 5403 omnia
797 5350 1109 5412 adjiciantur
1156 5353 1296 5406 vobis
1357 5354 1378 5412 (
1402 5351 1592 5405 ΜαιιΙι.
1650 5352 1768 5412 vt),
1820 5353 1975 5408 nobis
2033 5350 2148 5406 suis

2245 4536 2299 4592 ln
2338 4535 2476 4591 saltu
2526 4530 2765 4588 lodrensi
2815 4548 2978 4603 super
3028 4532 3325 4586 Matronam
3380 4529 3626 4594 ﬂuvium,
3674 4530 3817 4599 quod

2246 4626 2545 4681 nominavit
2587 4624 2807 4679 Ioa’rum
2836 4642 2854 4679 :
2889 4624 3073 4694 inquo
3109 4624 3222 4692 ipse
3248 4622 3346 4677 sub
3389 4621 3570 4691 regula
3608 4620 3819 4675 abbatis

2244 4716 2558 4773 Culumoani
2612 4716 2721 4770 Deo
2765 4729 2936 4783 usque
2976 4714 3043 4768 ad
3091 4713 3233 4768 diem
3273 4711 3497 4766 servivit
3548 4708 3816 4763 ultimmn.

2247 4807 2399 4861 ltado
2445 4819 2661 4875 quoque
2708 4804 2825 4858 zelo
2874 4802 3099 4857 fraterni
3142 4802 3302 4856 studii
3356 4800 3648 4864 animatus,
3694 4802 3817 4849 rium

2249 4896 2517 4952 thesauris
2567 4900 2825 4965 praeesset
2880 4891 3181 4963 regalibus,
3228 4899 3283 4944 et
3346 4890 3461 4958 ipse
3503 4889 3557 4942 in
3596 4897 3816 4958 paterna

2248 4986 2563 5041 haereditate
2609 4983 2897 5038 aedificavit
2938 4981 3269 5043 coenobium,
3318 4978 3456 5048 quod
3495 4995 3561 5033 ex
3603 4979 3819 5047 proprio

2248 5075 2465 5131 nomine
2494 5072 2703 5129 vocavit
2740 5070 3040 5125 Iiadoliunt.
3086 5071 3254 5129 Porro
3292 5070 3479 5123 beatus
3506 5069 3816 5127 Auduenrts,

2249 5182 2316 5220 ne
2344 5166 2515 5234 impar
2544 5164 2596 5217 in
2623 5162 2779 5217 bonis
2818 5161 3070 5230 Operibus
3103 5160 3376 5239 videretur
3407 5160 3521 5213 suis
3564 5173 3682 5212 esse
3713 5156 3816 5209 fra-

2250 5256 2440 5318 tribus,
2474 5254 2587 5325 ipse
2610 5253 2774 5309 etiam
2799 5251 3085 5306 fabricavit
3113 5250 3497 5313 monasterium
3527 5249 3667 5302 intra
3699 5247 3814 5299 liri-

2249 5360 2464 5412 gensem
2494 5344 2689 5399 saltum
2711 5383 2726 5406 ,
2757 5340 2898 5412 quod
2939 5339 3270 5395 Hierusalem
3297 5341 3365 5394 ab
3390 5355 3454 5394 eo
3483 5340 3700 5409 quidem
3736 5346 3817 5390 cst
