4108 5412
351 396 454 460 797

1452 409 1772 467 HISTORIA
1818 413 2264 468 l-‘lHNtIORL'Sl.
2311 414 2435 468 UB.
2478 412 2564 468 ιγ.

3510 413 3612 470 798

354 519 463 575 Deo
505 529 557 574 et
601 519 912 576 hominitus
949 532 1132 590 ageret
1180 524 1364 587 vitam,
1400 543 1426 578 a
1476 544 1597 596 rege
1631 530 1928 598 Dagoberto
1960 537 2000 588 Α
2034 528 2131 594 Qui
2179 531 2372 597 optatis
2407 531 2624 596 potitus,
2659 543 2992 596 nequasptam
3029 529 3274 583 eumdem
3308 527 3480 581 locum
3523 531 3613 582 ditt

353 610 588 678 petierat
621 611 914 665 condonari
951 615 1051 668 sibi
1090 616 1266 668 villam
1307 617 1357 670 iu
1405 634 1542 686 pago
1588 619 1933 674 Lemorieino

352 698 535 762 sitam,
576 700 976 756 Solentniacum
1024 705 1479 774 cognominatam.
1513 707 1564 760 In
1596 724 1696 776 qua
1731 719 1783 761 et
1823 726 1934 762 mo-

352 795 654 846 nasterium
693 796 1016 858 construxit,
1063 806 1118 850 et
1153 801 1629 867 congregationem
1677 801 1786 855 Deo
1818 818 1934 856 ser-

356 879 619 936 vientium
647 885 1032 938 monachorum
1071 888 1279 941 statuit.

885 974 1111 1029 CAPL‘T
1151 977 1283 1030 XLII
1321 976 1419 1044 ts).

608 1067 682 1120 De
709 1068 1019 1136 fundalinne
1049 1071 1266 1124 ρωποι)Ξί
1298 1069 1666 1126 Floriacensis.

429 1153 540 1210 Res
569 1159 843 1226 postulare
878 1160 1095 1214 videtur
1119 1173 1175 1213 ιιι
1201 1163 1325 1229 quia
1357 1162 1583 1215 aliormn
1611 1163 1934 1216 mentionem

357 1248 590 1303 fecimus
622 1251 886 1316 locorum,
919 1253 1154 1322 qualiter
1179 1254 1260 1306 vel
1303 1269 1330 1305 a
1368 1255 1562 1322 quibus
1589 1255 1786 1307 fuerint
1813 1271 1937 1323 per-

357 1342 508 1397 sonis
535 1343 778 1403 fundati.
808 1348 980 1400 nostri
1015 1363 1117 1399 non
1151 1350 1627 1414 pra'tcrmittatntts
1664 1351 1939 1403 fundatio-

356 1449 479 1488 nem
535 1438 788 1491 cmrobii.
840 1437 897 1491 lu
945 1454 1051 1506 quo
1094 1448 1147 1492 et
1195 1439 1517 1494 venerablis
1566 1457 1628 1495 ac
1679 1444 1936 1496 \‘il‘llllttm

354 1526 632 1592 praeconio
663 1526 896 1597 insignis
923 1528 1244 1582 Benedictus
1271 1528 1432 1583 Pater
1456 1547 1683 1598 corpore
1709 1532 1940 1600 quiescit

356 1613 643 1680 humatus;
679 1623 871 1671 et’nos
892 1618 961 1670 ab
988 1618 1138 1686 ipsis,
1166 1627 1222 1670 ut
1257 1620 1326 1671 ita
1365 1620 1565 1672 dictum
1601 1621 1688 1682 sit,
1718 1622 1937 1674 enutriti

357 1704 662 1766 cunabulis,
689 1705 950 1773 quidquid
980 1707 1030 1758 in
1064 1707 1219 1761 nobis
1248 1708 1368 1760 botti
1399 1708 1477 1760 vel
1509 1710 1638 1762 utile
1665 1719 1860 1772 exstat,
1894 1711 1937 1763 si

356 1795 486 1861 quid
521 1806 700 1850 tamen
729 1809 832 1863 est,
863 1799 1030 1867 ipsius
1054 1802 1267 1867 patroni
1294 1801 1746 1856 intercedentibus
1777 1805 1939 1858 meri-

357 1887 428 1939 tis
457 1903 488 1938 a
531 1887 640 1940 Deo
671 1891 1023 1959 percepimus.
1057 1892 1222 1962 Igitur
1251 1893 1486 1962 glorioso
1515 1911 1638 1963 rege
1672 1896 1941 1951 Clodovco
1974 1871 2014 1928 Β

355 1976 649 2048 Dagoherti
681 1982 790 2034 tilio
822 1985 967 2052 regni
997 1984 1326 2038 Francorum
1358 1987 1721 2040 moderamina
1757 1989 1942 2057 dispo-

356 2077 540 2133 nente,
580 2073 799 2137 quidam
836 2073 917 2126 γει·
946 2088 1144 2137 genere
1173 2076 1398 2138 nobilis,
1430 2093 1528 2129 nec
1554 2077 1732 2131 minus
1763 2078 1942 2146 probi-

359 2165 470 2210 tate
499 2159 680 2213 clarus
706 2164 903 2215 mentis
929 2163 1279 2218 Leodebodus
1312 2167 1549 2228 nomine,
1585 2166 1637 2219 in
1672 2177 1943 2220 monaste-

356 2249 441 2299 rio
488 2248 675 2303 Sancti
727 2253 946 2317 Aniani,
998 2255 1256 2309 subnrbio
1303 2256 1676 2310 Aurelianeusi
1729 2259 1942 2313 abbatis

357 2337 688 2406 fungebatur
743 2340 936 2396 obicio.
1005 2344 1101 2397 llic
1154 2347 1220 2399 ad
1275 2349 1624 2415 smpedictum
1675 2351 1942 2403 accedens

355 2429 683 2499 principem,
709 2435 1187 2488 commutationem
1213 2439 1537 2504 exposcebat
1565 2440 1678 2491 fieri
1711 2439 1938 2492 Flor-iaci

356 2519 497 2573 fisci.
533 2521 631 2574 Cri
669 2523 912 2589 petitioni
957 2540 1070 2588 rex,
1105 2535 1160 2580 ut
1190 2538 1309 2580 erat
1342 2538 1521 2581 mente
1552 2529 1837 2598 benignus,
1876 2529 1936 2582 li-

355 2611 492 2664 bens
521 2613 735 2666 annuit.
759 2612 1103 2684 Acceptuque
1126 2633 1154 2668 a
1181 2626 1480 2672 memorato
1503 2619 1696 2672 abbate
1716 2620 1938 2687 prtedio,

357 2704 502 2771 quod
530 2705 577 2758 ei
609 2719 672 2758 ex
704 2715 928 2773 paterna
968 2707 1261 2764 obvenerat
1291 2711 1627 2776 haereditate,
1659 2711 1940 2780 pl‘IPfttlttln

356 2797 547 2850 fiscum
575 2797 882 2852 Floriacum
931 2807 985 2854 et
1031 2800 1083 2854 in
1132 2800 1247 2870 ejus
1288 2801 1576 2857 transfudit
1622 2804 1939 2858 dominium.

2035 636 2230 673 vacare
2271 629 2351 672 est
2390 636 2599 688 passus.
2648 618 2752 672 Sed
2792 620 3073 673 anlilicalis
3114 620 3318 672 duabus
3354 618 3612 682 basilicis,

2037 725 2140 763 una
2181 709 2230 761 in
2266 708 2469 761 honore
2507 708 2866 775 apostolorum
2910 709 3168 777 principis
3202 707 3370 769 Petri,
3403 707 3613 774 aliaque

2038 801 2089 854 in
2148 802 2491 854 veneratione
2547 801 2823 868 genitricis
2877 801 2966 853 Dei
3021 799 3224 861 Marite,
3276 815 3398 851 mox
3448 797 3614 850 etiam

2036 893 2339 944 Construxit
2375 891 2676 944 habitacula
2711 892 3096 944 tttonacltorum
3130 890 3313 944 usibus
3351 902 3610 955 congrua.

2037 983 2404 1050 Adnnatisque
2449 982 2750 1050 quibusque
2805 981 3099 1043 nobilibus,
3156 980 3239 1032 vel
3287 980 3450 1034 etiam
3505 979 3615 1032 Deo

2039 1075 2242 1125 δυννῑιηε
2277 1073 2635 1137 cupientibus,
2667 1072 2914 1124 abbatem
2945 1071 3176 1124 instituit
3205 1071 3420 1125 nomine
3452 1069 3608 1139 ltigo-

2041 1181 2270 1216 marum.
2314 1165 2411 1230 Qui
2455 1165 2819 1233 quinquennio
2849 1164 3080 1231 expleto,
3121 1179 3184 1215 ex
3215 1163 3312 1215 hoc
3348 1162 3617 1215 transiens

2041 1256 2258 1317 saeculo,
2299 1272 2667 1309 successorem
2721 1257 2922 1323 accepit
2974 1255 3192 1309 nomine
3245 1253 3613 1307 Mummolunt.

2042 1344 2137 1398 llic
2169 1347 2339 1398 bonus
2366 1355 2566 1414 pastor,
2600 1347 2723 1399 dum
2755 1347 3015 1398 creditum
3050 1344 3148 1397 sibi
3179 1361 3206 1396 a
3237 1359 3446 1397 summo
3471 1358 3618 1396 vero-

2041 1453 2144 1506 que
2217 1447 2428 1506 pastore
2487 1439 2593 1490 Deo
2652 1447 3006 1504 augmentare
3073 1452 3286 1508 gregem
3353 1438 3616 1499 studeret,

2041 1531 2326 1598 quemdam
2357 1530 2658 1582 innocentis
2687 1531 2806 1582 vita:
2844 1529 3014 1581 virum
3042 1527 3302 1582 vocabulo
3336 1527 3617 1597 Aygnll‘utn

2041 1619 2277 1673 Blescnsi
2310 1629 2488 1673 castro
2519 1620 2656 1673 haml
2691 1620 2905 1688 ignobili
2944 1634 3139 1688 genere
3166 1627 3342 1671 ortum
3383 1616 3622 1684 suscepit

2045 1713 2106 1764 ad
2136 1712 2475 1764 serviendum
2501 1712 2717 1765 Christo
2742 1726 3080 1764 conversum.
3114 1710 3281 1776 Quem
3312 1709 3470 1762 etiam
3500 1722 3624 1776 pro-

2045 1817 2200 1856 cessu
2232 1803 2489 1870 temporis
2521 1803 2570 1854 in
2605 1804 2900 1855 monastica
2933 1802 3212 1870 probatum
3247 1800 3620 1853 conversatio-

2045 1909 2132 1955 ne,
2162 1895 2226 1945 ad
2277 1893 2700 1947 Beneventauam
2741 1894 2934 1946 dircxrt
2972 1891 3334 1960 provinciam,
3368 1900 3423 1942 ttt
3451 1889 3622 1941 sancti

2045 1985 2224 2038 Patris
2253 1984 2528 2038 Benedicti
2577 1986 2772 2038 exinde
2813 1987 2878 2039 ad
2923 1985 3125 2038 Callias
3156 1982 3473 2037 transferret
3509 1980 3620 2049 gle-

2045 2077 2210 2137 bam,
2264 2077 2475 2130 cuuctis
2523 2077 2840 2129 mortalibus
2890 2074 3262 2128 reverendam.
3316 2070 3481 2137 Cujus
3536 2069 3626 2123 ille

2046 2178 2318 2237 przcccplo
2351 2168 2494 2221 haud
2520 2169 2757 2234 segniter
2780 2168 2975 2234 paruit,
3003 2175 3051 2218 et
3081 2165 3417 2218 sanctissima
3450 2177 3622 2215 mem-

2045 2261 2138 2314 bra
2166 2261 2274 2330 jam
2297 2261 2421 2313 dicti
2449 2260 2640 2323 Patris,
2672 2275 2791 2312 cum
2819 2260 3030 2313 ossibus
3058 2258 3262 2311 sororis
3293 2256 3410 2324 ejus
3440 2253 3624 2307 Scala-

2047 2349 2195 2401 stiea:
2223 2348 2411 2404 Galliis
2440 2348 2635 2401 intulit.
2670 2347 2820 2413 Quod
2845 2347 2933 2416 qui
2966 2347 3173 2416 plenius
3201 2345 3339 2399 scire
3367 2344 3622 2402 voluerit,

2047 2438 2100 2491 iu
2148 2439 2284 2492 libro
2315 2440 2403 2508 qui
2436 2440 2508 2493 De
2549 2438 2900 2492 translatione
2936 2437 3112 2491 Patris
3143 2434 3413 2489 Benedicti
3445 2434 3626 2502 pra‘ti-

2049 2529 2253 2582 tnlatnr
2283 2530 2526 2583 invenire
2562 2529 2778 2598 poterit.
2812 2529 2980 2594 Quam
3013 2543 3112 2582 nos
3151 2526 3347 2579 ardore
3385 2524 3626 2578 dilectio-

2046 2619 2153 2683 nis,
2202 2636 2308 2688 quo
2353 2621 2496 2673 circa
2542 2619 2789 2674 eumdem
2822 2629 3028 2687 patrem
3071 2615 3360 2684 llagramus
3403 2614 3624 2667 heroico

2049 2713 2291 2767 carmine
2325 2713 2680 2778 succinctum,
2707 2711 2757 2764 in
2785 2720 3042 2781 quantum
3073 2710 3362 2780 quirimus,
3398 2708 3473 2761 ita
3505 2707 3623 2760 red-

2046 2805 2300 2860 didimus.

999 2999 1356 3096 lNGlPlT
1433 2999 2039 3100 TBANSLATIO
2115 3001 2459 3098 PATRIS
2513 2999 3027 3098 BENEDICTI

1075 3199 1235 3254 Edita
1265 3201 1472 3255 heroico
1497 3211 1658 3257 metro
1689 3202 1751 3257 ab
1775 3205 2015 3258 Aimoino
2042 3203 2395 3258 Floriuccusis
2419 3206 2635 3258 cwnobti
2661 3207 2936 3260 monacho.

433 3400 561 3455 Fert
591 3400 804 3454 animus
831 3401 1068 3468 linguam
1101 3402 1328 3455 motulis
1359 3402 1539 3457 laxare
1568 3403 1800 3465 canoris,

364 3493 564 3548 Eximii
602 3495 776 3549 P..trEs
807 3495 846 3548 Β
883 3497 1076 3550 nedicti
1105 3496 1256 3549 laude
1284 3511 1528 3559 renusra,
1733 3567 1740 3575 .

363 3592 434 3663 Ut
465 3592 677 3645 eunetis
716 3607 952 3646 reserem
985 3592 1194 3661 populis
1220 3608 1324 3660 quo
1349 3594 1598 3662 pnestitit
1626 3591 1688 3644 ad
1721 3610 1818 3647 nos

363 3682 586 3742 Ordine,
623 3684 911 3750 prmclaros
945 3685 1222 3737 transferri
1255 3686 1494 3753 corporis
1523 3694 1692 3738 artus.

363 3771 483 3838 Ipse
514 3773 594 3826 sui
629 3767 829 3840 jun'ctis
861 3775 1074 3827 sibimet
1107 3775 1360 3828 membris
1386 3776 1704 3828 venerandis

360 3859 650 3915 Germanae
681 3864 888 3916 meritis
926 3864 1166 3924 socialte,
1199 3879 1441 3931 urnaquc
1474 3864 1729 3931 sepulcri.

366 3951 543 4016 Nunc,
573 3952 857 4006 Benedicto
887 3954 1066 4017 Pater,
1099 3953 1297 4008 famulo
1327 3957 1467 4008 vires
1509 3955 1761 4024 rogitauti

359 4041 580 4105 Confer,
614 4051 667 4096 et
691 4043 899 4111 exiguis
925 4059 1029 4112 quo
1062 4055 1111 4098 lc
1141 4045 1401 4099 collaudct
1430 4045 1701 4107 alumnus,

362 4133 544 4203 Incipe
573 4138 844 4204 gratiicos
870 4155 1078 4195 mecum
1118 4157 1234 4194 mea
1271 4142 1397 4196 tibia
1439 4159 1644 4196 versus.

360 4225 664 4282 Clodovcus
692 4229 897 4284 Franca
931 4232 1055 4284 dum
1084 4248 1175 4285 rex
1209 4244 1454 4302 regnaret
1484 4233 1536 4286 in
1566 4233 1705 4298 aula,

364 4315 566 4386 Inclyta
600 4321 883 4390 progenies
912 4322 1197 4388 Dagoberti
1237 4323 1496 4392 principis
1524 4323 1645 4388 al.i;

364 4406 591 4459 l-Ixstitit
620 4410 830 4479 egregia
863 4426 1070 4464 morum
1101 4414 1365 4480 probitate
1402 4415 1626 4468 decorus

363 4495 482 4558 Vir,
515 4495 863 4555 Leodeltodtts
891 4502 1032 4554 clara
1071 4503 1136 4557 de
1163 4505 1328 4572 stirpe
1358 4515 1590 4567 creatus,

363 4586 610 4640 Cmnobii
655 4591 886 4658 tegimen
914 4593 1087 4646 sancti
1120 4609 1342 4648 servans
1368 4595 1579 4651 Aniani.
1608 4649 1619 4665 ,

366 4675 563 4754 Eretria
596 4679 831 4730 ricinum
864 4681 1002 4750 quod
1036 4692 1280 4750 spectant
1307 4683 1618 4735 Aureliana.

366 4765 466 4818 llic
491 4767 634 4837 larga
674 4770 878 4823 Domini
909 4773 1155 4840 perfusus
1184 4791 1278 4828 cor
1299 4775 1520 4843 pietate,

363 4860 715 4918 C‘odoveum.
745 4880 902 4932 quem
926 4865 1036 4931 jam
1065 4868 1236 4935 primo
1262 4885 1509 4923 sermone
1542 4878 1744 4932 notari,

366 4952 607 5020 Expcliit
637 4970 840 5022 regem,
867 4971 1075 5010 summa
1105 4969 1374 5027 comptum
1408 4961 1666 5019 bonitate,

365 5044 520 5098 llaud
545 5045 644 5099 sibi
675 5048 1012 5114 dissimilem,
1043 5051 1126 5104 cui
1159 5052 1280 5104 talia
1322 5050 1519 5104 famina
1552 5050 1724 5104 fatur:

365 5138 502 5202 ilex,
532 5138 624 5204 ait,
653 5155 684 5195 e
714 5140 870 5207 cujus
896 5143 1086 5210 pendet
1115 5144 1478 5197 moderamine
1505 5143 1659 5195 tellus

363 5225 595 5292 Gallica,
621 5245 728 5298 quo
753 5229 949 5284 Franci
976 5235 1205 5300 gaudent
1231 5235 1331 5287 sub
1360 5251 1484 5300 rege
1514 5239 1797 5300 potentes;

1976 3386 2019 3445 C
2051 3399 2105 3452 ld
2138 3415 2311 3469 neque
2340 3401 2533 3454 damna
2563 3411 2716 3471 putes
2750 3405 2862 3466 tibi,
2893 3405 2936 3457 si
2969 3405 3325 3466 concesseris,
3354 3405 3456 3459 ulla

2044 3493 2364 3562 lmportare,
2392 3511 2566 3548 meum
2600 3496 2772 3549 fatear
2799 3511 2920 3548 cum
2952 3497 3178 3550 reddere
3204 3497 3446 3552 fuudmn.

2045 3585 2153 3640 Nec
2183 3589 2350 3655 gratis
2382 3588 2568 3640 fiscum
2601 3589 2845 3642 mihimet
2867 3588 3163 3642 conferrier-
3192 3601 3339 3659 opto,

2045 3674 2327 3744 Spondens
2350 3691 2380 3729 c
2407 3680 2622 3744 proprio
2649 3678 2878 3731 similem
2908 3678 3188 3732 redhibere
3213 3679 3478 3733 locellum.

2043 3768 2253 3819 Annuit
2296 3767 2380 3820 his
2413 3769 2661 3836 precibus
2701 3769 2932 3835 gratanti
2964 3778 3182 3836 pectore
3213 3767 3480 3838 princ-cps,

2043 3857 2421 3926 Collatumque
2453 3875 2606 3912 smun
2638 3859 2848 3912 laetatur
2872 3861 3095 3927 perdere
3130 3861 3338 3922 fiscum,

2045 3949 2340 4002 Coatentus
2371 3951 2512 4016 quod
2545 3967 2648 4003 non
2687 3951 2867 4019 dispar
2901 3951 3002 4005 sibi
3033 3953 3272 4021 redditur
3301 3968 3509 4004 arvum.

2115 4040 2211 4093 llis
2243 4041 2312 4092 ita
2344 4041 2638 4110 dispositis,
2672 4042 3022 4096 Leodebodns
3054 4027 3413 4105 tenuandus,

2044 4126 2373 4185 Postltabitis
2408 4132 2588 4185 animo
2618 4133 2958 4186 mordacibus
2989 4134 3187 4202 optime
3211 4134 3378 4197 curis,

2046 4218 2346 4289 Optataque
2377 4222 2464 4274 ditt
2500 4225 2710 4275 tandem
2740 4223 2930 4280 tellure
2955 4225 3170 4292 potitus.

2046 4313 2413 4366 Fundamenta
2439 4314 2573 4381 jacit
2603 4316 2847 4370 domibus
2879 4325 3004 4371 tunc
3031 4327 3150 4385 apta
3184 4317 3446 4380 locandis,

2048 4405 2116 4460 Ut
2143 4405 2355 4460 famulis
2381 4405 2578 4461 Christi
2609 4409 2886 4462 monachis
2913 4408 3218 4462 habitacula
3247 4409 3447 4462 condat

2045 4499 2374 4563 Procurans,
2409 4501 2573 4553 instat
2604 4499 2776 4554 donec
2807 4498 3065 4569 perfectio
3093 4515 3305 4552 summa

2046 4591 2348 4644 Perfectum
2380 4592 2716 4646 demonstret
2742 4608 2874 4660 opus
2905 4593 3172 4660 finemque
3203 4591 3470 4644 laborum.

2050 4683 2314 4737 Ecclesias
2345 4685 2558 4736 demum
2599 4683 2753 4738 binas
2784 4699 2880 4752 pro
2913 4693 3149 4751 tempore
3175 4698 3368 4751 parvas

1980 4770 2023 4828 υ
2051 4774 2349 4839 Constrnit,
2377 4787 2432 4829 et
2458 4776 2732 4829 minimam
2765 4777 2964 4831 Christi
2994 4776 3174 4830 Marhe
3201 4775 3448 4842 genitrici

2056 4868 2302 4931 Dedicat,
2336 4877 2421 4920 ast
2448 4868 2607 4920 aliam
2641 4867 2813 4921 sancti
2837 4868 2937 4921 sub
2963 4868 3176 4920 nomine
3201 4865 3342 4918 l’ctti

2050 4960 2362 5013 Consecrat.
2411 4959 2536 5015 llaec
2579 4969 2686 5012 tum
2724 4960 2897 5028 major
2934 4969 3074 5022 erat,
3113 4957 3455 5024 spatiosaque
3495 4967 3628 5020 pau-

3414 5044 3432 5115 [
3449 5045 3555 5095 lunt

2052 5142 2204 5198 Tunc
2247 5143 2517 5210 equidem.
2569 5141 2701 5195 Nam
2743 5158 2887 5196 nunc
2925 5147 3207 5208 postquam
3249 5135 3536 5192 Geuitricis
3575 5132 3634 5188 in

3439 5224 3560 5279 aula
