4108 5412
408 4300 425 4315 '
489 4292 784 4353 Devenere.
818 4299 975 4358 Locis
1002 4306 1180 4363 socios
1208 4310 1295 4367 hic
1323 4312 1460 4369 forte
1485 4323 1717 4379 sacratis

545 323 648 381 799
1609 345 1870 407 AIMOINI
1906 350 2223 418 MONACIII
2261 363 2757 433 FLORIACENSIS
3710 404 3818 463 800

540 436 771 506 Agmen,
802 444 857 493 et
886 438 1199 501 innumeras
1225 446 1504 506 hominum
1531 455 1832 527 glomerare
1857 475 2123 536 catervas,
2154 480 2200 537 Λ
2234 477 2483 549 Spondeo
2505 485 2736 544 celatum
2773 505 2993 550 servare
3019 496 3074 553 in
3104 497 3324 570 pectore
3351 498 3597 567 ξεῖ-ἰηιω,

544 527 842 570 prmnlarnc
873 534 1221 570 [οι-ιιιηιιηιιηιι
1276 543 1453 570 οηηη,
1485 548 1659 570 ..μ-ειη
1692 554 1726 570 .-
2242 567 2258 570 -

2110 527 2122 536 _
2154 527 2200 537 ,,
2235 527 2480 549 Ἶ,---μ-ν
2507 527 2736 544 ,νωιιηη
2773 527 2850 547 au
2873 527 2992 550 nuc
3019 527 3074 553 ιιι
3104 527 3324 570 μυωοω
3351 527 3368 561 1

543 527 844 587 Przeclarus
873 534 1243 606 Leodebodus,
1275 543 1457 599 studio
1485 548 1749 619 vigilanti,
2227 567 2558 644 Consiliique
2583 580 2685 633 mei
2712 581 2851 639 vires
2878 587 3117 654 praebere
3144 595 3368 662 petenti.

543 618 837 662 annon-pom
874 635 930 662 nr
957 627 1172 662 Pluvia”.
1202 630 1407 662 ἰηκηι..-
1438 651 1626 662 -.η-η
1666 660 1677 662 ς
1724 647 1737 662 ¹
1831 660 1840 662 -

538 618 842 693 Congreget
874 635 932 680 ut
957 627 1173 684 Christo
1196 630 1407 699 juratas
1436 618 1630 708 sponte
1655 647 1926 706 colmrtes.

541 709 678 768 Hinc
703 731 862 784 quem
889 720 1123 788 pastoris
1143 726 1412 782 condonet
1439 747 1664 788 munere
1694 737 1912 809 dignum

536 802 862 874 Exquirens,
898 812 1106 868 meritis
1134 815 1413 874 vivacibus
1436 831 1601 893 a'que
1632 826 1805 886 beatis

2229 663 2476 735 Dixerat,
2506 680 2560 726 et
2587 673 2729 729 dicta
2758 677 3007 747 Aigulfus
3033 684 3111 739 sic
3134 701 3265 742 voce
3295 699 3535 750 secutus.

2225 753 2378 812 Nulla
2404 775 2523 815 meo
2552 764 2726 836 major
2761 780 3008 828 versatur
3036 778 3201 834 corde
3219 781 3484 854 voluptas.

2224 846 2395 914 Quam
2436 855 2617 923 petiar
2656 873 2812 915 sacro
2838 861 3117 923 Benedicti
3150 879 3210 925 ut
3245 846 3473 945 corpore
3496 878 3698 940 Patris.

1516 892 1523 893 ί
2436 892 2605 923 po..."
2656 892 2812 915 εαιιυ
2838 892 3117 923 ucticuwu
3150 892 3210 925 ut.
3245 892 3473 945 corpore

535 892 746 952 Invenit
777 903 1100 959 monachum
1133 905 1365 965 Domino
1394 916 1696 989 populoque
1724 923 2047 992 placentem.
2222 938 2446 996 Demum
2472 961 2641 1014 pauca
2672 950 2838 1007 refert
2867 971 2983 1012 {evo
3012 969 3256 1019 maturus
3283 967 3350 1021 ad
3380 970 3484 1024 ista

535 980 855 1024 annmnlnc
884 990 1008 1024 Ιιιιῖη
1048 1010 1241 1024 ’νυ-ιιι*
1301 1005 1507 1024 -“—‘“"
1860 1017 1870 1024 ’
1897 1017 1928 1024 ”

1394 980 1408 983 _
1467 980 1478 985 _
1607 980 1622 989 ,
1724 980 1738 992 _
1900 980 2047 986 ην---
2222 980 2446 996 ννυιυιιι
2472 980 2641 1014 pultbo
2672 980 2838 1007 rcucrl.
2867 980 2983 1012 icvu
3012 980 3256 1019 maturus
3283 980 3350 1021 ad
3380 980 3484 1024 ista

533 980 857 1044 Mummolus
882 990 1009 1047 huic
1047 1010 1267 1065 nomen,
1298 1005 1513 1072 generis
1545 1023 1758 1080 quoque
1785 1017 1964 1074 nobile
1997 1037 2119 1092 ger-
2219 1030 2434 1088 Arcano
2465 1040 2673 1106 senior,
2708 1043 2942 1102 reddens
2966 1049 3063 1104 has
3085 1063 3302 1121 pectore
3327 1073 3508 1116 voces.

1859 1109 2043 1184 [men.
2221 1122 2345 1179 Haec
2379 1133 2685 1200 peragenda
2716 1135 2953 1204 quidem,
2997 1109 3192 1214 magno
3220 1148 3313 1201 sed
3344 1165 3591 1220 munere,
3619 1155 3757 1211 dixit
3783 1174 3799 1211 :

1859 1163 1879 1184 L
1900 1163 2043 1172 --~v---
2221 1163 2344 1179 ..ων
2379 1163 2685 1200 pth-uacuus!
2716 1163 2953 1204 quttu'm,
2998 1163 3192 1214 magno
3220 1163 3313 1201 seu
3344 1165 3568 1209 munere

530 1163 816 1226 Fratribus
848 1173 992 1230 hunc
1024 1179 1245 1249 reliquis
1275 1188 1521 1245 ⁰⁰⁰⁸¹¹¹¹⁰
1552 1194 1804 1266 Ρνίεθθῖίῖ
1838 1202 1955 1272 ipse
2218 1216 2358 1273 Sunt
2396 1221 2710 1280 redimenda
2743 1227 2860 1293 tibi,
2892 1231 2936 1285 si
2972 1248 3059 1289 me
3091 1236 3169 1291 vis
3198 1238 3375 1296 indice
3406 1246 3572 1300 tantis

531 1256 656 1300 pne!
698 1274 867 1300 mnf-ac
898 1267 1021 1300 νῖκαι
1051 1287 1273 1300 Nam---
1312 1295 1426 1300 ---Α
1456 1299 1491 1300 ,,
1565 1287 1619 1300 .._
1709 1291 1722 1300 .

1552 1256 1566 1264 '
1790 1256 1803 1266 '
1857 1256 1877 1272 τ
1898 1256 1951 1260 τ’
2218 1256 2358 1273 VIII-Iv
2396 1256 2710 1280 ιυυιιιιιῖιιυᾰι
2743 1256 2860 1293 ιΙυΙ,
2892 1256 2936 1285 5|
2972 1256 3059 1289 me
3091 1256 3169 1291 νιε
3198 1256 3375 1296 11111108
3406 1256 3535 1297 lant!

529 1256 661 1314 Ρθδί
698 1274 869 1318 "mas
898 1267 1021 1324 νίκη
1050 1287 1276 1342 ⁵⁸³1³⁸⁸⁸³8
1307 1287 1624 1341 σθηεοοηάῖι
1655 1291 1722 1345 ad
1754 1309 1932 1352 arces.
2215 1306 2507 1375 Quaesitum
2538 1316 2697 1372 terris
2726 1318 3039 1378 thesaurum
3076 1342 3300 1387 cernere
3330 1348 3535 1390 coram.

535 1350 626 1390 Aul
659 1362 843 1390 nnelnr
868 1361 1154 1390 naua-nt-.-
1194 1370 1367 1390 ..-Α-ε-
1519 1376 1529 1390 ι
1690 1381 1702 1390 .
1972 1388 1979 1390 .

1890 1350 1929 1352 “
2219 1350 2507 1375 gum-Du"!
2538 1350 2572 1369 ﬂ
2592 1350 2697 1372 Ιιιῠ
2726 1350 3039 1378 ιιιῦθιιιιιυιιι
3076 1350 3300 1387 cernere

530 1350 631 1404 Αδί
657 1362 843 1420 υθδίθτ
867 1361 1155 1417 commissa
1191 1370 1371 1438 gregis
1407 1376 1776 1437 mOJeramina
1809 1388 1982 1443 sancti
2215 1398 2416 1470 Sicque
2446 1419 2610 1461 senex
2641 1406 2806 1476 fatur,
2839 1427 2962 1467 eum
2997 1417 3125 1473 talia
3157 1422 3390 1478 reddidit
3431 1426 3615 1483 heros.

530 1437 758 1483 prnvirln
792 1462 1090 1483 unum-mm.
1153 1458 1374 1483 ---εημηη
1425 1480 1475 1483 η
1516 1468 1527 1479 -
1574 1470 1608 1483 -.
1735 1472 1749 1483 .
1856 1475 1870 1483 .

525 1437 758 1499 Provide
791 1462 1113 1519 procurans,
1151 1458 1389 1516 animum
1420 1468 1642 1538 scriptis
1674 1472 1949 1534 relevabat

526 1532 814 1605 Melliﬂuis,
845 1558 1046 1613 gnarus
1073 1548 1235 1606 dictis
1260 1551 1481 1612 Patrum
1511 1532 1732 1619 sociari.

523 1622 863 1698 Praecipuum
892 1632 945 1686 in
976 1634 1130 1694 libris
1168 1640 1242 1695 illi
1275 1646 1511 1701 studium
1545 1650 1865 1724 relegendis,

520 1713 750 1775 Pectore
776 1736 913 1791 quos
938 1741 1096 1784 sacro
1128 1732 1371 1800 profudit
1395 1752 1533 1809 papa
1566 1713 1782 1812 beatus,

518 1805 751 1867 Jucundi
784 1816 934 1871 verbi
963 1834 1153 1878 sensus
1178 1822 1472 1897 Gregorius
1501 1832 1616 1887 atti.

518 1900 690 1968 Quem
719 1906 902 1969 docuit
930 1922 1178 1980 sanctus,
1207 1920 1297 1987 qui
1333 1919 1398 1973 ad
1434 1920 1655 1981 flumina
1687 1936 1813 1984 nota
1839 1931 2105 1991 columbae

518 1991 754 2062 Spiritus
780 1998 833 2054 in
862 2016 1023 2071 specu
1050 2006 1323 2067 Christum
1351 2017 1565 2072 vestivit
1590 2018 1817 2078 honore.

517 2080 628 2140 Hos
654 2086 782 2142 dum
817 2092 1073 2149 continua
1105 2112 1326 2157 versare
1352 2119 1514 2160 manu
1545 2110 1665 2178 pius
1695 2111 1863 2167 instat

514 2173 863 2248 Mummolus,
895 2184 947 2239 in
974 2189 1139 2257 gestis
1164 2190 1344 2250 Patris
1374 2211 1589 2269 semper
1618 2205 1955 2261 memorandi

515 2266 776 2339 Repperit
806 2277 1091 2333 emeritum
1120 2282 1320 2339 dixisse
1344 2288 1457 2342 suis
1486 2266 1853 2362 Denedictum,

511 2355 650 2413 Dum
680 2361 823 2418 celsa
854 2367 1058 2425 residet
1084 2369 1295 2430 Cassini
1328 2379 1527 2435 montis
1556 2380 1608 2435 in
1636 2397 1783 2451 arce,

510 2448 665 2517 Quoi
692 2454 826 2512 dine
854 2472 1109 2518 eruerent
1134 2466 1281 2524 nullo
1307 2474 1654 2531 cunctamine
1686 2487 1873 2548 gentes

509 2544 703 2603 Omnia
740 2561 891 2623 septa
920 2557 1120 2627 gregis.
1150 2558 1302 2617 Tunc
1321 2563 1435 2634 jam
1469 2544 1933 2632 deeursavmeasse

506 2642 844 2714 Agnoscens,
874 2662 1099 2712 sanctus
1134 2673 1254 2727 quae
1285 2660 1495 2718 viderat
1530 2677 1658 2724 ante
1684 2668 1866 2728 futura

507 2736 745 2796 Intcndit
772 2755 1035 2815 mentem,
1066 2753 1280 2808 eveniat
1309 2756 1353 2810 si
1386 2756 1525 2816 forte
1554 2761 1782 2822 facultas

506 2826 805 2897 Asportare
831 2851 1047 2893 sacrum
1070 2840 1184 2911 jam
1218 2843 1349 2900 dicti
1380 2863 1582 2921 corpus
1612 2852 1835 2912 alumni.

504 2918 738 2978 Mittitur
765 2925 1031 2999 Aygulfus
1058 2949 1309 3005 magnam
1341 2918 1613 3001 Diomedis
1641 2947 1709 3003 ad
1734 2948 1944 3020 urbem,

502 3010 605 3078 Qui
636 3016 803 3072 vehat
832 3024 1095 3090 Optandos
1122 3030 1331 3086 cunctis
1358 3036 1677 3094 mortalibus
1708 3050 1880 3109 artus,

502 3099 547 3155 Ο
573 3102 887 3175 Benedicto,
928 3121 1071 3180 tuos,
1104 3117 1362 3176 virtutum
1395 3123 1643 3196 lampade
1665 3133 1864 3201 claros,

501 3194 660 3251 Celso
683 3199 890 3257 delatos
913 3204 1123 3264 Cassini
1151 3214 1356 3270 vertice
1379 3214 1599 3276 montis.

2211 1493 2441 1553 Praemia
2485 1516 2678 1573 magna
2718 1504 2893 1575 feres,
2942 1518 3150 1568 tantum
3200 1518 3249 1573 si
3288 1520 3431 1589 quod
3462 1538 3593 1594 rogo
3642 1540 3802 1581 mon-

3520 1614 3726 1689 [slres,

2208 1685 2583 1763 Polliceorque
2612 1706 2820 1754 meram
2845 1701 3045 1759 nullam
3075 1709 3390 1776 generarier
3415 1726 3447 1766 a
3479 1728 3585 1768 me.

2137 1824 2180 1883 Β
2208 1776 2300 1834 Ille
2331 1781 2442 1837 Deo
2470 1784 2683 1853 plenus,
2711 1791 2872 1847 tacita
2903 1808 3062 1862 quem
3089 1806 3270 1855 mente
3297 1802 3541 1871 gerebat,

2208 1873 2407 1931 Eﬂ‘udit
2438 1880 2625 1951 dignas
2651 1899 2783 1939 sano
2809 1887 2874 1943 de
2900 1901 3121 1958 pectore
3149 1907 3327 1950 voces.

2206 1967 2340 2026 Cum
2370 1989 2475 2028 nox
2506 1986 2625 2032 atra
2659 1980 2839 2049 polum
2868 1984 3189 2055 subtexerit,
3219 1999 3381 2060 atque
3405 1997 3652 2051 coruscis

2206 2056 2369 2116 Vecta
2407 2065 2545 2137 bigis
2573 2068 2757 2128 Phebe
2779 2074 2847 2128 ad
2876 2078 3112 2134 medium
3136 2056 3415 2140 devenerit
3441 2103 3624 2157 axem,

2205 2153 2281 2207 Tu
2312 2156 2437 2226 vigil
2467 2158 2689 2218 intentis
2716 2166 2889 2221 oculis
2919 2184 3018 2237 per
3050 2171 3205 2228 devia
3238 2177 3435 2232 montis

2201 2244 2476 2317 Prospice,
2512 2266 2620 2321 qua
2645 2269 2859 2311 versum
2892 2259 3068 2333 fulgor
3095 2265 3295 2322 missus
3316 2270 3582 2327 radiantis

2200 2337 2464 2408 Luminis,
2491 2342 2786 2405 immensas
2812 2352 2991 2408 vincat
3017 2356 3303 2425 splendore
3335 2365 3607 2421 tenebras.

2197 2430 2313 2487 Illic
2337 2433 2579 2492 invenies
2607 2440 2750 2509 quod
2784 2450 2935 2498 tanto
2966 2446 3152 2517 gliscis
3180 2465 3386 2507 amore.

2196 2520 2383 2579 Paruit
2413 2525 2500 2580 ille
2535 2531 2683 2584 senis
2720 2535 2967 2600 monitis,
3007 2538 3288 2610 primaque
3315 2542 3498 2611 quiete

2195 2614 2494 2674 Transacta
2523 2635 2775 2692 surgens,
2806 2640 3062 2693 quorsum
3095 2630 3182 2685 lux
3211 2632 3487 2703 splendeat
3510 2634 3655 2692 alma

2194 2707 2473 2778 Explorat,
2506 2716 2791 2786 cernitque
2814 2716 2989 2772 locum
3020 2720 3168 2777 clare
3196 2724 3493 2780 radiantem

2193 2798 2337 2856 Luce
2365 2817 2525 2869 nova,
2553 2803 2689 2875 lapis
2712 2807 2856 2862 hunc
2879 2808 3128 2879 signatus
3159 2814 3374 2867 nomina
3405 2814 3635 2870 fratrum

2194 2889 2429 2946 Texerat
2455 2896 2717 2960 exterius,
2750 2913 2910 2966 quem
2936 2901 3138 2955 sensim
3162 2903 3244 2957 vir
3268 2906 3610 2962 venerandus

2191 2980 2407 3051 Impulit
2437 2983 2489 3037 in
2521 2996 2752 3054 partem.
2788 2987 2983 3044 Subito
3007 3000 3232 3059 patuere
3261 3004 3475 3063 reperta

2190 3072 2321 3129 Ossa
2352 3076 2504 3131 beata
2530 3077 2703 3135 Patris
2726 3080 3024 3155 Benedicti,
3056 3100 3232 3140 necne
3256 3088 3461 3143 sororis

2116 3175 2161 3235 α
2193 3165 2363 3234 Ipsius
2389 3170 2643 3238 egregire,
2666 3186 2786 3241 qum
2818 3188 2941 3228 mox
2968 3173 3108 3230 latro
3137 3179 3478 3235 venerandus

2188 3256 2410 3314 Inclusit
2431 3269 2646 3330 sportm,
2672 3263 2973 3331 palmarum
3000 3264 3189 3322 fronde
3220 3268 3412 3324 virenti

2188 3285 2410 3314 inicius".
2431 3285 2646 3330 δμυτιίυ,
2672 3285 2973 3331 parmarum
3000 3285 3189 3322 tronae
3220 3285 3411 3324 vrreuu

499 3285 635 3342 Nam
655 3290 885 3350 famulus
910 3298 1116 3356 Domini
1142 3319 1331 3361 somno
1350 3309 1476 3365 dum
1501 3315 1739 3371 membra
1761 3318 2012 3388 dedisset,
2191 3348 2489 3414 Cumcxlm’
2518 3352 2814 3421 patriaeque
2843 3354 3014 3408 solum
3049 3357 3343 3412 medium,
3368 3359 3540 3415 adire.

500 3376 825 3421 Mummnlne
880 3398 1158 3421 neum“.-.
1196 3396 1323 3421 .r:..:.
1360 3400 1455 3421 ,εις
1536 3406 1635 3421 μμ,
1742 3411 1754 3421 .
1798 3420 1801 3421 ,
1868 3413 1882 3421 .

1956 3376 1963 3377 ί
2001 3376 2012 3388 ι
2191 3376 2489 3414 uolutum,
2518 3376 2814 3421 patriaeque
2843 3376 3014 3408 sutum
3049 3376 3343 3412 meditatur
3368 3376 3485 3415 autr

499 3376 846 3451 Mummolus,
880 3398 1158 3447 ostensum
1192 3396 1329 3452 dixit
1357 3400 1455 3455 sibi
1490 3406 1708 3464 coalitus
1740 3411 1902 3468 istud.
2187 3440 2480 3496 Cm'feslin]
2512 3445 2689 3498 aocios
2721 3445 2902 3500 “0mm
2933 3461 3069 3516 quos
3102 3448 3336 3517 “quem;
3368 3449 3485 3519 ipse

499 3468 653 3519 Tunc
701 3488 916 3519 nltnmm
975 3487 1247 3519 τιν-Λαρηροῖ
1303 3491 1518 3519 ,πη-ἕλη...
1588 3496 1783 3519 [πμμμη
1806 3518 1815 3519 ,
1911 3504 1923 3515 ο
2053 3507 2066 3519 ι

498 3468 653 3527 Tunc
701 3488 916 3546 quoque
975 3487 1248 3554 progressi
1302 3491 1520 3560 quidam
1588 3496 1954 3559 Cenomannis
2018 3507 2086 3561 ah

2211 3468 2480 3496 .umcsuul
2512 3468 2689 3498 socrus
2721 3468 2902 3500 nonut:
2933 3468 3069 3516 quos
3102 3468 3336 3517 thucrat
3368 3468 3459 3519 ψει

2211 3531 2393 3600 tspicit
2414 3534 2705 3588 adventare
2734 3536 2838 3599 via,
2876 3546 3222 3606 montemque
3253 3546 3459 3594 tenere.

1846 3593 2014 3667 [urbe
2183 3593 2471 3683 Proximus
2498 3628 2583 3681 his
2615 3627 2811 3693 factus,
2841 3644 3060 3683 causam
3089 3631 3282 3700 qua-rit
3317 3631 3588 3689 veniendi.

2184 3714 2318 3770 Tum
2346 3718 2577 3785 primunt
2609 3729 2815 3773 secreta
2846 3720 2925 3774 sui
2961 3721 3138 3775 cordis
3168 3733 3481 3795 resera.runt

2179 3809 2392 3879 Aigulfo
2426 3809 2622 3865 Christi
2647 3810 2867 3878 famulo,
2899 3812 2988 3881 qui
3021 3824 3216 3868 cuncta
3256 3825 3477 3884 peracta

2178 3897 2297 3950 .lam
2332 3897 2445 3953 fore
2475 3900 2740 3975 przedixit,
2767 3902 3037 3971 celerique
3062 3902 3183 3974 fuga
3220 3920 3473 3975 propera.

2178 3989 2471 4045 Admonuit
2500 3972 2711 4059 callem,
2739 4008 2842 4061 quo
2865 3993 3067 4048 Gallica
3091 4011 3215 4049 rura
3248 4005 3505 4065 petuntur

2178 4078 2330 4134 Haud
2355 4096 2513 4136 secus
2539 4096 2602 4135 ac
2621 4080 2756 4150 jussi
2788 4082 3011 4149 faciunt,
3036 4101 3330 4154 gressuque
3352 4087 3518 4140 citato

2174 4167 2462 4237 Digressis,
2489 4171 2645 4227 avide
2672 4174 2797 4226 dum
2822 4173 3082 4243 linquitur
3102 4175 3231 4229 Itala
3260 4176 3438 4241 tellus,

2172 4262 2397 4318 Coalitus
2424 4265 2662 4321 insonuit
2692 4268 2850 4323 terris
2886 4285 2987 4324 vox
3018 4269 3178 4323 missa
3210 4285 3309 4340 per
3340 4285 3522 4333 auras,

2170 4355 2301 4422 Qum
2322 4358 2493 4411 vetuit
2516 4358 2761 4428 proferre
2790 4361 3006 4430 pedem,
3029 4362 3311 4430 spatioque
3339 4362 3545 4417 moveri

2170 4445 2288 4513 Quo
2321 4457 2605 4505 steterant.
2647 4450 2810 4506 Coalis
2838 4452 2926 4507 illo
2953 4451 3054 4507 sub
3084 4461 3324 4521 tempore
3353 4453 3551 4508 missus

2093 4540 2142 4600 D
2170 4542 2405 4612 Angelus
2432 4543 2487 4596 in
2524 4545 2750 4609 somnis,
2785 4544 2934 4600 vultu
2963 4546 3236 4614 verboque
3268 4546 3461 4600 minaci

2166 4631 2485 4689 Pontificem
2525 4634 2673 4689 sedis
2696 4634 2955 4692 Romanae
2989 4637 3201 4704 terruit,
3239 4636 3358 4692 istis
3646 4728 3653 4735 ν

2162 4720 2498 4793 Increpitans
2524 4724 2683 4780 dictis
2710 4741 2774 4780 ac
2800 4741 3020 4781 somnos
3044 4741 3295 4795 rumpere
3319 4741 3518 4797 cogens
3552 4766 3567 4782 .

2160 4809 2270 4865 Cur
2299 4820 2351 4866 te
2379 4814 2578 4884 segnis,
2602 4813 2700 4880 ait,
2734 4824 2916 4885 torpor
2945 4814 3084 4870 lecto
3108 4815 3455 4869 recubantem

2160 4902 2395 4971 Detinet,
2427 4917 2483 4961 et
2501 4905 2684 4963 Latios
2704 4908 2907 4979 pateris
2929 4907 3236 4978 popularier
3261 4908 3455 4979 agros?

2156 4995 2291 5051 Nam
2324 4998 2679 5057 Galli-vestris
2707 5002 2888 5058 infesti
2912 5003 3107 5058 finibus
3125 5002 3277 5070 olim,

2092 5096 2098 5105 '
2155 5087 2310 5144 Nunc
2338 5093 2538 5147 veteris
2562 5109 2830 5149 memores
2854 5094 2963 5155 ἱνα),
2994 5093 3249 5166 sulIragia
3281 5097 3432 5152 vobis

2152 5177 2450 5247 Justorum,
2483 5194 2637 5254 rapto
2660 5185 2904 5240 nituntur
2931 5186 3119 5241 tollere
3140 5203 3346 5250 coram,

2153 5273 2445 5330 Servorum
2476 5277 2685 5332 Domini
2707 5287 2990 5348 captantes
3019 5295 3243 5348 corpora
3267 5279 3472 5334 furtim.

2150 5364 2391 5412 Antistes
2421 5367 2509 5412 [ali
2545 5367 2789 5412 turbatus
2814 5379 3027 5412 npntnm
3053 5369 3168 5412 vim

498 3651 784 3712 Advenere
812 3659 934 3728 viri,
973 3645 1166 3725 similis
1193 3687 1329 3741 quos
1363 3676 1498 3732 visio
1523 3683 1698 3737 somni

496 3744 813 3819 Admonuit,
849 3751 1004 3827 longa
1032 3769 1090 3813 ut
1116 3777 1365 3833 qumrant
1392 3771 1612 3841 regione
1638 3777 1971 3848 sepulcrum,

497 3833 614 3900 Quo
644 3835 799 3894 fratri
830 3845 1115 3916 conjuncta
1146 3852 1235 3922 pio
1264 3854 1556 3916 Scolastica
1591 3877 1776 3920 sancta

494 3923 581 3980 Sit
609 3932 893 4001 tumulata,
927 3952 1132 4011 suaque
1163 3944 1337 4001 ferant
1371 3957 1608 4008 tutamen
1639 3956 1689 4010 in
1722 3959 1874 4014 urbe.

562 4018 705 4092 Ergo
733 4024 942 4083 alacres
967 4033 1124 4100 parili
1147 4035 1448 4109 junguntur
1470 4045 1607 4102 calle
1630 4047 1788 4106 beato

489 4107 724 4180 Aignll‘o,
759 4116 930 4174 donec
959 4107 1292 4184 transcensis
1320 4130 1543 4201 Alpibus
1571 4153 1750 4211 usque,

491 4201 689 4260 Urbem
726 4208 1068 4281 Romuleam,
1100 4220 1395 4292 sedemque
1424 4225 1568 4282 Petri
1598 4236 1947 4292 reverendam

485 4381 729 4442 Intentos
752 4404 911 4445 sacer
937 4391 1185 4465 Aigulfus
1214 4409 1324 4455 tum
1350 4403 1574 4475 deserit,
1599 4420 1761 4482 atque

487 4469 720 4544 Impiger
752 4479 1088 4539 accelerabat
1117 4486 1238 4555 iter,
1271 4495 1413 4561 quod
1444 4469 1592 4552 ducit
1615 4469 1685 4555 ad
1708 4519 1888 4559 arcem

484 4561 712 4631 Cassini,
745 4583 865 4638 quae
899 4580 1026 4631 tunc
1055 4590 1237 4635 eremo
1266 4583 1595 4644 circumdata
1630 4604 1801 4661 vasto,
1888 4652 1903 4661 ,

484 4650 822 4729 Longbardis
848 4659 975 4717 olim
1001 4668 1381 4735 populantibus
1409 4680 1589 4734 omnia
1621 4683 1846 4752 circum,

482 4744 620 4801 Dum
651 4765 750 4806 ncc
778 4760 883 4808 tam
909 4761 1111 4815 sanctis
1143 4763 1446 4823 timuissent
1471 4772 1677 4830 uadibus
1702 4787 1850 4835 atras

480 4839 742 4909 lujectare
770 4862 982 4917 manus,
1013 4853 1261 4912 discessit
1289 4859 1460 4917 incola
1489 4876 1738 4925 cunctus.

479 4934 709 4993 Sedulus
737 4940 843 4997 huc
865 4944 1177 5014 explorator
1206 4952 1426 5010 veniens
1447 4958 1700 5016 studiosis

479 5023 698 5082 \‘isibns
720 5033 977 5100 exquirit,
1009 5048 1321 5097 sanctorum
1351 5045 1504 5099 busta
1532 5049 1742 5117 piorum

476 5116 593 5183 Quo
614 5119 834 5188 jaceant
864 5120 1122 5185 tumulata
1148 5131 1286 5201 loco,
1319 5152 1412 5191 seu
1443 5141 1681 5210 qualibet
1706 5160 1851 5201 arce.

474 5206 611 5264 Nam
635 5212 846 5271 deserta
874 5218 1038 5286 videt,
1074 5227 1362 5298 specieque
1383 5235 1625 5290 carentia
1655 5239 1871 5295 tumbae.

474 5299 645 5367 Quem
675 5308 859 5364 senior
881 5297 1081 5371 montis
1114 5320 1354 5377 residens
1382 5324 1433 5378 in
1458 5337 1614 5394 parte
1636 5341 1869 5400 secreta,

472 5390 599 5412 n--__
