4108 5412
506 224 613 279 893

505 430 778 484 unanimis
817 428 1091 483 societatis
1140 427 1335 480 arbore
1383 425 1725 495 produntis;
1759 441 1857 478 nec
1886 440 1979 479 vos
2034 425 2087 479 in

436 505 458 522 “
503 521 623 591 ejus
650 522 908 591 pmniteat
930 520 1207 574 laborasse
1234 518 1479 588 profectu
1502 518 1592 588 qui
1626 518 1677 572 id
1706 533 1868 587 quam
1912 519 2088 572 maxi-

508 628 596 667 tne
628 612 818 665 nititur
849 610 1060 665 ellicere
1086 618 1220 665 utet
1251 610 1536 666 nutritoris
1579 610 1658 664 sui
1700 610 1875 664 dilecti
1922 610 2093 665 Bene-

506 701 637 755 dicti
663 699 848 753 laudes
877 700 1220 770 promulgare
1246 710 1300 755 et
1329 699 1524 754 vestris
1553 715 1648 768 per
1676 701 1857 753 omnia
1880 701 2090 753 studeat

503 792 716 861 placere
760 791 1062 846 desideriis.
1100 791 1209 846 Vos
1237 800 1415 845 autem
1438 831 1451 854 ,
1481 789 1675 844 fratres
1708 790 2087 856 amantissimi,

507 898 630 936 cum
675 883 868 952 quibus
919 884 970 937 in
1007 884 1266 953 primaevo
1311 892 1486 938 aetatis
1531 881 1664 938 ﬂore
1707 883 1893 953 jugum
1927 897 2090 937 suave

506 971 709 1043 Christi
762 972 903 1027 ferre
952 974 1137 1038 didici,
1180 974 1333 1037 mihi,
1384 988 1589 1048 qumso,
1641 972 2088 1043 congratulamini

506 1064 651 1133 quod
681 1065 874 1118 vestris
903 1080 1119 1134 quoque
1144 1064 1487 1119 adminiculis
1508 1064 1695 1117 adhoc
1723 1064 1921 1139 profeci
1959 1079 2092 1133 qua-

511 1156 659 1210 tinus
687 1156 889 1231 aliqnid
932 1156 1182 1211 utilitatis
1221 1172 1354 1211 mete
1405 1156 1598 1210 vilitati
1638 1156 1809 1225 possit
1860 1156 2087 1226 injuugi.

506 1245 768 1313 Quamvis
788 1247 930 1300 enim
962 1247 1013 1301 in
1047 1263 1130 1302 me
1167 1247 1232 1302 ad
1262 1248 1429 1302 vestri
1454 1248 1911 1317 comparationem
1947 1247 2088 1301 nulla

506 1335 735 1390 exsistat
761 1335 984 1399 utilitas,
1012 1336 1270 1406 quidquid
1301 1346 1476 1389 tamen
1516 1336 1639 1390 boni
1670 1336 1720 1391 itt
1759 1349 1843 1389 me
1889 1345 1989 1400 est,
2022 1336 2090 1391 ab

505 1428 876 1496 omnipotente
907 1427 1047 1491 Deo,
1079 1443 1175 1497 per
1205 1428 1643 1481 intercessionem
1691 1426 1934 1497 glot'ioste
1974 1425 2092 1478 Vir-

506 1518 646 1586 ginis
681 1517 861 1571 Maria:
890 1534 955 1571 ac
985 1516 1308 1587 legislatoris
1350 1517 1518 1570 nostri
1544 1515 1840 1581 Benedicti,
1889 1531 2091 1586 perque

505 1624 786 1664 servorum
815 1611 931 1679 ejus
956 1610 1197 1663 laborem
1223 1617 1391 1661 totum
1420 1618 1521 1661 est.

1556 219 1816 276 AIMDlNl
1858 220 2164 277 MONACHI
2219 221 2705 278 FLORIACENSIS

505 336 716 392 tiJelent
743 334 974 391 fructum
1006 334 1219 406 gracilis
1247 332 1535 390 ramuseuli
1580 351 1610 390 e
1655 349 1846 403 magna
1892 343 2084 389 vestrae
2116 342 2162 400 Α

3671 227 3776 285 δοκι

2257 333 2312 389 5.
2357 336 2412 390 ln
2444 336 2590 391 calce
2617 335 2821 407 prologi
2854 354 2960 393 non
2995 338 3306 410 putavimus
3347 340 3775 408 praetermitten-

2192 424 2318 479 dum
2359 426 2461 480 hoc
2495 427 2638 496 quod
2667 426 2846 481 divina
2877 428 3051 498 pietas
3078 427 3205 485 huic
3229 437 3418 484 nostro
3453 433 3658 501 pastori
3687 433 3777 487 in-

2193 528 2275 571 ter
2314 525 2506 571 cat-tera
2537 517 2802 587 largitatis
2842 536 2952 574 sua:
2980 521 3209 576 cdntulit
3256 536 3484 576 munera
3513 522 3668 590 quia.
3695 524 3779 577 vi.

2190 607 2387 661 delicet
2413 606 2559 662 ad'ea
2596 610 2889 677 promenda
2918 626 3039 681 quae
3069 613 3134 666 de
3164 627 3222 665 se
3252 612 3554 667 retulerant
3587 611 3773 680 digna,

2192 699 2390 754 nullius
2413 700 2683 754 extranea:
2711 716 2953 771 persona:
2978 703 3124 773 eguit
3165 716 3401 773 unquant
3428 701 3778 771 supplemen-

2195 798 2280 855 to,
2306 791 2550 860 quinimo
2583 791 2749 860 ipsius
2792 792 3028 847 clientuli
3061 794 3113 847 in
3156 794 3271 861 ejus
3317 786 3586 871 ccenobi‘is
3630 793 3776 848 illius

2191 898 2292 951 ope
2322 882 2534 937 educati
2563 894 2722 952 atque
2750 882 2949 951 edocti,
2978 885 3236 955 quidquid
3266 886 3449 955 inejns
3470 888 3626 942 laude
3648 900 3776 959 pro-

2193 974 2446 1027 mendum
2480 985 2616 1039 erat,
2651 986 2992 1044 posterorum
3024 976 3588 1034 mandaretnetuoriae
3628 979 3773 1034 snlIi-

2191 1064 2396 1118 cientes
2445 1065 2644 1119 inventi
2675 1074 2799 1119 sunt
2836 1075 2956 1135 post
3003 1065 3221 1121 beatum
3266 1069 3527 1124 duntaxat
3577 1086 3770 1140 pap-tnt

2190 1151 2546 1220 Gregorium;
2583 1156 2673 1223 qui
2703 1165 2757 1209 et
2782 1156 2916 1225 ipse,
2945 1156 3061 1226 ejus
3091 1158 3285 1227 regulae
3313 1159 3563 1215 subditus
3601 1161 3766 1214 disci-

2190 1242 2369 1312 plinis,
2392 1244 2615 1311 quantis
2648 1245 2785 1298 idem
2813 1245 2975 1300 Pater
3015 1245 3275 1301 effulserit
3321 1248 3609 1302 virtutibus
3657 1249 3771 1303 elo-

2191 1335 2547 1403 quentissimo
2596 1336 2900 1391 enucleavit
2952 1352 3223 1392 sermone.
3272 1337 3485 1394 Marcus
3536 1340 3773 1408 denique

2192 1435 2369 1496 poeta,
2404 1422 2568 1497 atque
2593 1426 2787 1482 Paulus
2812 1428 2863 1481 in
2887 1427 3196 1484 Cassinensi
3216 1430 3484 1494 cmuobio,
3510 1430 3679 1483 multa
3705 1433 3773 1485 de

2193 1516 2334 1570 illius
2364 1517 2641 1572 miraculis
2671 1519 2894 1573 metrico
2941 1535 3026 1589 opt
3045 1535 3104 1574 re
3150 1519 3547 1591 elegantissime
3590 1519 3779 1574 edide-

2194 1617 2348 1661 runt.
2380 1607 2775 1663 Translationis
2824 1625 2953 1663 vero
2981 1609 3099 1677 ejus
3145 1611 3287 1663 sacri
3334 1610 3577 1678 corporis
3624 1610 3775 1664 ordio

578 1699 630 1752 ἓ.
667 1698 743 1751 Ad
792 1709 1122 1768 postremum
1156 1714 1365 1779 omnes,
1396 1714 1622 1766 quorum
1656 1696 1814 1751 corda
1847 1696 2087 1765 ejusdrm
2121 1693 2163 1751 Β
2192 1715 2312 1753 nem
2344 1701 2408 1753 ad
2445 1700 2585 1754 hunc
2623 1702 2986 1754 venerabilem
3014 1701 3216 1767 locum,
3248 1718 3458 1756 necnon
3499 1704 3653 1771 signa
3687 1701 3778 1756 hic

507 1788 835 1844 confessoris
869 1791 1068 1845 Christi
1097 1806 1250 1844 amor
1273 1791 1531 1860 possidet,
1563 1790 1890 1844 conveniens
1925 1804 2092 1857 expo~

507 1897 603 1935 sco
640 1897 707 1936 ne
740 1882 791 1935 in
840 1884 939 1937 hoc
962 1897 1123 1951 opere
1152 1882 1441 1936 rhetoricae
1491 1880 1765 1935 suadelam
1822 1878 2091 1932 facundia:

507 1975 808 2042 requirant.
844 1974 984 2040 Quin
1017 1974 1196 2043 potius
1218 2013 1232 2037 ,
1260 1974 1403 2027 inter
1447 1983 1719 2026 rusticana
1749 1968 2093 2037 despicabilis

508 2079 706 2117 mensa:
733 2076 930 2118 nostra;
953 2065 1211 2129 canistra,
1248 2063 1526 2117 rutilantia
1555 2078 1618 2116 ac
1646 2074 1810 2115 suave
1842 2058 2094 2113 redolen-

509 2155 581 2207 tia
613 2154 994 2207 miraculorum
1024 2154 1359 2207 admirantes
1388 2153 1642 2208 hauriant
1677 2150 1866 2213 mella;
1899 2147 2093 2202 memi-

508 2232 796 2314 nerintqne
822 2246 947 2316 quia
982 2246 1032 2299 in
1062 2246 1316 2300 testaceis
1337 2245 1653 2315 plerumque
1683 2242 1827 2296 vasis
1850 2238 2093 2294 lautioria

510 2334 610 2389 bus
630 2335 801 2405 epulis
822 2335 1214 2390 delectabiliter
1242 2337 1316 2390 uti
1342 2336 1569 2391 soleant.
1615 2332 1709 2388 llis
1736 2333 1801 2388 de
1837 2328 2092 2402 iugcnioli

510 2430 680 2484 nostri
713 2429 973 2484 tenuitate
1002 2429 1326 2500 praelibatis.

2194 1791 2275 1845 vel
2309 1776 2631 1859 per'Gallias
2686 1792 2855 1861 ipsius
2897 1792 3106 1847 meritis
3148 1802 3320 1860 gesta,
3366 1793 3452 1848 vir
3481 1792 3779 1847 disertissi-

2193 1895 2313 1934 mus
2356 1880 2690 1934 Adrcvaldus
2732 1880 2856 1952 (5‘),
2910 1882 3065 1935 istius
3105 1883 3416 1936 monasterii
3451 1882 3777 1942 monachus,

2192 1973 2409 2043 scriptis
2433 1974 2679 2026 inseruit.
2713 1971 2809 2026 Cui
2840 1972 2990 2043 operi
3031 1972 3340 2037 Adelerius,
3375 1971 3533 2040 hujus
3573 1970 3777 2024 nihilo-

2196 2062 2372 2115 minus
2403 2060 2838 2131 congregationis
2860 2062 3189 2129 monachus,
3218 2061 3325 2115 duo
3375 2069 3584 2119 tantum
3628 2060 3778 2127 capi-

2197 2156 2306 2211 tula
2330 2157 2548 2226 adjecit.
2598 2156 2801 2210 llorum
2827 2172 2957 2227 ergo
3010 2158 3258 2227 vestigia,
3306 2139 3435 2212 licet
3460 2172 3566 2210 non
3605 2154 3779 2225 aequis

2196 2257 2515 2318 prosecutus
2538 2248 2810 2318 passibus,
2840 2261 2938 2301 vos
2968 2247 3106 2302 bene
3142 2246 3322 2301 Valere
3372 2256 3661 2317 exoptans,
3691 2245 3778 2298 his

2197 2354 2316 2408 qua:
2342 2339 2567 2394 dicenda
2599 2337 2854 2411 preposui
2875 2337 2979 2393 hoc
3009 2337 3132 2393 dedi
3153 2337 3453 2392 exordium.

1711 2668 1715 2672 ›
1770 2608 2067 2689 LIBER
2131 2605 2545 2686 PRIMUS.

1024 2811 1251 2869 CAPUT
1286 2809 1577 2867 PRIMUM.

513 2922 929 2983 Nortmanoru'm
954 2922 1152 2994 strages
1180 2940 1270 2991 per
1310 2920 1541 2994 Galliam
1556 2919 1667 2994 sub
1694 2916 1887 2994 Carolo
1909 2915 2091 2994 ϐαζςρο.

502 3054 505 3057 _
580 2998 676 3052 sub
711 2997 989 3059 Ludovico,
1013 2986 1106 3047 sub
1143 2986 1332 3048 Carolo
1377 2991 1647 3060 Simplice,
1683 2987 1866 3044 Odoue
1892 3000 1937 3041 ct
1983 2986 2095 3038 Ro-

606 3069 771 3120 berto.
802 3065 1115 3136 Cassinogili
1141 3062 1328 3134 palatii
1355 3063 1506 3124 situs,
1532 3070 1640 3115 etc.

572 3150 637 3211 ’4.
668 3157 1067 3212 Gallicanarum
1108 3154 1313 3209 incolas
1350 3152 1652 3222 regionum,
1681 3146 1915 3203 assiduis
1945 3154 2095 3199 exte-

513 3262 696 3301 rarum
729 3246 1078 3301 labefactatos
1105 3243 1410 3299 incursibus
1443 3242 1744 3302 nationum,
1775 3248 1829 3291 et
1885 3246 2097 3291 veteres

514 3350 569 3394 et
599 3339 869 3392 modern-a2
896 3338 1200 3407 quibusque
1242 3350 1335 3389 eas
1389 3333 1661 3387 intellectu
1699 3327 2097 3382 revolventibus

516 3433 760 3499 pandunt
792 3429 1055 3482 historiae.
1089 3428 1235 3494 Quos
1261 3425 1386 3480 Julii
1418 3425 1646 3479 Caesaris
1680 3421 1988 3476 decennalis
2011 3428 2093 3474 at-

517 3523 667 3576 trivit
685 3521 1042 3589 concertatio,
1070 3519 1387 3584 Hunnorum
1419 3516 1595 3571 subita
1620 3512 1934 3567 dilaceravit
1958 3512 2099 3565 irru-

516 3614 663 3683 ptio,
715 3612 1013 3667 Gothorum
1062 3612 1330 3667 subvertit
1382 3608 1764 3680 prmsumptiva
1817 3603 2094 3678 habitandi

516 3705 761 3771 invasio;
793 3705 860 3758 ad
889 3706 1137 3759 ultimum
1182 3703 1516 3758 Francorum
1541 3700 1719 3754 vivida
1745 3698 1885 3754 bello
1910 3698 2095 3752 dextra

515 3796 692 3850 victos
737 3797 1045 3864 pariterque
1069 3796 1326 3859 victores,
1354 3808 1503 3863 aequa
1535 3802 1698 3855 sorte,
1726 3806 1822 3846 suo
1848 3789 2098 3859 subjuga-

519 3886 591 3940 vit
620 3888 882 3941 dominio.
914 3886 1116 3940 Horum
1150 3885 1409 3955 praeferes
1435 3884 1694 3953 potentia,
1727 3895 1849 3936 cum
1875 3881 1925 3934 in
1952 3880 2097 3933 subi-

517 3977 730 4045 gendis,
764 3986 873 4030 tum
900 3976 1064 4029 etiam
1096 3975 1149 4028 in
1178 3974 1427 4029 arcendis
1460 3991 1490 4027 a
1518 3973 1632 4026 suis
1670 3972 1866 4025 tinibus
1905 3970 2100 4023 barba-

519 4070 596 4123 ris
624 4068 896 4138 gentibus,
913 4068 1086 4137 viguit
1109 4065 1417 4122 concordia;
1444 4066 1651 4118 viribus
1679 4077 1847 4132 usque
1871 4063 1939 4114 ad
1961 4059 2097 4114 diva:

2122 2795 2166 2857 ρ
2197 2772 2522 2836 abeuntibus
2548 2787 2718 2843 sorte,
2758 2777 2890 2831 Dant
2919 2776 3266 2832 excursionis
3295 2791 3408 2832 sua:
3430 2793 3657 2833 .toeram
3686 2795 3755 2835 na

2197 2873 2269 2927 cti
2319 2871 2679 2934 occasionem,
2712 2884 2830 2939 qua:
2871 2877 2925 2923 et
2948 2878 3150 2938 quanta
3192 2869 3503 2923 civitatibus
3531 2871 3656 2924 bina
3682 2887 3782 2924 ex-

2196 2965 2469 3036 peditione
2500 2961 2781 3016 intulerint
2820 2959 3014 3013 damna
3044 2960 3440 3014 vastationibus
3467 2975 3559 3014 seu
3589 2961 3783 3014 in;en-

2199 3055 2303 3110 diis
2350 3053 2805 3107 monasteriorum
2862 3065 2926 3104 ac
2984 3050 3317 3120 reliquarum
3376 3049 3779 3116 ecclesiarum,

2198 3144 2442 3199 studioso
2483 3141 2670 3196 lectori
2720 3141 3068 3212 procedentis
3116 3143 3299 3211 eperis
3341 3150 3521 3209 textus
3569 3144 3773 3212 patr-fa-

2197 3240 2325 3295 ciet.

2268 3331 2322 3385 5.
2354 3320 2551 3385 Verum
2580 3329 2821 3398 Augusto
2842 3325 3034 3382 Carolo
3059 3325 3219 3381 rebus
3243 3325 3491 3380 humanis
3503 3334 3776 3394 exempto.

2198 3422 2339 3477 filius
2357 3424 2472 3489 ejus
2494 3420 2713 3474 Ludovi.
2734 3433 2797 3472 us
2829 3416 3111 3481 successit,
3127 3416 3216 3486 qui
3243 3414 3385 3469 Nihil
3424 3414 3621 3470 fecisse
3647 3430 3781 3486 pra:-

2199 3529 2394 3570 nomeu
2447 3515 2673 3568 sortitus
2723 3520 2831 3576 cst,
2870 3510 2985 3564 sive
3024 3511 3165 3578 quod
3216 3509 3303 3562 vix
3351 3508 3563 3562 duobus
3618 3508 3777 3560 annis

2199 3620 2363 3675 regno
2393 3604 2593 3674 potitus
2615 3601 2687 3656 nil
2716 3610 2935 3655 strenue
2961 3598 3148 3669 gessit,
3164 3598 3278 3652 sive
3306 3597 3448 3667 quod
3473 3595 3650 3649 sancti
3676 3610 3772 3649 no-

2200 3698 2393 3751 tzialent
2432 3695 2761 3764 quamdam,
2794 3692 2952 3746 sicuti
3008 3706 3039 3744 a
3101 3688 3395 3757 majoribus
3450 3686 3775 3756 aecrpituus,

2198 3788 2341 3843 Calae
2389 3784 2720 3842 monasterio
2769 3783 3065 3853 puellarum
3118 3780 3491 3845 abstractam,
3528 3777 3778 3846 conjug‘o

2199 3880 2458 3951 copalans
2504 3894 2620 3940 suo,
2653 3887 2957 3947 peccatum,
2986 3874 3129 3945 quod
3177 3874 3309 3928 nihil
3332 3888 3453 3928 esse
3513 3873 3777 3934 noscitur,

2197 3970 2546 4041 perpetrarit.
2589 3969 2758 4037 Hujus
2804 3970 2856 4022 in
2909 3966 3097 4021 diebus
3143 3964 3308 4021 effera
3358 3974 3779 4018 memoraturutn

2199 4064 2347 4117 natio
2390 4060 2661 4116 Dattorum
2686 4060 2897 4113 tertiam
2928 4056 3260 4112 Neustrasiis
3286 4055 3551 4128 inllietura
3573 4053 3781 4130 cladem

520 4160 798 4214 memoria:
844 4158 1020 4212 Caroli
1057 4156 1206 4212 Calvi
1250 4166 1512 4224 tempora,
1554 4154 1647 4207 ftlii
1702 4151 1980 4216 Ludovici,
2010 4149 2097 4202 cui
2127 4142 2174 4201 D
2200 4154 2435 4218 advenit,
2474 4153 2851 4221 intulissetque
2876 4146 3133 4217 majorem
3153 4146 3547 4216 superioribus,
3589 4144 3644 4198 ni
3673 4145 3775 4197 llu-

519 4264 786 4321 aguomen
809 4249 933 4303 Pius
954 4248 1075 4303 fuit.
1105 4249 1308 4303 Contra
1334 4248 1475 4302 hunc
1498 4241 2097 4299 fraternminsimulatio

524 4339 741 4394 illVltlllB
767 4339 1118 4393 finitimarum
1150 4337 1441 4392 concitavit
1468 4337 1590 4390 odia
1616 4335 1880 4405 gentium,
1908 4330 2100 4402 praeci-

522 4446 627 4500 pue
649 4430 1134 4495 Nortmannorum,
1167 4431 1258 4501 qui
1294 4429 1574 4499 piraticam
1602 4425 1905 4481 exercendo
1939 4423 2104 4477 mari-

456 4563 466 4571 .
526 4525 657 4577 tima
693 4524 839 4595 regni
888 4522 1005 4590 ejus
1049 4522 1164 4579 loca
1220 4520 1613 4591 direptionibus
1643 4514 1981 4599 gravissimis
2011 4513 2104 4568 de-

525 4618 762 4689 populati
793 4629 937 4673 sunt.
966 4619 1183 4675 Obstitit
1216 4617 1388 4687 primo
1415 4628 1600 4667 eorum
1631 4611 1789 4664 sa-vis
1820 4608 2102 4663 conatibus

526 4708 820 4764 Rotbertus
869 4710 1277 4780 Andegaveusis
1328 4720 1547 4769 comes,
1579 4702 1833 4756 Saxonici
1885 4698 2102 4770 generis

525 4799 629 4864 vir,
646 4799 730 4853 cui
758 4814 853 4868 per
874 4800 925 4853 id
955 4799 1192 4853 locorum
1222 4814 1251 4851 a
1280 4812 1403 4866 rege
1427 4809 1636 4849 summa
1655 4786 1832 4846 rerum
1857 4792 2101 4859 delegata

526 4887 732 4956 fuerat;
758 4890 1124 4945 adnitentibus
1147 4890 1247 4944 sibi
1270 4883 1821 4958 pra‘eminentissimis
1844 4881 2102 4935 t‘teus:ri;e

498 4982 675 5026 'virie-
704 4980 956 5026 Rninnlfn
985 4991 1147 5026 almis.
1168 4980 1483 5026 Lantlmrtn.
1517 4979 1592 5026 Illl
1622 4970 2124 5026 eloquentissimus

2202 4263 2269 4316 go
2299 4245 2374 4315 t6)
2407 4260 2503 4314 per
2548 4243 2752 4299 Gallias
2779 4242 2996 4296 abbatis
3047 4241 3252 4293 bonore
3283 4237 3558 4307 praditus,
3590 4252 3781 4290 eorum

2204 4338 2625 4407 eontpcscuisset
2643 4334 2961 4389 temerarios
2978 4347 3162 4385 ausus.
3192 4330 3431 4399 Denique
3446 4330 3589 4399 quod
3613 4344 3778 4398 parva

2205 4444 2361 4481 manu
2391 4426 2704 4479 innumeras
2730 4425 2962 4479 hostium
3008 4420 3306 4492 phalanges
3335 4419 3552 4485 adjutus
3605 4418 3782 4471 mani-

2203 4520 2341 4576 festo
2370 4517 2697 4572 sanctissimi
2726 4515 2904 4569 Patris
2936 4512 3209 4567 Benedicti
3241 4510 3440 4564 auxilio
3483 4509 3556 4561 ita
3589 4505 3787 4561 inierit

2204 4619 2263 4665 ut
2302 4611 2387 4662 vix
2418 4609 2640 4662 nutttius
2674 4605 3047 4677 superviveret
3071 4643 3084 4668 ,
3107 4620 3171 4657 ex
3209 4602 3425 4670 srriptis
3460 4597 3715 4653 vcnerabi
3740 4597 3785 4652 is

2205 4700 2303 4752 viri
2342 4698 2581 4752 Adelerii
2616 4696 2836 4764 agnosci
2868 4693 3026 4748 facile
3049 4703 3149 4747 est.
3183 4692 3297 4758 Qua
3330 4691 3482 4760 plaga
3513 4688 3783 4744 hutniiitti

2204 4790 2339 4844 Dani
2371 4788 2573 4843 Gallias
2616 4802 2715 4858 per
2761 4787 2969 4855 aliquot
3017 4784 3250 4855 spatium
3285 4783 3543 4851 temporis
3572 4782 3785 4850 quietas

2212 4881 2506 4950 liqttcruut.

2280 4972 2333 5024 ti.
2376 4972 2466 5026 At.
2490 4968 2717 5026 Hugone
2745 4967 2965 5021 ultimos
2993 4967 3112 5021 vita:
3153 4979 3263 5019 sua:
3307 4963 3593 5018 claudente
3622 4960 3785 5022 soles,
