4108 5412
376 295 482 351 305
886 289 972 343 DE
1012 280 1380 340 MIBACULIS
1419 271 1663 331 SANCTI
1703 265 2061 324 Bl-lN'EDlCTl
2104 265 2279 319 LIBRI
2323 265 2458 321 Ι)υο
2509 297 2577 306 -—
2608 266 2804 320 LIBER
2836 266 3120 323 PRIMUS'

3516 269 3624 326 806

378 429 606 485 regnum
641 413 782 467 diem
822 411 1072 470 abeunte,
1105 402 1330 460 Carolus
1359 398 1473 466 ejus
1512 394 1670 454 ﬁlius,
1697 388 1785 457 qni
1811 385 1953 437 Simo
1982 385 2029 439 A
2058 380 2165 485 bile
2218 384 2486 447 redueret,
2516 395 2569 439 et
2615 395 2789 441 tamen
2821 388 2948 457 quid
2980 388 3271 459 aliquando
3300 389 3482 456 fuerit,
3513 409 3628 449 nta-

382 508 500 577 jlex
528 515 715 576 postea
757 518 838 557 est
865 503 1060 562 dictus,
1095 499 1144 551 in
1176 495 1330 549 cunis
1371 504 1542 544 aevum
1583 496 1778 579 agens,
1804 485 1953 545 pulte

381 575 606 651 orbatus
639 594 918 648 remansit.
964 589 1129 658 Cujus
1157 595 1366 638 tetatcm
1406 575 1644 632 Francim
1692 575 1956 664 primores

380 683 762 756 incimgrnam,
795 690 1030 744 ut‘erat,
1063 675 1375 732 exi-recula:
1412 660 1762 721 dominationi
1814 655 1958 710 arbi-

389 780 537 836 trati.
564 777 797 830 maxime
821 790 938 826 cum
959 771 1070 839 jam
1104 765 1317 822 recidivi
1348 761 1798 815 Nortmannorum
1823 763 1958 800 nun-

383 871 658 920 tiarentur
682 875 874 923 motus,
898 860 1176 914 consilium
1207 857 1271 908 de
1305 850 1529 905 sunnnis
1555 847 1740 897 ineunt
1766 840 1947 891 rebus.

382 960 719 1026 Sapereraut
773 955 876 1007 duo
910 951 1001 1004 filii
1048 945 1293 1001 Botberti
1333 961 1344 994 :
1375 943 1571 998 senior,
1599 934 1713 1029 Odo
1746 928 1960 1029 diceba-

383 1019 510 1112 tur;
549 1048 843 1100 llotbcrtus
891 1043 1044 1102 alter,
1078 1049 1282 1108 patrem
1332 1031 1547 1086 nomine
1583 1024 1837 1078 referens.
1885 1019 1960 1070 Ex

382 1140 468 1193 his
496 1139 756 1207 majorem
783 1145 904 1187 natu
931 1131 1167 1184 Odonem
1197 1123 1407 1183 Franci,
1436 1121 1557 1172 licet
1584 1115 1959 1208 relnelanteﬁm,

383 1201 618 1282 tutorem
670 1224 821 1296 pueri
857 1222 1111 1291 regnique
1147 1218 1356 1285 elegere
1393 1213 1826 1281 gubernatorem.
1861 1201 1962 1266 Qut

385 1331 568 1372 mente
616 1317 876 1384 benignus
903 1323 955 1366 et
1001 1309 1305 1378 reipublicae
1339 1306 1518 1357 hostes
1551 1295 1784 1351 arcemlo
1830 1303 1964 1347 stre-

386 1428 488 1465 nue.
517 1410 731 1481 pra-fuit
781 1418 835 1461 et
881 1404 1160 1475 parvulum
1207 1400 1406 1467 Optime
1444 1395 1590 1454 fovit,
1636 1385 1965 1481 atqtteado~

384 1479 612 1554 lescenli
655 1509 709 1552 ct
737 1514 831 1551 sua
865 1493 1127 1564 repetenti
1178 1490 1444 1560 patienter
1476 1499 1635 1553 regna
1669 1479 1901 1541 refudit;
1935 1490 1963 1528 a

386 1609 494 1658 quo
546 1600 700 1659 parte
757 1588 902 1656 regni
950 1586 1258 1645 redonatus,
1292 1578 1467 1648 quoad
1516 1577 1650 1627 vixit
1702 1581 1962 1638 tempore,

387 1685 636 1736 hostibus
689 1680 944 1734 terribilis
983 1679 1140 1745 eique
1186 1689 1398 1742 semper
1434 1669 1643 1724 exstitit
1667 1666 1858 1720 fidelis.
1886 1663 1967 1716 Ab

2059 471 2251 526 nifeste
2280 487 2555 543 appareat.
2607 477 2660 530 ld
2705 493 2770 529 eo
2814 479 2914 531 loci
2945 480 3106 532 situm
3145 490 3229 534 est
3277 498 3383 550 quo
3416 491 3630 540 torrens

2059 560 2251 614 Codro:
2282 564 2614 618 Garumnam
2648 565 2845 628 influit,
2871 569 3060 620 turrim
3094 569 3382 623 lateritiatu
3412 572 3462 623 in
3489 589 3632 624 mar-

2059 652 2182 721 gine
2231 656 2514 707 memorati
2555 660 2808 711 torrentis
2848 668 3156 712 extrui-tam
3207 662 3430 724 habens,
3463 675 3492 714 e
3527 678 3630 730 qua

2059 753 2111 795 et
2141 745 2402 798 adventus
2433 749 2739 813 pnevideri,
2768 759 2819 802 et
2847 751 3122 818 ingressus
3148 752 3424 806 ltustilium
3457 756 3632 823 possit

2061 836 2232 888 arceri
2284 838 2522 899 navium,
2555 839 2820 907 sinmlqne
2879 852 2934 892 ut
2991 842 3177 896 classis
3219 847 3383 909 regia,
3430 849 3634 916 alisque

2062 927 2492 982 adversariorum
2521 933 2901 999 impedimento
2932 936 3186 990 fabricata
3224 939 3276 992 in
3319 941 3536 1004 minori,
3567 942 3634 995 ad

2063 1016 2257 1071 fluenta
2287 1021 2503 1086 majoris
2525 1024 2880 1077 deduceretur
2897 1029 3090 1081 amnis.
3124 1029 3294 1083 llabet
3320 1047 3446 1085 vero
3462 1035 3637 1088 eccle-

2064 1109 2196 1161 siam
2247 1111 2495 1178 atnpliori
2544 1113 2788 1167 ecclesia:
2815 1115 3178 1181 coniunctam,
3208 1122 3345 1173 miro
3375 1138 3536 1190 opere
3571 1138 3632 1176 ex

2066 1201 2326 1254 lateribus
2354 1202 2673 1257 fabricatam
2705 1224 2717 1257 :
2755 1207 2806 1259 in
2835 1225 2936 1275 qua
2965 1210 3026 1277 (si
3053 1211 3186 1263 bene
3210 1213 3318 1264 visa
3353 1215 3634 1284 recordor)

2065 1295 2433 1362 permodicum
2486 1296 2716 1352 habetur
2765 1303 3193 1371 sarcophagnm,
3226 1305 3276 1356 in
3323 1321 3428 1372 quo
3468 1306 3639 1359 frater

2068 1385 2322 1438 Ludovici
2374 1385 2452 1439 Pii
2499 1388 2747 1457 geminus
2799 1390 2896 1460 (6⁸)
2955 1406 3074 1445 esse
3121 1404 3341 1462 putatur
3369 1397 3632 1465 sepultus.

2069 1474 2193 1528 Inde
2213 1476 2375 1528 etiam
2404 1475 2650 1545 Magnum
2682 1478 2932 1533 Carolum
2972 1480 3300 1536 Garumnam
3333 1487 3636 1547 translisse,

2071 1567 2342 1636 llispanitc
2364 1569 2686 1624 Christianis
2723 1574 2996 1641 suppetias
3030 1574 3313 1639 ferentem,
3349 1579 3529 1644 ibique
3555 1596 3641 1632 rc-

2071 1660 2253 1723 diisse,
2293 1659 2428 1713 liber
2471 1662 2600 1715 Vita:
2624 1663 2740 1730 ejus
2780 1663 2964 1718 refert.
2998 1664 3103 1720 Sed
3148 1667 3215 1722 de
3253 1668 3337 1723 his
3375 1670 3508 1724 satis
3561 1671 3642 1725 di-

390 1779 494 1830 hac
532 1774 754 1827 fraterni
800 1768 1204 1824 mansuetudine
1252 1764 1413 1817 animi
1450 1763 1500 1814 in
1532 1770 1738 1814 tantmn
1796 1756 1963 1809 frater
1996 1762 2038 1820 B
2068 1762 2214 1805 ctmn
2236 1768 2247 1779 ·
2281 1768 2421 1807 nunc
2450 1756 2782 1823 propositmn
2815 1774 3200 1826 exsequamur.

387 1870 505 1937 ejus
545 1865 811 1919 aberravit
849 1863 1138 1916 llotbertus
1167 1868 1245 1923 ut,
1281 1874 1345 1911 eo
1374 1855 1646 1915 defuncto,
1677 1851 1801 1919 quia
1841 1862 1964 1916 pars

396 1960 698 2030 regiminis,
749 1974 907 2027 quam
959 1967 1248 2025 germanus
1295 1963 1422 2003 suns
1470 1947 1584 2000 Oilo
1641 1941 1962 2000 tennit,non

390 2051 818 2112 redhibcbatur,
859 2047 1030 2117 palam
1067 2042 1403 2114 tyrannidem
1461 2036 1738 2090 invaserit.
1791 2033 1964 2098 Quam

387 2158 609 2195 causam
639 2139 974 2210 aquiloaalcs
1019 2136 1220 2206 populi,
1251 2135 1351 2188 sibi
1387 2148 1489 2185 non
1540 2130 1848 2184 obfuturum
1880 2141 1966 2178 ar-

387 2235 599 2297 bitrati,
633 2249 757 2286 cum
789 2232 991 2284 scilicet
1037 2230 1202 2282 totius
1250 2224 1486 2296 regionis
1534 2221 1738 2276 incolic.
1773 2216 1966 2272 studiis

389 2327 443 2381 in
475 2327 687 2380 diversa
726 2323 1009 2394 porrectis,
1049 2319 1301 2374 concordi
1333 2328 1671 2384 nequaquam
1703 2312 1965 2363 adversus

386 2431 482 2471 eos
515 2416 840 2470 rebellarunt
887 2413 1254 2478 animositate,
1287 2409 1410 2464 totis
1434 2403 1850 2462 incumbcmlutn
1887 2415 1967 2454 ra-

389 2509 530 2577 pina:
569 2507 774 2559 viribus
801 2507 1114 2559 decernunt.

461 2597 512 2649 7.
555 2597 613 2650 Et
646 2597 768 2665 quia
814 2596 965 2650 nobis
992 2597 1058 2648 ad
1098 2608 1331 2663 |)l':l‘SCZlS
1369 2607 1471 2644 nou
1501 2589 1637 2642 bella
1670 2602 1854 2656 regum
1883 2594 1964 2638 tu-

391 2687 662 2741 tnnltusve
702 2687 938 2755 gentimn
974 2685 1238 2738 disserere
1270 2682 1448 2734 animo
1478 2679 1808 2748 propositum
1858 2686 1964 2736 est,

390 2779 634 2847 qninimo
661 2776 918 2830 tniracula
973 2790 1068 2845 per
1118 2773 1484 2828 bealissiunnn
1519 2779 1716 2824 nostra:
1747 2767 1966 2820 vilitatis

393 2873 690 2931 alumnum,
729 2871 834 2924 Deo
865 2879 1143 2938 operante,
1177 2875 1384 2936 patrata
1420 2862 1785 2922 Benedictum,
1816 2873 1966 2914 mens

391 2979 642 3033 promere
688 2963 868 3033 gestit,
914 2963 977 3015 ad
1022 2976 1083 3016 ea
1133 2958 1448 3029 explicanda
1485 2953 1803 3008 veniendmn
1859 2960 1962 3006 est.

394 3056 510 3112 Non
535 3074 660 3112 vero
693 3076 788 3112 nos
835 3059 1036 3112 idcirco
1061 3072 1182 3110 eum
1215 3065 1413 3108 nostra:
1439 3049 1659 3104 vilitatis
1686 3056 1964 3101 auctorem

2679 1887 2905 1942 CAPUT
2945 1889 3007 1943 ll.

2072 1975 2381 2051 firiimililits__
2407 1995 2496 2031 rex.
2534 1978 2982 2034 Nai-nummorum
3027 1993 3265 2036 moramr
3309 1984 3582 2051 Floriaci;
3609 2004 3641 2040 α

2136 2048 2624 2125 sancioﬂeuedicto
2648 2051 3100 2125 aristiscudaver
3122 2056 3174 2107 in
3198 2053 3491 2125 Sequanam
3519 2048 3644 2110 niis-

2137 2133 2274 2170 sum.
2312 2118 2517 2188 Effigies
2549 2120 2663 2186 eius
2704 2120 2960 2176 I"ioi'iuci.

2137 2210 2189 2263 9.
2235 2211 2402 2280 Igitur
2455 2212 2750 2266 innumera:
2786 2213 3284 2272 Nortbmannorum
3326 2218 3640 2289 phalanges,

2067 2317 2229 2373 super
2253 2320 2388 2372 quas
2421 2303 2713 2359 Bainaldus
2743 2323 2964 2376 regnum
2996 2309 3331 2375 obtinuerat,
3357 2313 3644 2382 quamplu-

2069 2398 2220 2450 ribus
2254 2396 2425 2466 longis
2462 2412 2571 2451 usa:
2607 2399 2858 2463 navibus,
2898 2417 3066 2469 usque
3089 2403 3154 2454 ad
3182 2406 3460 2472 superiora
3490 2405 3646 2475 Lige-

2068 2489 2142 2542 ris
2171 2501 2546 2556 percursantes
2579 2500 2773 2544 cuncta
2813 2492 3116 2546 devastant.
3151 2493 3391 2549 Tandem
3437 2497 3503 2548 ad
3535 2510 3645 2549 cte-

2068 2583 2288 2633 nobium
2345 2591 2426 2635 ter
2455 2583 2597 2636 beati
2660 2584 2877 2652 Deoque
2926 2585 3107 2640 dilecti
3158 2586 3470 2653 Benedicti,
3501 2591 3643 2658 quod

2068 2669 2372 2724 Floriacum
2407 2673 2626 2738 dicitur,
2672 2673 2968 2730 Bainahlus
3021 2692 3145 2730 cum
3178 2678 3291 2731 suis
3343 2681 3640 2749 attingens,

2068 2775 2294 2813 vacuum
2320 2762 2711 2816 habitatoribus
2732 2767 3048 2835 cunctisque
3071 2770 3392 2824 necessariis
3421 2770 3646 2823 offendit

2069 2854 2248 2916 rebus,
2279 2854 2528 2906 domibus
2567 2854 2831 2910 duntaxat
2867 2858 3126 2926 exceptis,
3162 2859 3425 2927 siquidem
3451 2876 3643 2915 mona-

2066 2947 2153 2998 chi
2186 2962 2307 2999 cum
2355 2961 2583 3016 corpore
2628 2962 2842 3016 semper
2897 2950 3207 3003 nominandi
3248 2949 3426 3006 Patris
3475 2954 3644 3008 nos:ri

2072 3037 2346 3091 Benedicti
2379 3039 2445 3091 ad
2487 3039 2682 3091 tutiora
2716 3054 2774 3092 se
2812 3040 3149 3095 contulerant
3174 3041 3309 3106 loca,
3354 3042 3646 3098 Lamberto

395 3147 650 3213 fatemur,
686 3150 836 3218 quasi
880 3165 977 3203 nos
1031 3149 1142 3216 ipse
1188 3146 1320 3199 viles
1363 3143 1574 3206 fecerit,
1607 3156 1790 3194 verum
1839 3139 1966 3208 quia
1997 3103 2040 3164 C
2075 3139 2201 3182 ιιιηο
2257 3128 2450 3183 abbate
2483 3129 2583 3198 pia:
2628 3130 3006 3186 sollicitudinis
3042 3148 3166 3202 erga
3195 3149 3287 3187 eos
3316 3150 3502 3187 curam
3557 3151 3648 3204 ge-

397 3256 496 3294 nos
537 3242 773 3310 abjcctos
810 3241 1215 3308 deSpeetosqne,
1255 3235 1520 3290 nulliusve
1566 3231 1822 3287 momenti
1854 3229 1970 3283 exi-

397 3340 621 3393 stentes,
654 3332 718 3384 ad
758 3332 856 3385 hoc
887 3347 982 3384 suo
1026 3331 1327 3382 interventu
1359 3342 1420 3378 ac
1451 3341 1544 3379 sua
1571 3340 1673 3393 0pc
1709 3337 1970 3392 provexe-

399 3423 468 3476 rit
514 3430 674 3486 ut,et
719 3421 834 3493 ejus
884 3423 1063 3477 laudes
1094 3435 1338 3490 promere
1368 3427 1419 3471 et
1453 3415 1714 3489 quidquid
1767 3414 1816 3466 in
1873 3427 1970 3465 nos

399 3515 590 3574 salutis
613 3533 706 3568 seu
740 3516 984 3569 utilitatis
1008 3515 1340 3583 quiverimus
1361 3523 1672 3581 agnoscere,
1700 3515 1818 3576 post
1869 3505 1969 3558 oo—

398 3607 602 3659 minnm
626 3609 672 3660 ci
703 3607 993 3660 debeamus
1025 3606 1310 3673 imputare.

468 3699 520 3752 8.
565 3698 870 3769 Propltetici
909 3701 1088 3767 itaque
1139 3713 1234 3750 nos
1265 3710 1530 3749 memores
1577 3691 1812 3747 existere
1843 3703 1969 3742 ora-

401 3788 529 3852 culi,
561 3804 667 3857 qno
693 3788 892 3842 dicitur
921 3790 988 3841 ab
1028 3787 1275 3856 aquil0ne
1321 3799 1481 3838 omne.
1533 3782 1719 3836 venire
1772 3778 1970 3832 malum

401 3879 538 3948 (λεν.
569 3879 739 3949 1,-1.4),
765 3896 825 3934 ac
850 3881 891 3933 si
921 3864 1227 3948 specialiter
1269 3877 1319 3929 in
1353 3891 1450 3928 nos
1477 3872 1692 3940 prolati,
1717 3871 1972 3937 frequens

401 3972 547 4040 cogit
579 3980 995 4025 menoralorum
1043 3967 1318 4021 inl'estario
1351 3979 1680 4033 paganorum
1706 3960 1795 4030 qui
1830 3975 1858 4012 e
1886 3975 1973 4025 ge-

405 4051 564 4113 nuina
617 4076 711 4114 sua
746 4060 952 4122 tellure,
1000 4060 1170 4112 instar
1211 4068 1580 4125 apum,snper
1626 4061 1838 4104 nostras
1873 4062 1973 4100 sre-

404 4150 647 4218 pissime,
672 4159 728 4201 ut
759 4147 964 4218 praefati
1002 4163 1210 4209 snnms,
1239 4143 1548 4214 provincias
1576 4154 1806 4194 examen
1839 4136 1973 4190 ell'u-
2012 4213 2015 4215 _

403 4244 531 4295 dere
552 4243 882 4309 pne-donum.
933 4239 1033 4307 Qui
1074 4240 1174 4292 hac
1211 4239 1424 4299 ultima,
1451 4235 1516 4287 de
1551 4248 1655 4301 qua
1687 4245 1830 4285 nunc
1879 4243 1974 4282 uo-

404 4333 487 4385 bis
512 4347 688 4385 sermo
714 4342 818 4397 est,
849 4332 1210 4401 expeditione,
1248 4328 1508 4382 Rainahlo
1542 4325 1772 4391 quodam
1805 4323 1970 4385 duce,

2073 3232 2243 3276 rente.
2284 3220 2612 3275 Perveniens
2638 3238 2766 3291 ergo
2794 3223 2923 3276 inibi
2957 3240 3052 3277 rex
3082 3234 3436 3290 memoratus,
3471 3235 3526 3280 et
3577 3241 3644 3280 ex

2070 3317 2298 3384 Captivis
2331 3315 2629 3369 rescisccns
2659 3332 2886 3384 quorum
2919 3316 3191 3370 hominum
3223 3316 3360 3371 foret
3393 3319 3515 3372 talis
3547 3321 3642 3372 ha-

2072 3409 2282 3471 bitatio,
2323 3407 2700 3460 dormitorium
2734 3406 2960 3460 fratrum
3006 3424 3115 3462 sua:
3146 3410 3455 3463 metationis
3499 3410 3647 3464 dele.-

2070 3502 2146 3570 git
2174 3499 2394 3562 sedem;
2427 3497 2478 3550 in
2507 3514 2613 3567 quo
2648 3499 2817 3562 varia,
2851 3507 3035 3567 utpote
3084 3515 3346 3570 paganus,
3376 3501 3502 3554 dum
3551 3518 3647 3570 pa-

2074 3601 2240 3644 traret
2279 3590 2500 3661 flagitia,
2535 3605 2637 3642 una
2682 3591 2918 3642 noctium
2970 3590 3268 3658 quiescenti
3321 3592 3368 3645 ei
3427 3602 3648 3648 sanctus

2071 3684 2238 3736 astitit
2270 3682 2588 3735 Benedictus
2611 3683 2818 3736 duobus
2848 3682 3134 3737 Comitatus
3159 3685 3458 3748 monachis,
3489 3699 3645 3747 unus,

2073 3785 2131 3828 ut
2175 3775 2272 3844 ipsi
2332 3773 2593 3827 llainaldo
2642 3774 2946 3838 videbatur,
2983 3775 3170 3827 media:
3223 3774 3399 3828 :ctatis
3456 3775 3650 3828 robore

2074 3866 2352 3933 praeditus,
2378 3865 2554 3926 alteri,
2585 3865 2806 3931 puerilis
2855 3867 3029 3918 inerat
3061 3866 3334 3919 habitudo.
3394 3864 3649 3919 Beatissi—

2076 3971 2193 4008 nms
2214 3965 2387 4006 autem
2412 3955 2592 4018 Pater,
2621 3955 2828 4007 niveam
2855 3958 3030 4025 capite
3052 3958 3303 4010 canitiem
3329 3958 3648 4026 praeferens,

2077 4044 2321 4097 hacnlmn
2358 4061 2481 4098 vero
2514 4062 2694 4108 mamt,
2727 4047 2798 4098 ita
2841 4043 3110 4111 jaccntem
3139 4046 3400 4099 allocutus
3429 4055 3512 4099 est
3553 4045 3652 4098 ad-

2075 4137 2372 4191 versarium
2408 4155 2420 4189 :
2463 4156 2479 4186 t
2511 4137 2669 4203 Quid,
2706 4138 2974 4206 inquiens,
3015 4149 3084 4202 te,
3112 4138 3392 4203 Bainalde,
3424 4138 3646 4205 offendi,

2075 4229 2216 4298 quod
2251 4243 2333 4281 me
2362 4244 2615 4298 meosque
2643 4245 2670 4280 a
2706 4230 2933 4298 propriis
2954 4233 3236 4299 perturbas
3263 4232 3523 4287 sedibus?
3554 4232 3648 4286 sed

2077 4320 2205 4374 mihi
2233 4320 2484 4390 deinceps
2507 4336 2650 4375 cura:
2689 4321 2809 4385 erit,
2839 4331 2894 4376 et
2923 4331 2973 4376 te
3013 4322 3080 4376 ab
3108 4323 3355 4394 inemptis
3383 4325 3647 4389 inhibere,

405 4431 710 4474 nostrarum
758 4421 1013 4488 reliquias
1063 4422 1372 4487 spinarum,
1420 4424 1679 4484 quantttm
1739 4415 1790 4466 in
1843 4411 1972 4480 ipsis
2001 4440 2052 4500 Β
2078 4423 2132 4467 et
2176 4410 2390 4467 famulis
2419 4414 2643 4477 Christi,
2678 4413 2890 4468 ossibus
2921 4431 3132 4484 quoque
3175 4431 3278 4470 una
3311 4418 3464 4483 meis,
3491 4426 3647 4485 opta-

406 4511 526 4577 init,
552 4514 771 4567 eradere
794 4521 1168 4583 procurarunt.
1198 4510 1363 4578 llujus
1384 4518 1548 4563 testes
1576 4513 1701 4561 sunt
1730 4505 1828 4569 rei,
1863 4520 1970 4559 non

404 4605 599 4667 solum,
632 4613 688 4656 ut
711 4605 822 4674 jam
849 4603 983 4657 .dicti
1015 4604 1178 4656 verba
1226 4611 1492 4656 testantur
1519 4599 1757 4654 auctoris
1801 4597 1974 4651 Adre-
2009 4595 2012 4598 ’

404 4700 567 4761 valdi,
595 4697 900 4767 Sequanico
922 4696 1268 4767 Liget'icoque
1294 4693 1482 4757 littori,
1508 4692 1702 4762 quibus
1726 4689 1976 4744 Neustria
1999 4681 2012 4772 ’-

404 4789 721 4844 nobilitatur
781 4785 1127 4849 fluminibus,
1183 4785 1467 4838 Dordoniaa
1518 4798 1610 4836 seu
1661 4779 1972 4844 Garumnae,

402 4899 629 4953 quarunt
657 4880 949 4950 Aquitania
999 4879 1286 4948 insignitur
1318 4875 1554 4937 fluentis,
1586 4873 1976 4928 adlucrcntium

405 4975 641 5038 urbium,
670 4988 860 5027 verum
905 4971 1063 5024 etiam
1101 4968 1564 5039 prteeminentium
1614 4966 1781 5019 ruina:
1812 4964 1980 5019 aedifi-

403 5069 630 5120 ciorum.
666 5066 818 5118 lnter
844 5079 959 5131 quae
991 5061 1476 5116 eminentissimum
1505 5057 1636 5114 illud
1659 5057 1836 5110 Caroli
1874 5056 2000 5112 Mar.

401 5161 489 5230 gni
519 5155 783 5227 principis
808 5155 1060 5223 palatium
1094 5153 1391 5222 Cassignol,
1415 5152 1588 5223 gloria
1630 5151 1896 5216 quomlam
1923 5157 1980 5204 et.

400 5254 564 5304 decus
593 5263 857 5302 cunarmn
900 5245 988 5298 lilii
1025 5245 1142 5314 ejus
1191 5245 1300 5314 jam
1331 5245 1537 5312 prmfati
1571 5240 1831 5295 Ludovici
1868 5241 2002 5312 Pii,_

400 5343 545 5412 quod
583 5341 651 5392 ita
694 5341 810 5393 Deo
835 5338 1045 5391 inimica
1075 5353 1208 5408 gens
1247 5337 1510 5391 subvertit
1548 5341 1687 5385 utet
1719 5332 1978 5388 inhabita-

2083 4514 2187 4558 tam
2236 4505 2470 4574 quietem
2517 4506 2833 4560 reformare.
2874 4526 2892 4558 ι
2947 4505 3040 4561 llis
3071 4508 3251 4572 dictis,
3301 4507 3462 4577 ligno,
3508 4507 3650 4577 quod

2079 4616 2238 4653 manu
2270 4601 2510 4669 gerebat,
2556 4601 2778 4654 incurvo
2809 4610 2964 4670 caput
2989 4601 3101 4670 jam
3155 4601 3516 4672 expergefacti
3569 4615 3652 4653 re-

2079 4693 2160 4762 gis
2195 4693 2529 4762 contingens,
2559 4693 2938 4760 prwnuntiavit
2970 4694 3256 4746 terminum
3286 4694 3401 4760 ejus
3430 4695 3553 4745 Vilie
3595 4693 3649 4746 in

2078 4786 2328 4854 proximo
2374 4782 2716 4847 adfuturum;
2748 4785 2934 4853 sicque
2984 4784 3224 4837 recessit.
3256 4783 3524 4838 Turbatus
3554 4783 3654 4835 hac

2079 4878 2286 4932 visione
2333 4876 2648 4939 Bainaldus,
2682 4877 2943 4930 satellites
2970 4890 3162 4944 magna
3191 4876 3256 4927 ad
3290 4874 3652 4927 auxiliandum

2081 4965 2181 5020 sibi
2228 4980 2358 5021 voce
2405 4965 2679 5020 inclamat.
2731 4966 2935 5032 Quibus
2971 4967 3379 5018 accurrentilms
3426 4971 3480 5015 ct
3525 4961 3658 5029 quid

2082 5067 2358 5124 pateretur
2376 5057 2852 5125 percunctantibus
2882 5075 2894 5109 :
2927 5074 2945 5105 ι
2977 5055 3223 5118 Quidam,
3258 5053 3431 5122 inquit
3475 5065 3664 5103 mona-

2083 5150 2238 5216 chus,
2273 5163 2376 5202 non
2404 5147 2563 5211 alter,
2594 5157 2650 5199 ut
2698 5149 2928 5208 :cstimo,
2962 5159 3121 5212 quam
3165 5143 3254 5195 ille
3316 5145 3471 5211 hujus
3517 5153 3666 5194 tnaor

2083 5238 2184 5295 loci
2226 5256 2412 5298 senex
2467 5239 2834 5303 Benedictus,
2889 5236 3078 5290 baculo
3128 5236 3390 5289 verticem
3438 5244 3667 5298 tangens

2082 5348 2282 5401 meum,
2317 5328 2547 5387 mortem
2573 5329 2891 5392 minitando,
2927 5325 3160 5378 dolorem
3187 5326 3318 5378 mihi
3348 5322 3672 5396 ingeSsitiu-
