4108 5412
471 333 574 389 807

1529 317 1789 378 AlMOlNl
1830 311 2137 373 MONAClll
2170 294 2662 370 FLOIHACENSIS

3641 306 3749 367 808

471 455 711 518 gentem.
742 462 761 497 ι
787 440 946 501 lubet
967 438 1253 496 confestim
1278 446 1501 492 cunctos
1532 451 1757 507 pervasa
1780 433 2052 490 domicilia

2160 425 2517 481 humanitatis
2585 432 2834 494 respectu
2886 421 2952 478 ad
3007 421 3435 478 miscricordiam
3496 437 3746 477 :erumna

472 540 744 600 deserere,
774 534 1123 600 nativomque
1169 529 1338 583 soluzu
1390 538 1661 596 repetere,
1695 542 1819 581 cum
1863 526 2058 595 quibus

472 632 590 700 ipse
615 628 909 699 profectus,
943 633 1000 677 ut
1037 622 1267 691 patriaut
1296 620 1496 690 attigit,
1522 618 1718 673 crebro
1742 617 2054 672 debilitatus

470 721 713 776 cruciatu
744 717 851 770 vita
883 714 1164 776 discessit;
1201 719 1461 779 tantaque
1489 710 1668 765 subito
1701 709 1966 763 moriente
1992 722 2058 762 eo

470 820 755 867 ventorum
794 806 1027 877 procella
1067 803 1338 859 inhorruit
1364 811 1421 855 ut
1469 817 1575 857 non
1603 801 1776 856 solum
1819 800 2058 854 culmina

472 912 762 965 tectorum,
794 913 983 952 verum
1022 897 1185 951 etiam
1219 894 1581 949 eminentium
1623 895 1912 948 subrueret
1943 908 2057 947 mo—

469 994 550 1050 les
579 993 856 1048 arborttm.
906 989 1258 1060 Captivorum
1292 986 1505 1042 vincula
1545 987 1740 1049 soluta,
1776 986 1900 1056 equi
1961 1000 2054 1040 seu

469 1087 678 1157 reliqua
698 1083 944 1154 jumenta
978 1081 1115 1137 infra
1143 1080 1427 1136 duodecim
1475 1087 1530 1134 et
1557 1094 1621 1134 ee
1657 1077 1890 1147 amplius
1936 1076 2056 1130 mil~

469 1176 648 1241 liaria,
675 1190 705 1230 a
734 1173 1156 1245 Rothomagensi
1181 1172 1314 1225 urbe
1337 1171 1402 1224 ad
1425 1180 1638 1239 pastum
1666 1168 1920 1229 deducta,
1948 1167 2058 1220 dis-

470 1268 644 1340 ruptis
696 1267 1065 1337 compedibus,
1111 1265 1163 1319 in
1204 1264 1419 1319 diversa
1462 1263 1743 1332 fugerunt.
1794 1259 2056 1329 Corporis

468 1362 587 1432 ejus
610 1360 813 1416 tumulo
836 1358 1174 1431 pyramidem
1202 1356 1690 1427 superzedilieatam
1720 1353 2056 1408 validissimo

470 1454 786 1524 accepimus
819 1463 976 1508 terrae
1009 1460 1155 1506 motu
1201 1451 1541 1515 subversam,
1567 1463 1630 1503 ac
1661 1445 1778 1516 ejus
1825 1445 2058 1501 cadaver

470 1545 715 1601 tellurem
744 1561 772 1599 a
806 1560 904 1600 suo
935 1543 1189 1612 rejecisse
1221 1542 1373 1609 sinu;
1399 1540 1545 1611 quod
1575 1537 1731 1595 culeo
1766 1553 1887 1592 cum
1919 1537 2057 1607 lapi—

469 1639 597 1694 dum
641 1638 781 1693 mole
835 1638 1092 1700 insutum,
1126 1636 1178 1690 iu
1222 1635 1533 1705 Sequanam
1586 1642 1667 1689 est
1723 1633 2051 1697 demersum,

468 1730 905 1801 quandoquidem
936 1731 1099 1784 lnnuo
1128 1744 1233 1783 non
1274 1736 1490 1799 poterat
1524 1726 1791 1782 contineri
1829 1733 2050 1779 tectum.

2161 518 2551 571 commovebat
2599 513 2885 583 principis;
2941 514 3154 567 tandem
3184 510 3448 567 Rodulfus
3493 511 3745 581 quidam.

2159 606 2472 680 Burgundia
2501 607 2788 671 oriundus,
2820 606 3066 676 regendae
3084 605 3382 676 praeficitur
3402 603 3743 659 Francorum

2162 703 2369 772 patrize.
2403 702 2504 769 Qui
2536 716 2696 771 quam
2725 715 2948 755 severus
2976 700 3029 752 iu
3062 698 3388 753 coercendis
3416 706 3624 752 sauctm
3648 695 3745 751 Dei

2159 793 2416 849 Ecclesia:
2444 793 2719 848 exstiterit
2773 791 3142 863 praedonibus,
3198 790 3301 845 huc
3350 805 3460 844 uno
3516 789 3747 860 liquebit

2160 885 2434 954 exemplo.

2240 997 2328 1050 11.
2356 996 2623 1050 Ρνωάῑιιιη
2654 995 2782 1051 olim
2805 995 3005 1051 Sancto
3029 995 3321 1051 Benedicto
3336 996 3403 1051 ab
3419 995 3644 1065 llugone
3664 994 3740 1065 (9)

2160 1087 2280 1141 viro
2310 1087 2526 1152 illustri,
2571 1088 2662 1157 qui
2694 1088 2795 1142 fuit
2854 1097 3097 1157 tempore
3144 1087 3431 1156 Dagoherti
3473 1086 3742 1149 Junioris,

2162 1176 2438 1231 donoerat
2460 1178 2645 1231 datum
2668 1178 2733 1231 ad
2751 1177 3018 1248 stipendia
3040 1175 3464 1231 Floriacensiutn
3485 1175 3741 1237 fratrum,

2160 1265 2212 1320 iu
2235 1266 2565 1338 Burgundize
2597 1269 3042 1338 partibussitum,
3071 1267 3338 1323 vocabqu
3362 1267 3739 1337 DiacumUU).

2165 1358 2297 1413 illttd
2326 1359 2543 1428 quidam
2591 1374 2859 1429 perversae
2897 1359 3097 1414 mentis
3152 1358 3307 1413 miles
3332 1359 3399 1411 ad
3437 1373 3565 1413 suos
3611 1372 3743 1412 usus

2157 1451 2358 1520 rapuit,
2386 1465 2485 1505 uec
2515 1450 2719 1520 petenti
2753 1449 2936 1504 abbati
2968 1450 3050 1504 vel
3074 1448 3337 1503 fratribus
3363 1448 3415 1502 in
3435 1448 3526 1519 jus
3554 1448 3744 1502 venirt:

2158 1541 2348 1596 voluit.
2392 1543 2743 1609 Qucrimoaia
2768 1544 2836 1597 ad
2871 1557 2929 1598 se
2955 1541 3183 1613 perlata,
3215 1539 3367 1610 jubet
3421 1555 3509 1594 rex
3550 1554 3744 1608 perva-

2158 1648 2338 1688 sorem
2378 1636 2448 1688 ab
2472 1636 2574 1688 hac
2629 1649 2850 1690 cessare
2903 1635 3227 1689 temeritatis
3274 1632 3597 1703 pertinacia.
3636 1629 3744 1698 Qui

2161 1742 2346 1782 vocem
2374 1728 2593 1797 quidem
2636 1728 2879 1799 jubentis
2905 1729 3130 1795 audivit,
3161 1729 3256 1785 sed
3310 1743 3593 1784 assensum
3653 1742 3746 1797 pa-

469 1823 583 1879 lloe
612 1822 831 1877 interitu
863 1822 1124 1877 memoria
1153 1820 1372 1875 nefandi
1403 1819 1601 1876 abolita
1631 1818 1825 1873 fuisset
1872 1817 2049 1871 homi-
2086 1807 2138 1867 Β
2163 1820 2733 1875 rcntiaccommodare
2755 1820 2985 1876 disudit.
3008 1820 3374 1876 Renuntiatur
3399 1820 3656 1892 principi,
3683 1818 3744 1872 il-

468 1916 555 1969 nis
576 1956 591 1980 ,
625 1930 679 1969 nt
726 1923 965 1970 vetustas
994 1913 1418 1968 Floriacensium
1467 1911 1766 1967 incolarum
1793 1952 1807 1974 ,
1842 1910 2055 1965 curiosa

468 2006 798 2070 futurorum,
824 2021 1184 2061 marmoream
1222 2005 1339 2075 ejus
1365 2005 1556 2074 capitis
1579 2003 1783 2075 fingere
1813 2002 2055 2057 curavis-

468 2112 553 2155 set
582 2097 812 2169 efﬁgiem
852 2098 954 2169 (7).
981 2098 1112 2164 Quae
1146 2113 1290 2151 nunc
1318 2097 1372 2150 in
1406 2096 1594 2150 ultima
1627 2103 1781 2164 parte
1831 2092 2056 2164 parietis

466 2189 712 2246 ecclesiae
735 2189 949 2244 Sanctae
979 2189 1070 2243 Dei
1098 2187 1377 2258 genitricis
1418 2185 1601 2241 Mariae
1627 2201 1692 2240 ac
1722 2184 1907 2239 famuli
1937 2183 2057 2253 ejus

468 2279 762 2341 Benedicti,
788 2279 1212 2347 septentrionem
1242 2293 1457 2345 versus,
1479 2279 1681 2333 inserta
1706 2276 2052 2347 perspicitur,

468 2382 739 2445 quatenus
769 2380 821 2426 et
862 2382 1159 2440 prscsentcs
1189 2379 1245 2426 ει
1293 2370 1532 2426 εεουιιιτί
1560 2385 1749 2424 omnes
1795 2382 2056 2438 agnosce-

468 2472 610 2529 rent,
638 2465 942 2519 interventu
977 2464 1293 2518 eorumdem
1343 2472 1680 2526 sanctorum,
1706 2462 2055 2531 omnipotens

469 2557 612 2612 Deus
642 2556 854 2629 qualem
883 2565 1251 2626 quantamque
1282 2556 1597 2611 exercuerit
1639 2555 1691 2609 iu
1716 2554 1831 2609 suis
1859 2554 2055 2608 adver-

469 2652 629 2708 sariis
655 2654 906 2707 vindictae
928 2652 1296 2708 severitatem.
1335 2651 1486 2705 Adeo
1512 2650 1743 2719 denique
1773 2649 1888 2703 haec
1922 2648 2055 2702 ultio

466 2743 914 2800 Norttuannicam
953 2744 1004 2797 in
1036 2753 1313 2814 posterum
1348 2741 1729 2813 perterrefecit
1777 2741 2053 2795 temerita-

466 2843 578 2891 tem
604 2843 663 2890 ut
685 2851 795 2905 prce
823 2834 1034 2890 caeteris
1057 2834 1243 2890 Galliae
1265 2834 1471 2889 sanctis
1499 2831 1881 2888 beatissimum
1903 2844 2056 2885 reve-

467 2936 694 2983 reantur
717 2926 932 2982 Patrem
972 2937 1216 2983 nostrum
1240 2925 1595 2981 Benedictum
1626 2924 1732 2998 (8).

1090 3036 1315 3095 CAPUT
1353 3036 1438 3093 lll.

477 3127 733 3184 Robertus
746 3129 967 3218 occisus;
987 3126 1484 3218 ALerb'ertuslflqrol‘i
1501 3126 1760 3218 proditor.
1786 3122 2049 3196 Redulfus
2081 3157 2125 3218 Ο

775 3216 886 3254 rex.
911 3200 1225 3271 Exemplum
1254 3203 1318 3253 de
1354 3199 1469 3268 ejus
1490 3199 1760 3269 a'quitate.

543 3315 630 3370 10.
659 3315 867 3371 Interea
894 3315 1190 3371 Rotbertus
1220 3314 1489 3371 affectata:
1517 3314 1825 3387 tyrannidis
1863 3324 2053 3385 poten-

469 3407 600 3463 tiam
625 3408 800 3479 palam
826 3424 1083 3465 exercere
1106 3412 1351 3481 cupiens,
1375 3426 1404 3465 a
1433 3412 1758 3481 quibusdam
1786 3412 2055 3482 episcOpis

469 3501 775 3556 diademate
796 3517 854 3557 se
884 3503 1033 3574 regio
1063 3505 1314 3560 coronari
1359 3519 1424 3560 ac
1455 3514 1668 3576 sceptro
1722 3506 1870 3577 regni
1917 3507 2053 3562 insi«

468 3592 633 3664 gniri,
663 3593 860 3662 partim
891 3594 1192 3662 blanditiis,
1224 3598 1424 3666 partim
1453 3597 1634 3666 minis,
1665 3600 1928 3663 extorsit;
1962 3600 2057 3655 sed

468 3700 814 3755 nequaquam
832 3688 989 3755 hujus
1007 3689 1448 3759 praesumptionis
1473 3690 1823 3746 laetoshahuit
1851 3693 2051 3747 exitus.

471 3775 713 3846 Denique
740 3775 1109 3834 Suessionicis
1130 3780 1181 3834 in
1204 3780 1413 3851 campis
1446 3782 1587 3837 bello
1610 3798 1640 3836 a
1681 3784 1909 3839 ducibus
1953 3784 2057 3839 (ia-

468 3867 567 3922 roli
591 3878 873 3938 exceptus,
900 3870 1119 3942 vitaque
1148 3872 1437 3942 spoliatus,
1473 3872 1602 3929 licet
1629 3874 1907 3930 exercitus
1937 3875 2056 3946 ejus

468 3961 754 4017 victoriam
776 3964 1098 4029 obtinuerit,
1137 3964 1253 4036 ipse
1280 3974 1462 4020 tamen
1481 3965 1703 4021 nefariae
1729 3969 2056 4024 temeritatis

467 4056 704 4125 pretium
729 4054 846 4109 luit.
888 4053 1001 4110 Nec
1050 4065 1232 4110 tamen
1265 4057 1401 4111 socii
1457 4055 1780 4112 defectionis
1830 4058 2054 4113 interitu

468 4144 586 4215 ejus
608 4147 808 4214 territi,
847 4146 1087 4216 perfidia:
1116 4147 1410 4203 deseruere
1440 4150 1869 4214 contumaciam;
1925 4150 2055 4219 quin

472 4237 658 4306 potius
685 4236 989 4292 Hcrbertus
1008 4253 1193 4293 comes
1220 4236 1654 4303 Virmendensis,
1682 4239 1904 4294 infando
1932 4256 2054 4295 sce-

469 4328 582 4384 lere
599 4332 878 4385 dominum
909 4346 1065 4385 suum
1098 4347 1391 4404 regemque
1414 4331 1579 4385 totius
1611 4331 1858 4388 Francia:
1880 4331 2053 4388 Caro-

471 4419 584 4473 lum
609 4420 730 4475 dolo
758 4431 1000 4491 captum,
1032 4422 1493 4493 vinculisquoque
1522 4423 1816 4489 irretitum,
1848 4422 2055 4478 Perou-

2160 1910 2272 1964 lum
2299 1927 2407 1966 non
2431 1913 2607 1967 solum
2640 1927 2867 1982 pervasa
2896 1922 3191 1980 retentare,
3223 1929 3411 1969 verum
3426 1915 3591 1969 etiam
3614 1928 3745 1967 con-

2157 2003 2359 2058 vivium
2386 2017 2453 2058 ex
2498 2004 2819 2060 substantiis
2858 2007 3246 2062 monachorum
3299 2023 3393 2063 seu
3438 2007 3742 2063 incolarum

2161 2097 2211 2151 in
2245 2098 2489 2168 proxima
2522 2098 2658 2154 silva
2687 2099 2789 2155 sibi
2820 2115 3036 2169 parare.
3062 2101 3224 2155 Forte
3254 2116 3349 2156 rex
3399 2100 3746 2155 Antissiodo-

2161 2189 2336 2243 reusis
2369 2188 2521 2245 urbis
2551 2190 2826 2246 domicilia
2881 2191 3175 2259 incolebat,
3222 2206 3345 2247 cum
3384 2192 3609 2247 nuntius
3643 2192 3743 2247 hu-

2150 2278 2453 2347 juscemodi
2494 2282 2574 2337 rei
2608 2297 2773 2338 aures
2838 2282 2956 2353 ejus
2983 2284 3186 2355 attigit.
3211 2284 3314 2352 Qui
3366 2285 3746 2355 inexspectato

2161 2369 2332 2425 milite
2362 2386 2562 2441 equum
2592 2368 2917 2439 ascenderis,
2946 2375 3272 2443 quantocius
3313 2376 3383 2430 ad
3409 2375 3586 2430 locum
3613 2389 3747 2446 pro-

2157 2459 2389 2528 peravit,
2420 2459 2612 2516 relicto
2652 2462 2705 2516 in
2744 2462 2967 2518 civitate
2999 2465 3277 2529 mandato,
3310 2475 3368 2521 ut
3397 2473 3743 2521 armatorum

2159 2552 2418 2605 cohortes
2457 2566 2516 2606 se
2545 2552 2937 2622 digredientem
2970 2554 3461 2626 subsequerentur.
3505 2560 3578 2611 At
3605 2559 3745 2627 regii

2159 2640 2445 2707 satellites,
2484 2641 2626 2696 fama
2664 2643 3064 2713 proficiscentis
3104 2648 3249 2717 regis
3280 2648 3534 2715 permoti,
3565 2657 3747 2703 certa-

2159 2733 2255 2787 tim
2281 2742 2683 2802 prosequuntur
2704 2733 2809 2789 iter
2835 2744 3223 2791 maturautem.
3257 2737 3565 2793 Verebatur
3595 2739 3743 2793 enim

2157 2839 2228 2879 ne
2248 2824 2515 2894 quispiam
2544 2826 2608 2878 de
2631 2826 2896 2888 exercitu,
2932 2828 3114 2897 agnita
3147 2844 3227 2892 re,
3261 2828 3514 2884 :emulum
3555 2830 3746 2883 redde.

2158 2926 2240 2971 ret
2269 2918 2606 2986 cautiorem.
2638 2917 2739 2973 Ubi
2768 2920 2835 2972 ad
2866 2918 3056 2974 silvam
3087 2931 3306 2976 ventum
3360 2931 3466 2987 est,
3512 2923 3746 2997 circum-

2156 3006 2301 3078 cingi
2331 3022 2453 3063 eam
2479 3008 2732 3078 princeps
2782 3007 3016 3080 imperat
3047 3012 3299 3077 armatis,
3350 3011 3744 3067 interminatus

2156 3113 2281 3154 eum
2303 3099 2478 3169 capite
2507 3098 2847 3169 plectendum
2887 3117 2917 3154 a
2964 3101 3117 3172 cujus
3148 3102 3319 3171 partis
3366 3102 3619 3157 custodia
3660 3118 3744 3158 re-

2160 3207 2278 3246 rum
2322 3206 2582 3261 pervasor
2632 3192 3129 3249 ecclesiaSticarum
3185 3193 3311 3266 fuga
3368 3192 3740 3252 delaberetur.

2158 3284 2297 3356 Ipse,
2323 3301 2448 3339 cum
2474 3285 2630 3341 lectis
2650 3284 2914 3356 ju'veuum
2944 3286 3093 3343 silva:
3120 3287 3340 3344 abddita
3374 3290 3738 3359 perlustrans,

2160 3377 2359 3445 reperit
2378 3391 2501 3432 eum
2530 3392 2691 3446 quem
2712 3377 2992 3447 quaerebat
3022 3379 3255 3449 sumptis
3284 3380 3455 3434 armis
3481 3381 3741 3436 resistere

2160 3472 2318 3526 velle.
2348 3471 2522 3538 Quem
2571 3487 2664 3526 rex
2720 3472 2835 3541 ipse
2875 3472 3138 3528 Bodulfus
3176 3473 3367 3528 lancea
3420 3475 3740 3528 transfixum

2161 3564 2308 3620 lnuui
2333 3564 2537 3635 dejecit
2568 3572 2862 3628 mortuum,
2891 3566 3338 3636 apparitoresque
3364 3566 3481 3636 ejus
3517 3567 3609 3637 qui
3644 3567 3743 3621 int—

2165 3655 2459 3709 miueutcm
2531 3665 2820 3710 evaserant
2877 3672 3065 3712 necem
3132 3672 3230 3727 per
3274 3659 3488 3715 diversa
3555 3660 3663 3730 fugi
3685 3676 3741 3713 re

2169 3749 2368 3818 coegit.
2403 3746 2528 3802 llaec
2559 3757 2619 3803 ut
2648 3765 2676 3802 a
2702 3750 2951 3819 patribus
2974 3751 3302 3821 accepimus,
3327 3751 3486 3822 plana
3522 3751 3625 3807 fide
3659 3768 3741 3806 re-

2161 3841 2402 3905 tulimus,
2425 3850 2747 3911 certumque
2784 3841 3049 3897 habemus
3078 3828 3405 3899 venerandae
3457 3846 3743 3899 ntemorize

2159 3932 2471 4003 ingeniique
2521 3933 2815 4005 singularis
2853 3933 3073 3990 Patrem
3106 3944 3355 3990 nostrum
3384 3936 3736 3991 Benedictum

2160 4024 2418 4092 deinceps
2443 4023 2492 4078 ei
2528 4039 2685 4079 suum
2725 4034 2920 4079 contra
2970 4025 3317 4082 adversarios
3370 4026 3743 4081 contribuisse

2158 4115 2445 4183 auxilium,
2476 4116 2746 4187 praecipue
2771 4115 3233 4173 Nortmannorum
3260 4117 3550 4174 debellanti
3577 4132 3741 4173 exer-

2156 4207 2348 4263 citum.

2773 4298 3003 4356 CAPUT
3042 4300 3132 4357 IV.

2162 4386 2584 4462 Floriacensium
2627 4390 2877 4445 abbatum
2914 4394 3193 4448 successio.
3246 4392 3510 4462 Dragmis
3559 4394 3742 4448 novitii

2229 4459 2486 4529 probatio,
2532 4476 2765 4516 secessus
2800 4463 2854 4515 in
2888 4478 3153 4529 eremum,
3210 4459 3464 4529 (curatio;
3514 4466 3741 4519 visitatio

474 4525 556 4564 me
588 4510 788 4566 direxit
818 4512 1105 4567 tenebroso
1133 4528 1355 4568 carcere
1386 4515 1797 4569 rectudendum.
1831 4515 1897 4569 Et
1923 4516 2048 4586 quia
2085 4505 2134 4565 D
2229 4505 2616 4584 gf};,’,‘,;;,,-;,',j

476 4602 625 4673 regni
675 4612 848 4657 status
893 4603 1012 4657 sine
1064 4604 1310 4674 principe
1360 4607 1623 4676 agebatur
1675 4608 1728 4662 in
1762 4606 2052 4674 incertum,

475 4696 711 4749 maxime
741 4712 862 4750 eum
896 4693 1123 4768 llugone
1154 4696 1397 4753 Botberti
1430 4699 1564 4765 lilio,
1594 4700 1683 4770 qui
1715 4709 1838 4770 post
1872 4702 2058 4771 probis

474 4789 783 4844 actionibus
820 4788 993 4860 Magni
1030 4806 1224 4847 nomen
1256 4794 1593 4861 promeruit,
1626 4793 1851 4865 puerilis
1901 4794 2054 4850 obsi-

475 4887 649 4933 steret
671 4887 825 4940 tetas.
853 4896 960 4949 quo
989 4882 1169 4936 minus
1200 4883 1379 4955 regias
1410 4894 1714 4941 assumeret
1743 4884 1972 4952 infulas;
2002 4896 2059 4941 et

476 4969 722 5025 llerberti
750 4980 974 5026 cunctos
1008 4972 1231 5030 haberet
1260 4975 1442 5030 odium
1462 5016 1477 5042 ,
1499 4976 1771 5048 praecipue
1793 4991 1886 5033 eos
1918 4992 2058 5046 quos

546 5123 623 5206 ρ)
646 5123 801 5206 ῌυηο
828 5125 949 5206 loco
980 5143 1299 5206 marmorea;
1316 5132 1562 5206 cernitur
1591 5132 1644 5188 in
1673 5132 1853 5206 lapide
1877 5136 1941 5190 ad
1964 5138 2061 5194 de—

478 5194 763 5249 ridiculum
804 5199 1011 5276 sculpta
1033 5201 1150 5276 ejus
1175 5203 1370 5276 capitis
1412 5204 1640 5273 effigies,
1695 5194 1858 5276 quam
1899 5206 2060 5265 Nort-

479 5280 797 5338 mannorum
827 5272 967 5338 regis
984 5285 1104 5326 esse
1130 5274 1317 5327 incola:
1343 5272 1581 5329 tradunt.

546 5336 623 5380 {Ri
658 5337 798 5380 Itlnm
827 5336 1096 5380 Inﬂantur
1129 5343 1278 5380 ῘὶιιιΙη
1308 5345 1543 5380 ιΙμιιηηηε
1585 5346 1973 5400 Πηῖιιιεηξηηῃς
2003 5361 2059 5400 et

2230 4619 2317 4674 12.
2348 4620 2562 4678 Abbate
2598 4622 2891 4680 Lamberto
2930 4626 3112 4682 carnis
3146 4628 3363 4682 sarcina
3414 4643 3737 4694 exonera'o,

2158 4712 2441 4784 aliquanto
2498 4716 2784 4785 interjeeto
2846 4726 3089 4789 tempore
3147 4721 3379 4791 egregia:
3435 4723 3740 4777 sanctitatis

2161 4806 2301 4873 Odo,
2329 4824 2397 4863 ex
2427 4812 2759 4865 monasterio
2796 4809 2984 4865 Sancti
3014 4812 3244 4878 Giraldi,
3298 4815 3442 4884 quod
3492 4815 3739 4870 Aurelia.

2159 4912 2282 4952 cum
2311 4899 2530 4966 dicitur,
2556 4902 2870 4968 adveniens,
2904 4906 3027 4960 huic
3058 4921 3212 4961 sacro
3243 4908 3500 4977 praelatus
3521 4922 3603 4963 est
3628 4924 3739 4963 cre-

2159 4995 2323 5050 nobio
2367 4996 2506 5069 (ll),
2552 4997 2707 5067 cujus
2736 5000 2789 5054 in
2815 5002 3006 5057 diebus
3043 5018 3105 5058 ea
3137 5018 3258 5072 qua:
3309 5003 3376 5057 ad
3424 5003 3731 5075 sepulcrum

2232 5148 2285 5230 (1-
2287 5155 2345 5230 tt)
2378 5157 2530 5230 vtae,
2558 5160 2676 5230 me,
2705 5168 2861 5230 Vicus
2887 5162 3139 5230 direceSts
3176 5171 3535 5229 l.tttgtmellSIS
3565 5177 3616 5214 ut
3643 5176 3735 5230 pa-

2159 5236 2231 5298 go
2244 5218 2678 5298 ‘Tornodorennsi,
2703 5240 2775 5298 ex;
2802 5224 3034 5281 Rodnlfo
3057 5218 3307 5283 'fortario
3331 5230 3381 5283 iu
3408 5245 3530 5298 cap.
3565 5218 3738 5285 2‘2'De

2162 5291 2529 5380 miraculis
2581 5293 2879 5377 Benedicti,
2914 5298 3444 5380 ἰιιΓΓίι..“Ιξ1“ἱῐ·ι)05ἱ1113
3473 5291 3540 5380 de
3573 5301 3737 5356 Diaco

2162 5362 2285 5400 de”
2312 5377 2321 5379 *
