4108 5412
248 293 350 346 διιε)

989 289 1078 341 1)ιέ
1117 283 1490 340 ΜιιιΑαιίλςρ
1528 284 1584 338 S.
1623 283 1990 338 BENEDICTI
2034 283 2208 336 unm
2250 282 2411 340 DUO.
2452 315 2518 324 -ο
2559 285 2684 338 ΗΒ.
2724 286 2761 339 1.

3396 291 3501 349 810

247 405 424 462 sancti
476 401 809 457 confessoris
842 401 922 453 sui
968 399 1240 454 Benedicti
1291 398 1549 453 Dominus
1607 396 1820 466 operari
1855 405 1898 457 Α
1929 408 2042 451 star
2071 397 2351 468 ﬁguratus,
2380 413 2500 468 qua!
2525 397 2900 454 ilatmnivornis
2926 402 3116 458 ardere
3139 405 3502 464 aestimaretur

247 499 506 566 dignatus
533 502 638 556 est,
670 507 768 546 seu
803 491 855 543 in
908 489 1027 543 aliis
1075 489 1174 544 sub
1229 489 1346 556 ejus
1403 486 1619 541 nomine
1671 485 1822 548 locis,

244 587 408 641 nobis
431 598 605 652 usque
629 595 773 636 nunc
825 579 1097 649 incognita
1147 587 1405 639 manent,
1435 575 1630 643 partim
1687 575 1827 625 anti-

243 676 478 745 quitate,
509 673 708 742 partim
731 670 1055 737 scriptorum
1082 667 1406 738 negligentia
1431 665 1685 719 oblivioni
1713 674 1823 715 tra-

250 766 385 819 dita.
420 763 538 832 Ipse
571 771 750 815 tamen
777 775 842 812 eo
873 771 1143 822 sermone,
1175 772 1337 825 quem
1371 757 1422 808 iu
1455 754 1696 824 ejusdem
1728 752 1827 805 Ριι-

243 856 351 908 tris
382 853 541 907 laude
566 866 630 905 ac
659 852 865 905 honore
891 847 1279 902 iucundissima
1311 847 1533 901 dictavit
1566 844 1826 911 eloquen-

252 946 350 1009 tia,
416 953 683 997 meumrat
735 941 985 996 eumdem
1020 939 1412 994 emirabitur-um
1461 936 1825 1006 legislaturem

250 1036 365 1089 suis
415 1030 754 1103 temporibus
795 1028 980 1084 multis
1040 1027 1426 1082 miraculorum
1473 1026 1715 1080 radiasse
1755 1026 1830 1080 si-

253 1126 393 1196 guis.

323 1215 410 1268 15.
442 1213 512 1268 At
537 1228 604 1267 eo
656 1211 945 1279 migrante,
978 1218 1035 1264 et
1062 1207 1461 1264 Archembaldo
1496 1205 1608 1276 (l2)
1665 1203 1829 1272 hujus

251 1307 397 1362 sacri
429 1306 592 1361 ovilis
647 1303 1068 1359 sollicitudinem
1116 1301 1448 1369 excipiente,
1507 1301 1681 1370 Drogo
1711 1299 1830 1366 qui-

253 1400 412 1461 dam,
442 1397 642 1452 sarculo
679 1411 784 1449 non
807 1394 980 1448 solum
1007 1410 1258 1463 corpore,
1306 1408 1489 1447 verum
1521 1393 1685 1446 etiam
1716 1401 1827 1445 tota

250 1490 550 1561 implicitus
577 1496 775 1549 mente,
803 1487 870 1540 ad
899 1484 1312 1540 conversionem
1346 1484 1513 1538 venit.
1537 1483 1700 1553 Cujus
1725 1484 1832 1554 spi-

251 1582 416 1635 ritum
447 1580 731 1634 mundame
765 1577 992 1631 vanitati
1036 1574 1358 1646 jampridem
1397 1575 1636 1631 deditum
1687 1577 1830 1632 idem

251 1673 425 1726 abbas
458 1669 700 1740 experiri
735 1683 832 1738 pro
878 1677 1030 1722 certo
1068 1666 1254 1724 volens
1300 1677 1482 1722 utrum
1535 1667 1711 1722 adhuc
1761 1683 1828 1720 ex

1929 487 2159 556 ignibus,
2187 498 2327 540 tecto
2348 489 2808 558 apprOpinquabat
2833 494 3081 560 pauperis
3115 496 3329 564 tugurii.
3363 497 3500 553 Tum

1928 579 2083 634 miles
2122 579 2324 634 Christi
2379 581 2446 634 ad
2502 591 2627 636 nota
2687 596 2974 638 recurrens
3021 587 3289 655 przesidia,
3345 591 3505 660 signo

1925 666 2102 720 crucis
2133 677 2308 720 armat
2348 666 2600 733 frontem,
2635 679 2914 740 totumque
2939 688 2998 727 se
3027 675 3286 730 adversus
3315 679 3486 746 phan-

1929 760 2182 813 tastieum
2251 757 2440 826 ol-jicit
2499 762 2848 829 incendium,
2899 780 3108 820 memor
3177 769 3402 837 utique,
3446 779 3506 824 ut

1929 851 2120 919 eoujici
2163 851 2343 915 datur,
2385 866 2607 919 operum
2651 855 2850 909 domini
2883 871 2946 910 ac
2987 859 3227 928 magistri
3276 861 3357 913 sui
3405 860 3508 916 Be-
3606 906 3612 928 τ

1930 941 2151 1003 nedicti,
2181 943 2297 1011 qui,
2337 943 2533 997 divinae
2578 944 3102 1014 gratim'pneventus
3133 966 3374 1016 munere,
3405 953 3502 1007 ad-

1929 1047 2146 1089 urentes
2172 1036 2438 1102 flammas,
2470 1039 2677 1091 vecatis
2720 1041 2785 1091 ad
2813 1055 2938 1093 suos
2968 1041 3155 1096 oculos
3200 1043 3503 1114 discipulis,

1931 1127 2281 1195 imaginarias
2313 1128 2480 1182 fuisse
2541 1129 2842 1184 declaravit
2883 1131 3075 1195 (Gneo.
3121 1132 3213 1188 lib.
3265 1151 3303 1188 ιι
3351 1134 3502 1190 Dial.

1929 1233 2048 1287 cap.
2073 1220 2181 1286 10).
2211 1219 2325 1276 Hac
2348 1220 2493 1275 illius
2537 1224 2840 1276 constantia
2873 1221 3022 1279 fraus
3047 1225 3263 1279 inimica
3295 1227 3514 1282 devicta

1932 1309 2216 1377 disparuit.
2249 1309 2438 1365 Adfuit
2467 1326 2498 1366 e
2526 1312 2756 1380 vestigio
2781 1327 3029 1383 superna:
3058 1315 3390 1371 visitationis
3415 1318 3511 1371 be-

1929 1399 2092 1469 nigna
2113 1401 2432 1468 consolatio,
2471 1411 2528 1457 et
2556 1402 2822 1460 claritatis
2851 1405 3128 1462 immensa:
3148 1408 3509 1465 circumfusus

1930 1489 2157 1556 lumine,
2199 1493 2483 1562 conspexit
2519 1493 2676 1548 simul
2709 1509 2832 1548 cum
2887 1495 3179 1565 splendore
3224 1497 3510 1552 advenisse

1930 1582 2217 1650 quemdam
2241 1583 2460 1654 egregia
2509 1594 2783 1655 eou'rptum
2817 1585 2996 1640 forma
3049 1587 3278 1657 albaque
3321 1588 3512 1657 pallia-

1937 1683 2047 1727 tum
2073 1673 2234 1737 stola,
2285 1675 2379 1745 qui
2411 1676 2463 1730 in
2497 1675 2614 1731 haec
2645 1678 2808 1732 verba
2837 1687 3062 1733 venusta
3115 1679 3336 1734 resolvit
3377 1693 3509 1734 ora:

253 1762 364 1816 Deo
389 1769 555 1822 esset,
587 1759 858 1813 tramitem
890 1757 1155 1827 regularis
1177 1757 1424 1811 excessit
1469 1754 1828 1824 probationis.
1862 1735 1906 1796 Β
1939 1779 1958 1812 ι
1995 1763 2128 1828 Ave,
2197 1735 2394 1832 inquit,
2449 1767 2656 1834 primus
2711 1769 2935 1838 hujusce
2982 1780 3150 1824 vasta;
3202 1770 3511 1825 solitudinis

249 1851 387 1908 Nam
411 1853 680 1920 petiturus
707 1849 953 1912 Romam,
987 1847 1189 1901 animal
1231 1846 1476 1900 sarcinas
1513 1846 1694 1900 itineri
1738 1863 1830 1900 ne-

249 1947 518 1999 CCSsarias
547 1941 732 1998 ferens
755 1957 911 1994 niauu
941 1941 1156 1993 trahere
1179 1939 1386 2007 absque
1409 1936 1571 1992 ullius
1596 1938 1831 1992 evectio-

251 2037 338 2089 nis
370 2034 700 2106 adjumentis
751 2031 973 2101 pedibus
1019 2030 1162 2083 viam
1197 2028 1394 2083 terenti
1427 2028 1737 2098 imperavit,
1774 2037 1832 2081 ut

237 2129 343 2196 qui
384 2126 666 2198 pravitate
717 2138 926 2182 morum
979 2120 1220 2191 reiiquos
1268 2118 1622 2173 srecularibus
1677 2119 1832 2188 nugis

252 2219 708 2273 abrenttttliattles
774 2213 1080 2270 excessisse
1143 2211 1834 2275 credebatur,excederet

249 2311 415 2362 etiam
482 2324 595 2378 pra:
633 2315 853 2361 ostensa
904 2302 1214 2372 abjeclioris
1265 2301 1436 2357 forma
1489 2303 1832 2357 humilitatis.

248 2403 364 2467 Qua
399 2400 488 2454 ille
522 2397 741 2467 injuria,
788 2394 942 2466 quasi
993 2394 1226 2463 quadam
1257 2405 1403 2457 cote,
1458 2394 1524 2447 ad
1567 2394 1832 2447 virtutum

252 2507 481 2546 acumen
519 2504 670 2552 usus,
710 2496 996 2558 postquam
1035 2495 1092 2538 ut
1145 2485 1520 2554 susciperetur
1571 2485 1830 2548 obtinuit,

253 2585 566 2656 praecedere
588 2593 818 2637 cmtcros
852 2580 905 2634 in
937 2577 1230 2634 sanctitate
1262 2577 1385 2630 vita:
1412 2575 1708 2630 nitebatur.

324 2677 413 2731 1L
454 2676 651 2730 Verum
681 2679 985 2726 memorato
1037 2670 1236 2724 abbate
1269 2667 1669 2722 utetrastcrialis
1697 2664 1836 2735 regi-

243 2767 416 2822 minis
442 2775 616 2820 metas
645 2753 974 2833 attingeute,
999 2758 1406 2827 venerabilique
1453 2757 1571 2812 viro
1601 2756 1836 2810 \Vlfaldo

248 2862 300 2916 ei
357 2858 716 2923 succedente,
763 2855 857 2924 qui
911 2863 1033 2924 post
1076 2851 1428 2908 Caruoteusis
1472 2849 1681 2904 exstitit
1724 2849 1836 2919 illi)

250 2951 452 3024 pracsul
508 2950 683 3016 urbis,
721 2946 833 3019 jam
885 2949 1060 3004 dictus
1103 2945 1186 2998 vir
1233 2944 1411 3012 Drogo
1459 2943 1528 2997 ab
1573 2956 1639 2997 eo
1688 2941 1842 3010 petiit

1933 1853 2138 1918 accola,
2171 1856 2392 1910 Christo
2414 1857 2600 1912 diatim
2631 1858 2852 1913 contriti
2874 1860 3054 1914 cordis
3071 1860 3361 1928 placabilia
3381 1858 3511 1915 oﬂ'e-~

1934 1963 2060 2002 rens
2095 1947 2374 2006 libamina.
2407 1949 2829 2020 Fueritquidem
2853 1952 3210 2007 intolerabilis
3225 1954 3347 2008 visa
3385 1968 3513 2022 per-

1936 2035 2024 2091 fidi
2057 2039 2346 2094 tentatoris
2401 2042 2732 2109 pervicacia,
2788 2042 2882 2096 sed
2911 2051 3042 2111 post
3089 2052 3284 2098 ventos
3319 2053 3373 2100 et
3412 2061 3513 2098 nu-

1934 2125 2062 2190 bila,
2097 2129 2407 2197 tranquilla,
2437 2133 2597 2186 crede
2624 2133 2776 2195 mihi,
2830 2133 2923 2186 tibi
2954 2134 3248 2189 succedent
3291 2135 3527 2191 serena.

1935 2215 2200 2285 Propositi
2233 2219 2412 2289 itaque
2443 2221 2524 2274 tui
2559 2235 2626 2276 ne
2672 2237 2854 2277 cesses
2893 2223 3214 2278 continuare
3252 2240 3512 2294 perseve-

1937 2308 2191 2372 rantiam,
2217 2308 2528 2380 alumuique
2563 2312 2636 2365 tui
2668 2312 2943 2368 Benedicti
2974 2313 3225 2370 laudibus
3246 2317 3512 2386 prosequi

1936 2399 2330 2456 celebritatem.
2359 2401 2535 2456 Tuum
2585 2413 2707 2471 post
2746 2404 2862 2458 hare
2887 2404 2994 2458 erit
3039 2403 3342 2460 deliberare
3379 2406 3514 2476 quid

1935 2489 2070 2544 velis
2097 2505 2362 2560 poscere;
2417 2492 2561 2548 illius
2587 2492 2824 2548 studium
2873 2494 3138 2564 postulata
3182 2497 3511 2552 concedere.

1938 2581 2125 2636 Aderit
2168 2582 2423 2652 deinceps
2453 2593 2521 2638 ut
2573 2599 2681 2640 non
2729 2586 2802 2640 sit
2843 2601 3064 2642 necesse
3091 2587 3380 2656 quidquam
3413 2602 3509 2657 pe-

1930 2679 2051 2726 tere
2083 2688 2098 2736 ;
2139 2672 2268 2740 quin
2306 2673 2482 2742 potius
2507 2684 2632 2728 ante
2671 2675 2747 2728 tui
2797 2675 3213 2738 invocationem,
3239 2675 3335 2729 tibi
3368 2691 3513 2744 pra:-

1940 2774 2024 2817 sto
2059 2765 2374 2833 procumbit
2403 2763 2538 2818 fore.
2563 2785 2580 2817 ι
2627 2763 2796 2832 llujus
2841 2766 3252 2834 jucuuiissimae
3283 2766 3516 2821 aﬂ‘abili-

1941 2855 2069 2909 tatis
2093 2863 2370 2910 auctorem
2406 2872 2512 2909 non
2541 2855 2705 2910 alium
2739 2857 3019 2911 solitarius
3068 2856 3155 2910 ille
3182 2857 3294 2928 (15)
3325 2858 3515 2927 procul

1941 2943 2104 2996 dubio
2160 2943 2466 3013 suspicatus
2505 2959 2627 2998 esse
2679 2959 2842 3013 quam
2890 2945 3259 3000 beatissimum
3290 2945 3515 3001 Patrem

251 3042 648 3116 aegerrimeque
697 3038 1007 3110 impetravit
1037 3045 1095 3091 ut
1121 3035 1245 3101 sibi,
1297 3035 1350 3088 in
1378 3032 1688 3090 emnobitali
1724 3032 1838 3086 du-
1869 3077 1913 3138 C
1945 3036 2316 3100 Benedictum,
2339 3037 2386 3088 ei
2410 3052 2510 3106 pro
2540 3051 2700 3106 posse
2723 3051 2792 3092 ac
2819 3036 2962 3091 scire
2988 3036 3283 3108 gratiarum
3306 3037 3516 3092 studuit

252 3147 416 3191 torua
455 3135 694 3206 probato
723 3131 1157 3193 conversatione,
1207 3128 1373 3182 eremi
1405 3126 1731 3196 singularem
1782 3125 1841 3177 li-

247 3234 406 3281 ceret
434 3223 655 3296 aggredi
682 3236 935 3292 pugnam.
959 3220 1129 3287 Quam
1160 3233 1226 3274 eo
1254 3217 1373 3273 loco
1393 3217 1486 3287 qui
1518 3215 1700 3275 Baima
1731 3214 1842 3281 (ιι)

257 3317 464 3370 dicitur
523 3312 754 3367 viriliter
808 3310 1073 3365 adversus
1122 3307 1332 3378 antiqui
1394 3306 1567 3364 hostis
1617 3305 1844 3360 insidias

263 3407 596 3478 suscipiens,
625 3413 826 3474 quanta
851 3411 910 3457 et
939 3399 1120 3471 qualia
1156 3397 1514 3455 teutationum
1545 3396 1842 3452 certamina

251 3498 574 3569 pertulerit,
633 3511 739 3551 non
801 3505 886 3548 cst
933 3492 1093 3561 hujus
1141 3490 1332 3562 operis
1381 3489 1650 3546 evolvere.
1701 3488 1845 3545 Sane

257 3591 388 3642 dum
415 3587 469 3642 in
497 3586 826 3641 contritione
853 3584 1037 3640 carnis
1067 3598 1131 3638 ac
1179 3581 1404 3651 spiritus
1437 3589 1602 3635 lotam
1647 3594 1845 3649 experr-

259 3681 415 3735 deret
442 3679 634 3743 vitam,
661 3687 714 3732 et
739 3675 932 3747 vigiliis
950 3674 1178 3745 jejunia,
1198 3671 1423 3745 jejuniis
1448 3669 1660 3741 vigilias
1683 3669 1845 3725 alter-

262 3772 443 3825 nando
473 3770 836 3833 subnecteret,
883 3768 1164 3839 graviores
1216 3764 1420 3821 iniurici
1477 3761 1692 3834 generis
1740 3762 1844 3816 bu-

261 3863 408 3918 nnni
441 3861 652 3932 perpeti
678 3861 840 3931 coepit
867 3859 1113 3914 insidias.

333 3955 423 4008 15.
467 3951 712 4020 Quadam
742 3965 982 4020 namque
1012 3958 1172 4004 nocte
1197 3962 1317 4017 quae
1362 3960 1526 4000 unam
1567 3943 1846 4000 festivita-

263 4057 376 4100 tum
417 4043 861 4100 excellentissimi
916 4039 1246 4112 legislatoris
1281 4035 1669 4092 monachorum
1695 4042 1844 4089 aute-

259 4138 498 4195 cedebat
528 4136 826 4201 Benedicti,
857 4134 1127 4190 maturius
1186 4131 1414 4203 pervigil
1459 4145 1686 4200 surgens
1723 4143 1844 4183 ere-

265 4229 424 4296 mila,
450 4226 775 4296 explorabat
821 4225 921 4280 sub
969 4225 1060 4280 dio
1088 4235 1412 4293 progressus
1465 4220 1744 4275 stellarum
1792 4216 1846 4271 in

262 4331 390 4374 ortu
449 4320 814 4390 competentis
851 4320 998 4374 hora:
1047 4317 1366 4381 adventum,
1397 4314 1451 4369 in
1509 4327 1615 4384 qua
1645 4312 1757 4367 Deo
1785 4326 1848 4366 ac

1949 3128 2130 3182 nutuia
2165 3143 2598 3199 recompensare.
2629 3128 2772 3184 Ecce
2797 3127 2976 3198 qualis
3002 3144 3066 3206 ac
3094 3138 3328 3198 quantus
3353 3129 3515 3199 hujus

1944 3218 2117 3272 nostri
2149 3217 2476 3288 protectoris
2497 3218 2646 3273 circa
2670 3217 2861 3272 devote
2882 3219 2949 3273 ad
2974 3217 3019 3286 cj
3028 3235 3090 3272 us
3109 3227 3538 3273 sacrosanctum-

1943 3307 2280 3363 excubantes
2326 3308 2590 3362 tumulum
2657 3309 2856 3363 cxistat
2903 3307 3056 3362 favor
3084 3350 3099 3374 ,
3167 3307 3294 3363 hinc
3339 3308 3519 3378 colligi

1947 3399 2112 3465 valet,
2138 3400 2181 3456 si
2211 3401 2284 3455 ita
2313 3415 2551 3469 przesens
2575 3400 2660 3455 his
2690 3415 2906 3470 quoque
2932 3408 3155 3470 apparet
3183 3399 3351 3470 ipsius
3385 3414 3518 3457 con-

1945 3490 2140 3547 solatio
2187 3491 2276 3560 qui
2333 3490 2523 3559 procul
2579 3499 2786 3546 remoto
2832 3497 3233 3545 commaneutes
3273 3489 3331 3545 in
3379 3488 3517 3558 solo,

1945 3586 2060 3654 ejus
2085 3582 2356 3636 humiliter
2376 3598 2434 3636 se
2451 3582 2650 3637 dedunt
2677 3581 2953 3650 obsequio.

2569 3690 2795 3745 CAPUT
2840 3689 2874 3743 Υ
2887 3730 2899 3743 .

1946 3781 2243 3836 Ludovicus
2293 3797 2383 3834 rex
2423 3779 2602 3847 Caroli
2629 3794 2897 3831 successor
2925 3777 3072 3846 ;.ﬁlii
3097 3777 3208 3847 ejus
3237 3778 3364 3832 duo.
3411 3769 3537 3832 Aro'

2258 3862 2450 3904 mutus
2483 3848 2544 3903 S.
2575 3846 2857 3901 Bemdictu
2883 3849 2970 3900 dat
2999 3846 3195 3917 pontus.

2021 3943 2105 3998 16.
2145 3943 2411 3999 Caeterum
2456 3940 2694 3996 .Rodulfo
2742 3957 2866 4009 rege
2916 3938 3185 4002 defunau,
3231 3940 3344 4009 qui,
3393 3941 3522 3998 dum

1948 4037 2114 4090 armis
2145 4044 2422 4105 protervos
2457 4034 2723 4088 Dauorum
2756 4032 3052 4100 compescit
3103 4031 3364 4097 incursus,
3396 4032 3522 4090 Gal-

1951 4129 2048 4183 lias
2075 4141 2243 4197 usque
2271 4125 2443 4180 adhuc
2478 4124 2546 4178 ab
2575 4137 2760 4178 eorum
2791 4123 2990 4192 impetu
3033 4137 3225 4193 magna
3260 4136 3329 4178 ex
3371 4133 3528 4192 parte

1951 4218 2080 4273 facit
2130 4230 2348 4272 manere
2375 4214 2605 4285 quietas,
2637 4226 2910 4269 conversa:
2967 4226 3099 4266 res:
3151 4228 3274 4266 nam
3302 4211 3528 4268 Carolus

1951 4307 2224 4380 ergastulo
2276 4306 2508 4370 clausus,
2542 4304 2802 4366 animam,
2861 4320 2962 4356 non
3010 4318 3224 4373 corpus,
3279 4304 3522 4360 custodia

261 4411 567 4481 protectori
597 4427 694 4467 suo
737 4410 956 4464 laudum
989 4407 1263 4480 praeconia
1296 4415 1485 4462 sancto
1515 4404 1851 4475 persolveret
1883 4420 1930 4480 ι)
1956 4399 2176 4465 exemit,
2233 4398 2541 4466 reiinqueus
2597 4393 2924 4450 Ludovicum
2969 4410 3037 4450 ex
3091 4393 3383 4465 lleadtgiva
3414 4393 3526 4466 (lii)

266 4503 588 4558 Benedicto.
614 4503 720 4558 Sed
751 4502 963 4556 invidus
993 4501 1239 4556 omnium
1286 4499 1550 4553 bonorum
1582 4494 1852 4560 diabolus,

266 4594 592 4650 calliditatis
621 4602 894 4648 consuetae
920 4600 1038 4646 astu
1070 4599 1306 4645 mentem
1337 4587 1454 4655 ejus
1501 4587 1566 4640 ab
1617 4586 1855 4654 iucmpto

263 4689 547 4740 deterrere
575 4685 711 4738 boue
735 4683 968 4754 gestiens
995 4681 1291 4752 proposito,
1324 4693 1496 4733 aerea:
1520 4691 1751 4747 quercus
1775 4677 1856 4729 in-

266 4815 654 4872 Archcmbaldi
685 4831 969 4871 successor
995 4815 1246 4870 laudatur
1278 4814 1331 4868 in
1351 4812 1486 4867 Vita:
1509 4810 1681 4866 Sancti
1709 4807 1853 4864 Odo-

274 4891 362 4942 nis
392 4888 514 4941 loco
544 4887 849 4956 praecitato.

348 4959 470 5030 (l2)
498 4948 651 5030 ls'est
683 4955 1096 5030 Ercamboldus,
1117 4955 1219 5030 qui
1252 4953 1483 5030 regulam
1512 4948 1854 5030 manas-ticum

273 5029 331 5081 in
357 5018 680 5082 incituslerio
706 5024 890 5082 Sancti
924 5018 1160 5094 liernigii
1182 5018 1326 5094 apud
1349 5025 1544 5094 lletnos
1565 5018 1856 5094 restituisse

271 5099 598 5168 perhibetur
640 5099 780 5166 apud
835 5089 1230 5150 Frodoardutn'
1265 5095 1316 5148 in
1372 5092 1625 5148 Historia:
1656 5089 1747 5143 lib.
1782 5104 1850 5149 tv,

273 5187 396 5222 can.
431 5169 522 5220 52.

343 5187 790 5314 ἷὶίῦῗῶλὶιιιιοηνιιι⁵
827 5235 1070 5314 Letharii
1104 5235 1288 5314 regis,
1321 5243 1377 5287 ut
1402 5238 1718 5314 (οηξεξιιηίξιι
1748 5227 1856 5306 fra-

1954 4492 2249 4562 Anglorum
2302 4489 2447 4558 regis
2491 4485 2603 4542 tilia
2661 4494 2989 4554 suscrptunr.
3047 4483 3150 4550 Qui
3203 4484 3530 4540 calamitatis

1955 4595 2193 4655 paternae
2222 4581 2455 4654 procella
2493 4588 2664 4635 semet
2697 4577 2893 4633 involvi
2951 4586 3196 4633 metuens
3225 4579 3290 4632 ad
3326 4577 3532 4648 Anglo-

1959 4676 2223 4739 Saxoncs,
2251 4685 2504 4728 materna:
2522 4669 2792 4725 atlimtatis
2818 4669 3076 4725 invitatus
3099 4668 3292 4740 gratia,
3327 4685 3387 4724 se
3405 4683 3533 4726 ceno

1957 4815 2084 4870 dum
2121 4812 2420 4876 substituit,
2471 4825 2593 4863 cum
2629 4807 2935 4862 liicbardus
2981 4805 3214 4859 Wlfaldo
3257 4815 3538 4859 successe-

1959 4887 2055 4948 rit,
2095 4899 2160 4938 ex
2195 4882 2469 4945 Aimuino,
2503 4880 2642 4934 infra
2671 4893 2792 4945 cap.
2831 4878 2882 4948 Ἰ.

2033 4940 2146 5024 (ιι)
2187 4953 2264 5006 An
2306 4940 2486 5024 Balma
2519 4950 2573 5002 in
2607 4940 2806 5002 tiuibus
2851 4942 3206 5024 Βιιηειιινιίφτ
3232 4940 3543 5024 ubi-Berlin

1961 5007 2142 5080 abbas
2187 5022 2572 5074 monasterium
2625 5032 2721 5086 per
2768 5031 2896 5069 suos
2947 5007 3200 5072 instituit,
3236 5026 3303 5086 ex
3341 5013 3436 5067 lib.
3471 5007 3548 5060 De

1966 5097 2083 5150 Vita
2117 5094 2174 5146 S.
2199 5081 3054 5146 Οιιι›ιιὶε.ίι1›ι›;ιιίέ(Ἀιιιιὶιινθιιειε,
3080 5095 3213 5150 cap.
3238 5081 3328 5150 it}.

2032 5147 2145 5236 (15)
2187 5164 2488 5236 υνθεθιιθιιι
2545 5175 2664 5236 rum
2699 5157 2854 5236 titulo
2879 5152 3029 5236 ρετιλὶ
3063 5149 3334 5236 retulithin
3367 5147 3554 5236 Metto:

1962 5217 2162 5308 legium
2218 5217 2717 5310 suminBucelinus
2772 5226 2838 5314 ad
2888 5217 3187 5314 2|Aprili‘s.
3231 5217 3553 5314 Pt'ogottft:

3372 5294 3557 5314 ,λίηηνα
