4108 5412
551 149 648 205 ΒΗ

551 356 857 424 regionibus
879 373 1037 427 quam
1074 359 1217 414 inter
1243 375 1369 417 suos
1398 363 1646 421 dominus
1688 369 1732 422 si
1780 369 1916 424 foret
1943 371 1994 425 in
2024 388 2115 426 cu—

545 446 742 512 hicnlo,
777 463 869 502 rex
919 449 970 502 in
1009 452 1290 510 _convivio.
1343 453 1472 509 Post
1503 470 1783 513 excessum
1842 477 1973 516 sane
2011 463 2116 518 Ro-

548 537 675 590 dulli
727 539 864 606 regis
911 539 978 594 ab
1029 539 1252 611 Hugone
1298 543 1489 616 Magno
1551 559 1850 611 remeatus,
1907 554 2112 621 specie-

537 638 703 682 .tenus
737 645 901 700 regno
925 632 1164 688 redditus
1187 643 1268 689 est
1292 638 1484 704 patrio.
1513 638 1678 707 Cujus
1698 641 2111 710 administratio,

539 718 628 786 jus
657 719 1037 777 dominationis
1083 738 1338 780 exercere
1383 727 1645 797 cupienti,
1702 739 1807 785 tam
1838 732 1919 787 sui
1951 749 1980 788 a
2009 733 2114 788 Te-

548 809 764 864 thbaldo
792 812 1204 869 Carnoteusium
1259 819 1456 874 comite
1506 821 1754 889 captione
1785 838 1944 893 quam
1995 834 2114 895 post

550 901 698 967 regni
727 903 1155 972 recuperatione,
1195 907 1366 972 varia,
1420 909 1686 966 instabilis
1724 913 1950 969 fortunas
1993 929 2114 983 pro-

545 1001 726 1059 ventu,
782 993 1158 1066 laboriosaque
1198 998 1273 1052 illi
1315 999 1433 1054 luit.
1465 1000 1514 1055 ls
1550 1003 1684 1058 obiit
1713 1013 1940 1061 mortem
1983 1007 2114 1064 duo.

545 1084 643 1140 bus
699 1087 881 1142 liberis
931 1089 1333 1158 superstitibus,
1382 1091 1636 1149 Lothario
1686 1105 1848 1166 atque
1897 1098 2112 1167 Carolo,

543 1191 676 1244 quos
698 1179 745 1232 ei
782 1179 1052 1250 Gerberga
1082 1196 1234 1235 soror
1261 1179 1509 1249 Othonis,
1543 1184 1902 1241 Itoniaiiorum
1928 1199 2110 1258 postea

541 1267 903 1336 imperatoris,
957 1280 1236 1339 genuerat.
1313 1271 1539 1327 Carolus
1587 1288 1700 1329 avo
1748 1275 1947 1345 junior.
2003 1279 2113 1347 pri-

538 1359 682 1414 vatis
722 1359 1034 1416 in'aédibus
1086 1361 1306 1427 senuit;
1360 1363 1412 1418 in
1463 1363 1829 1420 haereditatem
1898 1383 2109 1424 omnem

539 1448 826 1506 Lotharius
851 1453 1132 1518 successit,
1163 1454 1252 1523 qui
1285 1464 1550 1525 potestate
1595 1457 1737 1527 regia
1783 1459 2000 1516 functus
2028 1470 2112 1516 est

537 1555 635 1610 per
665 1543 880 1614 triginta
907 1551 962 1599 et
991 1558 1056 1599 eo
1080 1530 1308 1614 amplius
1337 1561 1508 1602 annos
1528 1557 1807 1618 perpetua.

608 1633 694 1687 i7.
737 1635 864 1704 Ejus
903 1635 955 1690 in
988 1636 1196 1697 diebus.
1233 1646 1338 1692 tam
1366 1638 1506 1706 apud
1541 1640 1906 1696 sacratissima
1931 1641 2108 1700 Patris
2143 1643 2184 1702 Β

536 1726 706 1780 nostri
739 1726 1015 1783 Benedicti
1044 1741 1168 1782 ossa
1195 1743 1466 1798 quamque
1499 1738 1557 1785 et
1593 1729 1646 1784 in
1679 1731 1800 1786 aliis
1831 1731 1984 1795 locis,
2016 1734 2106 1789 tibi

534 1817 652 1887 ejus
679 1818 981 1872 veneranda
1008 1818 1235 1873 habetur
1263 1820 1546 1885 memoria,
1583 1821 1776 1889 multa,
1817 1834 2107 1893 praestante

542 1908 671 1974 Deo,
723 1923 820 1978 per
863 1909 1111 1964 eumdem
1163 1909 1436 1979 egregium
1487 1910 1852 1968 confessorem
1895 1923 2104 1985 patrata

535 2005 663 2050 sunt
695 1996 972 2059 miracula,
999 2013 1117 2067 quae
1142 2009 1480 2069 posterorum
1518 2003 1723 2057 uetitiaa
1759 2003 1978 2060 Christo
2011 2021 2106 2062 nos

528 2086 749 2150 iuvante
781 2088 995 2142 tradere
1025 2090 1352 2146 adoriemur.
1407 2091 1541 2148 Nam
1571 2095 1841 2151 Arnustus
1884 2099 2103 2168 quidam

533 2181 658 2242 fuit,
690 2183 774 2236 vir
801 2181 1080 2238 saecularis
1113 2184 1316 2240 militia:
1341 2185 1521 2242 clarus
1547 2187 1850 2258 stipendiis,
1895 2192 1986 2262 qui
2036 2194 2104 2248 ab

536 2273 935 2329 Archemhaldo
953 2275 1111 2345 hujus
1134 2276 1240 2331 loci
1263 2277 1455 2335 abbate
1501 2279 1846 2337 beneficiario
1861 2281 1984 2352 jure
2009 2285 2104 2341 ali-

532 2379 638 2432 qna
659 2380 723 2418 ex
749 2366 1180 2434 possessionibus
1218 2372 1530 2426 monasterii
1580 2372 1679 2428 sibi
1711 2375 1905 2430 tradita
1929 2378 2103 2450 ppssi-

533 2455 712 2508 debat.
737 2454 834 2509 Hic
869 2455 1067 2511 oblitus
1091 2457 1517 2529 benefactorum,
1542 2461 1664 2517 ﬁdei
1690 2479 1904 2535 quoque
1941 2481 2102 2536 quam

526 2555 870 2602 sacramento
924 2557 1112 2604 saneto
1160 2551 1520 2622 spoponderat
1563 2553 1871 2623 Benedicto,
1909 2571 1975 2614 ac
2026 2559 2110 2616 illi

529 2657 626 2711 pro
687 2657 844 2712 posse
907 2643 1295 2704 famulanlibus
1355 2651 1678 2717 monachis,
1739 2652 2103 2715 Pauliacensis

527 2729 766 2804 (Pouilly
823 2735 875 2788 in
931 2733 1198 2792 Nivernis.
1251 2736 1307 2791 γ.
1345 2741 1651 2807 Adrevald.,
1702 2758 1823 2814 cap.
1886 2746 2102 2818 δέημα-

533 2821 729 2876 rochiae
757 2824 1016 2892 przcdium
1063 2828 1279 2884 assidua
1327 2830 1640 2888 e-xinanibat
1679 2837 1972 2893 metatione
2022 2838 2102 2912 [id

531 2922 606 2964 est
670 2913 1073 2988 hospitatione].
1117 2918 1214 2973 Cui
1263 2936 1384 2975 cum
1411 2938 1440 2976 a
1490 2921 1746 2982 fratribus
1788 2930 2098 2984 mandatum

525 3008 670 3054 esset
693 3011 750 3055 ut
799 3003 869 3057 ab
899 3004 1014 3070 hac,
1055 3011 1469 3079 praesumptione
1516 3013 1840 3082 quiesceret,
1897 3017 2092 3088 illeque

526 3090 904 3158 obtemperare
931 3095 1255 3165 despiceret,
1287 3102 1462 3156 coacti
1503 3102 1718 3172 fratres,
1752 3107 2093 3179 omnipoten-

531 3185 600 3239 tis
651 3184 860 3243 Domini
924 3190 1265 3249 clementiam
1317 3200 1636 3269 patronique
1687 3203 1767 3257 sui
1816 3204 2091 3265 Benedicti

529 3278 787 3334 auxilium
837 3281 1126 3354 implorare
1153 3299 1453 3360 coeperunt.
1507 3293 1614 3351 Illis
1642 3295 1872 3368 denique
1895 3300 2094 3360 obnixe

532 3373 814 3430 Dominum
855 3379 1191 3447 rogantibus,
1243 3383 1552 3442 adversario
1579 3403 1707 3445 vero
1751 3391 1804 3447 in
1850 3408 1942 3449 sua
1970 3411 2096 3466 per-

523 3463 755 3519 durantc
783 3466 1012 3532 malitia,
1039 3471 1264 3541 contigit
1293 3482 1353 3528 ut
1381 3490 1484 3531 una
1512 3477 1717 3534 dierum
1763 3495 2093 3543 memoratus

521 3554 604 3607 vir
625 3556 908 3624 prandium
935 3557 1035 3615 sibi
1067 3559 1120 3614 in
1152 3561 1414 3631 jamdicto
1438 3567 1640 3638 prtedio
1669 3573 1848 3642 parari
1874 3574 2089 3646 jubens,

520 3643 664 3700 inter
690 3645 936 3703 lautioris
962 3665 1164 3706 mensa:
1202 3655 1408 3725 epulas,
1437 3673 1594 3729 poma
1624 3662 1726 3733 piri
1755 3666 1820 3720 ad
1863 3643 2091 3723 vescen-

519 3737 644 3790 dum
676 3736 872 3808 inquiri
897 3738 1137 3808 juberet.
1193 3745 1234 3799 E
1262 3748 1457 3816 quibus
1495 3767 1658 3808 unum
1691 3770 1849 3812 manu
1882 3766 2090 3827 tenens,

517 3836 640 3897 post
671 3830 864 3886 multas
914 3833 1278 3906 blasphemias
1309 3841 1568 3900 adversus
1625 3850 1920 3906 monachos
1970 3851 2092 3906 Flo-

518 3920 791 3977 riaeenses
816 3924 1070 3992 prolatas,
1097 3926 1460 3998 juramentum
1482 3937 1703 4004 protulit
1726 3942 1974 4008 mendax,
2015 3942 2088 3998 ila

522 4010 772 4079 inquiens
800 4029 812 4066 :
849 4015 992 4071 «Hoc
1017 4027 1204 4086 testor,
1238 4022 1333 4087 ait,
1362 4025 1562 4096 pirum,
1598 4027 1700 4085 hoc
1726 4046 1868 4087 anno
1897 4048 1983 4089 me
2009 4034 2090 4090 eis

518 4099 684 4153 multa
719 4102 1055 4162 incommoda
1088 4108 1468 4180 irrogaturum.
1497 4133 1514 4166 ι
1549 4116 1642 4170 His
1663 4118 1845 4186 dictis,
1877 4131 2086 4191 partem

519 4191 802 4260 pomijam
836 4195 988 4252 incisi
1040 4213 1137 4255 suo
1180 4201 1365 4271 injecit
1410 4205 1514 4271 ori,
1547 4221 1666 4278 quae
1712 4210 1966 4275 continuo
2013 4212 2086 4268 ita

518 4279 891 4350 hlasphemum
949 4287 1202 4360 cppilavit
1257 4302 1442 4363 guttur
1502 4305 1560 4350 ut
1608 4297 1900 4354 interclusa
1955 4316 2086 4358 voce

522 4370 664 4424 nulla
715 4373 919 4429 valeret
969 4392 1217 4446 promere
1245 4385 1428 4439 verba.
1468 4385 1638 4453 Quem
1687 4388 1848 4445 veluti
1901 4393 2085 4447 exani-

514 4474 653 4514 mem
680 4463 784 4528 sui,
812 4465 951 4520 inter
983 4467 1201 4525 brachia
1251 4472 1388 4528 lecto
1423 4475 1739 4544 inferentes,
1791 4480 2083 4537 hortaban-

515 4561 602 4604 tur
630 4561 688 4606 ut
735 4555 1004 4624 pmnitens
1031 4571 1214 4615 eorum
1249 4579 1366 4632 qua:
1406 4565 1601 4634 injuste
1644 4569 1902 4626 intulerat
1954 4574 2084 4628 bea-

513 4641 722 4698 tissimo
753 4645 1173 4716 obsequentibus
1201 4653 1515 4722 Benedicto,
1543 4659 1752 4713 veniam
1797 4660 2081 4732 ﬂagitaret.

513 4731 618 4786 Sed
652 4734 739 4790 ille
764 4737 1010 4807 proloqui
1048 4755 1152 4794 non
1187 4742 1392 4810 valens,
1437 4747 1706 4805 reclinato
1735 4748 1807 4802 ad
1823 4731 2084 4819 parietem

511 4824 708 4893 capite,
743 4828 994 4898 spiritum
1024 4831 1315 4898 exhalavit.
1363 4834 1471 4890 Nec
1502 4852 1692 4906 passus
1712 4851 1795 4896 est
1824 4842 2084 4898 Dominus

513 4916 768 4973 Christus
817 4920 1085 4976 incassum
1112 4925 1309 4980 cadere
1355 4943 1574 4983 suorum
1618 4947 1807 5000 preces
1843 4935 2089 4990 servulo-

514 5021 655 5070 rum,
687 5023 716 5061 a
738 5008 973 5078 gloriosa
1009 5029 1102 5067 sua
1129 5016 1391 5084 genitrice
1429 5018 1594 5074 Maria
1649 5023 1950 5094 dilectoque
1978 5027 2079 5083 sibi

514 5093 770 5166 allegatas
799 5099 1110 5158 Benedicto.

1639 166 1896 224 AlMOlNl
1937 167 2240 226 MONACHI
2283 170 2772 232 FLORMCENSIS

552 263 692 330 tnlit,
726 265 775 319 in
811 267 1501 330 transutarinis_.n'bitratus
1533 287 1587 326 se
1627 278 1875 332 tutiorem
1905 295 2119 335 manere
2153 295 2192 351 Α

3693 186 3798 245 812

2828 289 3054 348 CAPUT
3097 292 3179 349 Vl.

2222 374 2279 430 S.
2312 375 2535 447 Remigii
2585 380 2790 449 festum.
2827 383 3014 439 Enscm
3041 386 3200 466 uitari
3244 386 3299 443 S.
3330 388 3598 448 Benedicti
3628 396 3798 467 impob

2806 470 2932 507 nens
2955 468 3188 524 punitur.

2288 534 2373 590 18.
2418 536 2590 592 Unum
2616 553 2745 594 vero
2767 541 2882 612 ejus
2909 558 3129 612 operum
3180 547 3409 618 insigne,
3447 552 3624 609 Patris
3670 557 3796 612 dico

2216 622 2514 693 Benedicti,
2544 643 2684 684 nunc
2715 631 2995 687 adorimur
3018 649 3307 705 exponere,
3338 642 3479 706 quod
3505 643 3789 711 cujusdam

2219 711 2405 769 fratris
2435 716 2604 772 relatu
2664 734 2755 774 seu
2785 723 3003 792 scriptis
3055 740 3161 780 non
3216 731 3440 801 contigit
3479 737 3791 803 agorisse,

2215 807 2386 873 quise
2423 806 2551 862 illud
2593 824 2624 863 a
2669 811 2916 868 tidelibus
2962 825 3164 872 sancta:
3214 819 3490 878 Remensis
3535 825 3792 884 Ecclesiae

2220 895 2352 949 viris
2404 905 2633 952 testatus
2695 907 2779 954 est
2824 901 3076 958 didicisse
3115 905 3168 958 in
3228 910 3511 966 territorio
3545 912 3788 981 ejusdem

2216 987 2365 1042 urbis
2387 987 2554 1044 fuisse
2584 1001 2815 1061 gestum.
2862 995 3248 1054 Anniversaria
3288 1002 3431 1058 beati
3456 1007 3796 1065 confessoris

2214 1076 2413 1132 Christi
2448 1079 2675 1152 Remigii
2730 1083 2783 1137 in
2832 1086 2991 1142 terris
3021 1101 3088 1143 ex
3143 1106 3290 1146 more
3342 1093 3784 1164 celebrabantur,

2215 1164 2330 1221 dies
2367 1166 2619 1224 videlicet
2665 1170 2837 1229 festus
2864 1182 2918 1228 et
2968 1175 3160 1247 plenus
3215 1185 3552 1252 reverentiaz,
3598 1187 3652 1242 in
3681 1203 3790 1268 quo

2214 1270 2518 1314 concursus
2548 1261 2867 1330 populorum
2920 1266 2988 1321 ad
3037 1269 3155 1338 ejus
3201 1276 3560 1331 venerandam
3609 1262 3790 1334 basili-

2214 1362 2332 1402 cam
2368 1349 2486 1406 ﬁeri
2535 1353 2754 1409 assolet.
2797 1355 2999 1414 Eodem
3031 1360 3118 1416 die
3157 1360 3270 1432 jam
3321 1365 3460 1421 dicta
3511 1369 3791 1442 Cerberga

2215 1438 2419 1508 regina,
2456 1442 2689 1498 tardiore
2709 1444 2823 1514 jam
2861 1447 3205 1509 incumbente
3239 1454 3392 1521 hora,
3432 1473 3653 1514 suorum
3682 1462 3792 1516 cir-

2214 1518 2456 1586 cumfusa
2488 1533 2750 1613 comitatu
2795 1538 2863 1592 ad
2891 1538 3146 1608 templum
3177 1545 3346 1610 venit,
3377 1556 3432 1601 et
3480 1551 3681 1605 accidit
3731 1561 3795 1607 ul

2212 1619 2728 1689 vespertintelaudis
2754 1625 2926 1681 cilicia
2948 1625 3061 1695 jatu
3111 1646 3140 1684 a
3177 1643 3456 1691 cantorum
3487 1640 3656 1695 choro
3701 1642 3792 1695 in-

2208 1709 2400 1762 choata
2424 1707 2737 1768 offenderet.
2765 1713 2894 1782 Quae
2921 1717 3124 1787 pudore
3169 1737 3281 1779 suae
3332 1727 3620 1796 tarditatis,
3652 1745 3787 1787 ωηο

2208 1809 2373 1854 suetae
2399 1801 2648 1858 stationis
2693 1804 2883 1862 relicto
2907 1807 3048 1875 loco,
3087 1823 3303 1883 cryptas
3336 1816 3502 1886 ipsius
3541 1819 3794 1876 ecclesia:

2209 1889 2450 1962 ingressa
2499 1902 2602 1961 est,
2670 1896 2723 1950 in
2770 1899 2967 1968 quibus
3011 1904 3234 1973 pretiosi
3273 1907 3452 1965 Patris
3503 1911 3783 1968 Benedicti

2206 1985 2503 2040 oratorium
2530 1987 2764 2044 habetur
2797 2007 2819 2056 ;,
2847 1993 2938 2047 ubi
2980 1995 3105 2050 dum
3133 1998 3201 2054 ad
3228 2004 3490 2058 orandum
3521 2007 3656 2076 regii
3687 2008 3789 2062 sti-

2205 2081 2419 2142 patores
2462 2089 2587 2131 suas
2612 2075 2889 2135 ﬂecterent
2921 2084 3178 2154 cervices,
3235 2103 3374 2144 unus
3421 2108 3610 2150 eorum
3657 2111 3788 2166 pro-

2209 2171 2372 2220 tcrvze
2406 2168 2724 2224 temeritatis
2746 2185 2878 2227 ausu
2916 2183 3124 2245 spatam
3173 2195 3332 2248 quam
3375 2198 3534 2240 manu
3563 2190 3788 2258 gerebat

2208 2254 2403 2310 altario
2442 2262 2804 2329 superposuit.
2840 2263 3118 2321 Exsecrati
3169 2269 3367 2326 factum
3414 2254 3794 2348 soeii,vgladio

2207 2346 2331 2402 inde
2355 2349 2556 2416 ablato,
2581 2353 2840 2409 adversus
2886 2367 3048 2412 tantze
3071 2371 3344 2416 auctorem
3370 2346 3646 2430 vanitatis,
3697 2369 3788 2423 iu-

2205 2438 2511 2506 crepatoria
2539 2439 2792 2498 invexere
2834 2445 3016 2500 verba.
3051 2448 3256 2516 Quibus
3295 2452 3384 2509 ille
3427 2459 3658 2527 superbe
3693 2476 3784 2514 re-

2203 2526 2456 2594 spondit:
2487 2543 2506 2576 σ
2533 2527 2810 2598 Quaenam,
2839 2531 3108 2603 inquiens,
3138 2537 3190 2593 in
3222 2555 3320 2595 nos
3347 2541 3436 2614 [f.,
3480 2526 3598 2618 vos]
3641 2564 3781 2605 nova

2203 2615 2390 2671 isthzec
2430 2615 2652 2674 incessit
2676 2621 2886 2693 religio,
2922 2633 2984 2679 ut
3007 2637 3286 2697 aggestum
3322 2633 3490 2689 calcis
3517 2615 3784 2694 ac-sabuli

2203 2719 2325 2759 cum
2341 2705 2576 2777 lapidum
2593 2711 2735 2767 mole
2758 2727 2878 2768 meo
2893 2714 3151 2786 judicetis
3175 2737 3304 2779 ense
3330 2722 3447 2781 fore
3470 2732 3776 2787 sanctius?»

2203 2811 2262 2856 et
2293 2804 2466 2862 simub
2505 2823 2628 2864 cum
2671 2812 2856 2878 verba,
2887 2825 3157 2886 receptam
3206 2823 3554 2893 machaeram,
3589 2828 3777 2884 Domi-

2203 2895 2339 2952 nicze
2373 2914 2482 2955 non
2511 2900 2784 2960 dubitavit
2807 2905 3145 2977 reimponere
3166 2928 3386 2970 mensae.
3419 2916 3531 2974 Hoc
3570 2919 3788 2978 faciens

2126 2987 2167 3045 C
2204 2989 2362 3045 tertio
2399 3004 2431 3045 a
2459 2995 2816 3050 contumaciae
2843 3011 2954 3054 sua:
2986 2998 3127 3056 fastu
3166 3003 3398 3062 inhiberi
3432 3024 3536 3064 non
3568 3013 3768 3081 potuit.

2195 3077 2301 3134 Sed
2351 3082 2442 3153 qui
2491 3082 2702 3142 blandis
2766 3087 3044 3147 hominum
3100 3095 3281 3153 verbis
3347 3077 3775 3172 corrigi-noluit

2195 3171 2457 3226 acriorem
2485 3174 2679 3230 divina
2708 3179 3015 3237 severitatis
3050 3184 3484 3256 redargutionem
3502 3171 3563 3246 in
3600 3205 3780 3250 semet

2193 3271 2445 3332 expertus
2465 3275 2568 3321 est.
2594 3266 2726 3323 Nam
2753 3270 3063 3330 discedente
3085 3291 3118 3332 a
3151 3293 3307 3336 sacra
3343 3285 3690 3357 aade‘regina,
3718 3298 3778 3343 et

2199 3351 2314 3422 ipse
2335 3353 2606 3412 discessit.
2639 3357 2884 3431 Cumque
2911 3364 3136 3422 nimium
3171 3371 3254 3425 sui
3285 3388 3508 3429 securus
3534 3393 3598 3432 ac
3629 3382 3694 3433 de
3715 3395 3784 3434 se

2197 3457 2551 3512 praesumens,
2592 3446 2747 3503 ltetus
2774 3465 2901 3506 cum
2951 3459 3294 3516 coenantibus
3346 3471 3401 3518 et
3430 3464 3546 3533 ipse
3586 3481 3774 3522 coena-

2197 3544 2302 3600 net,
2330 3534 2482 3592 inter
2506 3538 2694 3608 epulas
2716 3557 2780 3597 ac
2833 3545 3046 3614 pocula,
3078 3548 3294 3609 labente
3339 3569 3502 3625 super
3547 3557 3778 3630 inguina

2194 3625 2411 3682 cultello
2463 3630 2786 3699 sauciatur;
2829 3635 3022 3693 deinde
3077 3640 3251 3697 elatus
3304 3646 3555 3703 manibus
3612 3625 3771 3705 obse-

2194 3717 2474 3786 quentium
2504 3733 2535 3772 a
2559 3735 2769 3788 mensa,
2792 3737 2823 3779 e
2850 3727 3084 3799 vestigioe
3110 3729 3477 3801 impmnitens,
3510 3736 3777 3793 nimium-

2193 3821 2298 3875 que
2348 3807 2612 3878 lugendus
2665 3813 2798 3879 suis,
2847 3815 3116 3874 infelicem
3167 3822 3442 3879 exhalavit
3489 3829 3772 3899 animam,

2191 3897 2534 3968 ostenditque
2566 3901 2709 3958 Deus
2752 3906 3040 3977 displicere
3086 3909 3187 3967 sibi
3223 3913 3412 3971 aitaris
3439 3918 3524 3972 sui
3557 3897 3780 3976 abomi»

2194 3988 2500 4055 nationem,
2531 3993 2676 4061 quod
2725 3997 2825 4052 sub
2866 4000 3176 4059 nominibus
3218 4019 3494 4062 servorum
3541 4025 3769 4068 suorum

2193 4077 2292 4147 ipsi
2330 4080 2575 4149 dicatur,
2594 4087 2844 4158 quodque
2869 4090 2939 4146 ob
2968 4096 3298 4151 sacrosancti
3323 4100 3572 4169 corporis
3601 4102 3776 4160 Chriw-

2190 4169 2258 4224 sti
2285 4170 2714 4230 immolationem
2741 4177 2970 4247 figuram
2994 4183 3202 4239 obtinet
3225 4186 3423 4242 crucis.

2785 4268 3010 4326 CAPUT
3048 4271 3155 4331 γυ.

2120 4327 2163 4381 Ῑ)
2194 4347 2501 4418 Herbarum,
2517 4354 2832 4446 pra’diorltum
2856 4358 3272 4446 {Volsiniensium
3288 4370 3515 4446 ineasor
3537 4383 3771 4446 percuti.

2613 4437 2700 4478 tur
2724 4427 2908 4483 baculo
2943 4429 3002 4486 S.
3031 4432 3336 4506 Benedicti”

2260 4511 2344 4567 19.
2397 4512 2738 4573 Soliacensis-
2784 4517 3070 4596 [Suiily]
3125 4529 3319 4595 castri,
3365 4537 3507 4603 quod
3554 4555 3586 4592 a
3639 4542 3770 4598 liee-

2185 4604 2432 4661 Floriaco
2478 4609 2650 4664 tribus
2679 4611 2842 4668 distat
2880 4614 3153 4684 millibus,
3198 4637 3480 4692 possessor
3536 4635 3767 4702 quidam.

2186 4697 2484 4755 llerbertus
2530 4702 2707 4758 dictus
2753 4715 2854 4772 est,
2905 4707 3278 4771 Herchenaldo
3323 4697 3758 4798 genitus-patre,

2185 4788 2411 4843 fratrem
2444 4790 2677 4859 habens,
2708 4796 2926 4852 nomine
2954 4788 3442 4877 Archemhaldum,
3476 4788 3755 4875 Turoniue

2183 4883 2440 4940 Ecclesia:
2470 4902 2611 4942 nunc
2643 4889 2754 4960 (l7)
2783 4894 3240 4963 archiprzesulem.
3273 4901 3410 4961 Huic
3455 4907 3763 4969 Richanlus

2181 4981 2510 5035 venerabilis
2562 4983 2729 5038 abbas
2771 4987 2914 5058 (i8),
2940 5004 3220 5047 successor
3269 4999 3468 5056 domini
3513 5004 3756 5075 Wifaldi,

2183 5070 2362 5141 aliqua
2393 5071 2534 5142 juris
2555 5077 2909 5135 ecclesiastici
2947 5086 3143 5150 praxlia
3177 5087 3230 5142 in
3269 5091 3588 5150 beneficium
3622 5113 3748 5154 cen-

2183 5173 2438 5217 cesserat.
2469 5163 2568 5230 Qui
2599 5181 2936 5238 nequaquam
2968 5171 3053 5227 bis
3074 5187 3380 5249 contentus,
3407 5185 3608 5255 reliqua
3631 5205 3746 5258 qua:

2182 5251 2578 5307 carnobitarum
2631 5256 2816 5324 usibus
2855 5258 3095 5331 delegata
3141 5279 3294 5322 erant
3335 5251 3566 5330 nefando
3614 5251 3744 5334 ausu
