4108 5412
270 388 371 446 815

271 504 585 575 diripiebat.
639 503 791 565 Tunc
829 508 989 567 Pater
1023 518 1336 572 monasterii
1380 532 1681 591 cunctaque
1721 540 1852 577 con-

269 592 517 660 gregatio
546 592 615 647 ad
640 609 763 648 eum
796 596 1034 668 dirigunt
1068 612 1354 669 poscentes
1382 613 1458 667 ut,
1492 622 1699 660 memor
1727 609 1846 663 ﬁdei

266 684 623 756 jurejurando
664 692 740 744 eis
771 706 798 745 a
827 707 886 747 se
922 694 1195 764 pollicita»,
1242 714 1329 753 res
1366 714 1557 753 eorum
1596 702 1849 758 invadere

268 780 579 835 desisteret.
625 782 740 848 Quo
788 788 1218 857 parvipendente
1264 806 1454 845 eorum
1501 796 1735 859 monita,
1781 796 1847 850 ad

267 875 588 931 Lot-harium
613 895 815 951 regem,
840 897 933 936 seu
954 884 1143 939 duceni
1160 884 1472 957 ’Ilugonem,
1496 890 1848 957 querimonia?

267 986 376 1026 sua:
421 972 660 1029 ﬂebilem
706 978 1036 1046 tleploraturi
1083 998 1377 1036 aerumnam
1420 984 1647 1051 profecti
1699 996 1843 1041 sunt.

264 1064 421 1134 Apud
468 1082 607 1136 quos
660 1080 772 1124 tum
825 1073 1042 1141 quidem
1087 1090 1275 1142 parum
1327 1079 1690 1147 proﬁcientes,
1752 1098 1847 1150 per

263 1159 587 1230 semetipsos
610 1162 857 1217 eumdem
881 1165 1101 1234 perﬁda:
1125 1169 1321 1223 mentis
1343 1171 1616 1225 hominem
1640 1175 1843 1240 adorsi,

262 1262 425 1305 orant
476 1263 536 1307 ut
584 1255 671 1309 sui
730 1257 1088 1326 misereatur,
1146 1261 1215 1315 ab
1258 1278 1446 1317 eorum
1494 1268 1844 1335 oppressione

260 1348 547 1402 cessando.
580 1346 959 1405 Verumtamen
989 1368 1055 1406 eo
1077 1362 1356 1409 avertente
1387 1372 1595 1424 aurem,
1622 1359 1688 1413 ad
1716 1371 1843 1416 uota

262 1451 553 1496 recurrunt
581 1444 851 1512 prtesidia.
887 1445 1129 1518 Denique
1164 1458 1274 1503 toto
1300 1456 1685 1520 propemodum
1708 1455 1845 1525 ejus-

258 1537 380 1590 dem
405 1538 536 1592 anni
560 1540 1017 1609 quadragesitnali
1052 1557 1291 1615 tempore
1312 1586 1326 1609 ,
1360 1548 1499 1603 inter
1531 1550 1841 1607 litaniarum

257 1629 543 1696 solemnia,
578 1648 683 1687 sua
725 1634 957 1690 Domino
1010 1654 1108 1709 pro
1156 1641 1506 1698 tribulatione
1553 1644 1841 1703 fundentes

256 1732 402 1790 vota,
442 1725 548 1779 duo
580 1742 725 1782 terea
769 1730 1057 1798 pulsabant
1108 1734 1295 1804 signa,
1326 1744 1384 1788 ut
1425 1751 1611 1791 eorum
1661 1741 1839 1797 sanitu

251 1817 540 1875 audientes
568 1821 635 1875 ad
665 1821 841 1889 simile
878 1824 1167 1882 invitarent
1195 1845 1349 1898 opus.

316 1905 545 1963 Interim
584 1910 850 1979 prmfatus
898 1912 1199 1972 Ilerbertus
1238 1921 1290 1974 itt
1328 1936 1441 1976 sua:
1484 1925 1835 1998 malignitatis

249 2011 610 2065 perseverans
642 2006 1283 2077 contmnacia,pessiinis
1306 2015 1549 2081 quotidie
1574 2003 1834 2089 adjiciens

249 2094 464 2165 pejora,
494 2102 729 2169 quadam
769 2115 928 2160 nocte
968 2124 1090 2163 cum
1133 2112 1459 2181 quibusdam
1509 2120 1834 2177 satellitibus

249 2186 301 2238 in
336 2186 741 2246 Wastinensem
776 2211 970 2266 pagum
1001 2199 1153 2254 adire
1194 2202 1550 2272 disposuerat.
1601 2208 1665 2263 Et
1706 2211 1832 2281 quia

242 2275 393 2343 juxta
430 2280 686 2339 Veritatis
718 2301 924 2353 vocem,
949 2290 1037 2359 qui
1057 2292 1289 2347 ambulat
1322 2296 1374 2349 in
1404 2308 1553 2352 nocte
1583 2301 1829 2369 o/l‘endil,

241 2368 367 2434 quia
398 2368 491 2423 lux
522 2372 576 2424 in
603 2389 663 2426 eo
700 2390 803 2428 non
842 2388 914 2430 est
953 2380 1156 2450 (Joau.
1190 2398 1266 2447 x1,
1296 2385 1401 2456 10)
1429 2428 1443 2450 ,
1486 2388 1605 2444 luce
1634 2368 1858 2462 rulique’

242 2474 441 2515 carens
474 2463 736 2519 virtutum
759 2482 825 2521 ac
854 2470 1095 2526 tenebris
1125 2474 1380 2531 obsessus
1411 2478 1683 2547 vitiorum,
1735 2485 1832 2539 oh-

240 2558 509 2611 scuritate.
532 2573 751 2627 quoque
780 2563 1066 2618 mundana:
1093 2567 1272 2621 noctis
1300 2569 1497 2640 impius
1516 2575 1744 2644 quisque
1772 2594 1831 2633 se

240 2660 480 2717 suosque
527 2659 684 2705 actus
734 2653 916 2709 celare
963 2656 1194 2723 nititur;
1225 2662 1317 2715 sed
1359 2662 1483 2718 licet
1529 2666 1823 2737 humanos,

240 2754 506 2808 quantum
535 2747 590 2799 in
619 2746 735 2817 ipso
762 2760 865 2815 est,
908 2750 1113 2807 devitet
1135 2754 1379 2822 obtutus,
1413 2759 1600 2815 oculos
1646 2771 1826 2821 tamen

240 2832 483 2899 Domini,
524 2837 619 2906 qui
671 2853 835 2908 super
876 2840 993 2898 vias
1043 2846 1319 2899 hominum
1366 2858 1493 2903 sunt
1541 2861 1596 2906 et
1638 2870 1829 2913 omnes

236 2940 462 2994 gressus
488 2943 677 2983 eorum
702 2932 1074 3001 considerant,
1092 2936 1325 3010 effugere
1343 2940 1647 3003 nullatenus
1663 2946 1824 3002 valet.

239 3015 356 3074 Non
384 3020 555 3086 enim,
578 3032 649 3076 ιιι
679 3024 876 3081 beatus
905 3026 1005 3083 Job
1034 3036 1264 3085 testatur
1285 3073 1299 3096 ,
1352 3036 1490 3103 apud
1537 3037 1823 3096 Dominum

235 3112 359 3166 tillze.
404 3126 543 3168 sunt
584 3118 821 3172 tenebrat
860 3130 951 3173 aut
985 3123 1178 3177 umbra
1218 3128 1435 3192 mortis,
1490 3138 1545 3183 ut
1587 3133 1822 3187 abscon-

235 3203 435 3257 dantur
461 3204 536 3259 ibi
582 3208 670 3277 qui
719 3222 1015 3279 cperantur
1058 3215 1401 3284 iniquitatem
1439 3219 1574 3289 (Job
1615 3240 1814 3290 xxxw,
1850 3237 1893 3295 (ζ

230 3296 305 3349 ‘22
330 3300 380 3367 η).
412 3300 507 3353 Sic
536 3300 717 3370 itaque
742 3305 809 3355 ab
855 3306 953 3359 hoc
987 3307 1151 3377 impio
1198 3309 1463 3369 llerberto
1508 3316 1685 3372 ablata
1730 3319 1822 3375 lux

232 3404 328 3443 sua
359 3401 467 3455 est,
502 3392 724 3463 ipseque
767 3408 987 3467 repente
1032 3402 1297 3468 sublatus,
1351 3408 1474 3475 quia
1507 3409 1596 3463 ditt
1642 3411 1822 3469 fuerat

230 3492 602 3550 exspectatus.
635 3485 878 3556 Namque
908 3490 1032 3544 dum
1062 3494 1185 3561 equi
1217 3504 1367 3565 tergo
1394 3498 1659 3567 insidens,
1695 3519 1818 3559 cum

230 3574 343 3627 suis
408 3582 673 3630 nocturna
732 3582 1024 3649 adopertus
1085 3584 1316 3653 caligine
1376 3589 1481 3644 iter
1538 3604 1816 3663 carperet,

228 3666 446 3732 aspexit
484 3667 665 3721 subito
706 3671 943 3726 astitisse
982 3672 1139 3730 lateri
1191 3692 1290 3731 suo
1338 3679 1576 3749 aliquem
1628 3701 1819 3741 mona-

227 3753 405 3808 cltaiis
438 3756 659 3812 habitus
711 3761 966 3832 stigmata
1004 3768 1421 3837 prwl'erentem;
1463 3773 1616 3841 cujus
1656 3777 1813 3834 indu-

226 3856 482 3902 mentum
508 3851 740 3906 :etherea
770 3854 1041 3923 claritate,
1072 3867 1129 3912 ut
1162 3871 1283 3929 post
1320 3863 1435 3934 ipse
1465 3868 1579 3922 suis
1609 3870 1812 3934 retulit,

226 3938 632 4009 reSplendebat.
650 3944 691 3997 A
713 3960 820 4015 quo
841 3947 1033 4005 baculo
1057 3954 1198 4021 quod
1216 3970 1326 4024 pra:
1349 3959 1593 4017 manibus
1616 3962 1817 4021 habere

218 4029 731 4097 videbaturyinter
752 4040 1010 4109 scapulas
1054 4042 1225 4111 ictus,
1268 4047 1588 4107 horribilem
1632 4057 1813 4112 emisit

221 4136 457 4190 vocem;
490 4126 680 4197 sicque
709 4130 847 4186 visio
879 4149 947 4188 ex
978 4136 1150 4193 oculis
1172 4138 1288 4209 ejus
1321 4142 1500 4198 ablata
1540 4156 1646 4201 est.
1687 4147 1802 4204 Cir-

221 4216 697 4287 eumequitantes,
749 4222 977 4281 horrore
1018 4230 1168 4283 vocis
1208 4232 1469 4301 pervicti,
1533 4237 1813 4309 inquirunt

218 4306 454 4363 sollicite
503 4310 633 4380 quid
661 4313 711 4368 ei
756 4318 1034 4375 acciderit.
1080 4321 1286 4389 Quibus
1315 4326 1442 4382 ille:
1491 4349 1509 4380 c
1542 4306 1808 4399 Sanctus.

218 4393 428 4463 inquit,
457 4397 810 4469 Benedictus,
840 4423 986 4463 nunc
1017 4412 1145 4466 mihi
1178 4416 1468 4483 assistens,
1518 4422 1695 4477 valido
1723 4441 1809 4482 me

215 4486 415 4542 amisit
446 4491 695 4557 verbere,
730 4510 937 4568 ex\quo
965 4502 1102 4556 male
1134 4505 1339 4563 habens
1357 4510 1640 4570 immenso
1679 4532 1805 4571 crn-

1012 397 1100 455 DE
1136 400 1507 461 numerus
1548 406 1603 465 s.
1647 407 2004 469 BENEDICTI
2047 415 2225 473 LIBRI
2270 421 2426 481 nco.
2473 404 2538 467 —'
2577 428 2704 484 LIB.
2746 430 2785 485 ι.

3426 439 3532 494 8H

1883 533 1927 589 Α
1961 529 2215 596 primrevo
2232 532 2533 602 iuventutis
2552 537 2684 595 flore
2706 542 2826 597 vita:
2854 542 3013 613 hujus
3037 543 3281 615 privatus
3310 562 3533 638 munere

1950 622 2279 688 pravitatem
2314 642 2527 699 quoque
2561 648 2773 686 morum
2803 650 2905 687 non
2936 636 3101 692 valuit
3126 639 3423 710 corrigere.

2540 720 2765 777 CAPUT
2808 725 2935 780 VIII.

2263 804 2551 866 Romaldus
2585 815 2707 868 item
2737 829 2900 871 morte
2929 832 3217 888 correptus.

2018 891 2108 945 20.
2153 893 2447 954 Romaldus
2486 903 2620 959 civis
2660 906 3010 965 Carnotensis
3072 913 3309 977 exstitit,
3374 912 3527 982 cujus

1949 980 2082 1035 silva
2121 994 2273 1041 trans
2299 988 2556 1059 Ligerim,
2586 994 2639 1047 in
2678 994 2960 1067 Segalouia
2990 1000 3077 1071 (la
3104 1001 3334 1072 Sologne
3358 1003 3376 1072 )
3397 980 3524 1065 sita,

1948 1076 2175 1132 conﬁnis
2203 1080 2350 1135 silvae
2375 1097 2536 1151 quam
2572 1086 2681 1142 Deo
2702 1088 2881 1145 devoti
2912 1093 3015 1147 viri
3036 1091 3145 1161 jam
3173 1095 3329 1149 dicta:
3354 1095 3525 1150 eccle-

1948 1171 2043 1225 site
2066 1174 2455 1244 attribuerunt,
2484 1194 2604 1235 esse
2636 1182 2989 1253 dignoscitur.
3032 1188 3083 1243 ls
3114 1204 3256 1246 unus
3284 1190 3525 1246 existens

1947 1276 2133 1318 eorum
2171 1267 2236 1321 de
2271 1270 2469 1337 quibus
2488 1272 2774 1343 Scriptum
2803 1277 2971 1333 dicit:
3012 1278 3273 1344 Quoniam
3312 1283 3526 1351 quidem

1946 1354 2045 1422 ipsi
2088 1359 2333 1415 terminos
2388 1365 2789 1432 transtulerunt,
2850 1371 3279 1444 diripueruntque
3345 1392 3523 1445 greges

1947 1446 2069 1515 (Job
2107 1466 2254 1515 xxrv,
2286 1453 2364 1523 2),
2410 1456 2705 1515 adunatum
2745 1470 2851 1517 tam
2893 1465 2945 1518 in
2990 1465 3122 1519 silva
3156 1466 3211 1521 S.
3244 1467 3522 1525 Benedicti

1944 1553 2216 1611 quamque
2244 1544 2299 1599 in
2328 1562 2425 1601 sua
2456 1549 2588 1603 silva
2614 1553 2680 1606 ad
2704 1557 3031 1623 pascendum
3078 1574 3366 1628 porcorum
3400 1576 3527 1630 gre-

1944 1644 2062 1699 gem
2090 1647 2155 1686 ex
2181 1649 2337 1705 :equo
2366 1642 2556 1708 partiri
2584 1647 2909 1702 conabatur.
2941 1650 3002 1705 Et
3033 1653 3156 1721 quia
3190 1669 3320 1723 pars
3349 1655 3522 1710 saltus

1945 1725 2334 1783 monachorum
2380 1732 2552 1801 major
2615 1754 2775 1808 quam
2836 1730 3004 1813 ipsius
3026 1755 3163 1809 erat,
3201 1763 3363 1817 grave
3417 1751 3524 1806 hoc

1944 1812 2205 1874 fratribus
2241 1820 2550 1881 videbatur.
2587 1828 2742 1886 Unde
2773 1836 3047 1891 communi
3081 1812 3307 1893 cons-ilio
3351 1854 3521 1910 quos-

1937 1907 2062 1962 dam
2084 1925 2149 1965 ex
2181 1927 2278 1967 suo
2302 1915 2526 1988 collegio
2549 1920 2787 1992 dirigunt
2807 1927 2872 1980 ad
2897 1927 3178 1984 Arnuifnm
3200 1907 3522 1987 Aureliano-

1940 2012 2057 2053 rum
2087 2008 2198 2055 tum
2226 2008 2633 2075 pnesulem,cui
2664 2015 2803 2070 idem
2821 2018 2903 2071 vir
2924 2018 3170 2075 beneficii
3188 2023 3362 2091 gratia
3389 2039 3517 2095 per-

1937 2092 2078 2160 cepti
2108 2096 2353 2163 parebat.
2379 2110 2437 2155 ut
2460 2118 2581 2158 eum
2597 2107 2661 2161 ad
2686 2109 3085 2179 tequitatisjura
3119 2130 3212 2168 sua
3239 2092 3519 2173 revocaret

1936 2184 2281 2241 auctoritate.
2325 2189 2525 2246 Verum
2564 2195 2673 2260 ille,
2696 2202 3055 2258 contumacia:
3086 2204 3258 2261 fartus
3294 2208 3515 2279 spiritu,

1935 2274 2183 2329 suadenti
2201 2279 3235 2359 episcopoquatenusjiustitia:tramitem
3250 2274 3514 2369 servaret,

1935 2366 2167 2433 superbe
2191 2375 2469 2440 respondit
2493 2393 2551 2432 se
2586 2380 2762 2438 eodie
2791 2399 2899 2452 quo
2928 2401 3054 2442 sues
3088 2400 3118 2440 e
3154 2387 3319 2443 bosco
3348 2390 3516 2445 abdu-

1934 2459 2088 2513 cendi
2123 2473 2283 2518 erant
2312 2466 2779 2540 interpellantibus
2806 2460 3058 2550 responsa
3078 2483 3351 2551 daturum,
3371 2489 3515 2543 testi-

1939 2564 2096 2605 mans
2125 2554 2292 2609 miser
2306 2561 2478 2615 servis
2495 2560 2589 2618 Dei
2606 2581 2665 2620 se
2679 2582 2799 2636 quae
2814 2572 3512 2647 requirehanLerepturuni,

1933 2643 2218 2704 immemor
2239 2657 2536 2726 evangelici
2571 2660 2773 2730 divitis,
2798 2669 2883 2722 cui
2910 2684 3010 2724 sua
3052 2673 3333 2744 aniplianti
3387 2676 3517 2731 hor-

1934 2753 2021 2793 rea
2077 2742 2337 2802 Dominus
2376 2750 2526 2808 infit:
2560 2753 2749 2822 Stulte,
2776 2760 2875 2817 liae
2899 2774 3046 2818 nocte
3087 2769 3320 2823 animum
3367 2780 3515 2826 luant

1930 2830 2020 2920 obs
2045 2842 2095 2887 te
2122 2849 2436 2905 repetunt,et
2460 2861 2575 2914 qua
2593 2852 2816 2915 parasti,
2844 2854 2997 2921 cujus
3020 2860 3211 2912 erunt?
3233 2858 3384 2921 (Luc.
3412 2878 3511 2929 ιιιι,

1928 2911 2015 2980 ΞΟ.
2050 2926 2065 2992 )
2110 2928 2315 3001 Nempe
2350 2911 2644 2996 Romaldus
2675 2911 2959 3013 praefatus,
3001 2911 3512 3023 anthtta‘inve'lo—c—d

1930 3020 2017 3075 tibi
2067 3022 2257 3094 legatis
2284 3039 2535 3098 porterve
2580 3040 2930 3105 responderat
2974 3044 3165 3113 pedem
3217 3048 3511 3111 movisset.

1928 3110 2076 3167 febre
2101 3114 2305 3185 ingenti
2333 3133 2637 3194 correptus,
2669 3142 2735 3182 eo
2783 3135 3195 3203 usquelanguit
3233 3137 3404 3193 donec
3444 3158 3509 3195 co

1929 3201 2044 3271 ipso
2076 3206 2183 3273 die,
2211 3224 2319 3278 quo
2345 3227 2402 3266 se
2433 3218 2685 3283 sperabat
2714 3224 3044 3290 pauperibus
3066 3201 3266 3283 Christi
3292 3230 3511 3286 suillum

1928 3304 2087 3356 pecus
2113 3293 2181 3347 iri
2202 3306 2470 3365 ereptura,
2499 3311 2673 3358 morte
2696 3305 2982 3363 damnatus
3005 3310 3239 3369 ferretur
3261 3316 3328 3371 ad
3356 3332 3511 3387 sepe-

1926 3382 2184 3443 liendum.
2212 3389 2433 3449 Fratres
2463 3396 2672 3453 interea
2696 3416 2727 3455 a
2750 3403 2987 3474 .reliquis
3006 3406 3162 3475 juxta
3199 3412 3509 3470 condictum

1925 3479 2177 3538 destinati
2213 3488 2279 3541 ad
2312 3489 2523 3559 silvam,
2549 3495 2665 3564 ejus
2686 3500 2993 3567 operientes
3017 3505 3330 3573 adventum,
3359 3524 3510 3565 coin—

1922 3586 2079 3642 perto
2109 3582 2251 3648 qttod
2278 3585 2522 3655 obiisset,
2556 3596 2950 3663 cumportione
2992 3614 3148 3654 snutn
3190 3602 3293 3656 sibi
3324 3604 3509 3662 debita

1922 3672 1989 3725 ad
2036 3676 2253 3744 propria
2293 3688 2416 3733 sunt
2460 3686 2727 3753 regressi,
2768 3688 3153 3748 benedicentes
3195 3696 3504 3766 Dominum,

1920 3766 2189 3837 simulque
2228 3782 2474 3828 sanctam
2514 3777 2713 3833 Christi
2752 3792 2982 3838 matrem
3024 3785 3271 3855 Mariam,
3300 3806 3365 3846 ac
3410 3794 3506 3857 Dei

1918 3860 2176 3917 famulum
2207 3864 2486 3924 laudantes
2514 3870 2881 3931 Benedictum.

2507 3962 2733 4018 CAPUT
2774 3965 2861 4019 ΙΧ.

2252 4048 2593 4108 Florincense
2628 4057 2960 4126 incendium;
2992 4063 3159 4122 aliud,
3506 4120 3511 4125 .

1974 4134 2074 4190 ﬁl.
2116 4137 2382 4211 Tempore
2411 4138 2605 4213 smpius
2629 4160 2692 4200 ac
2719 4162 2841 4202 cum
2883 4156 3189 4209 reverentia
3218 4159 3500 4216 nominan-

1915 4227 1965 4282 di
2003 4231 2219 4288 abbatis
2259 4233 2535 4303 Richardi,
2581 4253 2703 4293 cum
2740 4242 2808 4297 ab
2867 4244 3212 4315 imperatoria
3250 4254 3497 4313 caelestis

1913 4323 2074 4396 Regis
2098 4330 2387 4385 severitate
2409 4331 2478 4387 ob
2497 4337 2876 4394 enormitatem
2900 4345 3272 4409 peccaminum
3302 4350 3464 4408 decre
3480 4383 3497 4394 ο

1915 4426 2024 4473 tum
2054 4424 2429 4490 processisst-t,
2474 4435 2530 4481 ut
2578 4426 2809 4485 flammis
2840 4437 3127 4493 voracibus
3172 4446 3494 4503 venerabilis

1912 4512 1999 4567 hic
2026 4512 2196 4577 locus.
2242 4517 2607 4578 Floriacensis
2653 4526 2878 4593 scilicet,
2933 4536 3149 4598 purgari
3184 4537 3489 4602 debuisset.

210 4581 331 4634 cior
387 4583 602 4638 dolore.
650 4584 759 4641 Sed
809 4606 933 4657 vos,
988 4611 1020 4648 o
1074 4595 1317 4654 ﬁdissimi
1370 4607 1801 4676 commilitones,
1840 4596 1880 4650 υ
1909 4622 2029 4676 quae
2060 4618 2114 4663 et
2151 4623 2370 4679 quanta,
2419 4616 2640 4683 perﬁdis
2672 4621 2889 4690 quidem
2930 4626 3295 4697 despicienda,
3337 4638 3491 4691 nobis

214 4673 598 4697 -Αι-Α-..-Δ--...
666 4694 682 4697 -
728 4679 758 4697 II
998 4686 1009 4697 α
1057 4688 1067 4697 .
1364 4693 1377 4697 -

212 4673 601 4742 retrogradum
656 4679 848 4734 callent
902 4686 1258 4756 arripientes,
1312 4693 1380 4746 ad
1438 4697 1654 4753 domum
1715 4716 1801 4757 me

212 4761 414 4817 referte
461 4780 665 4823 meam:
708 4770 937 4841 indeque
976 4779 1106 4832 mihi
1165 4783 1381 4838 veniam
1417 4787 1796 4858 elllagitaturi,

209 4854 273 4905 ad
292 4854 619 4924 sepulcrum
654 4875 941 4931 properate
964 4870 1287 4929 confessoris
1312 4877 1627 4946 gloriosum.
1664 4901 1682 4933 ι
1717 4884 1796 4939 ΙΙΙὶ

204 4944 322 5012 ejus
353 4948 804 5020 obtemperantes
844 4964 1155 5031 prarceptis,
1195 4944 1333 5022 hinc:
1367 4970 1490 5027 inde
1523 4982 1797 5030 sustenta-

210 5046 321 5090 tum
356 5040 505 5095 unde
545 5042 825 5112 digressus
872 5049 1049 5105 fuerat
1095 5058 1448 5117 reduxerunt.
1500 5064 1603 5129 Qui
1655 5065 1796 5122 inter

210 5145 399 5186 manus
431 5131 794 5188 famulorum.
842 5141 891 5188 in
933 5143 1044 5188 inm
1076 5162 1214 5188 mmo
1260 5154 1383 5188 ηοιις
1419 5156 1604 5188 ιι...;..η
1676 5163 1760 5188 ..ηε

1907 4714 2087 4759 autem
2136 4718 2191 4761 et
2238 4710 2539 4781 quibusque
2584 4731 2775 4771 sanum
2820 4724 3155 4792 sapientibus
3204 4732 3443 4787 miranda
3472 4774 3487 4796 ,

1905 4796 2201 4852 acciderint
2234 4804 2501 4874 prodigia,
2526 4809 2714 4875 paucis
2738 4827 3042 4871 memorare
3070 4819 3219 4874 libet.
3246 4824 3489 4879 Primum

1902 4888 2119 4954 quidem
2162 4892 2295 4946 satis
2341 4895 2841 4965 obstupescendum
2877 4908 3017 4973 quod
3045 4909 3264 4967 basilica
3301 4916 3488 4970 Sancti

1902 4978 2043 5033 Petri
2091 4983 2353 5052 principis
2393 4990 2782 5058 apostolorum,
2851 5000 3049 5052 casuali
3118 5005 3491 5076 emifiagrautu

1900 5071 2171 5136 incen‘lio,
2209 5090 2271 5129 ea
2303 5093 2425 5143 quae
2451 5083 2807 5137 sanctissimte
2838 5087 2928 5140 Dei
2964 5089 3227 5149 Genitrici
3259 5116 3323 5153 ac
3368 5113 3493 5167 perv

1899 5175 2070 5188 ..λιμοη
2095 5161 2270 5188 νεμκεμ
2286 5169 2296 5187 2
2321 5168 2368 5188 ιε
