4108 5412
504 369 631 422 ῖ8ἰ5

1628 361 1885 419 ΆΙΜΟΙΝΙ
1910 363 2216 420 MONACHI
2240 357 2734 418 FLORIACENSIS

3695 362 3800 417 8l6

532 479 777 554 (Gallice
816 476 987 531 méteil
1012 486 1029 545 )
1072 475 1227 542 vulgo
1264 473 1513 537 dicimus,
1559 475 1651 544 qui
1689 485 1894 529 tantum
1941 485 2103 545 ponte
2135 477 2182 537 Α
2211 474 2279 549 ad
2323 488 2452 528 usus
2493 470 2912 528 reliciendorum
2952 484 3043 541 qm
3078 470 3215 526 forte
3258 471 3605 529 advenissent
3644 490 3799 545 pere-

531 588 721 628 novem
754 570 837 624 vix
886 568 1131 639 passibus
1159 567 1212 620 in
1246 566 1459 636 longum
1486 565 1732 630 dilatato,
1771 568 1839 621 ab
1881 567 1996 636 ipso
2025 568 2108 620 di.

532 662 975 727 stabatoratorio,
992 675 1212 717 voraces
1222 659 1390 714 evasit
1406 659 1606 731 ignium
1629 658 1749 713 llam
1758 675 1889 713 mas.
1901 659 2112 714 Movere

532 757 791 812 debuerat
836 755 939 809 hoc
974 754 1228 807 damnum
1259 752 1421 806 corda
1464 750 1805 815 mortalium;
1849 751 1942 807 sed
1972 752 2105 806 heu!

531 868 684 907 mens
705 851 982 906 hominum
1023 848 1246 903 nimium
1281 846 1470 918 ignara
1500 846 1688 909 futuri,
1717 846 1846 900 dum
1873 860 1978 900 non
2023 861 2112 902 ve-

531 959 699 1013 retur,
732 946 859 1000 dum
904 960 1009 1000 non
1042 942 1252 1004 metuit.
1286 941 1387 996 sibi
1416 940 1721 1012 ingruentia
1762 956 2106 1012 nequaquam

530 1039 885 1105 considerans
914 1037 1164 1101 adversa,
1197 1034 1345 1090 cadit
1371 1034 1425 1087 in
1470 1034 1740 1088 deteriora
1776 1035 1789 1087 !

586 1135 690 1190 .22.
732 1132 943 1189 Etenim
972 1145 1077 1185 non
1099 1128 1258 1199 longe
1286 1126 1503 1182 labente
1524 1141 1789 1180 annorum
1816 1125 2106 1191 curriculo,
2136 1176 2137 1179 η

515 1229 1019 1303 prmcellentissimi
1061 1224 1318 1281 Richardi
1367 1223 1580 1279 abbatis
1627 1221 1891 1279 industria
1951 1220 2109 1277 fusile

529 1331 655 1386 teris
684 1344 779 1383 vas
804 1327 872 1381 ad
905 1322 1282 1380 convocandos
1309 1318 1364 1373 in
1392 1318 1632 1373 oratorio
1663 1316 1847 1372 ﬁdeles
1882 1314 2111 1386 paraba-

534 1439 639 1484 tur.
693 1425 857 1496 Cujus
909 1421 983 1476 rei
1033 1416 1290 1483 ministri,
1340 1430 1462 1469 cum
1510 1423 1669 1468 nocte
1720 1428 1840 1483 qua:
1893 1420 2111 1466 octavas

533 1522 706 1578 sancti
749 1517 1088 1590 prmeedebat
1126 1510 1427 1575 Laurenti,
1472 1508 1656 1563 labore
1705 1506 1833 1561 fessi
1867 1507 2108 1559 membra

532 1618 712 1688 sopori
744 1617 1039 1678 dedissent,
1080 1622 1365 1666 accensam
1405 1605 1685 1662 candelam
1731 1604 1971 1674 postibus
1993 1601 2107 1657 alli-

530 1730 656 1770 xam
699 1710 850 1767 obliti
896 1709 1245 1777 exstinguere
1270 1701 1624 1771 reliquerunt.
1664 1699 1796 1767 Qua:
1835 1698 2108 1765 decidens,

530 1821 770 1866 stramen
837 1807 1096 1862 lectorum
1150 1799 1346 1870 stipula
1374 1806 1713 1855 exstructum
1767 1794 2034 1860 accendit,
2077 1812 2105 1849 a
2142 1821 2183 1879 Β

530 1922 639 1976 quo
669 1907 862 1961 domus
898 1900 1165 1972 completa
1192 1896 1447 1962 ﬂammis,
1482 1902 1542 1948 ut
1578 1892 1694 1962 jam
1733 1890 2106 1948 vehementius

532 2003 771 2067 arderet,
821 1999 985 2054 etiam
1042 1996 1098 2051 in
1147 1991 1459 2063 contiguam
1506 1989 1609 2044 sibi
1662 1986 1841 2042 aulam
1895 1985 2109 2040 Sancta:

531 2099 713 2154 Maria:
741 2096 946 2154 Christi
979 2092 1169 2148 Matris
1200 2106 1263 2146 ac
1300 2086 1638 2143 dilectissimi
1689 2084 1893 2139 domini
1936 2083 2110 2137 Bene-

532 2195 658 2251 dicti
685 2192 934 2249 incendia
958 2188 1175 2261 Sparsit.
1204 2185 1423 2242 Clamor
1455 2182 1634 2237 subito
1665 2197 1728 2237 ac
1762 2181 1937 2235 luctus
1962 2179 2109 2251 inge-

531 2290 876 2346 miscentium
908 2287 1113 2343 tollitur
1148 2283 1397 2344 fratrum,
1423 2277 1727 2334 verentium
1760 2290 1826 2330 ne
1867 2289 2113 2344 compre—

533 2386 718 2442 hensis
741 2383 991 2440 omnibus
1017 2376 1275 2436 educendi
1295 2374 1434 2431 sarci
1466 2372 1709 2444 corporis
1732 2370 1901 2426 sancti
1932 2368 2113 2424 Patris

533 2475 807 2533 Benedicti
848 2472 949 2529 sibi
995 2469 1225 2526 facultas
1267 2466 1557 2537 deperiret.
1599 2463 1805 2531 Quibus
1847 2462 1947 2517 etsi
1987 2476 2111 2531 Spes

533 2574 709 2626 iuerat
736 2568 984 2624 eumdem
1030 2561 1546 2619 excellentissimum
1565 2557 1780 2611 Patrem
1803 2569 1930 2610 suos
1953 2568 2111 2624 posse

534 2661 989 2719 incontaminatos
1015 2668 1233 2711 servare
1265 2660 1435 2716 artus,
1463 2652 1731 2704 humanus
1771 2653 1951 2701 tamen
1988 2645 2109 2700 ani-

532 2770 674 2820 mus,
726 2747 1036 2822 fragilitatis
1074 2759 1186 2800 suae
1226 2750 1390 2797 vento
1436 2740 1691 2812 agitatus,
1738 2738 1793 2793 in
1845 2735 2109 2790 incertum

533 2848 809 2920 agebatur.
841 2840 1075 2896 Effertur
1094 2836 1322 2907 denique
1345 2835 1637 2907 lugentium
1660 2830 2115 2896 moerentiumque

534 2939 779 2995 manibus
841 2934 969 2991 illud
1037 2929 1355 2987 admirabile
1426 2926 1800 2997 margaritum,
1865 2930 1921 2977 et
1992 2935 2112 2975 cum

533 3030 670 3101 palla
701 3028 832 3101 (l9).
864 3040 1027 3096 super
1056 3037 1217 3092 quam
1266 3019 1439 3091 pridie
1476 3026 1879 3073 sacrosanctum
1920 3026 2115 3082 corpus

532 3121 657 3176 Jesu
687 3117 887 3174 Christi
921 3114 1097 3169 fuerat
1128 3110 1456 3170 confectum,
1493 3105 1938 3162 circumducitur.
1977 3102 2109 3157 Cum

533 3217 751 3279 repente
798 3203 1080 3275 aquilone,
1129 3201 1219 3271 qui
1243 3200 1310 3255 ad
1355 3200 1550 3253 horrea
1593 3196 1819 3249 fratrum
1866 3196 2113 3247 ﬂammas
2140 3176 2184 3239 Ε

530 3297 865 3371 impellebat,
904 3295 1037 3349 flare
1059 3300 1327 3356 cessante,
1362 3298 1506 3345 totus
1536 3288 1740 3358 ignium
1780 3285 1971 3356 globus
2013 3300 2109 3339 vo-

518 3394 737 3447 lumine
760 3390 907 3445 facto
934 3387 1129 3444 caelum
1170 3398 1361 3440 versus
1389 3395 1648 3438 cacumen
1695 3379 1967 3446 extendit;
2012 3378 2114 3433 ibi-

516 3502 636 3555 .que
657 3499 755 3555 par
773 3481 1039 3553 superiori
1060 3478 1310 3550 apparuit
1329 3474 1908 3540 miraculum,ecclesia
1927 3473 2112 3530 Sancti

529 3576 832 3642 Benedicti,
870 3588 991 3645 quae
1024 3571 1233 3642 pridem
1288 3583 1546 3625 succensa
1602 3574 1764 3637 atque
1812 3574 2113 3622 restaurata

529 3678 670 3736 erat,
711 3673 1028 3724 remanente
1065 3679 1187 3719 cum
1233 3661 1573 3717 xenodochio
1607 3659 1829 3731 ejusque
1858 3659 2111 3730 coquina,

534 3776 741 3818 necnon
777 3770 830 3817 et
856 3759 1104 3831 pistrino,
1145 3770 1208 3810 ac
1234 3755 1281 3810 si
1326 3755 1586 3809 Dominus
1622 3768 1727 3808 non
1758 3751 1970 3816 verbis,
2019 3749 2112 3805 sed

528 3854 810 3923 operibus,
850 3849 1022 3905 servis
1071 3847 1185 3902 suis
1230 3846 1412 3901 dicere
1448 3846 1760 3901 videretur:
1802 3843 1919 3898 Etsi
1961 3842 2113 3897 vobis

532 3962 632 4017 pro
655 3943 959 3999 commissis
1003 3938 1381 4011 iniquitatibus
1411 3938 1582 3992 iratus
1610 3936 1817 4002 videor,
1860 3933 2114 4004 precibus

535 4051 713 4093 tmnen
768 4034 1006 4089 fidelium
1055 4046 1320 4096 meorum,
1370 4044 1507 4099 quos
1554 4028 1679 4083 huic
1733 4027 1852 4082 loco
1908 4033 2114 4079 tutores

535 4128 723 4199 delegi,
778 4127 1078 4196 mitigatus,
1135 4123 1313 4193 aliqua
1374 4121 1530 4176 vobis
1578 4120 1642 4174 ad
1698 4116 2111 4173 inhabitandam

534 4221 803 4277 domicilia
835 4219 1101 4288 relinquo.

1159 4330 1385 4389 CAPUT
1425 4330 1493 4386 Χ.

536 4433 721 4489 Mensa
767 4429 1113 4485 incombusta.
1153 4422 1765 4549 ϐωιιοὺίἑῚῗιδιαανηιίο.
1802 4420 2115 4476 Incendium

1192 4511 1330 4549 anno
1469 4532 1483 4546 .

1192 4511 1330 4550 anno
1360 4511 1483 4549 914-.

604 4597 697 4651 25.
737 4594 894 4649 Aliud
925 4606 1139 4663 quoque
1165 4588 1483 4644 inusitatum
1516 4594 1672 4641 antea
1703 4584 1914 4641 saaculis
1938 4592 2121 4640 osten-

538 4704 657 4744 sum
693 4704 723 4742 a
759 4686 984 4741 Domino
1010 4691 1092 4737 est
1132 4681 1343 4751 signum
1378 4677 1518 4748 quod
1550 4693 1653 4732 non
1686 4675 1979 4746 ambigitur
2009 4691 2119 4731 me-

543 4783 661 4837 ritis
710 4780 959 4854 gloriosa:
988 4776 1227 4849 Virginis
1276 4773 1461 4828 Mariae
1508 4771 1945 4841 sanctissimique
1993 4785 2122 4825 con-

508 4875 762 4951 ‘iessoris
789 4872 989 4928 Christi
1016 4867 1292 4925 Benedicti
1325 4866 1492 4922 fuisse
1531 4865 1831 4930 obtentum,
1874 4865 1939 4919 ad
1989 4877 2123 4919 ma:-

539 4981 746 5026 storum
776 4968 1016 5024 solamen
1046 4965 1454 5021 monachorum.
1495 4961 1724 5030 Tripoda
1756 4969 1873 5017 erat
1903 4960 2116 5030 exigua,

611 5162 723 5233 (l9)
762 5159 1055 5233 Corporale
1115 5164 1349 5233 vocant,
1407 5156 1551 5233 quod
1612 5161 1801 5233 cohntra
1835 5152 2118 5233 incendia

541 5224 738 5312 deferri
763 5224 890 5312 tunc
923 5231 1180 5312 temporis
1222 5224 1450 5291 solebat.
1480 5224 2120 5349 Eggchonsttetugilntém

1808 5308 1818 5311 ‘
1876 5310 1881 5311 ί
2005 5312 2032 5346 a
2079 5309 2119 5346 l‘l

1808 5308 1818 5311 “
1837 5308 1847 5312 ’
1876 5310 1881 5311 ⁷
1936 5308 2119 5346 blabt‘t

545 5373 736 5412 “In-nni
766 5390 793 5412 ν
822 5373 1072 5412 uicini-im
1098 5387 1215 5412 nan.
1241 5371 1263 5412 4
1293 5362 1382 5412 ίιιὶί
1410 5361 1690 5412 ῖτΙινὶεηιηιε
1721 5362 2039 5412 annellatur-
2068 5370 2123 5412 Cl

2214 565 2492 636 grinorum
2525 571 2847 634 praeparata.
2883 561 3007 618 Haec
3053 578 3182 618 casu
3221 563 3321 620 sub
3354 566 3487 620 turri
3520 582 3549 621 e
3578 582 3687 637 qua
3723 568 3801 623 si-

2213 670 2314 725 gna
2346 653 2739 737 dependebant,
2784 653 2946 718 elata,
2991 654 3364 710 decidentibus
3403 656 3672 712 ambusds
3696 659 3804 712 cir-

2214 746 2574 802 cumvallatur
2614 744 2874 800 trabibus.
2917 744 3072 801 Tunc
3112 758 3407 803 renovante
3437 748 3543 803 Deo
3574 750 3801 819 antiqua

2213 838 2497 903 miracula,
2524 838 2614 907 qui
2660 839 2761 893 sub
2809 837 2991 909 Moyse
3034 837 3223 892 rubum
3264 839 3455 895 mediis
3484 840 3536 894 in
3567 838 3802 894 ﬂammis

2212 930 2451 985 servavit
2484 929 2905 993 incombustum,
2944 943 3129 984 mensa
3177 928 3353 1000 lignea
3396 945 3647 1000 vaporem
3692 946 3800 985 non

2213 1023 2384 1079 sensit
2430 1023 2666 1094 igneum.
2708 1021 3004 1077 Videbatur
3044 1035 3174 1091 ergo
3221 1036 3327 1076 non
3365 1020 3561 1075 ardens
3606 1020 3801 1075 ardere

2215 1116 2400 1186 tripes,
2425 1130 2526 1171 nec
2567 1115 2755 1187 juncta
2800 1113 2966 1169 calori
3011 1112 3267 1168 materies
3312 1111 3568 1167 alimenta
3611 1110 3797 1175 dabat,

2212 1218 2271 1263 ut
2302 1217 2489 1280 aperte
2532 1206 2857 1262 claresceret
2904 1207 3076 1277 ipsum
3125 1205 3417 1275 aliquando
3453 1217 3616 1276 super
3655 1204 3799 1259 hanc

2211 1304 2549 1361 discubuisse
2593 1317 2835 1358 mensam
2888 1300 2979 1371 qui
3026 1298 3129 1354 sibi
3173 1297 3335 1353 tribui
3383 1296 3601 1360 fatetur,
3653 1294 3802 1364 quod

2210 1397 2396 1467 egenis
2424 1411 2487 1450 ac
2517 1393 2779 1449 mendicis
2807 1392 3089 1446 confertur
3116 1388 3331 1459 (Matth.
3364 1389 3514 1456 xxv).
3550 1386 3639 1441 Fit
3664 1401 3802 1442 eon-

2212 1505 2406 1546 cursus
2460 1489 2652 1559 ingens
2706 1485 2774 1541 ad
2827 1485 2931 1539 hoc
2987 1480 3383 1553 spectaculum,
3440 1479 3803 1548 videruntque

2214 1586 2409 1657 quibus
2436 1593 2519 1639 est
2548 1582 2730 1636 videre
2748 1579 2963 1640 datum,
2996 1574 3149 1645 quasi
3188 1573 3458 1629 turbinem
3488 1586 3518 1626 a
3543 1569 3803 1641 pmdicta

2215 1698 2245 1733 ιι
2271 1693 2400 1734 ensa
2468 1681 2889 1745 exsurgentem,
2958 1667 3262 1738 congeriem
3334 1664 3627 1721 carbonum
3696 1663 3805 1717 huc

2215 1774 2451 1841 illucque
2491 1770 2911 1839 dispergentem.
2944 1763 3137 1819 Videre
3166 1772 3285 1818 erat
3317 1762 3516 1816 dudum
3548 1758 3805 1828 lugubres

2214 1881 2311 1936 pro
2340 1861 2641 1918 imminenti
2672 1859 2983 1915 calamitate
3015 1856 3303 1912 multorum
3341 1852 3542 1917 vultus,
3576 1858 3808 1921 repente

2212 1957 2371 2028 hujus
2423 1953 2654 2025 prodigii
2711 1951 2994 2007 alacritate
3043 1956 3398 2020 permutatos.
3454 1944 3808 2014 Consumptis

2211 2046 2375 2117 igitur
2411 2043 2683 2109 omnibus,
2730 2042 2844 2097 haec
2893 2040 3153 2096 remansit
3205 2039 3405 2094 inusta.
3445 2034 3555 2092 Nec
3600 2036 3688 2090 his
3723 2036 3809 2089 in.

2210 2135 2690 2197 commoditatibus
2739 2133 2896 2188 fracti
2945 2131 3109 2187 animi
3156 2131 3451 2195 honorum;
3501 2127 3632 2199 quin
3690 2127 3807 2182 imo

2213 2238 2538 2303 procurante
2584 2225 2877 2282 venerabili
2921 2224 3015 2280 Dei
3058 2222 3263 2279 cultore
3300 2221 3572 2276 Ricbardo
3605 2218 3809 2275 abbate

2213 2323 2266 2378 in
2302 2337 2367 2377 co
2410 2335 2519 2391 quo
2562 2333 2707 2374 nunc
2755 2317 2997 2373 cernitur
3039 2324 3260 2379 statum,
3294 2314 3435 2368 intra
3469 2313 3632 2367 trium
3674 2328 3807 2382 spa-

2215 2413 2345 2467 tium
2377 2424 2663 2472 annorum,
2700 2407 2803 2462 hoc
2834 2421 3047 2462 sacrum
3075 2414 3130 2461 et
3153 2404 3306 2458 valde
3330 2402 3660 2457 monachica
3681 2404 3809 2456 vita:

2212 2503 2510 2560 cultoribus
2556 2500 2854 2570 jucundum
2909 2508 3273 2570 praeparatum
3332 2505 3416 2552 est
3468 2496 3806 2562 cmnobium.

2212 2600 2381 2655 Porro
2417 2611 2593 2651 annus
2628 2592 3021 2650 combustionis
3053 2591 3221 2663 ipsius
3247 2589 3349 2645 fuit
3380 2589 3467 2644 ille
3494 2589 3586 2660 qui
3619 2590 3688 2645 ab
3718 2587 3810 2643 lno

2212 2686 2531 2744 carnatione
2569 2684 2777 2740 Domini
2822 2682 2933 2755 (20)
2978 2679 3419 2753 nongentesimus
3466 2678 3808 2750 septuagesi-

2216 2796 2335 2836 mus
2365 2790 2591 2847 quartus
2620 2776 2818 2832 dicitur
2846 2773 3032 2829 fuisse.

2838 2861 3067 2919 CAPUT
3106 2862 3196 2916 XI.

2215 2963 2541 3016 Architecti“
2596 2976 2719 3014 casu
2764 2958 2983 3012 illwsus.
3054 2955 3249 3009 Mulier
3295 2971 3327 3007 α
3393 2955 3631 3009 da'moue
3681 2954 3815 3009 libev

2920 3037 3090 3081 ratur.

2284 3126 2375 3182 24.
2416 3125 2571 3181 Circa
2619 3134 2829 3193 tempus
2875 3137 3000 3178 vero
3049 3119 3175 3175 illud
3220 3135 3329 3190 quo
3376 3133 3588 3173 summo
3628 3117 3812 3171 studio

2217 3218 2545 3274 restauratio
2587 3214 2703 3284 ejus
2743 3212 3146 3284 perficiebatur,
3190 3210 3522 3265 architectus
3560 3208 3805 3276 quidam,

2215 3310 2308 3381 qui
2355 3321 2500 3362 nunc
2538 3306 2715 3360 adhuc
2759 3312 3028 3375 superest,
3060 3300 3371 3355 Dominicus
3404 3298 3645 3363 nomine,
3678 3311 3810 3366 ope-

2216 3417 2333 3459 ram
2365 3398 2726 3471 cooperiendo
2764 3398 2992 3452 fratrum
3024 3395 3181 3451 dabat
3220 3392 3526 3448 refectorio.
3560 3392 3813 3461 Cumque

2216 3494 2269 3547 in
2301 3506 2513 3547 summo
2546 3498 2814 3561 opertum
2849 3486 3065 3557 fastigio
3099 3484 3439 3549 consisteret,
3482 3498 3547 3537 ac
3586 3484 3806 3539 cuidam

2215 3583 2315 3637 sibi
2362 3580 2613 3651 poculum
2662 3575 2983 3649 porrigenti,
3015 3574 3155 3629 ultra
3197 3588 3357 3643 quam
3406 3586 3630 3627 necesse
3661 3579 3807 3633 erat,

2217 3673 2541 3735 intenderet,
2577 3669 2728 3739 lapso
2775 3668 2909 3738 pede
2939 3666 3116 3721 subito
3165 3664 3305 3717 inter
3353 3662 3649 3717 immensas
3695 3670 3807 3715 tra-

2218 3767 2365 3821 bium
2389 3764 2556 3819 moles
2581 3765 2646 3818 ad
2677 3772 2876 3817 terram
2905 3758 3124 3814 decidit.
3154 3756 3553 3812 Concurrentes
3581 3753 3804 3817 fratres,

2215 3859 2303 3928 qui
2344 3874 2468 3912 eum
2512 3864 2620 3910 tam
2657 3854 2854 3910 ictibus
2905 3853 3173 3923 lignorum
3217 3864 3377 3920 quam
3408 3848 3604 3903 duritia
3642 3856 3807 3902 terra

2214 3950 2582 4004 exanimatum
2638 3944 2930 4014 putabant,
2981 3958 3088 3995 non
3136 3939 3308 3995 solum
3360 3938 3665 4000 viventem,
3711 3936 3803 3989 sel

2216 4042 2380 4097 etiam
2434 4037 2686 4094 omnibus
2736 4034 2992 4091 membris
3043 4030 3449 4102 integerrimum
3501 4027 3802 4097 reperiunt.

2216 4130 2372 4198 Quod
2417 4144 2524 4184 non
2567 4126 2859 4196 ambigitur
2901 4122 3113 4179 meritis
3152 4118 3323 4176 sancti
3374 4117 3478 4172 viri
3521 4115 3807 4170 Benedicti

2217 4222 2387 4276 fuisse
2412 4218 2715 4280 obtentum,
2740 4232 2805 4271 ne
2832 4215 2995 4270 homo
3023 4213 3138 4282 ejus
3165 4211 3375 4266 deditus
3402 4206 3648 4274 servitio,
3680 4207 3806 4261 vine

2218 4325 2314 4371 aut
2358 4313 2729 4369 membrorum
2778 4306 3052 4378 quodlibet
3108 4305 3401 4360 sustineret
3438 4300 3803 4370 dispendium.

2288 4410 2380 4464 25.
2422 4407 2495 4463 Ea
2527 4406 2688 4461 etiam
2721 4410 3039 4474 tempestate
3067 4416 3171 4470 qua
3206 4399 3379 4454 adhuc
3416 4396 3800 4450 instauratioui

2142 4519 2195 4581 ι)
2222 4501 2336 4571 ejus
2370 4499 2641 4554 studiosus
2679 4493 3095 4565 impcndebatur
3133 4490 3303 4550 labor,
3338 4499 3391 4544 et
3432 4478 3803 4543 sacratissima

2223 4593 2401 4651 Patris
2418 4592 2498 4647 sui
2523 4589 2795 4645 Benedicti
2819 4601 2962 4649 ossa,
2987 4585 3037 4639 in
3061 4584 3288 4639 ecclesia
3311 4581 3496 4637 Sancti
3518 4579 3666 4634 Petri
3692 4578 3771 4648 (2|
3784 4586 3803 4644 )

2222 4687 2447 4741 devotus
2470 4681 2699 4736 filiorum
2727 4678 3041 4732 asservabat
3071 4689 3243 4737 amor,
3270 4671 3375 4726 tale
3396 4670 3524 4740 quid
3554 4668 3607 4723 in
3637 4667 3803 4737 priori

2226 4771 2595 4831 tumulationis
2641 4784 2752 4824 sua:
2786 4767 2903 4821 loco
2951 4766 3041 4819 hic
3082 4773 3227 4819 tutor
3272 4770 3453 4815 noster
3503 4759 3802 4814 ostendisse

2225 4875 2494 4923 narratur.
2527 4862 2717 4919 Mulier
2746 4858 2988 4928 quaedam
3022 4854 3285 4910 dretnonio
3314 4852 3560 4914 obsessa,
3592 4852 3660 4903 ad
3692 4865 3808 4902 mo—.

2225 4956 2519 5017 nasterium
2547 4961 2629 5008 est
2660 4950 2909 5014 deducta,
2943 4956 3103 5016 atque
3137 4944 3187 4998 in
3218 4952 3404 5013 crypta
3446 4941 3711 4999 interiori,
3748 4948 3803 4990 ut

2224 5156 2397 5226 major
2423 5155 2585 5211 etiam
2616 5152 2669 5207 in
2709 5150 2915 5226 honore
2940 5141 3287 5226 _s_ancti_Petri
3312 5147 3538 5226 sacrata
3571 5146 3710 5217 erat,
3744 5144 3799 5226 nt

2223 5204 2585 5312 dolligovtnwm—
2604 5204 2667 5277 ἐξ
2714 5219 2909 5312 litteris
3429 5204 3791 5312 afﬁrmand-

2224 5276 2412 5353 ἆῦ--Ῐςιν
2453 5276 2490 5312 ,Γ
2516 5276 2565 5278 vi
2591 5276 2643 5312 ,ξ
2678 5291 2899 5312 ---...Ι..;--
2934 5282 3184 5312 μ’...ΞηῖηΙΑ
3215 5281 3386 5312 lia-ann
3435 5276 3580 5312 nunc.
3611 5289 3777 5312 111011⁸³1⁵

2224 5369 2349 5412 dum
2401 5366 2568 5412 altare
2624 5361 2765 5412 istud
2814 5361 3093 5412 anturstius
3134 5361 3548 5407 instauraretur,
3594 5362 3647 5397 In
3701 5361 3801 5396 uno
