4108 5412
267 382 360 440 ειν

1002 384 1092 445 DE
1134 385 1507 445 ἷνΠΞῖᾹΟίῘΗδ
1545 387 1601 444 S.
1642 382 2004 443 BENlilHCTI
2046 383 2220 442 LIBRI
2259 386 2419 446 DUO.
2466 421 2528 429 —
2572 389 2696 445 Llll'.
2739 390 2775 444 l;

3424 392 3529 446 διε

264 500 337 553 tbi
383 505 698 564 curaretur,
739 500 1069 557 intromissa.
1117 503 1267 560 Unde
1316 514 1438 575 post
1487 502 1854 575 aliquant-llas
1880 508 1930 565 Λ
1958 502 2005 557 ei
2039 504 2089 558 in
2118 504 2309 561 ordine
2350 505 2483 562 vicis
2510 521 2621 562 sua:
2664 508 3029 578 propensioris
3061 525 3205 565 curae
3238 510 3542 565 immineret

265 590 713 646 debacchationis
769 608 879 647 suae
933 610 1114 650 moras
1174 605 1436 659 retracta.
1498 607 1626 652 ante
1687 596 1857 652 altare

264 688 466 736 saneta:
490 680 587 736 Dei
617 680 910 739 Genitrieis
939 684 1121 740 Maria:
1148 688 1425 753 consulit;
1462 704 1525 742 es
1552 687 1706 750 cujus
1740 702 1861 752 ore,

263 781 321 825 nt
362 772 523 827 nobis
571 773 799 828 relatum
831 786 937 838 est,
973 778 1375 837 trcsda‘tnoncs
1403 779 1455 833 in
1483 780 1699 835 modum
1737 794 1857 835 sca-

265 863 570 920 rab'eorum
611 881 734 920 cum
786 866 942 922 viridi
974 868 1190 924 cholera
1222 870 1275 924 in
1307 870 1511 925 conclia
1548 870 1858 926 decidentes

262 967 426 1018 :erea,
462 954 700 1009 sonitum
733 971 1053 1027 repercusso
1085 974 1193 1014 tere
1228 960 1459 1015 cierunt.
1507 960 1706 1030 Sicque
1736 974 1860 1030 pcr-

262 1059 395 1099 sona
451 1044 545 1101 illa
597 1047 854 1103 mundata
916 1059 1030 1115 est,
1088 1050 1313 1106 obtentu
1368 1051 1616 1122 gloriosze
1672 1051 1856 1108 Matris

264 1135 479 1193 Domini
512 1152 577 1193 ac
608 1140 792 1212 inclyti
826 1143 1155 1198 confessoris
1182 1143 1299 1212 ejus
1325 1143 1619 1201 Benedicti.

866 1251 1093 1308 CAPUT
1143 1253 1255 1309 ΧΙ-Ι.

333 1337 651 1395 Contractus
688 1355 909 1399 erectus.
945 1345 1229 1419 Duodecim
1262 1365 1514 1419 pauperes
1550 1347 1785 1404 Horiaci

988 1418 1126 1470 aliti.

328 1504 417 1559 26.
463 1506 636 1563 llnuto
666 1506 763 1563 fuit
787 1510 1008 1579 quidam
1032 1510 1396 1568 Wastinensis
1425 1513 1545 1584 pagi
1576 1514 1849 1584 indigena,

260 1595 351 1661 qni
393 1597 462 1650 ab
501 1608 655 1653 utero
696 1602 885 1654 matris
917 1603 1111 1671 pedum
1151 1603 1396 1672 privatus
1436 1604 1646 1668 olliciis,
1676 1622 1852 1660 St‘altl-

261 1687 545 1743 mellorum
578 1692 907 1748 adminicqu
948 1693 1050 1750 iter
1085 1695 1430 1761 conficiebat,
1474 1696 1697 1752 humum
1734 1714 1852 1754 vcr-

262 1781 450 1835 rcmlo.
488 1781 603 1847 llic,
638 1791 720 1839 ter
765 1786 908 1841 beati
939 1786 1117 1844 Patris
1159 1789 1329 1844 nostri
1360 1788 1636 1845 Benedicti
1669 1792 1847 1848 audita

261 1870 431 1933 fama,
462 1871 580 1940 ejus
600 1878 906 1931 venerat-da
940 1879 1071 1934 adiit
1102 1878 1308 1935 limina.
1344 1878 1637 1952 Susceptus
1672 1893 1849 1940 autem
1886 1851 1927 1910 Β

258 1961 315 2013 in
342 1962 565 2016 domum
603 1964 922 2021 alendorum
962 1984 1259 2041 pauperum
1300 1972 1487 2027 usibus
1525 1974 1849 2046 delcgatam,

256 2054 414 2122 petiit
445 2070 506 2111 se
535 2055 791 2113 alimonia
842 2063 1135 2117 sustentari
1184 2062 1435 2125 fratrum,
1470 2066 1639 2121 donec
1686 2062 1853 2123 inter-

256 2154 429 2199 ventu
488 2147 666 2202 sancti
721 2148 1051 2206 confessoris
1101 2152 1185 2207 sui
1237 2153 1495 2207 Dominus
1549 2164 1749 2226 Optata:
1800 2157 1849 2211 ei

255 2234 451 2291 salutis
479 2237 743 2293 tribueret
769 2240 1035 2296 effectum.
1070 2240 1234 2310 Cujus
1274 2243 1522 2313 precibus
1552 2243 1853 2304 itit-bardus

257 2324 430 2381 abbas
455 2342 731 2394 annuens,
751 2330 802 2383 in
837 2348 1065 2387 numero
1092 2334 1376 2390 duodecim
1402 2354 1697 2411 egenorum
1727 2358 1850 2399 cum

260 2417 448 2472 haberi
482 2417 738 2486 instituit,
766 2436 903 2491 quos
933 2423 1161 2496 diligens
1190 2425 1314 2481 boni
1348 2430 1691 2501 antiquormn
1722 2449 1851 2489 cura

260 2508 485 2564 Patrum
521 2510 574 2566 in
607 2512 710 2567 hoc
740 2523 928 2570 nostro
960 2515 1290 2575 Flor-incensi
1328 2524 1597 2590 ctenobio,
1621 2525 1691 2582 ob
1722 2528 1853 2582 duo-

257 2600 543 2656 denarium
587 2606 952 2674 apostolorum
1000 2627 1305 2677 numerum,
1341 2618 1717 2674 communibus
1754 2620 1853 2673 sti—

258 2692 471 2761 pendiis
508 2694 695 2750 diatim
727 2696 798 2751 ali
830 2713 892 2753 ac
932 2700 1120 2756 vestiri
1160 2704 1411 2759 sancivit.
1453 2707 1553 2773 Qui
1586 2709 1854 2777 quotidia-

259 2784 343 2839 uis
373 2787 632 2856 susp-iriis
662 2804 823 2846 aures
852 2791 1080 2861 piissimi
1110 2793 1331 2865 pulsans
1359 2796 1689 2866 Conditoris,
1715 2804 1851 2857 dona

259 2878 454 2947 cupita:
482 2881 745 2950 poscebat
782 2884 1081 2953 sospitatis.
1126 2886 1192 2941 Et
1234 2889 1359 2957 quia
1398 2890 1555 2960 juxta
1599 2890 1855 2949 Veritatis

258 2965 487 3033 dictum,
524 2970 787 3026 eazlorum
838 2973 943 3027 vim
983 2976 1188 3045 patitur
1229 2992 1476 3048 regnum,
1505 2990 1559 3033 et
1592 2980 1852 3036 inStantia

260 3059 473 3127 rapitur
494 3060 856 3118 violentorum
886 3063 1100 3133 (Matth.
1134 3082 1209 3132 χι,
1238 3067 1347 3138 12),
1372 3078 1559 3137 petens
1586 3072 1849 3142 accipere,

258 3162 512 3216 quaerens
552 3151 818 3215 invenire.
853 3153 1180 3226 pulsansque
1216 3166 1276 3213 ut
1321 3160 1421 3215 sibi
1466 3162 1854 3218 misericordia:

258 3242 570 3310 aperiretur
620 3244 798 3301 aditus
845 3244 995 3317 (Luc.
1038 3263 1123 3314 XI,
1164 3249 1293 3320 40),
1340 3251 1536 3306 meruit
1583 3254 1849 3310 obtinere.

258 3332 503 3391 Tandem
552 3337 697 3393 enim
745 3339 1001 3413 suffragio
1043 3342 1094 3397 in
1139 3344 1328 3415 primis
1376 3345 1530 3400 almae
1560 3346 1854 3407 Genitricis

256 3424 455 3481 Christi
488 3425 697 3496 Mariae,
728 3429 780 3485 in
822 3431 976 3500 cujus
1014 3435 1319 3490 excubabat
1366 3435 1508 3500 aula,
1547 3452 1611 3492 ac
1660 3439 1853 3495 deinde

255 3519 703 3576 excellentissimi
741 3525 1125 3582 monachorum
1176 3526 1503 3598 legislatoris
1550 3528 1849 3599 Benedicti,

252 3624 415 3683 quem
467 3610 824 3670 mediatorem
874 3615 1016 3673 inter,
1063 3634 1122 3674 se
1166 3629 1220 3673 et
1258 3620 1545 3676 Dominum
1628 3639 1848 3680 suarum

251 3701 492 3772 elegerat
526 3720 771 3775 precum,
804 3718 1019 3765 arentes
1048 3712 1351 3767 bumectari
1380 3714 1555 3781 nervi,
1583 3731 1850 3788 cruraque

251 3804 540 3852 contracta
572 3812 789 3871 erepere
812 3802 1028 3857 resolvi.
1062 3801 1175 3859 Hoc
1199 3803 1288 3860 ubi
1318 3803 1600 3876 languidus
1626 3822 1845 3878 persen-

251 3888 341 3955 sit,
373 3900 433 3945 ct
457 3890 577 3961 ipse
602 3892 826 3963 cupidus
852 3894 1116 3962 sanitatis,
1143 3896 1358 3953 insueto
1382 3899 1686 3955 attentabat
1703 3901 1845 3956 viam

251 3988 436 4037 terere
481 3996 655 4037 more.
692 3981 960 4041 Paulatim
1007 3988 1190 4056 itaque
1231 4002 1291 4044 se
1339 3988 1688 4059 subrigendo,
1724 4006 1847 4061 pro-

247 4084 410 4127 cessu
437 4072 704 4142 temporis
726 4074 1033 4131 ambulandi
1062 4076 1404 4134 firmissimas
1428 4080 1654 4150 adeptus
1681 4081 1843 4147 vires,

247 4164 467 4218 meritis
505 4165 711 4236 egregii
747 4166 1097 4235 confessoris,
1127 4170 1326 4226 nativae
1363 4172 1556 4227 statuit
1599 4182 1847 4243 repetere

246 4256 647 4326 proprietatem
694 4259 922 4316 telluris.
959 4261 1237 4319 Postulata
1283 4264 1466 4335 itaque
1505 4265 1736 4321 abeundi
1776 4266 1837 4321 li-

242 4345 451 4411 centia,
484 4345 691 4415 gratias
730 4347 1003 4407 liberatori
1043 4351 1152 4408 Deo
1187 4367 1489 4425 sanctoque
1537 4370 1636 4425 pro
1684 4372 1843 4427 posse

242 4432 497 4489 referens
535 4433 848 4504 Benedicto,
885 4456 1007 4496 eum
1054 4444 1286 4515 propriis
1333 4460 1469 4515 quos
1519 4448 1587 4501 ad
1628 4447 1731 4502 hoc
1771 4449 1847 4517 ip-

1960 595 2191 669 diligens
2234 597 2464 662 cautela,
2494 598 2690 654 accidit
2734 599 3007 655 lucernam
3044 611 3168 655 ante
3204 601 3373 656 altare
3414 616 3539 672 per-

1962 699 2135 760 petua:
2164 689 2402 761 Virginis
2426 689 2608 745 Maria:
2643 692 3007 746 venerationis
3042 693 3213 763 gratia
3256 707 3543 749 accensam

1960 780 2250 852 exstingui.
2305 780 2417 836 Mos
2472 796 2599 837 vero
2647 798 2675 836 a
2724 783 2915 853 priscis
2967 784 3244 840 institutus
3290 784 3543 840 Patribus

1960 873 2238 927 observari
2285 870 2476 927 solitus
2518 881 2658 937 erat,
2702 872 2846 941 quod
2884 888 2981 928 nos
3012 889 3225 944 quoque
3266 875 3316 928 in
3360 884 3541 930 uestra

1961 963 2333 1034 perspeximus
2392 962 2507 1017 fieri
2561 964 2825 1032 pueritia,
2879 974 2937 1018 ut
2989 973 3097 1019 tam
3142 966 3332 1020 diebus
3378 982 3541 1035 quatn

1962 1054 2246 1119 noctibus,
2300 1053 2463 1108 trium
2514 1054 2859 1109 lucernarum
2902 1054 3103 1111 lumine
3147 1066 3443 1111 memorata
3484 1057 3542 1110 il-

1960 1146 2284 1200 lustraretur
2351 1144 2603 1200 ecclesia.
2661 1144 2998 1200 Exstiuetam
3058 1161 3189 1217 ergo
3256 1146 3543 1216 praedictus

1960 1237 2129 1291 {inter
2172 1235 2472 1301 candelam,
2498 1237 2564 1290 ad
2590 1235 2753 1290 aliam
2786 1252 2907 1307 qme
2950 1236 3199 1307 sepulcro
3238 1236 3378 1291 beati
3410 1252 3541 1292 con-

1960 1329 2182 1384 fessoris
2220 1330 2513 1400 praelucere
2542 1339 2920 1395 consueverat,
2951 1339 3007 1384 ut
3047 1330 3372 1385 accenderet
3400 1330 3545 1385 defe-

1960 1436 2105 1486 rens,
2134 1421 2303 1491 ipsam
2327 1436 2542 1491 quoque
2567 1420 2831 1477 defecisse
2861 1420 3091 1490 reperit;
3125 1421 3336 1476 tertiam
3358 1420 3543 1485 etiam,

1956 1526 2075 1580 qme
2103 1510 2343 1565 oratoria
2377 1520 2581 1581 crypta:
2616 1510 2891 1565 illustrare
2933 1509 3089 1566 solita
3125 1520 3265 1577 erat,
3298 1511 3423 1567 dum
3465 1512 3547 1565 in-

1958 1605 2193 1669 visisset,
2218 1615 2272 1659 et
2308 1605 2477 1675 ipsam
2515 1613 2820 1658 emortuam
2857 1602 3100 1659 oll'endit.
3137 1601 3411 1658 Turbatus
3448 1603 3550 1673 igi-

1958 1706 2044 1750 tur
2087 1696 2293 1762 animn,
2336 1696 2463 1752 dum
2514 1696 2732 1753 concito
2778 1695 2948 1767 gradu
2979 1710 3038 1751 se
3072 1694 3251 1761 effert,
3278 1705 3338 1750 ut
3367 1693 3547 1750 lumen

1957 1786 2191 1841 basilica:
2244 1786 2589 1851 restitueret,
2649 1801 2927 1855 regressus
2979 1785 3253 1857 perspexit
3302 1801 3466 1840 unum
3516 1801 3548 1838 e

1956 1878 2130 1933 cereis
2184 1875 2671 1942 eminentioribus,
2728 1877 2818 1947 qui
2878 1891 3048 1946 penes
3108 1876 3280 1932 altare
3328 1872 3549 1945 Regina:

1958 1969 2223 2041 virginum
2274 1970 2397 2039 poni
2426 1969 2632 2034 solent,
2688 1978 2743 2024 et
2792 1969 2845 2024 in
2897 1967 3285 2025 festivitatibus
3337 1977 3548 2021 tantmu

1956 2059 2213 2126 accendi,
2260 2059 2521 2114 divinitus
2570 2059 2967 2124 illuminatum,
3023 2056 3258 2113 ﬂammis
3325 2055 3547 2111 rutilare

1956 2150 2219 2205 coruscis.
2253 2148 2426 2216 Quam
2478 2165 2593 2204 rem
2647 2150 2801 2206 valde
2843 2149 3144 2215 admirans,
3184 2148 3388 2219 gratias
3438 2147 3563 2201 Deo.

1958 2238 2224 2306 reddidit,
2274 2238 2580 2311 intelligens
2627 2240 3048 2296 exstinctionem
3097 2239 3395 2304 luminum,
3438 2255 3545 2293 non

1956 2345 2107 2394 casu,
2137 2331 2230 2386 sed
2267 2330 2445 2386 divina
2472 2331 2738 2387 accidisse
2768 2330 3132 2403 providentia,
3160 2331 3228 2385 ad
3257 2327 3548 2384 ostenden-

1956 2422 2084 2477 dum
2124 2423 2467 2489 mortalibus,
2506 2422 2632 2479 buie
2676 2423 3048 2480 sacratissimo
3092 2421 3211 2478 loco
3253 2435 3546 2493 supernam

1958 2529 2298 2586 nequaquam
2330 2516 2523 2570 abesse
2555 2515 2945 2570 visitationem.

2549 2607 2775 2663 CAPUT
2818 2607 2959 2663 XIV.

2348 2695 2535 2753 Sancri
2563 2707 2885 2767 contemptor
2911 2698 3147 2768 punitus.

2025 2787 2115 2843 28.
2154 2786 2335 2857 Eques
2367 2787 2589 2857 quidam
2621 2787 2913 2857 aliquando
2944 2788 3047 2843 iter
3076 2786 3303 2854 faciens,
3328 2787 3557 2843 devenit

1959 2879 2011 2934 in
2051 2879 2231 2934 villam
2275 2880 2341 2934 ad
2370 2878 2462 2950 jus
2498 2879 2817 2934 monasterii
2850 2878 3039 2935 Sancti
3069 2878 3349 2935 Benedicti
3380 2878 3549 2949 perti—

1958 2980 2209 3037 nentem,
2265 2970 2351 3026 cui
2414 2970 2697 3025 Vilriarias
2751 2986 2948 3025 nomen
2996 2978 3111 3036 est;
3160 2970 3548 3040 ingressusque

1959 3063 2176 3118 domum
2207 3061 2487 3132 cujusdam
2520 3060 2717 3130 viduae,
2756 3061 2963 3116 invenit
2996 3061 3296 3117 sextarium
3336 3076 3544 3124 avenae,

1960 3168 2121 3224 quam
2158 3152 2380 3225 pabulo
2438 3166 2702 3223 equorum
2759 3152 3126 3207 necessariam
3192 3151 3293 3206 sibi
3357 3151 3548 3205 tollere

1960 3243 2206 3309 vulcns,a
2233 3245 2455 3298 muliere
2474 3242 2883 3313 prohibebatur,
2914 3242 3165 3298 dicente:
3206 3239 3316 3309 «Si,
3348 3241 3547 3310 inquit,

1957 3334 2230 3390 viduitatis
2264 3348 2396 3389 mea:
2423 3342 2799 3405 paupertatem
2829 3333 3126 3389 auferendo
3153 3348 3239 3388 me
3269 3332 3559 3411 despectui

1954 3426 2146 3491 babes,
2185 3424 2374 3480 saltem
2422 3423 2826 3480 sanctissimum
2862 3439 3115 3480 reverere
3165 3423 3544 3489 Benedictum,

1952 3517 2104 3587 cujus
2149 3518 2288 3586 juris
2339 3516 2441 3572 hoc
2487 3532 2581 3572 rus
2607 3524 2690 3571 est
2741 3516 2885 3585 quod
2938 3514 3179 3572 incolo.»
3215 3514 3313 3571 Cui
3340 3513 3493 3570 miles
3526 3530 3543 3542 ·

1959 3631 1975 3663 ι
2012 3609 2271 3677 Tantum,
2320 3610 2417 3676 ait,
2446 3625 2545 3680 pro
2576 3618 2767 3664 sancto
2793 3609 3106 3673 Benedicto,
3145 3616 3405 3678 quantum
3444 3624 3545 3678 pro

1955 3712 2006 3755 te
2035 3702 2312 3766 dimittop
2351 3712 2648 3771 vocatoque
2670 3701 2963 3771 armigero,
2994 3716 3218 3755 avenam
3241 3715 3402 3769 quam
3428 3699 3542 3769 ipse

1950 3795 2005 3851 in
2036 3793 2311 3850 sacculum
2367 3792 2707 3864 paupercula:
2758 3792 3163 3857 transfuderat,
3221 3788 3360 3846 collo
3414 3791 3537 3860 equi

1951 3885 2230 3941 ferendam
2286 3884 2534 3949 tradidit,
2595 3883 2781 3952 sicque
2839 3882 3106 3937 discessit.
3154 3880 3264 3936 Nec
3317 3879 3537 3951 longum

1953 3974 2161 4029 itineris
2198 3973 2433 4044 spatium
2462 3988 2739 4037 emensus,
2771 3972 2971 4037 subito,
3010 3986 3076 4028 ae
3106 3971 3267 4026 nullis
3303 3971 3536 4041 urgenti-

1950 4069 2049 4122 bus
2100 4065 2393 4121 calcarium
2442 4064 2697 4129 stimulis,
2741 4078 2883 4132 equo
2925 4062 2991 4116 ad
3031 4077 3251 4117 cursum
3293 4060 3551 4131 proclivu-

1950 4162 2002 4215 in
2028 4174 2269 4231 praeceps
2290 4157 2510 4213 labitur.
2542 4156 2770 4226 Sonipes
2796 4157 3039 4226 disrupto
3060 4164 3279 4228 gutture
3307 4155 3534 4221 interiit;

1947 4253 2064 4322 ipse
2093 4249 2268 4305 fracto
2301 4249 2615 4305 debilitatus
2649 4263 2810 4304 crure
2840 4248 2928 4303 diu
2962 4247 3189 4319 languit.
3227 4246 3335 4301 Sua
3369 4247 3535 4318 igitur

1948 4359 2107 4415 ptena
2148 4344 2263 4414 ipse
2309 4343 2495 4399 didicit
2543 4353 2599 4397 et
2641 4341 2764 4397 aliis
2803 4341 3107 4412 exemplum
3156 4341 3388 4411 praebuit
3431 4356 3534 4396 nec

1947 4447 2162 4493 sanctos
2190 4446 2441 4507 oportere
2472 4435 2762 4497 contemni,
2796 4450 2899 4490 nec
2939 4434 3221 4490 viduarum
3250 4430 3535 4505 ’lacrymas

239 4538 367 4580 sum
400 4538 730 4583 evocaverat
769 4529 1022 4587 fratribus
1062 4534 1127 4589 ad
1170 4550 1267 4591 sua
1296 4551 1566 4604 reversus,
1606 4539 1916 4610 agricol-1)
1944 4528 2143 4584 debere
2197 4543 2319 4583 9550
2369 4526 2679 4596 deSPeCWio
2733 4540 2877 4595 (Ιυων
2918 4534 2977 4581 ιιι
3027 4525 3103 4579 all
3150 4524 3429 4589 δελιοιιιοῐι,
3466 4526 3535 4579 ab

243 4623 385 4669 tum:
415 4615 485 4671 de
520 4617 726 4687 reliquo
754 4636 969 4691 operam
1000 4624 1163 4678 dedit.

843 4734 1067 4792 CAPUT
1109 4737 1240 4793 XIII.

233 4819 504 4878 Lucerna:
547 4831 653 4878 tres
694 4826 746 4879 in
779 4826 994 4881 ecclesia
1043 4827 1105 4881 Il.
1150 4828 1357 4885 Mariw.
1398 4832 1593 4887 Cereus
1636 4833 1841 4888 coalitus

917 4914 1183 4954 accentus.

304 4985 402 5039 ΞΠ.
449 4982 613 5054 Smne
642 4986 902 5042 nominati
946 4989 1156 5045 abbatis
1190 4990 1443 5047 Ricbardi
1479 4992 1833 5065 temporibus,

236 5079 459 5133 cuidam
512 5080 781 5135 monacho
820 5079 1133 5150 Benedicto,
1180 5085 1267 5140 cui
1316 5086 1476 5158 Niger
1522 5103 1833 5161 praenomen

234 5168 361 5236 fuit,
397 5171 469 5226 ab
499 5172 690 5228 eodem
730 5170 932 5255 abbate
968 5189 1091 5228 Cll!"
1126 5175 1415 5245 aliquantis
1440 5180 1558 5237 aliis
1588 5195 1656 5232 ex
1689 5189 1830 5232 cmtu

1943 4620 2119 4675 oculis
2150 4620 2218 4695 ad
2247 4619 2519 4685 maxillas,
2555 4635 2584 4672 a
2618 4618 2853 4673 maxillis
2891 4619 2959 4673 ad
3002 4627 3203 4673 terram
3250 4619 3532 4683 decidunt,

1943 4725 1998 4768 et
2045 4713 2307 4768 Dominus
2353 4714 2595 4768 Olllllltllll
2645 4723 2928 4783 susceptor
2978 4722 3061 4768 est
3107 4727 3293 4766 earum
3342 4711 3535 4779 (Eccli.

1942 4822 2111 4873 xxxv,
2142 4806 2245 4877 19).

2542 4896 2769 4954 CAPUT
2817 4895 2932 4951 XV.
3158 4958 3159 4961 η

1947 4990 2279 5053 Pra'datores
2305 4989 2454 5042 multi
2475 5006 2505 5041 α
2532 4990 2712 5056 paucis
2735 4987 2857 5055 fusi.
2886 4987 2944 5041 S.
2971 4984 3244 5041 Benedicti
3268 4983 3547 5037 vexillum.

2010 5082 2104 5139 29.
2132 5080 2569 5147 Caput-cervina)
2593 5076 2861 5149 (Sacerge)
2887 5077 3159 5147 possessio
3187 5075 3453 5142 quazdam
3472 5080 3559 5126 est
3583 5118 3587 5123 .

1942 5170 2134 5229 Sancti
2181 5166 2480 5232 Benedicti,
2524 5165 2593 5222 de
2646 5183 2751 5243 qua
2799 5165 2851 5219 in
2900 5162 3258 5235 sequentibus
3304 5159 3587 5227 plenius,
