4108 5412
519 396 633 456 819⁵

1587 392 1847 454 ΑῘΜΟΙΝΙ
1887 392 2200 452 MONACNI
2232 392 2729 457 FLORIACENSIS

3679 401 3795 465 δίο

518 521 850 569 memoratus
900 510 1065 583 (2mm.
1111 506 1202 581 27)
1257 509 1340 564 \ir
1391 507 1717 564 venerabilis
1773 507 2096 565 Benedictus
2125 502 2543 578 AQuapropter
2586 503 2733 568 Elias
2785 506 3012 569 Bosonis
3064 508 3205 571 ﬁlius
3223 554 3249 582 ,ι
3292 509 3570 574 dominum
3616 496 3793 577 suum

518 604 817 660 monachus
840 602 1158 674 praepositus
1178 612 1281 656 est.
1304 599 1421 668 Qua
1447 609 1856 676 tempestateex
1879 600 2095 662 castris,

517 708 639 765 quae
691 694 1023 749 creberrima
1071 706 1169 762 per
1214 706 1334 746 eam
1375 689 1652 762 regionem
1698 691 1989 757 habentur,
2031 689 2101 746 ad

517 796 731 843 centum
754 785 1110 858 quadraginta
1133 783 1349 851 armati,
1366 784 1418 838 in
1433 784 1958 855 Argentomagenses
1987 780 2102 852 (93)

514 893 706 949 agros,
752 878 842 949 qui
893 877 945 932 ei
1002 876 1123 933 loco
1171 876 1342 933 vicini
1376 885 1535 942 sunt,
1583 891 1700 932 sese
1743 874 2103 940 diii‘u‘derant,

512 970 725 1040 prtedas
770 983 836 1024 ex
889 969 969 1024 eis
1040 967 1251 1035 acturi;
1317 960 1521 1025 idcirco
1586 982 1651 1023 ex
1723 967 1866 1022 villis
1914 967 2102 1045 etiam

512 1063 785 1134 praedicta:
833 1061 1191 1133 possessionis
1243 1072 1491 1116 armenta
1566 1076 1660 1116 seu
1723 1060 1958 1132 pecudes
2003 1056 2101 1114 ab-

514 1163 757 1225 egerant.
781 1153 1028 1224 Cumque
1080 1153 1667 1226 Argentomagensibus
1715 1153 1912 1208 damna
1973 1166 2103 1207 sna-

515 1259 636 1299 rum
687 1242 891 1314 perlata
942 1242 1172 1298 fuissent
1221 1258 1435 1308 rerum,
1485 1257 1517 1298 e
1564 1243 1934 1298 castrensibus
1969 1256 2104 1298 con-

513 1333 696 1392 festim
726 1336 987 1392 adversus
1009 1349 1103 1391 eos
1130 1335 1420 1406 pugnaturi
1444 1334 1728 1405 prosiliere
1769 1334 1974 1403 portis;
2007 1335 2105 1389 sed

514 1427 570 1482 in
601 1442 769 1482 unum
793 1425 1120 1497 conglobati,
1152 1440 1276 1482 cum
1319 1440 1379 1481 se
1420 1425 1664 1481 hostibus
1707 1438 1937 1480 numero
1967 1423 2108 1481 infe-

513 1516 693 1573 riorcs
720 1517 989 1582 viderent,
1022 1517 1278 1589 congredi
1310 1532 1432 1573 cum
1465 1516 1551 1573 his
1577 1516 1918 1586 pavitahant.
1950 1515 2108 1572 Tunc

514 1605 655 1663 unus
680 1624 747 1664 ex
778 1608 908 1680 ipsis
928 1608 1188 1666 divinitus
1218 1610 1490 1665 animatus
1510 1611 1673 1666 sociis
1708 1608 1827 1665 iniit
1851 1626 1865 1664 :
1902 1628 1921 1660 ί
1947 1607 2105 1666 Nune

517 1698 814 1766 iutcrim,o
835 1697 1080 1755 fidissimi
1111 1699 1528 1767 commilitones,
1559 1707 1759 1756 terram
1789 1699 1975 1754 Sancti
2005 1699 2106 1755 Be-

517 1793 717 1848 nedicti
743 1794 1088 1849 adversarios
1113 1793 1481 1864 depraedatum
1507 1793 1718 1863 ingredi
1742 1792 2019 1860 sinamus;
2051 1799 2106 1850 et

518 1883 644 1954 quia
696 1884 947 1940 dominus
995 1892 1180 1941 uoster
1220 1883 1473 1940 Giraldus
1518 1884 1636 1955 ejus
1679 1895 1763 1939 est
1791 1885 2106 1949 advocatus,

516 1989 637 2027 cam
660 1972 773 2029 vice
791 1972 960 2045 ipsius
983 1972 1341 2041 defensatnrt,
1363 1977 1547 2030 boues
1569 1973 1794 2029 viriliter
1811 1988 2109 2043 serui-eque

521 2050 930 2134 aggrediamur,
978 2063 1144 2120 misso
1172 2057 1322 2135 prius
1352 2063 1546 2135 legato,
1575 2065 1669 2135 qui
1708 2078 1740 2119 c
1780 2064 2109 2119 monasterio

521 2153 755 2220 Saleusi,
785 2156 927 2225 quod
971 2164 1055 2211 est
1095 2156 1270 2211 sancti
1319 2154 1614 2222 Benedicti,
1655 2154 1906 2210 vexillum
1939 2155 2112 2228 ipsius

516 2247 744 2317 pretiosi
777 2246 1125 2315 confessoris,
1154 2246 1296 2318 quod
1334 2246 1490 2303 nobis
1521 2246 1774 2317 praesidio
1802 2246 1895 2311 sit,
1934 2256 2108 2302 matu-

520 2348 645 2394 rato
666 2338 932 2393 deierat.)
967 2338 1447 2395 Cousentientihus
1491 2337 1705 2393 cunctis
1749 2354 1812 2393 ac
1843 2334 1956 2406 ejus
1984 2352 2111 2392 Cull-

520 2427 643 2485 silio
683 2430 1220 2501 obtemperantibus,
1273 2443 1397 2501 post
1448 2431 1847 2502 susceptionem
1894 2428 2108 2493 vexilli,

523 2520 853 2578 adversariis
888 2522 961 2578 nil
1018 2523 1122 2580 tale
1166 2524 1504 2590 verentibus,
1529 2523 1883 2596 quadraginta
1915 2523 2116 2580 solum-

523 2611 687 2667 modo
728 2611 956 2683 juvcncs
988 2615 1118 2670 totis
1155 2615 1363 2672 viribus
1392 2625 1641 2671 sanctum
1672 2616 1985 2672 invocantes
2013 2615 2114 2671 Bc-

522 2702 822 2769 nedictunt,
849 2719 921 2760 ex
964 2705 1258 2778 improviso
1309 2706 1651 2778 prtedonibns
1704 2707 2109 2778 superveniunt.

520 2796 977 2853 Adversariorum
1008 2812 1136 2853 vero
1170 2798 1331 2853 corda
1363 2799 1706 2869 omnipotens
1734 2798 1875 2854 Deus
1903 2787 2113 2853 mei-itis

524 2887 705 2944 dilecti
743 2890 826 2945 sui
874 2888 1157 2947 Benedicti
1184 2892 1260 2947 ita
1285 2900 1658 2962 perterrucrat
1691 2901 1749 2947 ut
1779 2890 1927 2946 nullo
1954 2891 2113 2947 modo

521 2979 781 3036 resistere
809 2983 1075 3038 auderent
1100 3000 1115 3048 ;
1150 2993 1205 3038 et
1229 2983 1331 3039 hoc
1359 2984 1520 3038 modo
1548 2998 1578 3036 a
1608 2982 1965 3053 quadraginta
1996 2991 2114 3037 tan-

522 3076 636 3123 tum
673 3070 982 3139 juvenibus,
1020 3080 1237 3127 centum
1285 3072 1644 3144 quadraginta
1676 3072 1934 3137 hostium,
1965 3071 2114 3127 nullo

525 3169 621 3213 aut
661 3160 886 3216 minimo
914 3161 1037 3217 fuso
1077 3163 1358 3233 sanguine,
1409 3163 1601 3235 fugati,
1641 3179 1736 3219 seu
1777 3163 1921 3234 capti
1961 3172 2109 3220 sunt.

2200 600 2531 659 Willelmum
2572 608 2823 661 comitem
2855 606 3248 664 Pictaviensem
3276 611 3592 667 muneribus
3591 615 3793 685 preci—

2203 694 2412 766 busque
2458 692 2708 766 pellexit,
2752 708 3019 770 quatenus
3062 710 3303 758 castrum
3351 704 3594 771 Giraldi,
3642 708 3791 776 quod

2201 784 2394 843 Brucia
2424 787 2519 860 (ν.
2549 790 2641 845 lib.
2674 808 2711 846 ll
2730 832 2747 858 ,
2779 808 2900 863 cap.
2942 793 2998 866 b‘)
3036 795 3268 862 dicitur,
3290 812 3474 853 secum
3504 798 3795 855 obsidione

2203 872 2466 950 cingeret.
2496 880 2611 948 Qua
2642 882 2708 937 de
2736 896 2796 961 re
2820 898 2926 937 non
2950 883 3124 940 solum
3152 884 3310 941 villas
3336 885 3571 942 Giraldo
3585 902 3791 957 paren-v

2206 977 2310 1035 tes,
2341 981 2525 1024 verum
2553 971 2715 1026 etiam
2746 973 3120 1043 possessiones
3142 973 3383 1032 Salensis
3405 977 3641 1034 θωμοὺίί
3661 993 3794 1035 con-

2206 1057 2327 1129 tigit
2350 1060 2590 1127 graviter
2615 1062 2905 1118 devastari.
2940 1061 3175 1121 Nuntius
3201 1067 3268 1121 ad
3293 1066 3570 1124 Giraldum
3596 1069 3803 1125 Lemov

2205 1147 2383 1203 vicina
2427 1157 2553 1206 tunc
2606 1151 2660 1206 in
2711 1151 2845 1207 urbe
2892 1153 3217 1212 residentem
3256 1156 3421 1222 venit,
3459 1158 3552 1228 qui
3583 1158 3802 1214 dic-cret

2205 1253 2312 1294 non
2343 1240 2514 1296 solum
2558 1241 2672 1312 ejus
2703 1244 3011 1316 regionem,
3045 1247 3142 1305 sed
3189 1248 3356 1304 etiam
3392 1265 3553 1323 agros
3601 1248 3799 1308 Sancti

2204 1330 2504 1400 Benedicti,
2535 1349 2601 1391 eo
2643 1338 2788 1406 quod
2824 1336 2942 1406 ejus
2981 1344 3173 1395 essent
3207 1340 3438 1410 delegati
3489 1341 3694 1408 tutelae,
3720 1342 3792 1399 ab

2207 1422 2454 1479 hostibus
2482 1425 2816 1498 depopulari.
2855 1428 2947 1484 llle
2970 1430 3024 1484 in
3055 1430 3255 1488 talibus
3282 1447 3625 1504 nequaquam
3666 1446 3798 1503 pro-

2207 1516 2618 1573 crastinandum
2649 1526 2831 1585 ratus,
2854 1521 3090 1577 maxime
3129 1523 3405 1578 conlidens
3437 1510 3794 1580 Benedictum

2207 1605 2426 1662 Patret'u
2449 1608 2551 1663 sibi
2577 1608 2779 1664 auxilio
2817 1611 2888 1666 ob
2928 1626 3152 1667 suarum
3189 1615 3544 1670 vastationem
3569 1627 3793 1684 posses-

2207 1699 2418 1755 sionum
2449 1700 2785 1768 adfuturum,
2835 1702 3021 1774 dirigit
3046 1718 3112 1760 eo
3145 1703 3442 1761 Guidonem
3472 1705 3651 1775 lilium
3666 1720 3805 1762 cum

2210 1787 2345 1844 lecta
2373 1790 2613 1859 equitum
2644 1808 2804 1846 ntanu
2830 1832 2846 1857 ,
2877 1792 3011 1847 dans
3037 1793 3091 1847 in
3123 1795 3392 1850 mandatis
3419 1804 3477 1849 ut
3507 1796 3696 1851 hostes
3738 1804 3807 1849 et.

2211 1894 2243 1934 a
2275 1877 2788 1951 rapinisinhibcret,
2824 1892 2877 1937 et
2900 1881 3109 1952 junctis
3147 1883 3248 1939 sibi
3280 1884 3799 1958 Argentomageus't-

2211 1968 2433 2036 bus,.ab
2455 1971 2761 2036 obsidione,
2800 1972 2845 2028 si
2885 1980 3001 2028 tuto
3050 1982 3257 2044 posset,
3283 1974 3423 2030 bello
3466 1976 3803 2032 deterreret-

2208 2060 2736 2134 Argentomagenses
2778 2079 2883 2119 non
2915 2065 3089 2137 ignari
3120 2082 3217 2136 per
3244 2082 3403 2138 quem
3451 2077 3576 2138 post
3611 2068 3803 2123 Domi-

2211 2167 2339 2207 num
2363 2153 2415 2207 in
2442 2154 2705 2224 superiori
2735 2168 2913 2224 pugna
2945 2155 3177 2212 victores
3206 2157 3573 2223 exstitissent,
3594 2158 3662 2212 ad
3681 2157 3809 2226 jam.

2211 2242 2548 2298 nominatum
2593 2241 2777 2299 Sancti
2824 2244 3102 2303 Benedicti
3150 2250 3541 2303 monasterium
3586 2249 3798 2304 oraturi

2212 2342 2500 2399 venerunt,
2541 2342 2933 2405 poscentesque
2983 2352 3015 2391 a
3062 2336 3322 2392 fratribus
3367 2336 3608 2407 eul0gias
3637 2337 3802 2406 panis

2212 2430 2265 2478 ct
2293 2421 2403 2477 vini
2450 2423 2552 2479 sibi
2604 2423 2788 2490 tribui,
2819 2425 3075 2481 dixerunt
3115 2442 3174 2482 se
3206 2436 3368 2483 tantae
3413 2428 3536 2484 ﬁdei
3576 2442 3700 2485 esse
3738 2436 3800 2483 ut

2212 2511 2419 2581 absque
2467 2511 2801 2568 dubitatione
2831 2514 3116 2586 crederent
3152 2531 3248 2586 per
3280 2517 3425 2571 illam
3453 2533 3635 2573 escam
3677 2533 3800 2574 me.-

2214 2602 2259 2657 ri
2269 2603 2331 2657 "is
2350 2602 2567 2674 gloriosi
2581 2602 2922 2660 Centiessoris
2943 2604 3217 2662 Benedicti
3250 2610 3315 2663 se
3330 2615 3385 2662 et
3407 2607 3658 2678 inpnelio
3681 2606 3809 2662 forte:

2212 2698 2467 2764 victores,
2495 2707 2548 2754 et
2574 2713 2604 2753 a
2635 2699 2826 2755 mortis
2847 2700 3095 2770 periculo
3129 2701 3426 2766 immunes;
3454 2716 3555 2756 nec
3578 2716 3678 2756 sua
3702 2716 3811 2756 eos

2212 2804 2336 2861 spes
2355 2788 2562 2845 fefellit.
2594 2788 2727 2845 Nam
2751 2793 3135 2864 congressione
3162 2792 3378 2860 habita,
3416 2801 3565 2849 tanta
3604 2793 3802 2849 adver-

2213 2886 2388 2942 sarios
2415 2887 2561 2941 caede
2590 2885 2892 2941 all'ecerunt
2912 2896 2970 2941 ιιι
2995 2895 3115 2957 post
3143 2887 3426 2942 victoriam
3456 2902 3486 2941 a
3512 2887 3811 2941 monachis

2213 2987 2463 3050 respectu
2496 2978 2848 3035 humanitatis
2881 2978 3044 3034 etiam
3085 2978 3332 3035 inimicos
3383 2979 3670 3034 inhumane
3695 2993 3797 3033 ett-

2212 3069 2488 3141 pientihus
2523 3070 2610 3125 vix
2659 3069 2873 3141 sepeliri
2904 3070 3142 3141 quirent.
3181 3072 3430 3126 Attamen
3466 3071 3671 3126 aratris
3700 3071 3811 3124 hu-

2215 3176 2362 3216 mum
2396 3161 2498 3218 hac
2521 3161 2749 3236 illucque
2772 3176 2923 3218 more
2948 3165 3216 3217 arautium
3245 3163 3439 3219 inverti
3477 3164 3807 3235 pmcipiett-

523 3248 773 3307 Victores
798 3266 929 3308 vero
949 3253 1094 3308 omni
1121 3253 1272 3324 potiti
1294 3246 1869 3326 prteda,nobilioribus
1896 3269 2111 3326 quoque
2137 3238 2183 3301 C
2216 3262 2321 3318 tes,
2350 3253 2546 3327 glebis,
2575 3268 2848 3335 utcunque
2873 3261 3143 3324 poterant,
3176 3252 3441 3324 cadavera
3468 3254 3798 3309 obruebant.

525 3360 592 3399 ex
626 3344 805 3400 hostili
838 3345 1052 3416 agmine
1081 3349 1275 3418 captis,
1316 3349 1383 3404 ad
1432 3348 1657 3406 Salensc
1684 3351 1990 3406 coenobium
2020 3366 2112 3407 ve-

452 3508 464 3515 ἒ
526 3442 725 3488 nerunt
747 3444 998 3507 rogantes
1014 3445 1371 3492 memoratum
1388 3436 1740 3492 Benedictum
1762 3441 2110 3511 praepositum

525 3536 588 3581 ut
613 3526 871 3598 quidquid
902 3527 1045 3583 inter
1084 3529 1369 3585 manubias
1392 3543 1459 3585 ex
1489 3544 1712 3586 suorum
1738 3533 1956 3602 agnosci
1991 3549 2115 3603 pos-

528 3627 615 3674 set
640 3619 943 3675 substantia
972 3635 1269 3693 pauperum
1318 3623 1489 3694 gratis
1517 3637 1590 3678 re.
1611 3623 1800 3693 iperct.
1839 3624 1993 3693 Quod
2023 3626 2114 3684 ille

526 3711 702 3767 libens
752 3715 994 3785 accepit,
1037 3723 1093 3769 ct
1136 3714 1369 3786 receptis
1402 3732 1622 3772 suorum
1675 3707 1890 3788 spoliis,
1940 3719 2113 3791 tripu-

526 3804 740 3862 diantes
770 3804 1061 3864 bellatores
1091 3808 1159 3863 ad
1187 3810 1407 3880 propria
1448 3810 1576 3864 sivit
1601 3808 1771 3866 abire.
1799 3810 2113 3881 Sequuntur

526 3897 630 3951 alia
658 3896 770 3953 duo.
800 3898 1058 3954 miracula
1109 3901 1250 3956 haud
1301 3900 1529 3955 multum
1564 3901 1691 3956 huic
1734 3900 2047 3968 dissimilia,
2081 3915 2114 3955 a

526 3989 757 4043 Domino
819 4004 916 4059 per
982 4006 1250 4046 summum
1329 3992 1695 4049 confessorem
1761 3992 2111 4049 Benedictum

528 4081 720 4137 iisdem
762 4082 817 4136 itt
867 4082 998 4137 locis
1027 4092 1197 4154 gesta.
1230 4084 1272 4139 E
1299 4084 1497 4155 quibus
1522 4101 1685 4139 unum
1707 4085 1847 4156 quod
1873 4094 2115 4156 tempore

528 4169 771 4239 ejusdem
814 4175 1090 4244 praepositi
1145 4175 1376 4242 accidit,
1418 4176 1507 4232 isti
1555 4176 1653 4247 ipsi
1698 4184 2119 4243 connectentes,

532 4262 676 4318 aliud
711 4265 786 4319 illi
834 4282 929 4337 per
961 4268 1148 4323 omnia
1177 4264 1515 4325 simillinnmt
1560 4283 1657 4325 suo
1696 4268 1752 4325 in
1794 4267 1912 4325 loco
1937 4266 2123 4339 aptius

530 4356 858 4411 toleremus.

1121 4495 1347 4553 CAPUT
1392 4495 1526 4551 XVI.

2211 3345 2404 3404 Nullus
2448 3362 2580 3404 sane
2624 3346 3224 3419 Argentomagensium,
3253 3347 3343 3416 qui
3373 3362 3511 3415 pane
3557 3361 3625 3400 ac
3672 3346 3800 3402 vino

2214 3437 2400 3494 Sancti
2430 3437 2703 3493 Benedicti
2731 3438 2800 3492 ob
2820 3451 2931 3494 sua:
2975 3436 3165 3495 salutis
3191 3435 3451 3492 auxilium
3492 3436 3636 3508 pasti
3683 3436 3801 3491 fue-

2215 3534 2359 3594 rant,
2392 3527 2688 3584 discrimen
2734 3526 2951 3597 aliquod
3007 3527 3156 3583 necis
3201 3528 3442 3599 perpessi
3490 3536 3647 3593 sunt;
3704 3528 3803 3584 sed

2213 3632 2403 3675 omnes
2426 3618 2683 3685 victores,
2700 3618 3015 3690 integreque
3037 3633 3264 3674 numero
3288 3619 3353 3673 ad
3378 3633 3472 3675 sua
3495 3620 3798 3684 redierunt,

2215 3712 2498 3767 laudantes
2541 3710 2849 3776 Dominum,
2893 3707 3121 3779 ejusque
3160 3708 3523 3766 confessorem
3566 3708 3800 3765 summis

2214 3801 2464 3858 laudibus
2490 3799 2812 3858 extollentes
2839 3790 3209 3864 Benedictum,
3231 3797 3385 3870 cujus
3415 3799 3631 3855 meritis
3656 3808 3712 3855 et
3740 3814 3803 3854 se

2214 3893 2452 3965 periculo
2468 3893 2750 3961 liberatos,
2768 3903 2823 3949 et
2845 3892 3029 3949 hostes
3051 3891 3230 3964 palam
3255 3891 3556 3966 proﬁteban
3566 3899 3658 3948 tur
3676 3904 3802 3949 esse

2214 3987 2336 4060 fuga
2345 3995 2446 4043 tos.

2791 4122 3021 4181 CAPUT
3056 4122 3223 4179 XV“.

2741 4215 2908 4272 Trabs
2945 4217 3061 4272 loco
3100 4225 3265 4272 mota.

2285 4329 2375 4385 3|.
2414 4329 2693 4386 Richardo
2735 4328 2917 4385 abbati
2965 4328 3310 4386 Amalbertus
3348 4326 3462 4400 (24)
3507 4329 3807 4393 successit,

2215 4424 2308 4493 qui
2337 4423 2601 4495 benignus
2628 4432 2847 4490 natura,
2882 4423 3360 4496 benignioﬁetiam
3388 4416 3805 4477 exstitit’hnmio

2217 4514 2384 4573 litatis
2409 4514 2515 4570 sibi
2544 4514 2706 4571 insita
2730 4515 3164 4571 mansuetudine.
3195 4513 3295 4569 llic
3323 4530 3354 4569 a
3384 4512 3666 4580 Lothario,
3694 4511 3801 4566 Lu-

603 4605 738 4663 Itcm
762 4607 877 4662 alii.
901 4609 1396 4681 Argeutomagemes
1426 4580 1644 4682 eulogiis
1671 4610 1823 4681 panis
1850 4619 1907 4665 et
1939 4609 2044 4664 vini
2137 4580 2193 4643 ί)
2217 4606 2393 4662 dovici
2432 4605 2705 4676 quondam
2735 4619 2766 4660 a
2788 4604 3089 4663 Tethbaldo
3119 4605 3316 4661 comite
3338 4605 3480 4675 capti
3509 4604 3645 4672 lilio,
3673 4620 3799 4661 cum

1222 4681 1429 4736 muniti.

601 4791 690 4848 '50.
730 4790 1099 4848 llonarchiam
1120 4792 1272 4865 regni
1294 4791 1628 4851 Francorum
1655 4793 1830 4876 adhuc
1856 4792 2119 4852 Lethario

532 4894 775 4958 regente,
804 4884 954 4956 gravi
983 4885 1352 4956 perduellione
1389 4887 1655 4958 primores
1684 4886 1995 4959 Aquitanici
2023 4901 2113 4942 re-

533 4977 622 5047 gni
661 4977 888 5048 contigit
919 4977 1153 5043 turbari;
1182 4976 1448 5049 siquidem
1475 4977 1728 5034 Giral‘dus
1753 4977 2115 5032 Lemovicinte

534 5069 687 5123 urbis
722 5069 1046 5134 vicecomes,
1074 5079 1128 5125 et
1160 5067 1302 5125 Boso
1332 5069 1610 5124 marcham
1637 5070 1806 5139 ipsius
1834 5067 2118 5139 possidens

534 5162 799 5233 regionis,
825 5161 1123 5225 contractis
1151 5160 1441 5215 adversum
1466 5176 1525 5216 sc
1570 5161 1924 5216 decertabant
1952 5158 2113 5215 odiis.

616 5338 716 5350 σμ’-ι
775 5339 791 5350 ι
1278 5340 1297 5350 Α
1440 5347 1445 5349 Α
1594 5338 1652 5350 ..ο

1718 5336 1733 5350 ⁸
1784 5399 1810 5404 η
1889 5343 2116 5412 tomum,

838 5399 868 5410 υ

2217 4698 2484 4755 electione
2509 4696 2741 4753 fratrum
2773 4697 3014 4768 regimen
3046 4696 3225 4752 nostri
3263 4704 3577 4766 susceperat
3611 4708 3801 4750 ceno-

2216 4790 2312 4846 bii.
2342 4788 2521 4859 Hujus
2558 4790 2621 4844 in
2654 4789 2869 4856 diebus,
2898 4788 2952 4843 in
3002 4788 3344 4859 possessione
3386 4786 3555 4857 ipsius
3583 4785 3799 4842 Floria-

2217 4880 2397 4936 censis
2464 4879 2730 4944 ctenobii,
2775 4894 2897 4950 quae
2952 4878 3388 4933 Herrini-curtis
3451 4875 3547 4948 (V.
3604 4875 3801 4931 Tarta-

2220 4974 2286 5028 rii
2320 4988 2440 5042 cap.
2492 4972 2560 5041 6)
2608 4972 2836 5038 dicitur,
2893 4986 2980 5027 res
3022 4971 3330 5043 ltujusmodi
3368 4970 3625 5025 divinitus
3672 4980 3797 5025 aeta

2217 5072 2321 5119 est.
2359 5062 2655 5119 Gauzlinus
2700 5057 3018 5127 monachus,
3049 5061 3097 5116 ei
3139 5062 3277 5115 curti
3307 5071 3431 5116 tunc
3453 5060 3799 5129 praepositus,

2220 5156 2502 5212 conductis
2534 5156 2822 5226 operariis,
2854 5155 2920 5212 ad
2945 5156 3141 5212 ostium
3172 5153 3406 5210 basilica:
3451 5153 3549 5209 sub
3578 5152 3798 5207 nomine

2218 5344 2333 5412 Pw.
