4108 5412
298 226 396 293 sat

1037 236 1122 298 DE
1158 238 1532 300 MIRACULIS
1573 243 1631 298 S.
1664 196 2038 299 ‘BENEDKLTI
2079 234 2259 297 LIBRI
2303 238 2459 299 υιό.
2505 274 2569 284 -ο
2604 242 2727 299 LIB.
2770 240 2827 299 Β

3462 249 3603 305 ὃέἰι

297 348 499 419 egregii
530 346 858 405 confessoris
882 349 1083 406 Christi
1131 353 1427 417 Benedicti,
1456 352 1567 408 Deo
1612 354 1665 408 in
1694 354 1881 410 eadem
1911 360 1959 416 Δ
1993 353 2268 411 naviculas
2296 370 2426 410 vero
2474 358 2629 422 duas,
2664 374 2824 412 unam
2870 358 3045 415 medio
3074 360 3125 415 iu
3152 360 3369 416 llutuine
3407 365 3569 417 scuti-

296 441 671 505 \illa'dicatm,
705 444 908 512 gradus
937 443 1143 513 ligneos
1172 444 1286 500 fieri
1318 442 1680 516 disposuerat.
1710 446 1883 501 Faber

296 531 557 603 liguarins
578 534 625 588 ei
652 535 728 589 rei
756 536 989 590 studium
1034 537 1373 607 impendens,
1413 539 1632 608 deiectae
1658 540 1710 593 in
1759 555 1884 608 pro-

296 626 441 680 xima
470 625 608 681 silva
632 626 812 682 arbori
844 628 1065 683 dolabra
1105 627 1376 697 superllua
1412 645 1639 699 quaeque
1665 630 1884 685 demere

292 716 557 785 parabat,
587 731 822 788 cumque
869 735 989 774 eam
1030 719 1083 774 iu
1132 732 1341 789 partem
1388 720 1615 775 alteram
1668 730 1883 775 vertere

294 818 552 877 tentaret,
579 822 635 869 et
667 828 773 867 non
804 823 983 882 posset
1010 830 1025 868 :
1066 815 1191 869 «Eia
1222 854 1239 881 ,
1272 815 1465 884 inquit,
1493 824 1682 872 sancte
1708 816 1880 871 Bene-

292 905 459 970 dicte,
487 907 616 976 quia
637 922 737 978 ego
758 923 984 977 nequeo,
1004 919 1059 963 tu
1086 908 1234 964 illam
1261 919 1464 965 verte.»
1484 909 1608 965 llaec
1627 910 1758 965 dicit
1774 926 1879 966 non

290 999 499 1052 orantis
528 1009 671 1064 voto,
698 1014 797 1055 nec
822 1002 1094 1070 poscentis
1118 1001 1333 1065 affectu,
1360 1003 1491 1073 quin
1521 1004 1702 1073 potius
1722 1002 1878 1073 quasi

288 1086 557 1143 ditlidens.
620 1090 833 1145 Vicinos
894 1091 1044 1147 silva:
1090 1093 1230 1148 adiit
1280 1095 1511 1158 domos,
1587 1094 1879 1151 auxiliares

287 1178 685 1247 accersiturus;
711 1195 833 1236 cum
855 1183 1052 1253 quibus
1092 1200 1392 1255 regressus,
1420 1186 1621 1255 reperit
1646 1187 1877 1256 lignum,

287 1269 431 1338 quod
462 1270 551 1324 vix
578 1286 679 1328 sex
722 1272 961 1329 virorum
1011 1276 1267 1332 movisset
1312 1292 1524 1342 manus,
1556 1278 1738 1334 divina
1763 1280 1876 1334 vir-

289 1368 402 1414 tute
425 1374 548 1415 eam
574 1367 629 1416 in
662 1371 873 1432 partem
904 1379 1118 1420 versum
1145 1380 1306 1435 quam
1334 1367 1445 1437 ipse
1470 1367 1702 1424 volebat.
1737 1368 1876 1435 Quid

282 1456 443 1519 putas
466 1450 716 1508 beneﬁcii
744 1455 995 1526 egregius
1025 1456 1128 1511 iste
1152 1456 1315 1512 Pater
1342 1467 1529 1515 noster
1557 1458 1668 1515 illis
1690 1459 1875 1532 largiri

280 1542 543 1611 pravalet
570 1545 661 1614 qui
684 1561 807 1600 eum
840 1555 950 1603 tota
993 1548 1191 1605 mentis
1223 1550 1522 1608 intentione
1547 1569 1669 1609 cum
1694 1555 1877 1612 cordis

284 1634 667 1691 invocaverint
688 1638 943 1707 puritate,
975 1640 1022 1694 si
1052 1649 1261 1696 tantum
1291 1643 1365 1697 illi
1394 1645 1643 1713 praestitit
1688 1646 1779 1715 qui
1816 1662 1875 1702 se

280 1744 403 1781 eum
453 1730 726 1799 quadam,
770 1740 830 1786 ut
876 1731 947 1786 ita
991 1733 1187 1802 dicam,
1222 1736 1657 1807 interpellaverat
1706 1742 1870 1797 animi

282 1816 557 1872 vanitate?
586 1833 684 1873 nec
731 1822 915 1884 nobis,
945 1822 1173 1891 quibus,
1222 1827 1471 1895 quamvis
1499 1827 1809 1897 immeritis,
1839 1846 1869 1885 a

277 1912 389 1966 Deo
416 1914 676 1971 donatqu
706 1926 789 1972 est
831 1918 989 1973 talem
1042 1936 1107 1976 ac
1153 1930 1357 1975 tantum
1402 1920 1870 1991 inpraesentiarum

276 2002 481 2058 nabere
510 2004 748 2073 Patrem,
773 2009 996 2064 omnino
1022 2010 1445 2081 desperandum,
1472 2012 1517 2067 si
1554 2014 1674 2082 ejus
1711 2030 1868 2085 apem

272 2107 412 2162 pura
462 2111 528 2152 se
557 2098 793 2168 simplici
838 2100 1309 2171 imploraverimus
1337 2118 1516 2173 prece,
1545 2119 1669 2160 cum
1693 2114 1749 2161 et
1775 2122 1870 2161 ex-

277 2195 600 2243 traneorum
636 2204 740 2243 non
789 2201 1109 2261 aspernetur
1155 2194 1390 2263 gemitus
1430 2194 1783 2263 humillimos,
1815 2205 1870 2252 et

277 2277 438 2348 longe
468 2282 679 2349 positos
718 2284 1014 2353 sepissime
1043 2286 1298 2340 exaudiat
1327 2286 1577 2344 famulos.
1618 2288 1753 2356 Quid
1781 2290 1868 2346 de-

273 2373 439 2441 nique
459 2376 675 2433 cuidam
700 2380 967 2435 monacho
992 2382 1073 2436 sui
1108 2383 1307 2454 gregis,
1336 2384 1597 2441 vocabulo
1652 2386 1865 2441 Annoni

274 2465 466 2534 (infra,
494 2466 588 2522 lib.
638 2483 696 2534 u,
723 2486 844 2542 cap.
870 2470 946 2543 6),
974 2473 1065 2544 qui
1097 2490 1239 2530 nunc
1265 2476 1437 2533 adhuc
1466 2487 1734 2547 superest,
1758 2478 1869 2553 lon-

271 2557 517 2624 giuscule
538 2560 666 2615 hinc
691 2572 916 2630 remoto,
933 2576 1250 2622 maestorum
1273 2568 1513 2625 solamen
1536 2571 1863 2639 animorum,

271 2663 493 2718 semper
523 2654 882 2715 nominandus
926 2659 1211 2716 contulerit
1240 2661 1589 2731 Benedictus,
1625 2663 1868 2722 breviter

272 2751 550 2812 ειρυηειεε
577 2742 727 2801 libel.

840 2902 1066 2962 CAPUT
1107 2908 1289 2964 XVIII.

596 3014 854 3072 Navii-uta
882 3021 1082 3076 caelitus
1121 3024 1537 3083 subministrata.

338 3125 430 3180 32.
470 3126 600 3181 Post
627 3144 907 3202 excessum
959 3135 1195 3204 pastoris
1242 3137 1563 3206 Amalberti,
1592 3156 1621 3195 a
1650 3159 1759 3212 quo
1804 3144 1857 3198 in

270 3225 461 3270 tenera
498 3226 653 3274 aetate
678 3221 915 3277 habitum
949 3228 1267 3283 monasticae
1305 3232 1516 3301 suscepi
1552 3233 1853 3303 religionis,

268 3318 437 3378 atque
468 3312 673 3368 utinam
704 3331 825 3369 cum
867 3319 1141 3386 proposito
1172 3324 1402 3377 mentis!
1430 3324 1709 3381 Oilboldus
1741 3328 1855 3401 (Ξὸ)

268 3402 338 3453 ad
398 3403 769 3470 praelationem
818 3407 1239 3468 Floriacensium
1290 3415 1557 3483 fratrum,
1618 3419 1854 3489 ipsorum

267 3492 547 3549 electione
577 3506 626 3549 et
662 3499 801 3568 regia
833 3501 1092 3572 principis
1139 3503 1376 3561 Lotharii
1422 3511 1667 3566 ascendit
1691 3514 1855 3568 dona-

268 3583 453 3651 tione,
487 3588 575 3656 qui
604 3589 688 3657 pia
714 3590 1096 3659 sollicitudine,
1133 3604 1238 3651 tam
1268 3600 1540 3668 spiritales
1585 3618 1855 3675 quamque

266 3676 606 3744 temporales
659 3680 994 3738 subditorum
1048 3702 1347 3756 procurans
1412 3692 1695 3755 utilitates.
1753 3695 1851 3749 im-

264 3766 519 3820 minente
550 3768 745 3823 celebri
778 3771 954 3828 Patris
999 3774 1274 3832 Benedicti
1317 3781 1575 3837 transitus
1600 3783 1854 3839 solemni-

266 3864 433 3921 tate,
500 3874 794 3930 cougruum
848 3865 999 3920 duxit
1063 3868 1130 3922 ad
1196 3870 1534 3929 abundantes
1603 3876 1853 3932 uberiore

261 3947 505 4015 piscium
531 3952 684 4019 copia
729 3956 974 4025 regiones
999 3961 1303 4028 quempiam
1346 3978 1566 4018 suorum
1594 3965 1848 4037 dirigere.

262 4034 493 4094 Mittens
527 4040 687 4110 igitur
716 4057 1071 4102 memoratum
1122 4048 1370 4117 fratrem,
1418 4062 1469 4108 et
1507 4069 1605 4124 per
1634 4034 1852 4113 manum

261 4130 386 4205 ejus
434 4129 788 4189 sufficientem
828 4137 877 4190 ei
919 4139 1135 4208 negotio
1177 4144 1420 4211 pecunia
1467 4147 1849 4215 quantitatem,

263 4221 485 4275 monuit
536 4232 594 4277 ut
641 4225 869 4298 impigre
914 4229 1162 4299 injuncto
1210 4235 1486 4291 insisteret
1535 4241 1706 4308 operi.
1749 4240 1852 4309 Qui

262 4322 547 4383 praecepto
575 4332 792 4387 parcus,
840 4319 1122 4378 fluminum
1170 4323 1440 4396 legumina
1489 4329 1675 4385 solerti
1719 4348 1849 4390 cura

262 4409 540 4477 quaesivit,
566 4414 793 4480 quaesita
841 4418 1004 4481 emit,
1056 4394 1345 4491 empta—que
1390 4432 1449 4477 ut
1481 4425 1547 4480 ad
1577 4424 1791 4482 Patrem
1818 4444 1848 4482 a
1882 4394 1930 4454 θ

264 4516 378 4571 quo
424 4502 624 4556 missus
676 4503 880 4571 fuerat,
930 4511 1214 4566 reveheret
1259 4514 1422 4569 anxie
1450 4516 1707 4584 instabat,
1755 4519 1849 4575 sed

262 4590 385 4657 ejus
422 4591 871 4650 accelerationcm
912 4598 1126 4655 itineris
1172 4600 1497 4661 inundantes
1541 4606 1851 4676 profusione

264 4679 523 4737 imbrium
556 4685 901 4742 retardavere
944 4689 1254 4759 Aquitanici
1303 4708 1506 4749 amnes.
1542 4695 1687 4751 Inter
1716 4714 1850 4767 quos

263 4770 477 4825 Andria
526 4772 871 4843 despicabilis
912 4780 1135 4849 quidam
1168 4782 1283 4837 visu
1319 4783 1587 4854 tluviolus,
1615 4790 1708 4844 sed
1729 4807 1849 4846 cre-

262 4859 362 4914 bra
392 4861 446 4914 in
480 4862 807 4933 multiplices
836 4869 1113 4927 discursus
1143 4872 1283 4928 alvei
1320 4877 1583 4946 sectione,
1612 4897 1675 4935 ac
1702 4885 1851 4951 palu-

264 4950 394 5004 dum
424 4951 721 5021 aliquantis
771 4958 823 5011 in
872 4960 1001 5016 locis
1056 4964 1513 5036 interpositione,
1555 4971 1621 5025 ad
1670 4950 1848 5031 trans-

266 5042 561 5098 meaudum
590 5045 853 5113 diﬂicills;
898 5053 962 5107 ad
996 5054 1173 5126 cujus,
1224 5066 1282 5110 ut
1310 5061 1609 5132 vulgariter
1638 5064 1847 5135 loquar,

266 5143 500 5186 matrem
533 5150 724 5204 aquam
756 5143 1041 5207 praedictus
1061 5149 1383 5215 perveniens
1406 5151 1594 5214 frater.
1627 5152 1850 5211 ollendit

265 5230 467 5284 vadum
498 5230 789 5289 inundasse
811 5237 984 5307 aquis,
1001 5254 1065 5296 ac
1086 5239 1210 5295 ideo
1232 5240 1638 5312 impermeabile
1661 5250 1845 5319 equis;

1990 461 2247 510 mersam,
2278 446 2439 501 aliam
2480 448 2727 503 ulteriori
2757 448 2809 503 iu
2839 449 2953 518 ripa
2984 450 3216 506 detineri
3245 452 3564 507 revinctam.

1985 536 2444 608 Circumspiciens
2486 540 2740 609 undique,
2774 540 2973 596 nullius
2999 541 3239 597 uaucleri
3272 557 3450 612 opem,
3476 554 3587 596 aut.

1986 627 2211 698 alicujus
2243 632 2640 699 praetereuntis,
2690 631 2864 686 valuit
2910 633 3152 704 reperire
3192 632 3471 702 juv’ameu.
3510 633 3562 686 lu

1984 721 2088 777 hac
2125 721 2309 792 itaque
2353 723 2520 777 animi
2570 723 2844 780 anxietate
2894 726 3241 791 constitutus,
3287 725 3413 780 dum
3467 728 3567 780 iter

1983 828 2139 867 suum
2171 813 2442 884 impediri,
2468 823 2523 869 et
2549 815 2688 869 diem
2716 814 2913 870 festum
2943 818 3375 888 apprOpiuquat-e
3410 818 3560 871 iulcl~

1982 901 2203 972 ligeret;
2230 918 2350 959 sese
2381 904 2436 959 in
2464 919 2522 959 se
2550 904 2826 976 colligens,
2874 915 2928 961 et
2960 907 3240 962 audaciam
3273 924 3337 963 ex
3367 909 3561 978 despc-

1983 994 2193 1049 ratione
2206 1009 2449 1062 sumens,
2470 1004 2639 1051 totum
2668 1010 2726 1051 se
2754 996 2819 1051 ad
2846 997 3110 1057 orandum
3142 998 3387 1054 contulit.
3426 999 3560 1053 «Ad-

1981 1083 2053 1139 sit
2082 1098 2244 1150 nunc,
2277 1084 2549 1154 inquiens,
2586 1086 2811 1141 Domine
2842 1086 3005 1153 Deus,
3054 1089 3188 1143 mihi
3237 1090 3454 1159 indigno
3485 1090 3559 1143 [ειη

1983 1173 2131 1229 mulo
2156 1183 2247 1231 tuo
2274 1176 2585 1231 auxiliatrix
2612 1177 2833 1234 dextera
2865 1188 2953 1233 tua
2973 1220 2988 1245 ,
3010 1190 3064 1235 et
3096 1181 3141 1236 si
3164 1181 3293 1251 quid
3327 1198 3561 1251 unquam

1980 1263 2253 1335 majestati
2284 1274 2388 1321 tute
2417 1266 2553 1322 bene
2597 1266 2854 1337 placitum
2884 1269 3047 1325 Pater
3076 1281 3260 1327 noster
3287 1287 3440 1327 sacer
3462 1271 3562 1327 Be-

1980 1356 2230 1412 nedictus
2275 1358 2542 1427 patravit,
2585 1373 2680 1414 seu
2726 1359 2997 1430 quispiam
3050 1362 3389 1417 servulorum
3445 1365 3563 1431 ejus

1979 1448 2076 1504 tibi
2109 1447 2164 1502 in
2189 1450 2477 1518 praesentia
2507 1450 2647 1505 sacri
2681 1451 2924 1520 corporis
2950 1451 3119 1522 ipsius
3150 1450 3576 1517 famulantium,-

1979 1535 2045 1590 ad
2076 1551 2316 1606 praisens
2336 1537 2577 1593 declara.
2615 1539 2831 1596 Placeat
2869 1540 2963 1595 tibi
2992 1542 3243 1597 eamdem
3271 1557 3435 1607 nunc,
3468 1560 3557 1597 0t-

1979 1629 2103 1684 dine
2132 1645 2241 1700 quo
2271 1629 2365 1685 tibi
2394 1629 2680 1702 placuerit,
2720 1647 2979 1689 exercere
3027 1635 3347 1703 potentiam,
3396 1650 3563 1703 quam

1911 1702 1949 1756 Β
1975 1720 2247 1790 quondam
2276 1723 2485 1778 meritis
2524 1722 2693 1795 ipsius
2744 1724 2926 1781 dilecti
2968 1702 3043 1781 tui
3086 1702 3559 1793 exercuistiﬁlurn

1973 1811 2239 1885 discipulo
2286 1814 2433 1870 illius
2486 1816 2659 1871 undas
2706 1817 2868 1873 siccis
2911 1818 3144 1887 pedibus
3180 1819 3397 1876 calcare
3432 1835 3561 1874 Cilli-

1972 1905 2217 1961 cessisti!
2252 1905 2369 1962 Non
2397 1906 2615 1978 quidem
2642 1908 2710 1964 ad
2739 1910 2852 1965 haec
2874 1912 3145 1982 poscenda
3168 1912 3234 1968 de
3257 1913 3392 1969 meis
3422 1928 3565 1982 pra:-

1971 2014 2193 2056 sumens
2217 2002 2423 2057 accessi
2455 2003 2687 2070 meritis,
2731 2004 2827 2061 sed
2877 2006 3082 2073 majora
3113 2008 3390 2078 egregium
3422 2026 3555 2065 con-

1971 2085 2241 2142 fessorem
2292 2088 2643 2146 Benedictum
2673 2094 2813 2163 apud
2844 2103 2896 2149 te
2923 2109 3081 2166 posse
3109 2097 3400 2166 impetrare
3428 2115 3560 2155 con-

1972 2174 2165 2243 lidens,
2208 2194 2309 2251 ego
2359 2195 2577 2251 quoque
2624 2184 2689 2238 de
2732 2184 3036 2254 patrocinio
3086 2187 3281 2258 ipsius,
3312 2204 3410 2259 pro
3438 2205 3557 2244 mea
3648 2176 3651 2179 ’

1969 2267 2109 2335 apud
2166 2275 2311 2322 tuam
2374 2268 2721 2327 clementiam
2785 2272 3118 2342 fragilitate,
3171 2276 3371 2345 majora
3423 2280 3556 2334 meis

1968 2358 2217 2414 audendo
2241 2359 2449 2416 viribus
2473 2364 2810 2435 prassumpsi.
2829 2384 2847 2417 ι
2864 2364 3185 2437 llujusmodi
3207 2369 3475 2433 oratione,
3490 2384 3555 2425 ac

1968 2459 2249 2507 mansueta
2282 2466 2388 2522 qua
2435 2452 2579 2509 idem
2630 2457 2929 2512 monachus
2976 2457 3141 2527 pollet
3180 2459 3551 2530 simplicitate,

1966 2544 2401 2613 praecedentibus
2433 2548 2656 2620 insuper
2676 2548 2980 2607 beatissimi
3013 2553 3288 2610 Benedicti
3320 2557 3550 2618 meritis,

1965 2632 2140 2691 ﬂexus
2171 2636 2453 2705 Dominus,
2488 2641 2814 2697 citissimum
2845 2642 2924 2698 illi
2968 2660 3077 2700 suae
3104 2647 3294 2718 gratia:
3322 2649 3551 2704 contulit

1966 2726 2303 2799 suffragium.
2332 2730 2497 2787 Navis
2537 2734 2736 2790 etenim
2782 2750 2944 2805 quam
2975 2739 3250 2793 contrario
3282 2740 3335 2794 in
3367 2740 3551 2796 littore

1965 2818 2125 2873 sitam
2154 2833 2274 2875 esse
2325 2821 2581 2889 diximus,
2633 2824 2895 2881 divinitus
2940 2826 3136 2894 soluta,
3189 2831 3395 2900 absque
3444 2832 3555 2906 ullo

1965 2912 2179 2968 mortali
2213 2915 2435 2986 remige.
2486 2917 2555 2971 ad
2598 2932 2716 2973 eam
2751 2918 2802 2973 in
2849 2934 2955 2990 qua
2999 2921 3269 2978 coenobita
3312 2923 3550 2983 illecum

1960 3003 2129 3059 sociis
2183 3004 2477 3073 residebat,
2530 3006 2769 3064 ﬂuminis
2814 3019 3022 3081 partem
3070 3014 3303 3069 transiit.
3356 3014 3551 3070 Videre

1963 3105 2085 3151 erat
2116 3096 2306 3169 ingens
2346 3099 2674 3172 prodigium,
2724 3102 2903 3158 navim
2954 3104 3244 3174 aliquando
3295 3106 3462 3162 invito
3486 3124 3548 3161 ac

1961 3184 2164 3241 frustra
2195 3188 2478 3245 obnitente
2504 3190 2887 3260 gubernatore,
2942 3194 2996 3249 in
3029 3194 3244 3251 fluentis
3267 3211 3423 3266 aqua:
3454 3199 3544 3253 de-

1959 3277 2075 3333 vios
2100 3289 2347 3351 agentem
2380 3295 2592 3347 cursus,
2647 3292 2775 3338 tunc
2803 3286 2961 3355 quasi
3013 3287 3225 3345 caelitus
3270 3299 3546 3347 ostensam

1959 3366 2064 3422 sibi
2094 3367 2294 3425 lineam
2322 3385 2351 3424 a
2380 3371 2496 3441 ripa
2528 3372 2581 3428 in
2616 3374 2789 3444 ripam
2820 3374 3082 3435 inoﬂ‘ense
3111 3387 3338 3447 teneret,
3368 3388 3549 3437 trans-

1957 3461 2244 3528 meavisse,
2293 3463 2467 3519 donec
2522 3465 2773 3537 contigua
2824 3467 3046 3525 famulis
3084 3472 3331 3527 monachi
3380 3472 3543 3537 facta,

1956 3546 2165 3605 lanceis
2194 3551 2593 3619 attraheretur;
2623 3556 2717 3625 qui
2756 3556 2929 3614 hastis
2954 3561 3394 3633 subremigando,
3425 3565 3545 3617 uuir

1955 3652 2115 3694 versa
2160 3654 2330 3697 onera
2388 3650 2770 3714 transponunt,
2813 3661 2985 3717 equos
3046 3651 3249 3705 natatui
3289 3654 3542 3707 commit-

1958 3735 2157 3785 tentes.
2202 3730 2476 3788 Reversus
2498 3734 2565 3788 ad
2600 3733 2817 3790 Patrem
2846 3738 2929 3793 vel
2957 3740 3022 3793 ad
3051 3738 3249 3796 fratres
3277 3741 3398 3797 festi
3428 3742 3540 3810 jam

1956 3816 2062 3873 diei
2115 3817 2328 3875 celebre
2382 3819 2616 3877 ofﬁcium
2678 3824 2893 3881 initiare
2942 3836 3216 3897 parantes,
3285 3830 3543 3899 pncfatus

1954 3908 2255 3964 monachus
2284 3924 2379 3966 eos
2408 3927 2607 3984 magno
2645 3915 2968 3972 exhilaravit
2996 3918 3211 3988 gaudio,
3259 3935 3367 3975 non
3414 3932 3541 3976 tan-

1956 4004 2068 4052 tum
2105 3999 2425 4058 advectione
2453 4004 2814 4075 tripudiantes
2841 4007 3245 4076 alimentorum,
3276 4024 3539 4081 quantum

1954 4083 2148 4143 devote
2173 4090 2510 4148 exsultantes
2544 4095 2744 4150 virtute
2764 4097 3040 4167 signorum
3062 4116 3275 4171 quoque
3297 4101 3386 4174 [{.,
3408 4119 3540 4174 quo-

1953 4178 2192 4251 cunque]
2251 4190 2515 4238 terrarum
2569 4185 2855 4243 Dominum
2923 4207 3080 4247 suum
3136 4197 3537 4252 sanczissimtuu

1956 4268 2172 4325 radiare
2203 4270 2575 4330 Benedictum.

2545 4366 2776 4423 CAPUT
2812 4369 2955 4424 XIX.

2025 4453 2249 4524 Arnuffo
2281 4456 2519 4525 episcopo
2543 4458 2721 4512 vineas
2744 4460 3041 4535 invadente,
3068 4464 3300 4535 reliqniw
3322 4467 3534 4535 delata',

2236 4542 2374 4595 (eger
2396 4537 2615 4581 sanatus
2633 4569 2646 4593 ,
2679 4531 2901 4584 (rdicula
2929 4531 3245 4590 constructa.

2023 4610 2113 4666 '53.
2140 4610 2405 4669 Liberalis
2437 4616 2584 4670 circa
2621 4627 2948 4684 aegrotantes
2975 4635 3187 4691 quoque
3215 4624 3384 4694 ipsius
3408 4642 3535 4680 san-

1952 4702 2026 4756 cti
2056 4702 2152 4756 viri
2186 4702 2459 4760 Benedicti
2510 4718 2689 4762 exstat
2736 4711 2933 4779 gratia.
2988 4711 3138 4767 Unde
3177 4731 3340 4769 ttutttu
3374 4731 3536 4771 narro

1953 4794 2296 4861 miraculum,
2348 4798 2491 4865 quod
2541 4808 2873 4856 memoratus
2921 4802 3090 4855 abbas
3134 4803 3392 4859 Oiboldus
3438 4821 3536 4858 suo

1952 4886 2173 4941 laetatus
2201 4896 2288 4941 est
2315 4889 2584 4944 accidisse
2617 4901 2876 4960 tempore.
2910 4892 3166 4946 Aruulfus
3208 4895 3533 4948 Aureliano-

1952 4998 2071 5037 rum
2097 4982 2380 5054 episcopus
2420 4982 2559 5054 (26),
2610 4984 2746 5040 alias
2792 5000 2922 5039 sane
2970 4984 3164 5046 bonus,
3192 4992 3246 5039 et
3273 4986 3535 5041 ecclesia-

1950 5075 2119 5130 sticas
2176 5076 2392 5145 regulas
2443 5075 2670 5129 scientia
2715 5084 2770 5129 et
2816 5088 2979 5142 opere
3024 5073 3225 5141 optime
3284 5090 3536 5136 servans,

1953 5178 2233 5231 nunquam
2282 5168 2348 5220 ad
2396 5180 2594 5235 purum
2647 5162 2895 5233 prselatos
2948 5161 3106 5230 hujus
3162 5149 3533 5219 Floriacet'tsis

1952 5254 2055 5310 loci
2103 5253 2321 5321 dilexit,
2370 5257 2498 5312 ideo
2566 5251 2981 5323 quammaxime,
3029 5251 3170 5320 quod
3226 5252 3305 5308 illi
3349 5255 3562 5315 ditioui.
