4108 5412
542 396 646 452 8‘23

1506 386 1770 443 AIMOINI
1802 385 2107 442 MONACIII
2140 385 2640 444 FLORIACENSIS

3711 393 3816 448 828

541 510 882 568 solummodo
928 518 1180 579 parentes
1209 505 1384 576 regizr.
1411 503 1802 573 subjectionem
1851 503 1991 569 (27),
2019 515 2121 571 qua
2155 506 2199 560 Α
2231 516 2347 555 sum
2405 503 2455 556 ei
2506 512 2590 557 est
2632 512 2882 558 sanetum
2937 505 3147 559 Domini
3197 506 3458 561 dilectum
3503 524 3570 563 eo
3620 510 3822 566 itinere

541 601 825 673 ipse'nltra
875 601 1091 654 modum
1141 597 1542 659 delectabatur,
1585 609 1929 664 nequaquam
1972 594 2122 648 eiad

540 695 714 765 ipsius
738 690 1036 745 voluntatis
1059 688 1431 755 dependerent
1461 697 1672 741 nulum.
1709 684 1827 752 Qua
1862 686 1928 740 de
1952 701 2009 740 re
2036 684 2121 738 vi-

538 799 672 840 neas
701 781 759 837 S.
796 779 1069 835 Benedicti
1098 779 1151 832 in
1175 768 1494 831 suburbano
1511 775 1918 830 Aurelianensis
1948 775 2119 839 urbis,

541 872 595 925 in
627 871 742 925 loro
767 871 856 939 qui
887 869 1079 923 Boaria
1130 868 1197 938 (Ie
1217 866 1326 921 clas
1352 867 1416 920 de
1440 865 1658 934 Bouric)
1705 866 1925 929 dicitur,
1963 865 2119 929 sitas,

474 997 482 1005 -
537 973 599 1018 ut
646 962 730 1018 sui
780 975 872 1016 eas
920 961 1280 1030 pervaderent
1323 958 1609 1020 satellites.
1649 972 1927 1011 assensum
1981 972 2120 1026 prae-

536 1055 684 1121 buit;
737 1063 958 1124 propter
1016 1066 1243 1121 quarum
1293 1048 1760 1119 recuperationem
1817 1062 1940 1102 enm
1986 1063 2122 1117 pne-

538 1146 717 1202 dlctus
754 1145 924 1199 abbas
950 1144 1014 1198 ad
1047 1159 1168 1197 eum
1198 1142 1406 1213 legatos
1436 1141 1696 1203 misisset.
1725 1156 1824 1196 nec
1864 1141 2122 1209 impetra-

535 1239 730 1302 visset,
759 1253 880 1293 eum
921 1237 1228 1290 senioribus
1274 1233 1459 1288 habito
1507 1234 1758 1298 consilio,
1805 1233 2123 1289 deliberavit

537 1339 598 1384 ut
647 1328 876 1400 sumptis
916 1319 1231 1382 sanctorum
1279 1326 1615 1395 pignoribus,
1667 1324 1983 1379 imminente
2014 1325 2125 1377 vin-

533 1420 736 1484 demia,
769 1420 836 1473 ad
883 1418 1060 1472 locum
1091 1433 1214 1472 eum
1259 1417 1531 1486 aliquibus
1561 1432 1591 1471 e
1623 1415 1881 1471 fratribus
1909 1415 2120 1470 fructus

535 1523 726 1564 earum
755 1509 1084 1566 collecturus
1140 1517 1480 1578 prOperaret,
1532 1516 1611 1572 ut,
1644 1508 1767 1578 quia
1798 1507 1973 1563 eidem
2005 1508 2122 1562 viro

532 1599 743 1654 viribus
791 1608 1127 1653 armatorum
1171 1598 1345 1654 obniti
1398 1596 1614 1653 ditlieile
1660 1607 1802 1664 erat,
1851 1613 1972 1653 cum
2010 1598 2124 1668 ipse

534 1692 722 1746 multis
770 1691 1016 1747 seculari
1069 1691 1307 1762 potentia
1357 1689 1597 1761 pneditis
1649 1689 1867 1760 regibus
1893 1705 2116 1760 quoque

533 1799 782 1854 persaepe
829 1785 1091 1840 restitisse
1142 1782 1560 1853 eomprobetur,
1607 1782 1799 1838 saltem
1854 1784 1954 1839 hac
2003 1793 2121 1837 arte

2224 590 2576 646 Benedictum
2615 594 2682 648 ad
2733 594 3040 650 suburbana
3081 597 3557 653 Aurelianensinnr
3591 602 3662 654 ob
3693 618 3821 657 sua-

2225 697 2346 737 rum
2394 682 2764 738 defensionem
2806 686 3038 740 transire
3079 688 3380 742 vinearum.
3433 689 3552 756 Quo
3596 690 3688 746 ille
3713 709 3813 745 au-

2223 772 2358 837 dito,
2391 787 2539 842 spem
2580 775 2952 843 promerendae
2999 776 3192 833 salutis
3243 778 3489 843 induens,
3521 781 3820 837 imbecillia

2224 865 2469 918 membra
2497 865 2688 920 baculo
2717 875 3082 931 sustentante,
3131 868 3386 937 reliquias
3425 887 3598 939 usque
3625 870 3821 927 beatas

2223 955 2512 1024 protraxit,
2554 964 2972 1027 prostratusque
3017 959 3119 1012 sub
3167 969 3424 1028 argenteo
3471 976 3579 1030 quo
3626 977 3820 1017 recon-

2223 1046 2350 1101 diue
2380 1056 2540 1102 erant
2580 1047 2812 1112 scrinio,
2850 1048 2906 1102 in
2955 1061 3202 1102 somnum
3254 1049 3568 1105 revolvitur.
3616 1050 3821 1106 Trans-

2223 1147 2346 1192 acta
2372 1153 2504 1193 vero
2525 1154 2628 1195 una
2660 1148 2841 1204 nocte,
2871 1153 3032 1194 mane
3053 1139 3228 1209 primo
3253 1155 3503 1211 surgens,
3534 1141 3823 1196 incolumi-

2227 1231 2326 1285 tati
2357 1245 2416 1287 se
2450 1231 2623 1286 sensit
2664 1231 2974 1286 restitutum
3021 1231 3295 1302 pristinae,
3338 1248 3404 1288 ac
3449 1235 3655 1305 gratias
3703 1235 3826 1289 Deo

2225 1336 2415 1392 agens,
2462 1321 2681 1376 laudum
2729 1322 2928 1392 quibus
2974 1330 3188 1391 poterat
3231 1324 3518 1393 praeconiis
3562 1333 3826 1379 sanctum

2227 1413 2508 1468 attollebat
2551 1412 2924 1475 Benedictum,
2955 1423 3370 1484 procuratorem
3417 1431 3541 1470 eum
3597 1431 3713 1471 sua:
3739 1417 3821 1470 di-

2227 1503 2428 1558 ctitans
2455 1501 2757 1571 sospitatis.
2793 1500 2903 1556 Nec
2939 1502 3166 1558 nmltum
3213 1521 3242 1557 a
3272 1518 3402 1558 vero
3429 1502 3545 1572 ejus
3565 1503 3823 1559 deviabat

2222 1591 2427 1662 opinio.
2477 1591 2654 1663 ipsius
2699 1592 2844 1646 enim
2896 1607 3000 1662 ope
3050 1608 3113 1648 ac
3159 1594 3410 1663 precibus
3439 1603 3658 1649 constat
3693 1609 3822 1649 eum

2223 1682 2459 1753 propriae
2511 1681 2782 1738 redditum
2836 1682 3048 1749 virtuti,
3093 1683 3250 1753 cujus
3296 1684 3507 1741 meritis
3558 1683 3829 1740 ﬁsusseo

2226 1775 2371 1830 fama
2404 1786 2664 1831 evocatus
2693 1776 2760 1832 ad
2793 1775 2882 1830 illa
2928 1785 3318 1847 properaverat
3369 1776 3510 1842 loca,
3557 1776 3692 1831 licet
3720 1793 3824 1832 nos

533 1872 748 1928 obviam
795 1873 992 1936 iretur;
1039 1871 1127 1927 cui
1181 1872 1327 1927 idem
1373 1870 1612 1942 pontifex
1643 1913 1658 1937 ,
1707 1881 1934 1928 cunctos
1985 1887 2123 1943 pene
2157 1861 2199 1920 Β
2228 1883 2392 1938 supra
2421 1868 2736 1923 nominatos
2759 1869 3010 1924 veritatis
3050 1878 3216 1924 testes
3254 1884 3593 1940 nequaquam
3622 1870 3693 1924 ab
3720 1870 3825 1924 htt-

533 1963 808 2018 antistites
835 1961 1134 2017 Galliarum
1186 1977 1286 2017 suo
1334 1963 1634 2018 existentes
1684 1971 1926 2032 tempore
1953 1963 2008 2018 in
2031 1963 2120 2018 his

531 2063 656 2120 quae
683 2049 811 2106 Jesu
847 2050 1052 2106 Citriin
1081 2060 1232 2114 sunt,
1270 2051 1540 2121 sapientia
1561 2053 1910 2115 antecedens,
1943 2052 2118 2108 refra-

529 2140 648 2210 gari
683 2141 876 2196 intuitu
906 2142 1079 2198 divini
1112 2152 1396 2212 respectus
1417 2144 1686 2212 nequiret.
1717 2143 1934 2198 Levatis
1957 2144 2123 2213 igitur

453 2288 468 2304 ,
530 2230 762 2289 duornm
821 2232 1143 2300 corporibus
1202 2241 1499 2303 martyrum
1555 2233 1727 2288 Mauri
1788 2234 1902 2305 (‘28)
1955 2245 2120 2304 atque

529 2321 846 2390 Frongentii
879 2323 1012 2393 (29),
1047 2326 1148 2379 sub
1179 2323 1401 2378 nomine
1448 2323 1632 2394 inclyti
1666 2324 1998 2381 confessoris
2024 2328 2118 2382 Dei

529 2409 849 2475 Benedicti,
875 2413 1090 2466 venitur
1113 2413 1179 2467 ad
1225 2413 1420 2478 locum,
1448 2424 1502 2469 et
1534 2415 1676 2470 inter
1703 2415 1806 2470 iter
1829 2418 2118 2486 agendum,

529 2501 748 2569 vicinis,
780 2512 836 2556 et
875 2503 964 2569 qui
1002 2503 1101 2556 viae
1132 2505 1430 2574 propinqua
1473 2504 1782 2560 incolebant
1825 2507 2116 2577 domicilia,

503 2596 975 2663 percontantibus
1001 2597 1156 2667 cujus
1184 2608 1290 2652 tam
1323 2599 1552 2654 celebris
1581 2597 1719 2655 foret
1741 2601 1956 2670 [pompa
1987 2617 2119 2671 prae-

527 2687 881 2752 tereuntium,
923 2689 1373 2760 reSpondebatnr,
1417 2691 1592 2744 sancti
1638 2689 1935 2746 Benedicti.
1976 2691 2120 2746 inter

528 2792 666 2848 quos
692 2779 911 2848 quidam
953 2797 1119 2852 :eger,
1153 2782 1312 2852 longo
1338 2782 1559 2838 attritus
1585 2783 1728 2837 vires
1767 2781 1996 2837 febrium
2029 2800 2117 2838 ar-

528 2869 684 2933 dore,
711 2870 1094 2927 sciscitabatur
1124 2872 1657 2943 prmtergradientes,
1687 2871 1840 2940 cujus
1877 2873 1926 2927 in
1955 2874 2116 2929 obse-

527 2961 657 3031 quio
683 2971 830 3018 tanta
854 2977 976 3018 cum
1003 2965 1259 3020 crucibus
1278 2963 1419 3019 viam
1446 2971 1648 3020 tereret
1673 2965 1846 3019 turba.
1877 2963 2118 3034 Respon-

2226 1959 2316 2028 jus
2344 1960 2686 2015 secludamus
2715 1962 3033 2033 operatione
3063 1960 3338 2028 miraculi,
3363 1962 3476 2016 imo
3507 1976 3604 2032 per
3632 1962 3819 2016 omnia

2231 2051 2469 2122 aquales
2497 2060 2553 2106 et
2573 2051 2772 2109 merito
2795 2053 3109 2124 iudicemus
3143 2062 3200 2108 et
3240 2060 3384 2107 actu.
3416 2051 3588 2106 Porro
3616 2051 3825 2106 fratres

2230 2157 2354 2197 cum
2377 2153 2678 2198 memorato
2705 2143 2926 2209 abbate,
2956 2144 3196 2213 peractis
3217 2144 3425 2214 absque
3451 2143 3616 2197 ullius
3645 2143 3819 2196 inter-

2228 2233 2508 2304 pellatoris
2555 2234 2940 2304 impedimento
2984 2250 3083 2306 pro
3130 2236 3331 2305 quibus
3371 2235 3564 2296 ierant,
3597 2234 3828 2303 gemino.

2229 2324 2517 2380 hetabundi
2554 2327 2770 2398 μυίης),
2795 2327 2860 2380 ad
2889 2342 2984 2381 sua
3017 2326 3417 2398 rcgrediuntur.
3453 2326 3656 2380 Verum
3687 2339 3820 2393 pau-

2228 2430 2327 2487 per
2351 2415 2548 2485 spiritu
2578 2416 2670 2486 qui
2697 2424 2923 2470 sanatus
2955 2425 3095 2482 erat,
3126 2415 3453 2486 tuguriolum
3481 2429 3548 2470 eo
3579 2413 3684 2469 loci
3710 2428 3821 2484 quo

2229 2508 2343 2580 ipse
2371 2507 2577 2564 cubans
2604 2508 2977 2579 superpositos
3003 2509 3168 2578 capiti
3201 2516 3514 2562 sanctorum
3546 2505 3816 2560 habuerat

2227 2609 2402 2667 artus,
2452 2601 2632 2672 ligneo
2679 2603 2987 2657 construxit
3029 2601 3301 2666 tabulatu;
3347 2601 3448 2656 sub
3493 2615 3604 2669 quo
3649 2599 3818 2653 simili

2229 2695 2433 2750 detenti
2468 2695 2730 2766 languore
2757 2695 3121 2764 quiescentes,
3152 2694 3198 2750 si
3231 2703 3407 2748 tamen
3439 2693 3598 2762 plena
3624 2706 3822 2746 eorum

2225 2787 2327 2842 hoc
2359 2785 2492 2842 fides
2518 2786 2781 2858 exegerit,
2826 2786 3148 2842 citissitnam
3191 2784 3586 2856 opitulantibus
3637 2781 3817 2838 tribus

2225 2879 2541 2935 memoratis
2583 2879 2792 2935 sanctis
2846 2879 3070 2948 capiunt
3123 2877 3431 2944 medelam,
3481 2879 3558 2932 uti
3612 2876 3818 2938 accola:

2221 2974 2537 3028 eorumdem
2569 2981 2836 3029 testantur
2863 2971 3126 3028 locorum.

1648 3138 2003 3226 LIBER
2076 3139 2730 3235 SECUNDUS.

1041 3309 1272 3368 CAPUT
1307 3309 1600 3365 PRIMUM.

527 3400 1212 3466 Ficriacusﬂallisaurca.
1233 3401 1348 3456 Sibi
1368 3410 1490 3454 nota
1516 3409 1918 3454 narratauctor.
1942 3397 2118 3454 Fran-

747 3489 928 3528 corum
957 3489 1122 3543 reges.
1155 3471 1300 3525 Abba
1331 3469 1563 3524 Oilboldi
1595 3487 1891 3524 successor.

600 3589 653 3642 ι.
682 3585 985 3640 Favorabili
1011 3599 1260 3652 superna:
1300 3583 1632 3654 dignationis
1663 3583 1952 3654 pnesagio,
2007 3584 2112 3640 hoc

528 3680 582 3735 in
606 3693 714 3750 quo
743 3678 851 3733 Deo
867 3685 1089 3732 auctore
1115 3676 1442 3730 famulantur
1470 3673 1797 3737 caenobium,
1827 3685 1884 3729 ιιι
1907 3675 2114 3730 Floria-

524 3769 796 3842 απαξ-9⁷⁸)
849 3780 1140 3824 vocaretur
1199 3768 1447 3837 accepit;
1510 3767 1601 3837 qui
1675 3766 1869 3840 [quod]
1923 3769 2115 3839 priscis

526 3859 882 3931 temporibus,
904 3874 1010 3915 non
1033 3859 1312 3914 dissimilis
1338 3861 1526 3930 gratia:
1549 3861 1930 3929 praerogativa,
1949 3860 2113 3915 Vallis

525 3953 912 4007 nominabatur
947 3952 1146 4007 Aurea.
1199 3951 1418 4007 Retinet
1462 3951 1609 4006 enint
1647 3953 1698 4006 in
1755 3967 1815 4007 se
1882 3969 2107 4007 anremu

522 4043 762 4111 paradisi
788 4041 997 4106 liorem,
1030 4043 1440 4098 sanctissimum
1467 4043 1684 4098 Patrem
1718 4044 2106 4110 Benedictum;

526 4135 615 4202 qui
647 4134 1055 4202 gratantissimo
1086 4135 1346 4188 virtutum
1381 4135 1548 4190 odore
1580 4151 1826 4204 quosque
1857 4137 2109 4190 rennitis-

525 4224 694 4278 simos
721 4224 790 4278 ad
819 4225 900 4278 sui
933 4225 1300 4280 reverentiam
1327 4225 1541 4279 invitat.
1574 4225 1820 4293 Quarum
1857 4229 2104 4297 proprie-

525 4323 691 4369 tatem
725 4316 1100 4386 0perationum
1119 4316 1164 4370 si
1189 4331 1284 4385 per
1308 4317 1519 4388 singula
1549 4318 1828 4387 explicare
1854 4319 2102 4380 velimus,

525 4405 769 4458 chartam
809 4406 964 4460 nobis
1020 4421 1439 4476 sermonemque
1493 4418 1790 4478 antequam
1836 4412 2107 4466 termonis

524 4494 810 4548 materiam
833 4493 1064 4550 deficere
1093 4509 1192 4565 pro
1238 4505 1392 4552 certo
1425 4497 1828 4569 intelligemus.
1877 4499 1984 4556 Sed
2039 4497 2141 4555 ne'

595 4631 709 4702 (27)
739 4629 811 4685 De
834 4631 1168 4704 subiectione
1193 4633 1484 4703 Spirituali,
1515 4649 1676 4704 quam
1706 4636 1927 4693 abbates
1960 4648 2098 4703 tttm,
2135 4634 2182 4692 Ι)

525 4717 647 4776 eum
678 4700 1151 4776 benedieebantur,
1197 4700 1587 4771 promittebant
1636 4706 1907 4776 episeopo,
1955 4700 2096 4765 alias

525 4773 844 4843 dicendum;
878 4771 964 4826 ltie
990 4773 1054 4827 de
1080 4777 1356 4842 temporali
1389 4777 1616 4843 qumstio
1648 4771 1878 4832 videtur.

599 4843 710 4910 (28)
764 4842 990 4912 Quidum
1037 4845 1272 4912 pontifex
1319 4848 1382 4899 de
1411 4842 1700 4900 Britannia
1731 4849 1956 4912 veniens,
2007 4851 2094 4902 cui

523 4929 709 4967 nomen
737 4926 845 4967 erat
886 4910 1136 4974 Hedrem.
1180 4910 1226 4966 ct
1275 4916 1328 4968 in
1371 4913 1699 4969 Floriacensi
1743 4917 1855 4970 loco
1911 4910 2086 4971 nterm-

523 4984 707 5036 rhilem
737 4983 958 5055 inductis
983 4984 1234 5042 (unicam.
1263 5001 1449 5055 corpus
1475 4987 1608 5039 beati
1639 4988 1884 5055 martyris
1914 4987 2092 5041 .llmtrt'

521 5068 696 5130 secum
722 5053 930 5131 detulit,
960 5069 1108 5132 quem
1153 5065 1352 5134 constat
1391 5053 1568 5134 Romae
1611 5053 1821 5134 possunt
1863 5059 1958 5134 sub
1990 5057 2088 5112 Ce—

2149 3288 2193 3350 C
2225 3307 2506 3362 beneficiis
2532 3307 2634 3375 pia:
2687 3308 3032 3378 paternitatis
3083 3307 3222 3379 ejus,
3252 3309 3322 3363 ab
3353 3308 3469 3379 ipso
3523 3309 3684 3366 nobis
3721 3312 3819 3365 im-

2223 3400 2432 3455 meritis
2477 3399 2762 3470 impensis,
2809 3400 3006 3472 ingrati
3059 3416 3182 3456 esse
3214 3402 3521 3466 videamur,
3580 3418 3647 3458 ea
3695 3421 3816 3474 qua:

2229 3501 2470 3544 nostram
2496 3492 2729 3563 attigero
2759 3491 3103 3563 notitiamhin
3117 3501 3380 3562 quantum
3411 3493 3580 3564 ipsius
3593 3494 3812 3564 benigni

2221 3579 2436 3648 patroni
2504 3579 2745 3636 clemens
2819 3581 3146 3650 supplicatio
3196 3581 3342 3636 vires
3395 3591 3584 3636 nostro
3663 3586 3810 3637 tenui

2220 3668 2495 3739 iugeniolo
2551 3685 2583 3725 a
2634 3670 2854 3726 Christo
2919 3671 3270 3735 obtinuerit,
3323 3673 3602 3727 rusticano
3670 3673 3800 3728 licet

2217 3774 2493 3825 sermone,
2523 3771 2862 3829 posterorum
2892 3761 3152 3816 mandare
3175 3762 3484 3817 adoriemur
3505 3763 3812 3818 memorize.

2222 3849 2288 3903 Et
2314 3849 2508 3918 primo,
2542 3851 2776 3920 qualiter
2807 3851 2892 3906 bis
2923 3851 3260 3922 temporibus
3289 3854 3591 3918 respublica
3630 3855 3806 3910 Fran-

2214 3956 2404 3995 corum
2458 3941 2786 4007 substiterit,
2853 3942 3174 3998 succinctim
3232 3943 3701 4015 perstringamus,
3752 3955 3811 4000 ut

2216 4041 2338 4100 post
2362 4031 2590 4088 liberius
2611 4049 2674 4086 ea
2707 4049 2827 4102 qua:
2851 4034 3252 4104 pmposuimus,
3278 4035 3682 4104 exsequamur;

2282 4123 2340 4176 2.
2364 4122 2627 4179 Lotbario
2655 4127 2792 4194 regi,
2837 4125 3092 4190 caeleste,
3127 4139 3186 4180 ut
3213 4127 3510 4192 credimus,
3542 4143 3644 4197 pro
3697 4140 3804 4185 lcr-

2215 4231 2344 4272 reno
2390 4220 2748 4274 commutauti
2801 4235 3051 4291 regnum,
3080 4221 3391 4276 Ludovicus
3416 4221 3559 4275 filius
3581 4238 3804 4278 succes-

2210 4310 2303 4366 sit.
2343 4310 2445 4376 Qui
2495 4311 2780 4366 immatura
2837 4321 3142 4382 pneveutus
3212 4323 3408 4376 morte,
3479 4313 3804 4368 destitutum

2211 4402 2432 4472 proprio
2487 4402 2704 4458 lnerede
2757 4402 3113 4473 Francigena:
3167 4404 3349 4476 gentis
3395 4405 3799 4475 principatum,

2211 4495 2682 4564 utpotetmturalis
2705 4511 2901 4565 expers
2941 4496 3200 4568 conjugii,
3261 4496 3576 4567 dereliquit.
3656 4500 3804 4554 Sane

2280 4629 2394 4706 (ζῇ)
2448 4630 2524 4706 De
2563 4630 2665 4684 ltoc
2702 4641 2908 4706 _sancto
2940 4628 3285 4706 frangentia
3334 4649 3452 4706 seu,
3483 4634 3808 4706 lf'rotgentio

2208 4701 2619 4769 intelligetnlum
2666 4703 2877 4757 videtur
2919 4701 3156 4770 diploma
3207 4704 3383 4758 Ωιι-ι)ιὶ
3419 4705 3567 4759 (Salvi
3597 4701 3799 4760 conre-

2202 4771 2382 4844 dentis
2410 4771 2654 4844 iltlboldo
2684 4773 2861 4844 abbati
2894 4774 3089 4844 Oeensi
3136 4784 3321 4843 rogatu
3371 4774 3639 4844 Erispugii
3680 4777 3799 4829 llri~

2205 4842 2579 4914 tannizeducis
2602 4843 2790 4914 cellam
2818 4844 2872 4896 in
2895 4861 3028 4913 pago
3052 4842 3437 4914 Cenomanuico
3464 4842 3622 4898 sitan:
3657 4849 3798 4914 apud

2201 4912 2564 4982 Bussogilum,
2594 4913 2646 4964 in
2675 4913 2871 4983 honore
2915 4912 3053 4966 beati
3106 4912 3250 4966 Petri
3277 4932 3308 4967 α
3334 4927 3520 4968 sancto
3547 4912 3798 4983 Trogrtio

2200 4979 2505 5056 (legendum
2534 4983 2751 5056 videtur
2769 4979 3551 5056 Fregetio)fundatr:nt,_::pud
3584 4979 3798 5041 (lliiflle-

2202 5051 2466 5140 timuit).
2542 5051 2953 5122 probationibus
3027 5053 3281 5108 Historia:
3360 5051 3791 5122 Toruutiensis,
