4052 6324
274 374 382 431 895

980 376 1069 431 [ης
1110 376 1479 433 Μιιιλευιιδ
1520 378 1580 432 S.
1619 379 1974 438 BENEDICTI
2018 383 2199 438 LlllRl
2241 383 2401 441 DUO.
2446 416 2513 425 -——
2553 386 2677 439 LIB.
2714 386 2771 439 ιι.

3433 391 3535 446 8‘26

281 496 513 556 patruus
527 486 644 553 ejus
663 487 906 551 Carolus,
948 505 1111 557 quem
1140 490 1405 558 privatum
1430 490 1672 542 seuttisse
1687 505 1850 559 supra
1888 498 1927 553 Α
1963 494 2168 547 nitricis
2184 494 2363 547 Maria:
2397 494 2711 550 holosericis
2741 495 2915 564 palliis
2938 494 3275 564 aliorumque
3296 498 3537 553 velorum

280 576 708 648 praelibavimus,
741 578 1065 644 conabatur,
1090 579 1132 632 si
1188 588 1390 647 posset,
1432 594 1461 630 a
1515 579 1595 631 sui
1638 579 1855 648 generis

282 667 602 721 auctoribus
630 667 720 720 diu
751 681 1062 735 possessum
1100 669 1201 722 sibi
1229 668 1504 721 vindicare
1533 668 1851 737 imperium;

280 756 379 810 sed
427 755 547 824 ejus
589 756 838 811 voluntas
893 756 1092 810 nullam
1148 759 1371 812 sortitur
1405 758 1673 812 effectura.
1720 758 1858 812 Nam

282 847 482 902 Franci
507 848 790 918 primates,
811 864 874 903 eo
896 848 1186 914 relicto,ad
1204 849 1475 919 llugonem
1493 850 1582 921 qui
1607 852 1860 903 ducatum

285 940 539 995 Francia:
591 948 812 995 strenue
867 948 1000 995 tunc
1056 942 1411 1011 gubernabat,
1478 942 1659 1011 magni
1718 941 1864 993 illius

286 1031 535 1099 Hugonis
596 1030 786 1096 filium,
842 1028 995 1097 cujus
1037 1030 1149 1098 jam
1200 1030 1404 1084 mentio
1450 1029 1589 1083 facta
1646 1037 1752 1095 est,
1807 1044 1866 1084 se

286 1122 656 1185 conferentes,
673 1136 794 1175 eum
818 1119 1141 1175 Noviocomo
1167 1119 1407 1191 (Noyon)
1422 1118 1557 1174 solio
1571 1119 1869 1175 sublitnant

286 1214 459 1283 regio.
479 1212 527 1267 ls
541 1213 727 1267 eodem
744 1227 883 1267 anno
897 1211 1218 1266 liotbertum
1245 1212 1410 1264 filium
1436 1211 1536 1265 sibi
1556 1220 1866 1266 consortem

294 1307 448 1375 regni
479 1306 627 1376 legit.
656 1306 719 1360 Et
741 1306 889 1376 quia,
913 1311 1173 1373 quantum
1202 1302 1269 1355 ad
1298 1312 1489 1372 coepta:
1523 1302 1599 1356 rei
1640 1317 1863 1356 causam

282 1400 516 1463 attinet,
543 1399 611 1453 de
653 1398 870 1468 regibus
897 1396 1150 1459 diximus,
1195 1393 1262 1448 ad
1292 1409 1410 1447 eam
1437 1393 1866 1464 prosequendam

296 1490 630 1545 veniendum
660 1497 763 1543 est.

359 1582 418 1635 3.
443 1581 617 1651 Igitur
645 1576 892 1635 Oilboldo
927 1575 1120 1631 abbate
1152 1575 1205 1629 in
1258 1574 1477 1630 Christo
1524 1574 1866 1645 quiescente,

287 1672 451 1727 Abbo
473 1671 740 1741 (50),!)co
762 1677 817 1724 et
839 1667 1149 1723 hominibus
1162 1668 1243 1721 vir
1264 1666 1533 1731 amabilis,
1562 1681 1592 1719 a
1616 1664 1873 1719 fratribus

295 1765 529 1838 liugone
556 1774 829 1820 annuente
854 1777 980 1834 rege
1008 1761 1238 1826 electus,
1273 1761 1325 1814 in
1353 1759 1577 1831 gradum
1610 1758 1873 1814 successit

1967 592 2071 635 tam
2089 583 2280 635 decora
2298 583 2565 639 introrsus
2588 585 2995 639 circumamicta
3015 586 3296 652 varietate,
3312 586 3538 640 ulmulli

1962 686 2147 724 eorum
2182 672 2271 741 qui
2315 674 2380 726 ad
2410 674 2550 727 diem
2582 684 2950 728 convenerant
2981 674 3175 729 festum
3228 675 3534 730 faterentur

1965 780 2239 834 nunquam
2264 776 2420 819 antea
2459 768 2536 820 sic
2563 767 2819 821 decenter
2844 767 3087 822 eamdem
3136 768 3338 823 vidisse
3374 784 3538 823 orna-

1968 864 2075 908 tam
2112 854 2411 909 basilicam.
2470 857 2550 912 Ad
2595 858 2749 925 cujus
2797 857 3250 926 pulchritudinem
3298 859 3535 924 decoris,

1966 962 2089 1002 cum
2150 945 2518 1015 lampadarum
2579 964 2644 1003 ac
2715 965 2997 1004 cereornm
3060 950 3304 1017 stellata,
3353 960 3413 1006 ut
3464 952 3545 1006 sic

1969 1036 2170 1090 dictum
2200 1036 2291 1099 sit,
2326 1051 2477 1100 area,
2507 1037 2799 1092 accedebat
2834 1054 2967 1091 auro
2994 1054 3057 1093 ac
3084 1039 3310 1108 gennnis
3331 1038 3544 1108 praeful-

1968 1141 2099 1196 gens
2130 1142 2158 1178 a
2209 1124 2384 1179 fronte
2432 1126 2646 1193 lectica,
2692 1128 3005 1181 thesaurum
3055 1130 3287 1184 Arabico
3328 1129 3550 1184 metallo

1970 1216 2243 1287 lapidique
2272 1216 2667 1285 praeferendum
2703 1218 2912 1287 topasio
2962 1218 3015 1271 in
3062 1234 3120 1272 se
3174 1220 3438 1272 retinens.
3479 1219 3541 1273 ιιι

1973 1306 2205 1375 primunt
2239 1323 2359 1361 cum
2395 1315 2713 1363 cmterurum
2748 1307 2990 1378 reliquiis
3018 1318 3331 1363 sanctorum
3359 1310 3551 1365 hume-

1974 1399 2049 1451 ris
2076 1398 2369 1451 dolentium
2398 1414 2618 1452 suorum
2640 1398 2861 1454 effertur
2887 1400 3253 1463 servulorum,
3279 1410 3445 1471 atque
3482 1404 3547 1455 ad

1972 1486 2292 1540 orientalem
2328 1486 2571 1541 ecclesiae
2597 1497 2805 1557 partem
2836 1488 2887 1541 in
2918 1489 3232 1543 cmmeterio
3262 1491 3554 1561 exponitur

1974 1572 2225 1631 fratrum.
2259 1577 2385 1632 lude
2414 1577 2653 1632 universi
2704 1578 2774 1632 ad
2819 1576 3195 1648 deponendum
3254 1578 3553 1633 sanctuarii

1976 1678 2228 1724 ornatum
2272 1685 2367 1722 ora
2416 1669 2687 1734 conversi,
2719 1668 2860 1738 quod
2886 1669 3057 1723 solers
3086 1669 3407 1724 tedituorum
3440 1669 3558 1724 dili-

1976 1760 2155 1832 gentia
2176 1775 2269 1831 per
2291 1770 2413 1815 octo
2439 1760 2672 1830 spatium
2696 1760 2906 1815 dierum
2931 1760 3203 1831 eleganter
3228 1768 3553 1831 compserat,

295 1858 591 1913 mouastici
622 1855 920 1925 regiminis.
946 1854 1071 1921 Qui,
1100 1853 1439 1923 praecedente
1467 1852 1608 1905 hunc
1630 1866 1736 1921 quo
1762 1850 1877 1904 haec
1909 1850 1952 1908 Β
1984 1852 2033 1907 id
2063 1869 2160 1907 nos
2195 1854 2355 1907 trium
2384 1864 2478 1908 aut
2512 1870 2617 1908 non
2647 1853 2813 1907 multo
2866 1855 3095 1924 amplius
3122 1862 3354 1925 quatuor
3396 1854 3557 1923 hora-7

293 1950 595 2005 scribimus
630 1962 770 2002 anno
818 1947 912 2016 qui
961 1944 1063 1999 fuit
1117 1944 1184 1999 ab
1228 1942 1610 1999 lncarnatione
1665 1940 1876 1995 Domini

296 2038 626 2093 millesimus
646 2045 893 2108 quartus,
920 2036 971 2090 in
1003 2032 1284 2089 Vasconize
1308 2033 1552 2103 partibus
1595 2046 1626 2085 a
1659 2030 1880 2103 perfidis

296 2128 706 2185 illiusnationis
732 2126 1060 2188 hominibus,
1113 2123 1268 2179 nobis
1295 2122 1673 2192 praesentibus,
1724 2122 1881 2175 iuno-

295 2228 491 2275 center
504 2219 741 2282 occisus,
759 2217 1005 2289 martyrii
1029 2216 1290 2284 sanguine
1314 2214 1612 2276 laureatus.
1632 2213 1697 2267 ad
1714 2228 1878 2284 regna

294 2321 386 2367 est
413 2321 620 2365 :eterna
661 2325 690 2364 a
718 2309 938 2365 Christo
974 2317 1218 2363 vocatus.
1259 2307 1315 2361 In
1346 2307 1506 2375 cujus
1555 2306 1746 2361 diebus
1792 2319 1882 2360 res

298 2401 588 2457 mirabiles
624 2416 721 2471 per
751 2398 1351 2470 pracetnincntissimum
1378 2397 1595 2451 Patrem
1626 2405 1871 2451 nostrum

297 2495 681 2556 Benedictum,
710 2495 777 2547 ab
812 2492 1183 2560 omnipotente
1206 2489 1435 2543 Domino
1464 2498 1724 2557 patratas,
1754 2488 1881 2557 quia

295 2582 415 2653 jam
448 2591 582 2636 tunc
630 2595 729 2636 nos
766 2579 1121 2651 intelligibilis
1162 2577 1391 2649 contigit
1440 2578 1754 2648 pervenisse
1807 2577 1875 2631 ad

298 2686 483 2730 metas
506 2674 704 2741 aetatis,
730 2673 970 2739 certiori,
999 2682 1185 2744 utpote
1236 2672 1509 2743 aliquibus
1560 2680 1880 2743 prmsentcs,

300 2766 608 2836 digerimus
628 2764 790 2837 stylo.

917 2852 1151 2910 CAPUT
1204 2853 1267 2909 ll.

302 2945 654 3001 Floriacense
702 2945 1020 2999 incendium.
1057 2947 1355 3014 Apparatus
1385 2944 1441 2999 in
1490 2943 1622 3015 {esto
1654 2942 1886 2998 transla-

523 3018 703 3070 tionis.
736 3015 1045 3070 Incendium
1073 3016 1319 3070 divinitus
1348 3018 1672 3069 reuinctum.

381 3108 438 3160 4.
468 3106 717 3163 Festivus
735 3105 939 3161 aestivis
961 3105 1237 3161 mensibus
1262 3105 1630 3161 translationis
1648 3105 1886 3176 ejusdem

1983 1962 2098 2000 rum
2128 1946 2299 2003 noetis
2325 1946 2607 2001 intervallo
2631 1944 2999 2015 deposuimus.
3015 1947 3328 2016 Perspicere
3348 1955 3467 2001 erat
3491 1960 3557 1999 ac

1982 2050 2197 2105 gemere
2227 2037 2426 2107 regiam
2454 2036 2604 2108 (ὅθ’)
2653 2036 2793 2090 illam
2842 2035 3028 2090 Matris
3047 2035 3282 2101 Domini,
3304 2036 3559 2105 stigmata

1982 2128 2084 2181 via:
2121 2127 2263 2183 illius
2321 2144 2426 2196 qua
2467 2128 2741 2197 quondam
2797 2127 3027 2183 dilectus
3077 2127 3305 2182 Domino
3356 2122 3557 2182 Ctelum

1983 2215 2307 2279 Benedictus
2354 2218 2672 2273 conscendit
2713 2219 2996 2274 nocturnis
3050 2219 3101 2272 in
3135 2218 3384 2273 laudibus
3428 2233 3568 2287 prae-

1986 2308 2278 2376 ferentcm,
2312 2318 2433 2378 post
2462 2309 2733 2364 modicum
2762 2309 3095 2363 desertarum
3124 2308 3317 2363 mdium
3366 2309 3565 2362 factam

1986 2400 2237 2455 similem.
2294 2400 2359 2455 Et
2413 2402 2543 2470 quia
2604 2400 2760 2473 igneo
2818 2399 3035 2454 fervore
3102 2399 3154 2453 in
3211 2399 3399 2453 vitreis
3446 2399 3565 2469 jam

1988 2493 2245 2548 fenestris
2306 2492 2582 2563 plumbum
2648 2493 2843 2563 liquari
2924 2474 3083 2563 posse
3142 2490 3554 2559 conjiciebatur.

1989 2586 2226 2640 maxime
2248 2600 2369 2639 cum
2403 2584 2649 2640 victricis
2672 2584 2901 2638 flammae
2930 2599 3129 2653 vorago
3152 2591 3345 2637 cuncta
3374 2582 3561 2636 exina-

1991 2680 2153 2745 nirct,
2181 2694 2275 2749 spe
2300 2679 2551 2749 sublapsa
2603 2680 2845 2735 mortalis
2886 2682 3095 2747 auxilii,
3137 2680 3379 2752 supellex
3416 2679 3568 2732 varia

1991 2769 2321 2839 longiuscule
2374 2786 2404 2824 a
2461 2772 2791 2826 monasterio
2856 2772 2999 2826 inter
3056 2786 3337 2825 nemorum
3402 2770 3567 2824 densa

1992 2861 2282 2927 occulitur,
2316 2878 2438 2916 cum
2474 2875 2698 2934 rcpcntc
2753 2864 2843 2917 uni
2901 2880 2964 2918 cx
3001 2862 3305 2928 abbatibus,
3359 2861 3449 2932 qui
3496 2876 3565 2914 ex

1994 2951 2186 3006 vicinis
2210 2952 2475 3006 cazuobiis
2496 2952 2722 3007 emerito
2745 2953 2874 3008 duci
2908 2968 3005 3007 suo
3034 2952 3315 3006 militaturi
3341 2951 3572 3005 advene-

1997 3051 2141 3107 rant,
2173 3043 2392 3097 nomine
2411 3042 2683 3098 ftainardo
2711 3044 2845 3116 (31),
2872 3044 3007 3100 visio
3026 3059 3272 3116 superna:
3320 3043 3570 3113 apparuit

1998 3131 2403 3186 consolationis.
2467 3132 2689 3203 Aspexit
2723 3148 2960 3203 namque
2993 3150 3116 3189 cum
3167 3133 3313 3198 aliis,
3366 3132 3565 3203 quibus

304 3197 532 3270 gloriosi
565 3195 742 3251 Patris
789 3211 969 3250 annuo
1006 3210 1259 3251 successu
1291 3194 1607 3252 recurrebat
1640 3196 1789 3260 dies;
1821 3195 1888 3249 ad

1999 3220 2115 3275 haec
2145 3221 2332 3275 datum
2364 3230 2449 3275 est
2473 3222 2678 3289 videre,
2706 3222 2844 3277 duas
2892 3222 3167 3277 columbas
3219 3236 3380 3291 super
3432 3220 3575 3273 nivis

305 3291 469 3358 cujus
491 3289 785 3360 Spectanda
804 3288 1018 3359 gaudia,
1045 3304 1148 3343 non
1173 3288 1346 3343 solum
1374 3287 1578 3358 quique
1607 3301 1887 3356 pageuses,

304 3394 370 3438 ut
393 3382 613 3454 quidam
650 3382 702 3437 in
750 3382 919 3451 ipsius
958 3382 1115 3437 laude
1161 3383 1237 3437 ait
1282 3382 1501 3453 sapiens
1555 3380 1638 3452 (S.
1677 3380 1794 3436 Ono
1840 3381 1892 3434 in

307 3495 473 3539 sem.
501 3479 579 3533 De
606 3476 795 3532 transl.
834 3476 892 3531 S.
926 3475 1247 3547 Benedicti),
1288 3491 1474 3530 verum
1504 3474 1658 3545 plebs
1688 3474 1892 3529 urbana

309 3571 559 3629 honestis
580 3569 903 3625 clericorum
948 3568 1290 3625 confluxerat
1333 3569 1583 3639 personis
1620 3566 1889 3631 inflorata.

314 3664 530 3731 Quibus
552 3663 753 3734 vigiliis
785 3661 1164 3718 insistentibus
1187 3671 1467 3716 nocturna:
1499 3659 1696 3721 laudis,
1728 3673 1892 3728 quam

314 3756 513 3809 devota
542 3753 926 3809 monachorum
950 3761 1168 3827 caterva
1202 3752 1500 3808 identidem
1537 3753 1896 3821 undecunque

312 3846 387 3902 ob
440 3844 682 3900 laetitiam
731 3853 891 3899 tanta:
923 3831 1281 3899 s'olemnitatis
1310 3844 1661 3901 adventautlo
1695 3841 1898 3896 nostris

313 3936 552 4003 sociata,
577 3938 630 3990 iu
661 3936 743 3991 sui
769 3935 1096 4005 legislatoris
1152 3934 1406 4003 explebat
1452 3932 1771 4009 obsequela,
1808 3945 1895 3985 re-

316 4039 484 4101 pente
504 4046 600 4100 per
635 4029 968 4099 aquilonales
996 4029 1233 4084 basilicae
1265 4030 1529 4083 fenestras
1553 4026 1726 4082 nocivi
1758 4026 1898 4096 ignis

319 4121 417 4175 lux
458 4120 791 4188 resplenduit
818 4118 1105 4174 horrenda.
1127 4118 1338 4188 Quippe
1368 4118 1421 4171 in
1436 4116 1709 4186 quoddam
1739 4114 1901 4169 femle

227 4217 237 4227 '
321 4229 456 4271 casu
487 4213 708 4283 quidam
740 4212 879 4284 ignis
901 4213 1173 4274 decidens,
1201 4211 1372 4265 aridis
1399 4219 1591 4265 auctus
1622 4209 1898 4274 fomentis,

322 4304 743 4375 circumpositas
772 4319 893 4359 sese
922 4303 1133 4359 diffudit
1171 4305 1224 4358 in
1262 4304 1426 4357 aedes.
1463 4300 1573 4356 Nec
1618 4302 1902 4357 laborabat

325 4399 569 4464 flamma,
604 4407 662 4452 ut
691 4414 821 4454 suas
848 4407 1071 4469 augeret
1109 4398 1275 4461 vires,
1307 4414 1428 4454 cum
1488 4398 1695 4453 testatis
1742 4399 1905 4451 ardor

328 4492 730 4562 tectorumjam
763 4493 1049 4547 torruisset
1078 4493 1339 4556 culmina,
1370 4502 1426 4547 et
1463 4492 1660 4545 domus
1689 4491 1906 4545 sibimet

330 4588 619 4659 copulati»,
654 4603 758 4640 una
784 4586 1261 4641 alteriexustionis
1281 4586 1628 4641 occasionem
1644 4586 1909 4654 praeberet
1942 4559 1986 4618 υ

333 4679 571 4734 facilem.
660 4676 871 4731 interea
952 4675 1360 4730 matutinalibus
1430 4675 1631 4730 relictis
1699 4674 1913 4744 hymnis

316 4769 515 4822 ηειιιιιῑιὶ
556 4782 587 4821 e
615 4766 786 4821 sacris
829 4765 1116 4836 prosiliunt
1174 4766 1374 4834 adytis,
1423 4762 1492 4817 ad
1548 4780 1643 4817 sua
1684 4764 1917 4832 quisque

336 4860 562 4911 tutanda
586 4857 714 4911 totis
735 4856 926 4910 intenti
953 4857 1167 4910 animis.
1200 4854 1361 4908 Pauci
1384 4855 1658 4909 seniorum
1690 4867 1792 4906 una
1824 4868 1916 4907 no-

335 4949 548 5002 biscum
562 4946 808 5014 pueritia:
826 4945 877 5000 in
892 4946 1047 4999 annis
1060 4945 1369 5000 constitutis
1383 4942 1747 5006 matutinales,
1764 4951 1920 5011 prout

340 5045 588 5114 exigebat
611 5060 718 5109 res,
732 5043 933 5108 laudes,
950 5043 1073 5098 licet
1086 5043 1261 5097 minus
1273 5043 1482 5097 decenti
1506 5043 1629 5105 line,
1644 5040 1921 5095 concluse-

342 5135 629 5191 runl.lnde
647 5137 713 5189 ad
739 5135 1101 5191 sublrahenda
1132 5135 1341 5206 ignibus
1365 5150 1589 5204 quaeque
1615 5134 1921 5187 necessaria

343 5235 607 5298 prompta:
635 5236 915 5283 vertuntur
942 5243 1153 5283 manus.
1186 5226 1319 5281 Aula
1349 5238 1471 5282 erat
1492 5236 1692 5279 sancta:
1708 5223 1909 5279 Deifie-

419 5359 531 5442 (ξο)
552 5360 719 5442 “Auno
744 5360 847 5442 ξ)δὸ
874 5360 1099 5442 Oiboldo
1126 5358 1387 5440 successit
1418 5356 1589 5442 Abite,
1609 5372 1732 5442 cum
1765 5356 1924 5410 annis

353 5427 621 5486 seide’cim
663 5430 993 5485 [*‘loriacensi
1045 5430 1375 5484 monasterio
1433 5427 1729 5496 praefuerit,
1782 5443 1927 5480 utor-

355 5513 579 5566 tuusthe
600 5502 670 5554 sit
691 5517 832 5553 anno
866 5501 1022 5564 1004,
1055 5511 1193 5555 teste
1230 5499 1479 5553 Aimoiuo
1510 5500 1561 5551 in
1588 5498 1755 5566 ipsius
1784 5497 1925 5551 Vita.

422 5570 637 5641 (30‘)ld
692 5581 795 5635 est,
849 5572 1128 5626 basilicam
1172 5569 1546 5641 principalem,
1599 5569 1923 5641 qutegbeata:

356 5638 547 5695 Ma'rize
580 5641 819 5708 Deiparze
845 5650 1059 5696 sacrata
1082 5638 1229 5704 erat,
1269 5656 1582 5708 quanquam
1627 5638 1767 5707 regia
1792 5654 1927 5691 nou-

358 5726 626 5780 nunquam
652 5711 895 5766 ecclesia:
927 5721 1136 5780 portam
1165 5711 1454 5780 significat.

435 5781 552 5846 (51)
585 5779 825 5835 Duotum
861 5778 1117 5849 temporis
1145 5781 1368 5835 abbates
1405 5779 1642 5847 ejusdem
1690 5778 1926 5833 nominis

363 5851 611 5906 vivebant
674 5853 725 5906 iu
788 5853 979 5907 vicinis
1039 5851 1417 5917 monasteriis,
1476 5849 1910 5904 Fcrrariensi'ct

1999 3316 2292 3371 candorem
2358 3317 2682 3383 albicantes,
2748 3333 2869 3387 qua:
2897 3316 3038 3372 trino
3084 3316 3264 3370 volatu
3312 3313 3576 3368 ambitum

1999 3410 2490 3480 circumcingentcs
2535 3408 2745 3479 templi,
2800 3410 2866 3463 ad
2912 3406 3155 3461 Africum
3209 3404 3290 3460 sui
3342 3404 3578 3473 impetus

1999 3499 2247 3554 direxere
2274 3514 2515 3563 curstun,
2562 3498 2655 3552 ubi
2689 3497 2800 3567 jam
2830 3497 3080 3569 proxima
3110 3494 3320 3550 horreis
3343 3492 3575 3547 fratrum

1998 3591 2253 3645 violentia
2305 3591 2454 3645 stetit
2484 3590 2723 3661 ignium;
2785 3605 2887 3644 nec
2917 3579 3183 3645 divinitus
3237 3586 3578 3656 designatum

2000 3696 2132 3736 ausa
2171 3688 2257 3736 est
2317 3681 2666 3751 prmtergredi
2715 3679 3027 3733 terminum.
3081 3675 3309 3745 Jamque
3355 3671 3578 3728 humani

2000 3779 2311 3827 cessaverat
2337 3786 2428 3825 ars
2465 3770 2688 3841 ingenii,
2742 3768 3004 3838 laborque
3035 3765 3423 3836 conquieverat
3482 3762 3580 3817 ho-

2000 3864 2229 3929 minum,
2283 3871 2342 3917 ut
2377 3860 2552 3930 major
2605 3860 2800 3915 divinae
2842 3858 3212 3913 miserationis
3265 3857 3438 3910 virtus
3468 3854 3582 3910 cla-

2004 3964 2241 4010 resceret
2268 3970 2363 4024 per
2416 3952 2786 4007 beatissimum
2852 3951 3224 4015 Benedictum,
3281 3962 3442 4019 quem
3474 3962 3579 4002 nos

2004 4047 2187 4102 miseri
2221 4044 2647 4101 criminabantur
2678 4043 2808 4098 iisse
2829 4041 3141 4096 dormitum.
3170 4037 3280 4094 Nec
3302 4037 3580 4108 quidpiam

2007 4153 2198 4194 eorum
2264 4151 2383 4205 qua:
2456 4133 2660 4187 ambitu
2711 4132 2936 4187 claustri
2982 4128 3374 4185 claudebantur
3419 4126 3585 4179 ullam

2004 4230 2309 4285 sustinuere
2335 4225 2626 4295 jacturam,
2654 4240 2717 4278 ac
2744 4224 2790 4279 si
2820 4224 3034 4278 illarum
3066 4220 3294 4290 angelici
3324 4228 3587 4290 aspectus

2006 4325 2191 4378 volatu
2219 4322 2400 4375 avium
2429 4316 2835 4374 circumvallata
2867 4320 3300 4385 protegerentur.

2612 4408 2840 4465 CAPUT
2886 4408 2971 4461 Ill.

2015 4506 2327 4561 Contractus
2375 4514 2595 4560 erectus.
2660 4503 2909 4571 Ingratus
2971 4499 3142 4552 denuo
3206 4495 3341 4551 male
3397 4492 3589 4554 habet;

2574 4577 2763 4628 iterum
2784 4580 3023 4626 sanatus.

2088 4672 2142 4727 5.
2169 4671 2382 4727 Nostris
2414 4670 2573 4723 modo
2607 4668 2798 4723 diebus
2820 4663 3270 4720 Archctnbertum
3306 4657 3589 4713 Autissio-

2019 4767 2266 4821 dorensis
2300 4763 2560 4818 territorii
2621 4758 2851 4814 incolam
2886 4757 3052 4811 fuisse
3106 4754 3355 4809 novimus
3384 4750 3599 4805 diutino

2022 4860 2279 4927 languore
2307 4856 2546 4924 graviter
2581 4851 2866 4914 afflictum;
2892 4848 2978 4901 cui
3011 4862 3132 4901 cum
3163 4844 3464 4897 amicorum
3494 4853 3593 4893 seu

2025 4947 2451 5018 propinquorum
2478 4942 2648 4996 solers
2675 4938 2935 4994 defuisset
2960 4950 3112 5001 cura,
3138 4935 3209 4987 ita
3238 4929 3453 4985 assidua
3481 4942 3581 4981 cu-

2024 5039 2241 5092 batioue
2271 5035 2511 5091 curvatis
2540 5032 2769 5103 genibus
2799 5029 2950 5084 coxis
2985 5026 3130 5080 tibia:
3164 5023 3510 5075 adhzcserunt
3538 5023 3599 5069 ut

2026 5128 2361 5183 latitudinem
2387 5124 2576 5194 palma:
2605 5121 2840 5175 hominis
2857 5118 3294 5173 subtereresceus
3314 5108 3601 5164 excederet

2025 5235 2173 5273 caro.
2210 5218 2391 5286 Quem
2422 5217 2547 5272 dum
2585 5220 2839 5284 parentes
2866 5209 2933 5263 ad
2979 5205 3256 5275 cujusdam
3283 5200 3460 5256 sancti
3514 5196 3602 5252 Si-

2030 5359 2327 5415 Seuonensi
2360 5356 2545 5411 Sancti
2574 5353 2739 5408 Petri.
2765 5348 3070 5405 Rainardus
3095 5340 3606 5401 Senonensisabbas

2032 5433 2210 5484 luerat
2239 5426 2643 5499 quidemabhas
2659 5421 2887 5499 coenobii
2922 5422 3131 5499 sanctae
3146 5415 3605 5499 (ὶυιιιιιιϋαξριυριρξ

2032 5480 2325 5563 senouajs,
2382 5480 2477 5550 sed
2549 5494 2782 5548 Sevinus
2840 5490 3297 5563 archiepiscopus
3370 5480 3603 5563 cuinobii

2033 5551 2221 5625 éaiicti
2255 5551 2397 5623 Petri
2432 5568 2765 5618 instaurator
2793 5561 2978 5626 ,.istue
3008 5551 3289 5609 nimtachos
3334 5551 3598 5626 regulares

2031 5622 2346 5695 Exte-notio
2380 5636 2440 5691 s.
2476 5632 2743 5687 Benedicti
2773 5622 2819 5683 et
2852 5629 2908 5682 δ.
2944 5622 3608 5699 Ρέιτέίσιιιηίαεειίλδξεχιιξ-

2033 5692 2282 5771 durarat,
2315 5717 2452 5761 teste
2474 5703 2656 5759 Clario
2688 5701 2952 5754 monacho
2981 5696 3448 5771 inAClt‘ronicombi
3482 5692 3606 5743 liai-

2036 5781 2238 5835 nardtts
2267 5766 2364 5833 iste
2395 5776 2596 5833 dicitur
2621 5774 2819 5826 abiisse
2848 5786 2988 5823 anno
3026 5766 3175 5819 lttE’a‘i.
