4108 5412
471 273 576 331 827

1549 279 1827 336 'AlllOlNl
1859 279 2160 337 MONACIII
2195 275 2688 334 FLOBIACENSIS

3643 269 3746 332 838

469 389 682 450 meanis
706 386 817 460 (3%)
849 387 1178 458 sepulcrum,
1204 388 1345 459 quod
1368 391 1660 448 sanitatum
1687 393 1863 464 gratia
1900 394 2047 448 ilins-
2080 398 2122 454 Α
2153 393 2220 446 ad
2267 392 2587 446 memoriam
2635 392 2713 462 (id
2761 399 2834 445 est
2878 389 3190 462 ecclesiam)
3239 389 3456 463 inclyta:
3506 388 3744 462 Virginis

472 488 603 541 κικινὶ
636 485 776 540 larua
803 479 1388 556 vulgaattrdidiccraut,
1410 483 1601 542 ell‘erre
1615 487 2053 554 destinavissrnt,

469 592 536 630 eo
567 576 710 646 quod
743 576 883 630 intra
920 591 1074 630 suam
1131 590 1252 631 esse
1300 577 1598 645 regionem,
1658 579 1846 634 abnuit
1889 595 2051 650 aeger,

469 683 637 738 seque
673 669 740 723 ad
784 667 1130 725 Floriacense
1192 671 1441 739 poposcit
1489 671 1680 725 deduci
1722 669 2050 727 coenobium.

467 759 660 813 Aiebat
686 773 918 828 namque
947 775 1044 829 per
1073 770 1397 814 nocturnum
1422 776 1480 815 se
1505 762 1856 831 conspexisse
1891 776 2048 830 sepo-

469 865 606 916 rem,
638 851 763 919 quia
789 867 854 905 eo
878 861 1054 906 stante
1082 861 1206 907 ante
1229 852 1654 907 sacratissimam
1686 852 1861 906 Patris
1883 851 2054 906 Bene-

468 941 595 996 dicti
631 941 871 996 tumbam
897 956 1078 996 coram
1112 942 1281 997 altare
1303 943 1572 1013 pra-celsa:
1595 941 1829 1014 Virginis
1851 940 2051 1008 Mariae,

468 1034 633 1088 rectis
659 1034 992 1089 constitisset
1017 1033 1239 1104 plantis,
1274 1035 1633 1106 immensique
1656 1034 1872 1090 decoris
1897 1037 2054 1089 intui-

469 1135 557 1179 tus
580 1134 726 1181 cssct
756 1125 1064 1192 basilicam,
1108 1140 1174 1179 ex
1229 1141 1335 1196 qua
1387 1125 1490 1180 sibi
1537 1126 1770 1181 exeundi
1820 1124 2053 1182 facultas

466 1217 790 1288 negabatur.
833 1218 942 1274 Nec
969 1233 1109 1272 vana
1139 1217 1230 1272 illa
1257 1217 1454 1289 quibus
1483 1233 1626 1288 saepe
1649 1217 1884 1272 ludimur
1904 1216 2054 1274 fuere

468 1311 716 1374 somnia;
799 1311 916 1377 sed,
975 1310 1276 1381 opitulante
1351 1311 1459 1365 Deo
1521 1309 2054 1382 suﬂ‘ragantibusque

468 1401 678 1456 meritis
693 1401 911 1472 Regina:
934 1402 1206 1473 virginum
1236 1417 1300 1457 ac
1325 1400 1741 1456 eminentissimi
1769 1401 2053 1456 confesso-

467 1492 565 1558 ris,
595 1493 869 1548 salubrem
897 1493 1139 1548 habuere
1173 1492 1574 1564 operationem.
1603 1493 1847 1563 Denique
1874 1492 2052 1548 locato

467 1585 634 1639 asello
662 1585 728 1638 ad
760 1585 1126 1640 desideratum
1161 1585 1418 1639 devectus
1466 1584 1677 1649 locum,
1727 1601 1756 1638 a
1787 1584 2053 1655 proximis

467 1676 558 1744 qni
593 1690 716 1730 eum
757 1676 1119 1740 deduxerant,
1154 1690 1253 1745 pro
1284 1674 1493 1730 foribus
1523 1676 2052 1757 monasterii_expo-

2162 483 2344 538 Mariae
2376 483 2649 548 deferens,
2678 495 2804 537 ante
2828 481 3133 554 sepulcrum
3163 480 3382 554 gloriosi
3413 483 3743 542 confessoris

2159 575 2363 631 Christi
2392 575 2669 631 Benedicti
2697 576 2978 643 accendit;
3002 576 3394 647 adhaerensque
3409 577 3740 646 pavimento,

2159 668 2370 721 veniam
2399 667 2624 723 admissi
2658 676 2840 723 reatus
2859 683 2982 722 cum
3000 667 3457 738 redintegratione
3483 667 3746 739 poscebat

2159 759 2456 828 sospitatis.
2482 754 2652 813 Facto
2673 774 2802 828 ergo
2819 767 2945 813 voto
2963 773 3238 829 nunquam
3268 773 3325 812 se
3342 773 3407 814 ex
3435 754 3626 812 eodem
3655 774 3741 812 re-

2157 865 2438 905 cessurum
2455 851 2595 914 vico,
2612 863 2892 919 gressuum
2908 851 3107 904 meruit
3123 850 3372 904 redonari
3389 849 3744 920 integerrimo

2157 939 2550 1010 supplemento.
2583 939 2695 996 Hoc
2725 955 2824 994 nos
2861 940 2928 993 ab
2961 937 3129 1010 ipsius
3159 939 3385 1010 contigit
3414 953 3513 994 ore
3554 939 3745 992 audire

2156 1048 2222 1088 eo
2265 1035 2382 1104 ipso
2417 1035 2504 1089 die
2545 1050 2653 1105 quo
2681 1034 2794 1088 inec
2838 1034 3106 1105 cmpimus
3135 1033 3413 1098 scribere;
3444 1031 3494 1087 ei
3525 1046 3744 1100 quoque

2156 1124 2456 1180 narrationi
2495 1125 2792 1182 interfuere
2814 1125 3202 1181 Constantinus
3235 1124 3348 1196 (54)
3375 1123 3665 1195 presbyter
3691 1133 3747 1178 et

2155 1217 2469 1284 Letherins,
2515 1217 2674 1273 levita
2727 1218 2921 1290 gradu,
2988 1219 3288 1274 monachus
3317 1217 3530 1279 habitu,
3564 1216 3743 1272 sesci-

2155 1307 2778 1379 piendorunghospitum
2808 1317 2938 1363 tunc
2973 1307 3253 1379 delegatus
3282 1307 3610 1363 ministerio.

2775 1419 3004 1476 CAPUT
3039 1421 3130 1475 iV.

2157 1510 2391 1583 Sacergii
2435 1513 2588 1585 situs.
2652 1513 2900 1568 Otherius
2952 1512 3308 1583 paralytictts,
3342 1510 3744 1585 Caputcerrinm

2227 1594 2366 1637 vovet
2422 1583 2478 1654 S.
2529 1583 2848 1649 Benedicto;
2912 1586 3052 1654 {acto
3112 1587 3250 1639 dono
3311 1583 3435 1640 moi:
3497 1595 3741 1639 sanatus.

2225 1654 2346 1708 Alia
2387 1653 2568 1708 relatio
2597 1656 2663 1709 de
2689 1653 2972 1710 traditione
3002 1655 3145 1710 illius
3174 1655 3384 1726 prtcdii.

469 1743 638 1823 nitur.
666 1767 816 1824 Unde
840 1769 967 1838 quia
997 1743 1228 1822 necdum
1260 1767 1532 1824 scamellis
1563 1783 1695 1823 usus
1728 1747 1928 1835 fuerat,
1954 1743 2054 1823 na-
2083 1743 2129 1802 Β
2230 1768 2282 1822 7.
2325 1767 2389 1822 Et
2415 1769 2560 1839 quia,
2586 1779 2645 1824 ut
2673 1772 2835 1824 refert
2866 1771 3057 1824 beatus
3078 1784 3215 1841 papa
3240 1768 3535 1840 Gregorius
3561 1767 3681 1838 (lib.
3707 1784 3743 1822 ll

471 1859 614 1914 tibus
649 1859 910 1930 reptando
948 1874 1013 1913 ac
1045 1858 1318 1922 manibus,
1353 1860 1420 1913 ad
1466 1875 1631 1913 unum
1665 1873 1696 1912 e
1726 1858 1959 1930 publicis
1995 1876 2053 1914 se

467 1953 791 2023 protrahens
820 1953 1130 2022 pistrinum,
1173 1953 1240 2007 ab
1270 1951 1388 2021 ejus
1426 1954 1654 2008 custode
1695 1953 2052 2008 humanitatis

467 2044 843 2113 compassione
871 2053 1154 2113 susceptus
1195 2055 1310 2109 est;
1343 2043 1432 2098 ubi
1478 2044 1568 2098 diu
1615 2043 1913 2098 curationis
1943 2059 2054 2100 sua:

467 2136 832 2204 prcestolando
859 2137 1174 2200 adventum,
1204 2135 1479 2190 desiderio
1524 2150 1788 2191 accensus
1828 2147 1914 2192 est
1951 2137 2052 2190 ad-

469 2229 630 2282 eundi
661 2227 846 2283 Matris
873 2227 1073 2282 Christi
1104 2227 1308 2293 aulam,
1337 2228 1392 2282 in
1430 2243 1537 2297 qua
1568 2243 1694 2298 spes
1729 2229 2052 2284 directionis

468 2321 586 2391 ejus
609 2330 829 2376 sanctus
851 2321 1083 2391 quiescit
1102 2319 1446 2375 Benedictus.
1471 2319 1643 2388 Quam
1669 2321 2050 2392 introgressus,

471 2418 736 2471 minutum
766 2413 890 2489 [al.,
920 2412 1210 2487 minutam]
1231 2415 1333 2470 sibi
1362 2431 1390 2468 a
1421 2415 1626 2469 vicario
1653 2413 1895 2483 ejusdem
1924 2416 2052 2480 vici,

470 2506 828 2562 Ermenfredo
859 2506 1098 2570 nomine,
1147 2507 1371 2560 obtentu
1413 2504 1790 2561 transmissum
1823 2504 2055 2560 eleetno-

471 2615 620 2670 syna:
650 2581 864 2664 altario,
898 2597 1040 2667 quod
1073 2598 1180 2652 Deo
1218 2597 1319 2651 sub
1349 2598 1608 2651 honorem
1641 2607 1842 2652 sanctae
1871 2595 2053 2651 Mariae

469 2691 824 2760 omniumque
865 2698 1179 2744 sanctarum
1227 2688 1497 2757 virginum
1543 2688 1780 2743 dicatum
1816 2697 1930 2752 est,
1964 2704 2056 2742 su-

470 2795 770 2850 perponere
802 2780 1045 2849 cupiens,
1071 2778 1241 2833 sensit
1267 2793 1396 2833 suos
1425 2777 1621 2833 resolvi
1649 2793 1864 2832 nervos.
1893 2777 2056 2832 Cum-

471 2889 577 2942 que
606 2873 1087 2942 circumspectaret
1112 2871 1204 2940 qui
1232 2870 1334 2926 sibi
1364 2869 1625 2924 auxilium
1659 2871 1857 2937 ferret';
1886 2888 1916 2925 a
1944 2886 2056 2924 ma-

472 2964 754 3020 tricnlario
781 2964 1024 3018 ecclesia:
1050 2963 1324 3028 elevatus,
1353 2961 1642 3018 scamellos
1669 2963 1886 3032 quidem
1927 2977 2057 3018 suos

474 3057 730 3112 cancellis
777 3057 1090 3122 sanctuarii,
1123 3072 1322 3112 munus
1355 3071 1514 3118 vero,
1550 3055 1695 3109 haud
1742 3071 1900 3111 secus
1925 3071 2057 3124 qna-

474 3150 668 3204 drante
701 3148 845 3202 illius
873 3135 1198 3218 evangelica:
1227 3146 1425 3212 vidute,
1471 3147 1690 3202 Christo
1721 3146 2056 3216 acceptabile

474 3243 629 3297 altari
661 3242 941 3312 imposuit;
972 3242 1164 3297 dehinc
1191 3242 1336 3296 humi
1357 3250 1662 3311 prostratus
1685 3256 1806 3295 cum
1824 3239 2058 3295 orationi

475 3334 830 3399 incubuisset,
855 3334 1129 3390 resolutus
1159 3335 1212 3388 in
1241 3348 1516 3397 somnum,
1546 3331 1690 3387 salso
1713 3330 2060 3402 perfunditur

476 3429 694 3482 sudore.
728 3427 1093 3496 Experrcctus
1123 3434 1301 3480 autem
1320 3467 1333 3490 ,
1363 3439 1467 3479 non
1490 3424 1603 3495 jam
1627 3423 1912 3480 scamellos
1937 3439 2060 3493 pos-

477 3536 627 3586 cens,
675 3520 768 3575 sed
802 3520 994 3575 baculo
1050 3536 1079 3573 a
1133 3518 1368 3588 quodam
1423 3517 1900 3572 circumstantium
1953 3515 2056 3569 sibi

476 3620 726 3680 porrecto
753 3621 926 3666 semet
956 3619 1284 3676 sustentans,
1311 3609 1375 3663 ad
1402 3608 1694 3679 hospitium
1713 3608 1869 3671 abiit,
1898 3607 2060 3678 pede-

481 3704 780 3773 tcntimqne
819 3704 1156 3758 firmissimas
1187 3701 1498 3757 ambulandi
1527 3701 1671 3757 vires
1700 3701 1926 3770 adeptus
1953 3710 2056 3755 est.

549 3794 603 3848 6.
645 3794 887 3864 Cmnqne
931 3796 1195 3850 sensisset
1239 3795 1451 3864 copiam
1502 3793 1797 3865 peragendi
1849 3794 2061 3848 itineris

478 3886 701 3941 sibimet
741 3901 847 3954 non
874 3885 1088 3949 deesse,
1119 3885 1363 3956 ingratus
1409 3883 1627 3950 salutis,
1657 3885 1861 3954 absque
1891 3883 2060 3940 licen-

479 3982 554 4036 tia
587 3981 812 4052 hospitis
844 3981 925 4036 vel
951 3990 1259 4037 sanctornm
1291 3979 1382 4049 qui
1424 3979 1472 4033 ei
1505 3977 1727 4034 medela:
1762 3978 2062 4032 tribuerant

479 4073 798 4138 eﬂicaciam,
844 4074 982 4128 clam
1033 4074 1330 4137 abscessit;
1380 4072 1710 4142 veniensque
1761 4071 1828 4126 ad
1877 4071 2059 4126 villam

481 4180 602 4234 qua:
627 4165 984 4236 Dominipetri
1015 4165 1364 4237 (Dompierrc)
1397 4164 1621 4229 dicitur,
1662 4164 1858 4219 iterato
1907 4163 2061 4218 debi-

482 4255 547 4308 lis
589 4255 852 4310 redditur.
897 4254 995 4309 Cni
1027 4255 1334 4326 presbyter,
1367 4254 1552 4310 Teudo
1594 4254 1830 4318 nomine,
1879 4254 1972 4322 qui
2011 4253 2059 4307 ei

482 4343 660 4399 lucum
689 4345 924 4399 metandi
955 4345 1009 4398 in
1035 4360 1130 4398 sua
1162 4353 1505 4399 concesserat
1528 4343 1711 4407 domo,
1745 4342 1818 4397 ita
1851 4342 2062 4397 locutus

481 4444 592 4490 cst:
615 4435 803 4502 cQuid,
832 4435 1024 4505 inquit,
1040 4437 1166 4490 mali
1190 4436 1581 4498 connneruisti,
1603 4451 1636 4490 ο
1659 4435 1840 4497 homo,
1865 4443 1923 4489 ut
1952 4434 2061 4489 lan-

483 4541 704 4596 guorem
731 4525 1021 4596 pristinum
1046 4528 1250 4582 evitare
1280 4542 1486 4596 nequas
1506 4526 1557 4580 ⁸2»
1590 4525 1889 4596 ltespondit
1906 4524 1993 4580 ille
2007 4540 2066 4580 sc

483 4621 602 4675 sine
628 4621 926 4690 gratiarum
954 4621 1166 4676 actione
1193 4636 1224 4675 a
1252 4622 1456 4676 sanctis
1480 4635 1592 4674 suae
1615 4619 1916 4675 curationis
1943 4634 2066 4688 pro-

481 4712 754 4770 visoribus
801 4713 1110 4769 recessisse.
1149 4712 1358 4768 Interea
1398 4711 1644 4782 sequenti
1685 4720 1865 4774 nocte,
1908 4710 2065 4777 quie-

484 4807 655 4862 scenti
681 4806 730 4861 ei
762 4805 1044 4861 videbatur
1065 4805 1208 4875 quod
1239 4805 1408 4860 sacris
1437 4820 1466 4857 a
1493 4804 1690 4872 quibus
1728 4802 2068 4856 discessisset

485 4900 620 4956 locis
659 4909 865 4955 astaret
907 4899 1214 4962 incolumis,
1247 4907 1438 4952 tenens
1476 4897 1754 4952 lucernam
1801 4896 1911 4968 (55)
1958 4912 2067 4964 prae

485 4991 778 5054 manibus,
836 4999 1010 5043 status
1073 4989 1155 5043 sui
1211 5003 1478 5042 mensura:
1526 4988 1808 5054 arqualezn.
1861 4987 2063 5041 Monitn

487 5079 652 5148 igitur
675 5089 731 5133 et
760 5079 1030 5148 adjutorio
1060 5077 1302 5147 praedicti
1334 5077 1635 5131 sacerdotis
1682 5091 1927 5129 carruca:
1966 5077 2061 5129 im-

490 5171 719 5238 positus,
751 5171 818 5224 ad
849 5170 963 5225 loca
1008 5171 1148 5224 male
1183 5185 1214 5223 a
1263 5183 1323 5224 se
1353 5168 1570 5222 deserta
1619 5167 1914 5221 reducitur.
1962 5167 2067 5220 Dc—

493 5279 640 5316 :num
671 5274 908 5333 emptam
937 5279 1138 5327 ceram,
1172 5260 1326 5330 juxta
1358 5268 1742 5331 praeestensam
1783 5260 2066 5325 visionem,

2157 1858 2302 1914 Dial.
2335 1877 2454 1932 cap.
2486 1860 2632 1932 ult.),
2665 1863 2837 1916 sancti
2869 1871 3135 1933 martyres
3164 1862 3534 1930 frequentiora
3562 1869 3746 1914 osten-

2155 1950 2293 2005 dunt
2351 1953 2614 2008 miracula
2664 1953 2754 2007 ubi
2809 1967 2996 2008 eorum
3061 1961 3268 2007 tantum
3330 1950 3563 2012 habetur
3624 1965 3742 2004 me—

2158 2043 2361 2107 moria,
2406 2058 2568 2112 quam
2607 2043 2697 2097 ubi
2737 2057 2926 2096 eorum
2966 2057 3122 2097 sacra
3169 2051 3568 2097 conservantur
3617 2057 3745 2096 cor-

2155 2151 2323 2206 pora,
2375 2135 2546 2205 liquet
2591 2135 2732 2190 idem
2783 2137 2849 2192 de
2903 2137 3117 2192 caeteris
3166 2136 3467 2207 intelligere
3513 2135 3743 2200 sanctis,

2158 2227 2394 2281 maxime
2419 2241 2483 2280 ex
2517 2227 2622 2280 hoc
2649 2236 2803 2296 patre
2831 2236 3019 2287 nostro
3046 2225 3418 2298 multipliciter
3444 2225 3746 2282 excolendo

2157 2317 2504 2373 sanctiSsimo
2528 2317 2844 2372 Benedicto.
2878 2317 3046 2387 Cujus
3074 2318 3531 2373 excellentissima
3562 2318 3746 2387 signo-

2158 2423 2304 2474 rum,
2337 2423 2366 2462 a
2402 2407 2510 2462 Deo
2541 2423 2639 2478 per
2666 2406 2783 2475 ejus
2815 2410 3066 2463 meritum
3098 2409 3217 2464 aliis
3254 2409 3307 2463 in
3340 2409 3476 2465 locis
3502 2419 3745 2480 patrato-

2160 2514 2302 2564 rum,
2346 2499 2554 2552 notitiae
2598 2510 2938 2569 posterorum
2973 2500 3188 2553 tradere
3221 2509 3405 2555 noster
3431 2501 3596 2570 gestit
3627 2500 3718 2553 ani

2161 2612 2301 2650 mus.
2341 2595 2759 2664 Caputcervium
2806 2595 3078 2667 (Sacerge)
3129 2595 3328 2650 dicitur
3377 2596 3638 2665 praedium
3690 2595 3742 2648 in

2159 2687 2356 2743 ﬁnibus
2383 2687 2686 2758 Biturigum
2717 2688 2906 2752 situm,
2936 2685 3298 2741 Lemovicinis
3326 2686 3676 2756 contiguum,
3711 2704 3742 2740 a

2159 2796 2267 2850 quo
2295 2780 2474 2836 vicina
2519 2782 2670 2850 regio
2689 2819 2706 2845 ,
2733 2788 2992 2850 corrupto
3023 2778 3305 2843 vocabulo,
3353 2778 3745 2849 Capcergenss

2159 2874 2450 2928 vocitatur.
2488 2872 2604 2928 Hoc
2645 2872 2713 2927 ad
2744 2872 3043 2927 dominium
3076 2870 3441 2926 Floriacensis
3481 2872 3744 2936 ctenobii,

2158 2965 2514 3037 omnipotenti
2533 2966 2643 3021 Deo
2659 2967 2758 3021 sub
2777 2965 2994 3020 nomine
3016 2975 3288 3036 perpetua:
3308 2962 3546 3035 Virginis
3559 2963 3744 3020 Maria:

2160 3059 2599 3128 sanctissimique
2614 3058 2893 3112 Benedicti
2913 3057 3170 3122 dicatum,
3189 3056 3288 3111 hac
3303 3055 3370 3110 de
3384 3073 3548 3112 causa
3565 3056 3741 3111 relatu

2159 3152 2436 3206 seniorum
2459 3150 2614 3204 valde
2635 3151 2982 3220 antiquorum
3013 3149 3326 3219 pervenisse
3350 3149 3742 3219 comperitnn=.

2231 3243 2284 3298 8.
2327 3242 2456 3314 Ejus
2505 3243 2866 3314 possessionis
2916 3243 3169 3297 dominus
3201 3241 3476 3309 ,Otherius
3523 3242 3742 3298 diceba-

2163 3348 2268 3402 tur,
2317 3338 2460 3392 inter
2505 3337 2859 3406 Aquitanicos
2913 3337 3178 3406 primates
3231 3335 3379 3390 clara
3439 3336 3742 3391 nobilitatis

2161 3429 2369 3500 pollens
2405 3429 2676 3498 prosapia.
2708 3429 2757 3483 ls
2785 3444 2813 3482 a
2844 3427 3116 3498 prinnevze
3138 3425 3444 3496 jnventutis
3481 3425 3613 3482 llore
3645 3445 3739 3497 pa-

2162 3523 2359 3594 ralysis
2387 3538 2676 3593 percussus
2708 3521 2988 3589 languore,
3020 3535 3274 3574 manuum
3303 3535 3366 3574 ac
3409 3521 3606 3590 pedum
3648 3539 3739 3574 ca-

2162 3622 2346 3668 ruerat
2367 3613 2683 3682 juvamine;
2723 3611 2892 3666 solius
2929 3611 3003 3664 illi
3033 3611 3249 3680 linguai,
3282 3611 3500 3666 auditus
3527 3627 3741 3681 quoque

2163 3719 2226 3760 ac
2253 3705 2422 3770 visus,
2464 3720 2530 3760 ex
2568 3713 2724 3774 parte
2753 3701 3046 3757 manebant
3084 3701 3278 3756 ollicia.
3318 3701 3538 3758 Diutino
3580 3703 3742 3774 igitur

2163 3801 2422 3856 laborans
2465 3801 2677 3864 morbo,
2706 3799 2836 3853 dum
2863 3813 3003 3852 vana
3045 3796 3379 3851 medicorum
3409 3795 3587 3850 studia
3614 3809 3740 3864 pro-

2163 3893 2386 3963 pensius
2441 3892 2546 3947 sibi
2604 3891 2846 3946 adhibita
2904 3887 3042 3944 nihil
3088 3886 3442 3942 intellexisset
3495 3886 3742 3941 conferre

2164 3984 2516 4049 valetudinis,
2552 3983 2735 4038 audita
2766 3983 2910 4036 fama
2954 3979 3376 4044 miraculorum,
3405 3993 3526 4048 qua:
3557 3977 3743 4032 Salva-

2165 4076 2302 4130 toris
2328 4075 2505 4130 nostri
2534 4071 2932 4142 omnipotentia
2963 4070 3105 4138 apud
3129 4067 3500 4124 sacratissima
3531 4063 3742 4137 patroni
3799 4062 3812 4074 ’

2163 4168 2474 4226 communis
2525 4167 2806 4222 Benedicti
2855 4163 3190 4220 creberrime
3243 4172 3372 4216 tunc
3419 4163 3744 4228 operabatur

2163 4277 2311 4327 ossa,
2337 4261 2414 4315 ait
2441 4261 2554 4316 suis
2579 4277 2592 4313 :
2622 4257 2884 4323 «Videtis,
2910 4254 3158 4310 fidissimi
3190 4254 3346 4318 mihi,
3379 4253 3598 4320 vitaque
3630 4251 3742 4320 ipsa

2165 4368 2273 4423 qua
2317 4366 2463 4406 nunc
2517 4350 2670 4404 fruor
2701 4347 3008 4402 miserrima
3047 4345 3328 4399 chariores
3367 4341 3552 4405 amici,
3602 4339 3745 4408 quod

2095 4451 2141 4510 ι)
2170 4445 2451 4500 medicinae
2479 4442 2740 4513 impensis
2769 4439 2898 4494 nihil
2923 4438 3169 4508 proﬁcio,
3214 4436 3322 4490 imo
3354 4435 3406 4489 in
3445 4434 3561 4488 dies
3589 4433 3739 4503 aegri-

2169 4538 2373 4593 tudinis
2424 4535 2760 4607 protrahitur
2789 4531 3107 4601 longitudo.
3153 4528 3496 4597 Quapropter
3550 4524 3596 4580 si
3641 4539 3741 4593 qua

2167 4645 2264 4684 vos
2293 4643 2425 4683 cura
2455 4626 2623 4681 vestri
2651 4624 2825 4695 tangit
2851 4621 3085 4685 Otherii,
3116 4633 3385 4682 mearum,
3413 4631 3618 4686 quaeso,
3647 4615 3738 4668 mi-

2168 4727 2417 4775 serantes
2441 4730 2835 4778 aerumnarum,
2864 4711 3028 4767 celeri
3074 4709 3211 4764 calle
3260 4707 3568 4776 sepulcrum
3594 4704 3744 4758 adire

2167 4819 2357 4864 curate
2389 4806 2608 4877 gloriosi
2652 4803 2978 4859 confessoris
3023 4799 3226 4854 Christi
3262 4796 3558 4853 Benedicti.
3590 4795 3655 4850 Et
3681 4808 3743 4848 ne

2169 4898 2309 4952 forte
2339 4913 2433 4952 vos
2465 4895 2793 4951 conturbent
2832 4893 3016 4962 ignota
3064 4892 3313 4955 viarum,
3362 4889 3561 4944 scitote
3592 4886 3740 4956 Lige-

2169 4989 2268 5044 rici
2296 4988 2474 5042 amnis
2500 4987 2575 5059 (la
2613 4985 2788 5054 Loire)
2822 4983 3027 5046 littora,
3051 4995 3357 5052 pagumque
3386 4979 3737 5034 Aurelianen-

2169 5097 2304 5145 sem,
2330 5082 2431 5135 hoc
2459 5080 2718 5150 praaclaro
2759 5077 3008 5132 irradiari
3045 5078 3319 5131 thesauro.
3367 5075 3423 5129 ld
3453 5075 3586 5129 mihi
3613 5073 3737 5128 divi-

2170 5188 2299 5229 num
2329 5172 2712 5242 przenuntiavit
2741 5169 3044 5234 oraculum,
3092 5168 3219 5222 dum
3251 5166 3424 5222 fessos
3463 5175 3617 5220 artus
3657 5179 3736 5218 so-

2170 5266 2289 5335 pori
2321 5263 2688 5328 nnindassem,
2723 5259 2924 5316 debere
2953 5277 3037 5315 me
3082 5274 3148 5314 eo
3177 5274 3302 5313 cum
3339 5257 3480 5312 votis
3512 5255 3738 5326 dirigere
