4108 5412
392 337 503 400 8'29

1106 336 1190 391 DE
1230 329 1604 389 MIRMJL'LIS
1643 332 1700 385 S.
1745 325 2105 384 BENEDICTI
2148 324 2326 378 ωιιιιι
2369 324 2528 379 υὶρσ.
2570 356 2633 362 -
2673 324 2795 377 Llll.
2835 323 2895 378 ll.

3548 328 3660 381 850

391 473 525 515 meze
573 454 835 525 petitores
861 450 1074 515 salutis,
1122 451 1247 519 quia
1280 448 1405 503 inde
1453 447 1623 501 forem
1675 444 1967 511 adepturus
1996 446 2041 500 Α
2073 436 2223 504 Quod
2262 452 2391 491 vero
2438 438 2488 491 in
2524 437 2639 506 ipso
2686 438 2852 507 regali
2902 446 3169 507 praecepto
3206 438 3502 493 Aotharius
3539 440 3660 508 t5?)

391 550 695 605 remedium
726 545 1001 602 sanitatis.
1047 544 1113 597 Et
1160 543 1286 611 quia
1314 542 1461 595 solus
1501 554 1620 593 cum
1653 534 1965 590 dulcissima

390 640 654 711 genitrice
701 638 899 698 resedi,
950 646 1109 705 patre
1152 636 1377 688 orbatus
1413 642 1467 685 et
1514 630 1795 689 fratribus,
1852 627 1966 693 ipsa

388 747 493 787 non
528 732 825 791 abnuente,
872 742 1059 779 verum
1110 726 1213 779 hoc
1264 725 1434 794 ipsum
1472 722 1584 775 fieri
1615 719 1827 789 ,sedttlo
1872 717 1966 770 de-

388 830 670 891 poscente,
697 834 867 873 voveo
901 818 1009 871 Deo
1039 827 1092 870 et
1112 818 1225 883 jatn
1255 817 1399 869 dicto
1424 813 1624 868 eximio
1652 810 1966 871 Benedicto,

390 915 723 969 ltzeretlitatis
762 927 894 967 mea":
923 911 1249 980 portionem,
1280 908 1365 963 cui
1413 904 1833 976 Caputeervium
1869 917 1968 953 no-

388 1024 510 1063 men
557 1017 663 1070 est,
709 1021 831 1061 cum
880 1003 1130 1058 omnibus
1169 1002 1233 1055 ad
1280 1016 1400 1055 eam
1447 994 1861 1069 pertinentibus,
1903 1008 1968 1045 eo

386 1101 643 1154 videlicet
692 1110 879 1153 tenore
926 1106 982 1149 ιιι
1024 1094 1347 1162 superstites
1366 1093 1539 1162 {ambo
1571 1087 1964 1142 usmnfructum

385 1208 448 1246 ac
474 1190 761 1260 praesentis
790 1189 915 1242 vita:
940 1187 1286 1241 exactiOnem
1332 1183 1657 1245 retinentes,
1705 1177 1968 1232 fratribus

384 1280 829 1337 Floriacensilms
884 1286 1009 1347 post
1069 1274 1241 1331 nostri
1298 1270 1707 1329 dissolutionem
1772 1276 1967 1323 cuncta

385 1369 604 1427 restitui
627 1370 909 1425 faciamus.
932 1368 1040 1438 Spe
1066 1366 1268 1422 etenim
1292 1365 1649 1430 suscipienda:
1678 1361 1848 1433 prolis
1871 1372 1966 1429 per

384 1477 545 1531 supra
586 1470 943 1515 memoratam
985 1458 1228 1528 privatus
1254 1456 1660 1519 revelationem,
1699 1453 1963 1509 sollieitu-

384 1552 563 1607 dinem
592 1552 850 1606 ducenda:
901 1563 1089 1603 uxoris
1139 1548 1379 1602 funditus
1424 1545 1619 1616 ahjeci.
1672 1544 1967 1613 Properate

384 1640 549 1709 igitur
577 1640 922 1708 quantocius,
951 1648 1006 1693 et
1034 1639 1232 1693 vestris
1272 1650 1660 1704 servorumque
1689 1634 1781 1687 Dei
1832 1632 1969 1688 inibi

382 1733 695 1801 degentium
724 1730 978 1800 pret-ibus
1007 1743 1163 1797 opem
1192 1726 1482 1798 elllagitate
1512 1726 1733 1778 misero.
1768 1743 1788 1775 ι

2073 537 2318 591 vocatur,
2363 528 2691 597 permutatio
2745 537 2987 582 veterum
3048 530 3176 584 facit
3222 531 3547 595 verborum,
3598 542 3659 584 ut.

2070 628 2189 689 post
2222 620 2383 672 latius
2412 620 2780 674 ostendemus.
2816 619 2942 673 Post
2970 618 3124 688 cujus
3150 634 3456 685 excessum,
3490 621 3659 674 vicini

2070 710 2269 778 quique
2298 710 2399 763 hoc
2430 712 2509 763 cis
2541 710 2800 779 pratdinm
2827 710 3041 766 auferre
3070 712 3263 776 tnoliti,
3293 712 3359 766 ad
3390 710 3493 765 sibi
3520 712 3658 767 utile

2069 810 2361 871 coegerunt
2392 802 2666 857 declinare
2700 800 3013 855 consilium.

2693 894 2921 951 CAPUT
2965 894 3026 950 V.

2068 982 2361 1038 Ademarus
2390 984 2629 1038 Brttccite
2673 995 2719 1039 et
2760 985 3122 1053 Capitiscervii
3146 982 3391 1042 'inrrtsor.
3438 987 3661 1042 Otlterio

2138 1056 2416 1123 pra'posito
2452 1053 2727 1124 Hugonem
2775 1056 3037 1120 hortante,
3068 1060 3173 1111 viso
3200 1065 3493 1112 accedente.
3528 1058 3657 1111 Ter-

2141 1126 2272 1178 ritus
2302 1126 2483 1178 audito
2513 1126 2719 1178 nomine
2749 1124 2807 1180 S.
2846 1126 3136 1181 Benedicti.
3178 1128 3349 1182 ϐαδινί
3406 1132 3469 1181 de
3510 1129 3653 1183 Solis

2137 1195 2289 1249 situs.
2338 1196 2631 1268 Ademartts
2676 1198 2885 1250 tandem
2937 1200 3103 1251 rictus
3132 1209 3177 1251 et
3206 1210 3410 1267 ruptus,
3452 1198 3661 1268 {arente

2138 1280 2363 1330 superna
2392 1266 2614 1331 uirtute;
2642 1268 2771 1320 socii
2800 1267 2978 1320 itidem
3003 1269 3265 1338 castigati.

2140 1355 2225 1409 ll.
2268 1354 2533 1425 Denique,
2585 1367 2645 1411 ιιι
2694 1358 2990 1426 superioris
3036 1360 3349 1414 continetur
3395 1358 3537 1413 serie
3586 1357 3653 1411 li-

2068 1446 2150 1501 bri
2178 1446 2314 1517 (cap.
2348 1449 2456 1519 45},
2491 1449 2817 1504 habitaculis
2848 1451 3169 1505 monachico
3196 1450 3448 1521 congruis
3477 1450 3653 1505 ordini

2069 1536 2203 1591 inibi
2227 1539 2579 1603 constructis,
2604 1554 2755 1609 spem
2786 1541 3165 1610 potiendarum
3200 1557 3381 1596 rerum
3414 1542 3653 1611 ipsarmn

2068 1626 2398 1683 adversariis
2448 1630 2718 1685 sustulere
2787 1646 2961 1700 usque
3010 1633 3076 1686 ad
3122 1642 3361 1703 tempora
3404 1631 3658 1687 Rotberti

2070 1719 2212 1788 regis
2241 1720 2333 1774 filii
2356 1720 2619 1791 llugonis.
2649 1722 2773 1789 Quo
2792 1738 2929 1778 onus
2954 1724 3292 1793 gubernandi
3322 1724 3653 1794 suscipiente

449 1787 504 1878 ζ).
546 1787 803 1893 Acceptis
854 1821 971 1890 ejus
1024 1787 1209 1875 lidcles
1270 1787 1577 1887 hujusmodi
1633 1812 1919 1887 prmceptis
1946 1851 1960 1877 ,
1997 1787 2239 1883 Bregni,
2272 1787 2573 1869 Ademarus
2618 1787 2859 1886 quidam,
2906 1787 3129 1883 ju'venta
3174 1787 3487 1886 pariterque
3526 1832 3653 1871 cor-

381 1930 500 1970 cum
529 1915 731 1969 wantis
779 1913 891 1984 (55)
938 1913 1106 1981 ipsius
1152 1926 1284 1965 auro
1318 1910 1551 1972 ornatis,
1580 1924 1679 1979 per
1704 1922 1839 1976 quos
1870 1906 1963 1959 do-

381 2008 656 2059 nationem
692 2013 1117 2059 memoratarum
1167 2018 1350 2058 rerum
1398 2001 1571 2060 sacris
1618 2002 1962 2069 imponerent

382 2097 664 2161 altaribus,
695 2098 899 2166 absque
935 2096 1193 2152 dilatiOue
1222 2094 1591 2151 venerandum
1621 2094 1822 2147 adeunt
1853 2105 1963 2145 cte-

381 2189 641 2254 nobinm,
689 2199 940 2243 mandata
991 2205 1287 2259 precesque
1348 2189 1430 2243 sui
1480 2188 1681 2242 domini
1732 2196 1963 2242 caterva!

380 2282 788 2337 innotescentes
841 2284 1091 2337 fratrum.
1146 2282 1493 2337 Memorabile
1540 2282 1716 2336 dictu!
1770 2280 1960 2335 eadem

380 2373 487 2435 die,
522 2374 757 2442 ipsoque
788 2374 932 2427 hora:
964 2386 1259 2439 momento,
1298 2389 1405 2442 quo
1444 2374 1533 2442 qui
1586 2372 1734 2427 missi
1781 2381 1958 2438 erant,

380 2464 581 2516 donum
615 2479 740 2518 eum
781 2464 1118 2519 oratmuibus
1165 2472 1291 2519 ante
1340 2464 1512 2518 sancti
1562 2470 1963 2531 prmsentarunt

386 2555 687 2617 tumulum,
719 2569 863 2624 aeger
897 2554 989 2624 qui
1022 2554 1311 2625 nonaginta
1360 2553 1595 2608 millibus
1625 2554 1846 2621 jacebat
1877 2568 1963 2605 se-

381 2652 563 2697 motus
613 2660 642 2696 a
691 2646 810 2698 loco
837 2645 1243 2715 integer-rimam
1275 2643 1504 2712 adeptus
1534 2651 1617 2697 est
1649 2643 1957 2697 sanitatem.

379 2735 481 2801 Qui
512 2736 729 2789 laudum
756 2738 861 2791 Deo
888 2738 1155 2807 przecouia
1181 2747 1480 2806 sanctoque
1515 2737 1650 2789 dans
1671 2736 1963 2790 Benedicto

381 2837 684 2896 gratiarum
716 2830 925 2884 cantica
944 2868 959 2893 ,
988 2829 1400 2885 exercitationis
1429 2826 1798 2882 venationisve
1832 2842 1961 2897 gra-

382 2920 455 2975 tia
504 2920 767 2975 silvarum
799 2923 955 2991 petiit
993 2922 1197 2976 abdita.
1226 2919 1325 2975 Cui
1372 2923 1501 2975 dum
1531 2919 1709 2975 studet
1739 2932 1961 2987 operam

380 3010 512 3064 dare
560 3012 659 3073 rei,
708 3013 946 3066 occurrit
985 3013 1097 3067 suis
1128 3028 1157 3067 a
1203 3026 1394 3068 nostro
1446 3011 1813 3066 remeantibus
1842 3026 1960 3064 mo-

379 3100 648 3164 nasterio,
696 3116 853 3170 quem
919 3103 995 3156 illi
1051 3104 1350 3172 conspicati
1415 3102 1708 3172 equitando
1763 3101 1959 3156 saltum

378 3205 698 3260 peragrare,
742 3203 959 3262 stupore
994 3194 1197 3263 ingenti
1237 3193 1470 3262 perculsi
1513 3203 1662 3257 sunt,
1715 3193 1960 3248 videntes

378 3280 684 3344 hominem,
729 3282 925 3336 dudum
974 3285 1180 3353 absque
1209 3284 1433 3338 alterius
1463 3285 1792 3338 adminiculo
1830 3299 1860 3337 e
1888 3283 1963 3337 le-

378 3370 526 3424 ctulo
554 3387 665 3425 non
700 3373 963 3428 valentem
995 3391 1239 3446 surgere,
1282 3386 1408 3433 tunc
1448 3393 1558 3432 non
1588 3376 1760 3431 solum
1794 3377 1964 3430 firmi-

378 3472 465 3519 ter
509 3465 785 3533 incedere,
819 3483 1003 3523 verum
1052 3470 1219 3526 etiam
1248 3485 1447 3539 equum
1500 3486 1659 3525 cursu
1711 3471 1963 3538 fatigare.

380 3554 778 3613 llmsitantibus
820 3560 926 3615 illis
955 3570 1009 3615 et
1040 3561 1216 3617 vultus
1244 3562 1596 3617 similitudine
1624 3577 1683 3616 se
1711 3563 1963 3631 deceptos

381 3652 828 3715 autumantibus,
860 3654 1076 3707 obvium
1108 3669 1165 3708 se
1197 3655 1285 3708 ille
1327 3653 1753 3725 gratulabundus
1781 3652 1961 3706 oll‘ert.

381 3737 615 3808 lnquirit
648 3742 839 3797 deinde
866 3744 1150 3799 sollicitius
1172 3744 1314 3799 diem
1346 3760 1454 3813 quo
1490 3759 1585 3813 pro
1612 3758 1669 3797 se
1698 3751 1821 3796 vota
1852 3742 1965 3797 sol-

381 3830 626 3896 vissent;
680 3834 959 3904 ipsmnque
1010 3835 1175 3890 fuisse
1216 3836 1517 3891 certissime
1560 3834 1825 3905 comperit
1854 3848 1961 3903 quo

381 3921 482 3975 sibi
515 3924 747 3979 salutem
778 3926 1035 3996 obtigisse
1059 3929 1346 3997 gaudebat.

462 4014 548 4069 10.
593 4015 733 4070 lluic
759 4018 991 4087 antiqua;
1020 4030 1263 4073 veterum
1296 4019 1541 4074 relationi
1585 4019 1825 4073 virorutn
1873 4033 1959 4072 re-

382 4106 665 4174 pugnabat
713 4108 989 4176 antiqnius
1034 4109 1177 4164 tertii
1228 4110 1449 4164 Clotarii
1493 4109 1606 4179 (56)
1663 4110 1804 4179 regis
1851 4109 1963 4163 edi-

383 4207 555 4266 ctum,
611 4199 662 4252 in
710 4215 815 4268 quo
861 4202 1173 4257 continetur
1209 4203 1351 4272 quod
1410 4211 1743 4256 memoratus
1790 4200 1959 4256 Othe-

384 4288 497 4342 ritts
522 4291 593 4344 ob
626 4291 909 4361 perfidiam
947 4297 1014 4349 ah
1043 4297 1157 4363 ipso
1209 4312 1333 4365 rege
1382 4296 1612 4350 interﬁci
1637 4295 1823 4365 jussus
1855 4296 1959 4361 sit;

384 4382 658 4453 rebusque
704 4383 820 4453 ejus
871 4389 1125 4443 onmibus
1168 4390 1502 4453 confiscatis,
1538 4390 1665 4443 illud
1697 4389 1961 4459 prtetliut‘n

382 4470 451 4525 ab
475 4472 667 4526 eodem
709 4476 973 4545 principe,
1004 4489 1191 4531 sancto
1222 4488 1305 4533 est
1351 4479 1645 4534 Benedicto
1674 4479 1957 4534 collatum.

383 4558 451 4617 Et
476 4564 580 4619 hoc
607 4575 687 4620 est
717 4570 859 4637 quod
891 4571 941 4623 in
967 4571 1198 4640 quadam
1240 4571 1506 4626 sententia
1542 4572 1699 4642 primi
1726 4571 1845 4626 libri
1877 4572 1956 4625 le-

383 4657 530 4727 gitur
574 4659 668 4730 (V.
710 4660 1058 4730 Andrcvald.,
1090 4680 1206 4734 cap.
1248 4666 1337 4735 58)
1366 4664 1787 4734 Caputeervium
1818 4666 1958 4721 libe-

382 4750 604 4806 ralitate
631 4755 772 4825 regia
805 4754 1175 4811 Floriacenses
1205 4758 1572 4825 promeruisse
1600 4758 1818 4812 fratres.
1849 4757 1957 4811 Po-

382 4840 486 4894 tuit
521 4850 697 4896 tamen
727 4843 839 4897 ﬁeri
870 4855 927 4898 ut
958 4856 1077 4912 post
1120 4846 1258 4901 hanc
1298 4862 1460 4916 quam
1505 4863 1647 4901 nunc
1680 4847 1960 4901 retulimus

382 4930 759 4997 donationem,
797 4934 909 5004 ipse
942 4933 1195 4989 Otlierius
1224 4939 1362 5005 apud
1399 4952 1581 5006 regem
1625 4937 1960 4993 infidelitatis

382 5021 724 5078 insimulatus
742 5023 1031 5093 juberetnr
1053 5027 1305 5092 interﬁci,
1329 5038 1384 5082 et
1410 5029 1567 5098 quasi
1592 5044 1658 5083 ex
1685 5044 1779 5082 sua
1809 5040 1960 5099 parte

380 5114 629 5168 eamdem
655 5114 829 5169 villam
863 5116 1006 5170 idem
1043 5132 1135 5172 rex
1171 5128 1357 5173 nostro
1388 5120 1661 5174 conferret
1690 5120 1956 5174 C(enobio.

2066 1904 2212 1973 poris
2240 1904 2416 1959 elatus
2440 1907 2631 1973 forma,
2660 1906 2813 1975 cujus
2845 1910 3058 1978 genitor
3086 1908 3266 1975 Wido,
3311 1910 3362 1965 in
3392 1910 3523 1964 urbe
3553 1909 3657 1965 Lc-

2065 1994 2336 2049 movicina
2382 1996 2717 2052 vieecomitis
2746 1998 3073 2069 fungebatur
3121 2001 3344 2065 honore,
3384 1999 3653 2055 nefarium

2064 2088 2284 2145 molitus
2309 2099 2391 2143 est
2418 2090 2612 2145 scelus.
2646 2089 2891 2161 Namque
2915 2091 3280 2147 Lemovicinis
3309 2109 3650 2164 nequaquam

2063 2191 2356 2237 contentus
2416 2181 2764 2237 facultatibus
2816 2197 2883 2237 ex
2930 2194 3153 2253 paterna
3202 2184 3309 2238 sibi
3334 2184 3651 2239 haereditate

2056 2272 2180 2343 jure
2208 2276 2639 2344 suppetentibus,
2664 2276 2789 2329 dum
2820 2286 3070 2330 cerneret
3092 2291 3439 2330 numerosam
3463 2276 3646 2331 colite-

2063 2368 2251 2423 redum
2279 2367 2505 2422 fratrum
2523 2384 2744 2423 suorum
2757 2382 3105 2424 succrescere
3121 2369 3368 2437 stirpem,
3399 2368 3453 2422 in
3472 2368 3651 2424 subri-

2062 2460 2287 2530 piendas
2305 2473 2391 2514 res
2415 2459 2618 2515 alienas
2640 2460 2882 2514 animum
2906 2460 3155 2523 intendit,
3176 2460 3392 2529 dolique
3420 2459 3645 2524 artifex,

2063 2559 2302 2605 castrum
2331 2550 2475 2620 quod
2517 2567 2547 2605 a
2599 2552 2891 2607 rusticanis
2925 2551 3152 2607 Bruceia
3196 2550 3317 2622 (38)
3340 2551 3540 2606 dicitur
3568 2552 3656 2606 in-

2063 2656 2305 2709 gressus,
2330 2642 2605 2695 dominum
2652 2656 2711 2697 se
2742 2643 2959 2711 agebat.
3010 2642 3142 2696 Erat
3170 2643 3221 2696 in
3252 2658 3319 2697 ea.
3344 2643 3648 2712 provincia,

2066 2732 2148 2785 vir
2176 2732 2395 2801 quidam
2427 2732 2569 2786 haud
2610 2734 3017 2789 contemnendae
3056 2734 3331 2803 potentiae,
3371 2732 3530 2803 llugo
3554 2750 3655 2788 ιιο-

2065 2823 2242 2889 mine,
2274 2824 2358 2878 eui
2394 2825 2567 2879 media
2595 2841 2721 2894 pars
2770 2827 2937 2895 ipsius
2964 2828 3132 2881 castri
3179 2828 3523 2883 htereditaria
3555 2828 3655 2884 ob«

2066 2925 2292 2971 venerat
2350 2919 2715 2973 successione.
2776 2918 2922 2975 Hanc
2958 2921 3067 2984 ille,
3130 2922 3205 2975 uti
3259 2930 3315 2976 et
3362 2937 3482 2976 eam
3531 2938 3653 2992 qua:

2066 3006 2362 3073 genitorem
2392 3009 2738 3077 compctebat
2762 3024 2943 3073 suum,
2974 3025 3111 3063 ausu
3141 3011 3431 3065 temerario
3458 3025 3654 3081 perva-

2008 3152 2033 3171 Ἰ
2068 3096 2162 3149 dit.
2197 3094 2334 3150 Toto
2365 3097 2547 3167 itaque
2578 3100 2780 3167 potitus
2810 3109 3013 3165 castro,
3055 3099 3238 3169 copias
3283 3100 3514 3156 duorum
3560 3116 3663 3156 co-

2068 3188 2261 3241 tnitmn
2311 3191 2402 3258 qui
2454 3206 2578 3245 cum
2633 3193 2757 3246 inde
2822 3193 3023 3261 pellere
3094 3193 3451 3259 nitebantur,
3511 3194 3653 3249 Wil-

2066 3276 2207 3331 lelmi
2240 3278 2350 3349 (59)
2392 3280 2641 3335 videlicet
2677 3280 3053 3349 Pictavicnsis,
3096 3292 3148 3337 et
3190 3283 3421 3339 Bosonis
3465 3284 3659 3339 Petra-

2067 3368 2266 3435 gorici,
2324 3384 2419 3437 per
2471 3370 2781 3438 quindecim
2841 3371 3052 3425 dierum
3105 3372 3330 3428 eludens
3392 3374 3655 3443 spatium,

2066 3458 2400 3514 obsidionem
2428 3476 2523 3514 eos
2552 3464 2759 3515 solvere
2794 3464 3001 3533 coegit;
3041 3480 3145 3533 qua
3178 3464 3439 3520 liberatus
3467 3480 3657 3520 neces-

2066 3547 2249 3613 sitate,
2282 3549 2529 3604 audendo
2555 3552 2785 3621 majora,
2810 3555 3164 3625 municipium
3182 3556 3360 3611 Patris
3379 3557 3659 3612 Benedicti.

2066 3652 2300 3711 quatuor
2322 3652 2375 3697 et
2388 3646 2556 3699 sentis
2574 3646 2810 3702 millibus
2825 3663 2855 3700 a
2875 3660 3174 3704 memorato
3188 3650 3393 3704 distans
3407 3650 3651 3716 castello,

2065 3731 2367 3786 absentiam
2414 3735 2688 3803 praepositi
2715 3734 2923 3807 Otherii
2959 3748 3277 3807 aucupatus,
3324 3738 3655 3794 latrocinan-

2069 3824 2199 3878 titttn
2228 3842 2380 3879 more
2407 3828 2729 3896 ingreditur.
2759 3827 3051 3898 Municipio
3086 3830 3160 3884 illi
3193 3832 3491 3902 antiquitas
3511 3831 3657 3888 Salis

2066 3936 2262 3974 nomen
2296 3920 2591 3987 indiderat,
2617 3937 2786 3991 coque
2816 3923 3065 3977 monachi
3095 3923 3484 3979 habitationem
3517 3925 3653 3979 assi-

2065 4010 2225 4065 duam
2277 4028 2307 4065 a
2359 4012 2718 4080 Caputcervio
2751 4023 3251 4078 conm'tntaverant,
3302 4030 3367 4070 eo
3411 4016 3554 4085 quod
3604 4016 3659 4071 is

2067 4102 2214 4158 locus
2246 4120 2438 4174 magna
2470 4121 2533 4159 ex
2571 4116 2723 4174 parte
2769 4115 2962 4160 natura
3014 4106 3155 4161 foret
3205 4108 3463 4162 munitus.
3501 4107 3654 4163 llunc

2064 4194 2323 4262 praefatus
2369 4196 2673 4250 Ademarus
2703 4196 2923 4263 idcirco,
2968 4207 3024 4251 ιιι
3049 4208 3171 4267 post
3193 4199 3307 4269 ipse
3334 4199 3536 4264 retulit,
3568 4200 3654 4253 itt-

2065 4288 2261 4341 vadere
2289 4286 2441 4341 nisus
2462 4296 2567 4353 est,
2607 4296 2663 4341 ut
2691 4289 2863 4357 copiis
2893 4288 3153 4343 frumenti
3201 4305 3266 4344 ac
3298 4290 3430 4354 vini,
3461 4306 3583 4360 qua:
3615 4305 3649 4343 a

2066 4380 2577 4450 circutnjaccntibus
2600 4382 2789 4437 incolis
2818 4382 2951 4436 inibi
2977 4383 3046 4437 ob
3066 4392 3306 4438 tutamen
3336 4393 3653 4439 sanctorum

2066 4472 2307 4527 locorum
2332 4486 2621 4545 aggregata
2646 4483 2823 4541 erant,
2851 4490 3095 4544 pervasa:
3129 4476 3370 4532 Bruceia:
3398 4464 3645 4551 inepiam

2062 4564 2397 4631 sublevaret;
2428 4581 2485 4619 re
2506 4576 2685 4620 autem
2718 4580 2845 4620 vera
2879 4578 2937 4622 ut
2967 4569 3308 4624 arctissimos
3344 4568 3653 4639 possessio-

2064 4659 2150 4712 nis
2173 4674 2285 4713 snze
2313 4661 2448 4714 ﬁnes
2472 4660 2758 4729 ampliaret
2781 4676 3004 4730 operam
3036 4661 3223 4715 dabat.

2135 4750 2225 4805 12.
2263 4751 2487 4806 Interim
2532 4754 2855 4823 prtepositns
2891 4754 2993 4809 loci
3041 4755 3336 4823 jamdictus
3367 4752 3652 4816 Otherius,

2066 4852 2227 4897 tanta:
2276 4844 2604 4898 calamitatis
2666 4854 2889 4913 accepto
2940 4845 3165 4907 nuntio,
3233 4844 3417 4897 dolore
3466 4844 3651 4897 cordis

2064 4943 2240 4989 tactus
2270 4934 2597 4989 intrinsecus
2637 4933 2783 5002 quod
2812 4929 3252 4989 commendatum
3294 4932 3395 4984 sibi
3430 4947 3460 4985 a
3491 4946 3654 4986 vene-

2066 5027 2219 5081 rabili
2251 5028 2443 5082 abbate
2469 5027 2694 5081 Abbone
2738 5035 2870 5079 tunc
2900 5021 3335 5078 Floriaccnsinm
3361 5033 3571 5077 rectore
3596 5033 3653 5077 et

2063 5117 2327 5174 fratribus
2357 5119 2532 5172 locum
2579 5116 2825 5170 funditus
2862 5113 3115 5168 amisisse
3142 5112 3437 5179 videretur,
3492 5113 3545 5167 in
3572 5115 3657 5170 di-
