4108 5412
454 318 551 371 851

1530 302 2132 380 ΛιΜΟΙΝΙξΜΟΝΑΟΙΙΙ
2174 303 2665 360 FLORIAlZENSlS

3612 308 3718 363 833

456 445 612 483 versa
642 428 1027 498 cogitationum
1057 428 1269 482 turbine
1296 427 1529 495 rapitur;
1569 426 1894 491 tandemque
1917 433 2022 474 non
2052 421 2101 477 A
2128 416 2561 485 Quadragesima:
2607 419 2939 483 vertebatur,
2992 420 3206 487 quando
3231 419 3394 476 factio
3443 419 3713 476 latronum

456 519 729 582 maeroris.
746 518 839 572 sed
857 518 1063 572 consilii
1084 527 1293 586 tempus
1313 517 1561 587 ingruere
1582 515 1683 570 sibi
1704 513 2030 581 intelligens,

458 611 524 665 ad
555 611 802 679 superius
829 609 1163 663 nominatum
1195 609 1468 675 llugonem
1496 616 1644 662 recta
1668 605 2033 676 proﬁciscitur

459 701 565 755 via.
597 702 692 755 Cui
742 700 1196 770 opportunitatem
1249 699 1494 768 capiendi
1546 698 1888 751 innotescens
1930 694 2033 748 ini-

460 790 608 853 mici,
651 790 790 857 quod
842 789 1051 844 scilicet
1112 789 1352 843 Brucriie
1410 788 1719 842 ﬁrmissimo
1775 785 2033 840 derelicto

460 881 709 949 praesidio
751 880 802 933 iu
840 879 1077 934 Salensis
1109 879 1385 948 municipii
1435 879 1789 947 demigrasset
1812 875 2035 929 domici-

459 971 612 1033 lium,
644 970 709 1023 ad
735 971 1189 1038 prieoccutiandos
1213 968 1328 1037 ejus
1358 978 1586 1023 cenatus
1610 966 1880 1037 proﬁcisci
1909 965 2035 1019 hor-

461 1065 696 1119 labatur.
736 1064 845 1121 Nec
899 1065 986 1119 ille
1034 1065 1241 1120 distulit
1282 1064 1372 1133 qui
1409 1062 1731 1132 intelligeret
1774 1074 1873 1114 suo
1913 1058 2031 1113 usui

459 1159 743 1226 prolicere,
780 1158 823 1213 si
851 1172 972 1211 eum
1021 1158 1073 1211 in
1122 1157 1301 1210 minus
1348 1164 1463 1211 tuto
1513 1155 1717 1208 valeret
1761 1166 2037 1223 praeoccu-

460 1263 587 1316 pare
612 1248 747 1302 loco.
806 1248 944 1315 Quid
994 1246 1185 1317 plura?
1233 1262 1336 1301 non
1396 1246 1579 1300 solum
1623 1245 1795 1309 illum,
1843 1256 2032 1296 verum

458 1358 702 1412 quosque
730 1343 1219 1397 circummanentes
1240 1342 1465 1403 vicinos,
1497 1341 1693 1409 quibus
1732 1339 1881 1393 cordi
1915 1352 2035 1392 esse

459 1434 634 1489 l'alris
660 1435 932 1490 Benedicti
965 1436 1323 1490 venerandam
1352 1434 1697 1489 dilectionem
1740 1446 2035 1501 cognosce-

458 1527 569 1589 hat,
602 1527 669 1580 ad
715 1526 795 1581 sui
829 1526 1154 1593 adjutorium
1199 1528 1464 1594 alliciens,
1493 1524 1727 1581 diluculo
1749 1524 1896 1580 feria:
1923 1532 2033 1579 ter-

460 1620 548 1674 tia:
570 1630 864 1689 prtemouet
887 1620 1130 1676 hostibus
1149 1620 1568 1675 occurrendum.

529 1731 616 1785 15.
654 1730 861 1786 Interea
894 1731 1107 1785 cuidam
1146 1730 1298 1786 militi
1350 1746 1415 1786 ex
1453 1732 1805 1787 auxiliaribus
1837 1740 2035 1786 nostrae

456 1821 648 1889 partis,
676 1832 833 1877 nocte
862 1836 982 1890 quae
1007 1822 1149 1877 diem
1184 1821 1306 1877 belli
1340 1822 1695 1892 praecedebat,
1731 1823 2032 1894 hujusmodi

456 1929 553 1984 per
581 1913 816 1983 quietem
851 1923 1063 1969 ostensa
1112 1924 1197 1969 est
1241 1914 1399 1969 visio.
1455 1914 1753 1970 Videbatur
1792 1915 1840 1971 ei
1891 1916 2036 1985 quod

456 2004 610 2072 quasi
641 2020 764 2059 cum
814 2006 1101 2075 prazposito
1143 2006 1386 2060 ecclesite
1414 2005 1597 2061 Sancti
1631 2006 1887 2076 Stephani
1935 2006 2038 2061 Le-

456 2096 739 2152 movicina:
768 2099 932 2162 sedis.
955 2099 1171 2155 nomine
1192 2100 1451 2163 Ainardo,
1482 2100 1670 2155 silvam
1698 2109 2032 2170 peragraret,

456 2189 885 2259 opportunisque
915 2191 967 2245 in
1000 2190 1154 2257 locis,
1187 2193 1391 2247 retibus
1418 2194 1689 2261 Oppansis,
1733 2194 2037 2248 multitudi-

457 2296 581 2334 nem
612 2296 867 2349 aprorum
911 2299 1023 2352 prae
1050 2299 1108 2339 se
1155 2295 1358 2352 ageret,
1399 2300 1628 2354 quorum
1658 2286 1875 2355 quidem
1904 2287 2038 2340 alios

457 2371 525 2426 ad
554 2381 885 2442 praeparatas
914 2375 1136 2430 insidias
1165 2376 1423 2431 deductos
1452 2378 1602 2430 vivos
1634 2386 1873 2446 caperet,
1904 2377 2037 2432 alios

456 2479 587 2520 vero
613 2466 894 2522 venabulis
946 2466 1233 2522 transﬁxus
1293 2468 1408 2522 neci
1455 2469 1711 2523 traderet.
1764 2468 2038 2538 Evigilaus

460 2557 624 2627 igitur
645 2558 769 2613 dum
807 2560 1021 2615 cuidam
1042 2561 1303 2616 sodalium
1327 2577 1447 2631 qua:
1471 2562 1679 2617 viderat
1706 2571 2034 2631 enarrasset,

459 2650 561 2705 hoc
588 2651 656 2706 ab
675 2666 741 2707 eo
764 2668 1078 2721 responsum
1108 2655 1344 2724 accepit:
1375 2655 1666 2721 «Visiouis,
1688 2656 1884 2725 inquit,
1909 2665 2039 2722 tuai,

459 2740 570 2797 Deo
597 2742 894 2812 opitulante
922 2754 978 2799 et
1018 2747 1346 2802 sanctissimi
1391 2747 1664 2803 Benedicti
1697 2747 2039 2819 suifraganti-

456 2832 558 2887 hus
586 2833 808 2897 meritis,
851 2834 1168 2891 manifestus
1202 2836 1253 2890 iu
1288 2838 1534 2907 proximo
1559 2840 1928 2908 propalabitnr
1959 2841 2039 2895 in-

459 2924 724 2980 tellectus.
755 2925 887 2980 Nam
934 2928 1074 2997 quod
1106 2928 1198 2983 tibi
1230 2929 1295 2983 de
1322 2931 1503 2999 porcis
1544 2941 1934 3000 prmostensum
1958 2942 2040 2987 est

458 3016 816 3081 silvestribus,
849 3017 950 3073 hoc
1002 3028 1055 3073 tu
1098 3022 1302 3090 patrari
1354 3024 1657 3091 couspicies
1693 3024 1758 3077 de
1816 3024 2041 3093 perﬁdis

460 3107 797 3171 hominibus;
824 3111 1074 3180 quodque
1104 3118 1325 3165 auctore
1355 3112 1593 3167 Ainardo
1626 3122 1680 3168 te
1699 3129 1860 3185 agere
1888 3130 2036 3168 som—

458 3200 668 3265 niabas,
701 3201 801 3254 hoc
829 3212 1055 3256 ventura
1094 3201 1236 3267 luce,
1280 3203 1502 3261 Otherio
1541 3207 1710 3260 sancti
1741 3208 1841 3262 viri
1875 3209 2043 3262 Bene-

458 3292 589 3347 dicti
636 3294 904 3348 monacho
951 3295 1105 3361 duce,
1141 3311 1246 3350 una
1291 3298 1571 3353 nobiscum
1624 3298 1839 3354 Christo
1891 3301 2042 3355 auxi-

459 3387 630 3442 liante
658 3388 929 3457 perﬁcies.
968 3409 987 3442 ι
1017 3390 1260 3460 Cumque
1296 3391 1379 3445 ille
1408 3393 1497 3461 qui
1539 3394 1804 3448 somnium
1838 3394 2047 3450 viderat

460 3495 573 3533 rem
620 3481 723 3535 sibi
771 3481 1111 3538 manifestius
1151 3483 1414 3539 declarari
1449 3494 1678 3554 peteret,
1728 3496 1848 3541 erat
1899 3488 2041 3542 enim

458 3585 649 3624 earum
678 3587 798 3641 quae
827 3574 1157 3642 gerebantur
1197 3574 1403 3629 inscius
1444 3592 1645 3640 rerum,
1680 3577 1946 3647 interpres
1976 3579 2043 3632 ad

458 3676 623 3716 enim:
682 3661 893 3727 «Num,
922 3664 1030 3730 ait,
1078 3665 1144 3719 ad
1188 3679 1349 3720 aures
1396 3666 1571 3722 adhuc
1602 3669 1846 3738 pervenit
1900 3678 2042 3734 tuas,

458 3755 784 3809 Adcmarum
807 3755 1071 3812 Guidonis
1099 3756 1264 3813 ﬁlium
1295 3759 1497 3830 egregii
1525 3759 1847 3816 confessoris
1878 3759 2045 3817 Bene-

458 3846 587 3901 dicti
618 3847 924 3916 pervasisse
971 3850 1385 3914 monasterium,
1426 3860 1481 3905 et
1509 3850 1792 3907 Otherium
1830 3868 2041 3921 prmpo-

460 3939 622 3994 situm
654 3940 854 3995 ideirco
880 3940 1085 3995 domini
1118 3943 1287 3997 nostri
1320 3944 1520 4013 petisse
1550 3944 1854 4000 auxilium?
1901 3944 2044 4000 Gau-

459 4030 644 4086 fredus
678 4031 749 4085 ob
797 4032 1169 4090 fortitudinem
1217 4037 1479 4106 corporis,
1535 4037 1685 4092 Asini
1715 4039 2044 4108 praenomine

459 4122 828 4188 vocitabatur;
867 4126 918 4179 in
956 4126 1108 4197 cujus
1149 4139 1327 4183 castro
1357 4138 1693 4183 memoratus
1744 4131 2044 4186 monachus

462 4224 574 4267 tum
616 4215 754 4270 forte
789 4216 997 4281 aderat,
1026 4234 1147 4273 cum
1202 4220 1318 4274 haec
1360 4220 1515 4275 miles
1545 4220 1920 4276 contubernali
1954 4237 2039 4277 re~

462 4307 627 4362 ferret
641 4323 789 4362 suo.»
820 4308 1032 4379 Quique
1062 4311 1177 4366 haec
1203 4310 1619 4380 adjecitdicens:
1653 4311 1791 4368 «Nos
1806 4329 2042 4384 quoque,

460 4398 673 4453 volente
705 4400 814 4454 Deo
840 4414 903 4454 ac
934 4411 1123 4456 sancto
1147 4401 1368 4470 juvante
1394 4401 1697 4466 Benedicto,
1730 4404 1870 4459 sacri
1919 4420 2040 4474 per.

461 4506 683 4546 vasores
714 4491 813 4546 loci
841 4502 933 4546 aut
962 4493 1174 4548 vindice
1205 4495 1460 4551 feriemus
1490 4495 1687 4563 gladio,
1733 4507 1824 4551 aut
1853 4508 2040 4569 captos

461 4583 624 4637 nobili
652 4584 893 4639 dicemus
921 4586 971 4639 in
1007 4585 1330 4654 triumpho.»
1378 4586 1488 4641 Hoc
1516 4589 1718 4642 dictum
1751 4589 2038 4643 multorum

464 4675 737 4730 roboravit
761 4677 1058 4745 pavitantia
1090 4678 1250 4732 corda
1302 4678 1565 4731 virorum.
1594 4676 1863 4732 Videntur
1905 4680 2037 4734 mihi

461 4768 762 4822 somniator
783 4770 885 4824 iste
913 4785 976 4824 ac
1004 4771 1120 4839 ejus
1144 4769 1433 4839 interpres,
1458 4769 1666 4825 duobus
1689 4771 2041 4826 orientalibus

462 4860 577 4913 fore
638 4860 882 4925 similes,
952 4877 1184 4931 quorum
1240 4876 1379 4917 unus
1432 4862 1717 4917 victoriam
1773 4861 2041 4918 Gedeonis

462 4951 776 5014 somniavit,
808 4952 946 5007 alter
978 4954 1367 5023 interpretatus
1395 4962 1500 5007 est.

534 5044 619 5097 Μ.
662 5042 815 5099 Feria
841 5060 1002 5116 porro
1022 5056 1171 5101 sexta
1196 5046 1444 5100 secundae
1468 5046 1818 5103 hebdomadis
1842 5054 2041 5102 sanctae

537 5238 648 5307 (40)
688 5240 964 5313 Ejusmodi
1012 5242 1417 5313 pr0pinationes
1462 5244 1622 5298 etiam
1669 5245 1721 5298 in
1780 5245 2038 5299 honorem

469 5318 802 5358 sanctorum.
832 5312 874 5358 si
907 5321 1083 5358 tamen
1118 5312 1176 5360 is
1222 5314 1393 5360 honor
1421 5324 1523 5360 ost-
1579 5315 1749 5360 factae
1780 5315 2041 5370 hactenus

2066 4446 2117 4506 υ

2136 517 2493 560 memoratum
2553 509 2833 575 occupavit
2891 510 3233 577 coenobium;
3289 520 3345 567 et
3402 527 3534 568 cecc
3592 529 3713 568 cre-

2136 600 2357 669 pusculo
2384 600 2553 654 tertiac
2584 600 2730 655 feria:
2772 603 3048 672 sequentis
3089 605 3404 673 septimanae
3435 605 3716 660 undecun-

2135 706 2240 758 que
2296 690 2487 745 adsciti
2535 691 2855 755 auxiliares,
2912 692 3189 764 improvisi
3241 695 3465 751 astitere
3514 696 3715 765 portis.

2136 782 2287 837 Tunc
2311 782 2631 852 quihusdam
2674 784 2844 838 nostri
2885 786 3114 855 agminis
3144 786 3274 841 viris
3305 787 3484 841 adhuc
3528 789 3716 857 procul

2136 888 2165 926 a
2192 881 2372 928 castro
2401 873 2709 929 constitutis
2740 889 2844 928 una
2874 890 2996 928 cum
3039 876 3327 945 pra-posito
3352 876 3610 943 Otherio,
3639 879 3719 933 di-

2135 965 2322 1017 vinum
2351 967 2599 1035 apparuit
2624 965 2948 1037 prodigium.
2998 966 3258 1021 Viderunt
3306 984 3576 1040 namque,
3606 971 3717 1025 sole

2138 1055 2300 1109 totius
2342 1066 2499 1110 terrae
2544 1056 2778 1127 reliquas
2826 1056 3123 1115 clarissime
3159 1057 3465 1114 illustrante
3512 1071 3716 1131 partes,

2137 1147 2397 1203 ambitum
2422 1149 2585 1203 castri
2614 1148 2936 1203 densissima
2976 1148 3167 1203 vallari
3197 1150 3416 1215 nebula,
3450 1165 3572 1220 quae
3600 1153 3718 1221 qui-

2137 1239 2257 1293 dem
2306 1239 2512 1293 nullum
2540 1240 2642 1294 sibi
2670 1239 2941 1310 pugnandi
2988 1239 3209 1294 aﬂ'erret
3247 1240 3718 1309 impedimentum,

2138 1330 2374 1384 hostium
2418 1346 2545 1385 vero
2590 1332 2930 1389 obnubilaret
2982 1334 3258 1391 intuitum.
3304 1336 3407 1393 Olli
3452 1338 3567 1394 haec
3606 1338 3723 1391 dies

2138 1426 2400 1493 azquanda
2434 1426 2648 1481 videtur
2678 1428 2745 1482 de
2766 1443 2871 1498 qua
2899 1430 3154 1499 antiquus
3186 1430 3460 1502 legislator
3487 1432 3721 1487 scribit:

2138 1515 2272 1581 Quia
2295 1515 2565 1587 Egyptiis
2599 1526 2756 1571 erant
2796 1520 3030 1575 tenebrze
3076 1537 3273 1577 crassae
3306 1532 3361 1577 et
3403 1523 3720 1593 palpabilcs,

2140 1609 2264 1665 ﬁliis
2311 1619 2493 1666 autem
2542 1611 2707 1666 lsrael
2734 1622 2853 1667 erat
2894 1613 2985 1668 lux
3016 1614 3069 1668 in
3097 1616 3350 1671 omnibus
3377 1616 3572 1671 ﬁnibus
3609 1618 3723 1671 suis

2142 1703 2341 1771 (Exod.
2392 1720 2446 1769 x,
2489 1704 2593 1769 22,
2640 1704 2755 1776 25).
2803 1706 3092 1763 Roboratis
3141 1708 3243 1763 hoc
3289 1708 3443 1778 signo
3501 1709 3719 1773 animis,

2138 1800 2384 1847 statuunt
2420 1794 2603 1850 hostes
2634 1795 2818 1864 praelio
2861 1797 3112 1867 aggredi;
3151 1807 3206 1854 et
3254 1800 3533 1868 pnemisso
3583 1814 3723 1868 pra:-

2137 1884 2337 1954 posito,
2365 1886 2455 1955 qui
2495 1888 2728 1956 praevius
2769 1887 2972 1943 dudum
3019 1889 3121 1944 sibi
3170 1889 3329 1955 ﬁdos,
3372 1900 3500 1945 tunc
3539 1900 3721 1945 autem

2139 1977 2363 2033 hostiles
2405 1980 2727 2050 aggrediens
2778 1997 2983 2047 muros,
3036 1982 3176 2037 beati
3222 1982 3493 2039 Benedicti
3522 1998 3752 2038 nomen‘

2138 2068 2335 2124 celsius
2365 2069 2715 2136 inclamaret,
2747 2071 2847 2141 ipsi
2880 2072 3019 2127 elata
3052 2074 3104 2127 in
3133 2073 3409 2129 excelsum
3443 2088 3596 2136 voce,
3624 2074 3727 2128 Be-

2139 2161 2409 2216 nedictum
2458 2162 2713 2218 invocant
2765 2166 3155 2221 monachorum
3208 2165 3448 2222 Patrem.
3495 2167 3725 2223 Benedi-

2138 2262 2284 2306 ctum
2334 2264 2591 2309 resonant
2640 2264 2750 2309 lum
2795 2256 3014 2311 vallium
3054 2272 3314 2323 concava,
3362 2259 3722 2328 respondent-

2138 2359 2243 2413 que
2270 2344 2619 2401 Benedictum
2652 2347 2914 2418 proxima:
2942 2348 3091 2404 silva:
3116 2349 3318 2405 abdita.
3363 2350 3481 2417 Quo
3511 2351 3725 2422 fragore

2140 2437 2345 2492 vicinos
2368 2440 2676 2494 consedisse
2698 2449 2909 2496 montes
2948 2442 3268 2513 infernaque
3294 2445 3532 2514 patuisse
3554 2445 3725 2499 hosti-

2139 2525 2241 2581 bus
2262 2526 2470 2593 visum;
2499 2537 2555 2583 et
2584 2528 2709 2598 quia
2749 2530 3014 2585 montium
3064 2532 3209 2587 facta
3250 2534 3454 2588 mentio
3478 2542 3583 2597 est,
3616 2550 3721 2589 non

2140 2616 2579 2673 sitaudientibus
2605 2633 2896 2677 onerosum
2937 2618 3051 2690 jam
3096 2622 3226 2679 dicti
3281 2621 3521 2680 Salensis
3552 2625 3723 2680 casui

2140 2723 2375 2762 memora
2384 2723 2439 2762 re
2468 2710 2651 2764 situm.

2213 2822 2301 2876 15.
2336 2821 2488 2877 Mons
2518 2836 2603 2879 est
2634 2840 2740 2879 non
2770 2825 2953 2880 mum
2980 2826 3303 2895 altitudinis,
3338 2828 3390 2881 in
3433 2828 3590 2899 cujus
3630 2828 3728 2881 de-

2141 2911 2302 2967 clivio
2350 2923 2591 2968 castrum
2642 2916 2999 2971 constitutum
3046 2926 3160 2982 est,
3200 2917 3342 2988 quod
3387 2919 3606 2989 quidem
3655 2918 3722 2971 ab

2140 3004 2390 3059 orientali
2418 3006 2710 3062 australive
2732 3018 2887 3078 parte
2913 3008 3186 3063 diﬁicilem
3209 3009 3275 3063 ad
3301 3026 3360 3064 se
3384 3010 3722 3063 venientibus

2145 3109 2365 3170 pnestat
2410 3115 2715 3158 accessum.
2743 3104 2826 3157 Ab
2848 3104 3141 3173 aquilonali
3192 3120 3324 3160 sane
3369 3105 3538 3158 latere
3565 3104 3721 3157 deve-

2148 3207 2246 3245 xus
2300 3193 2538 3258 montis,
2598 3194 3153 3249 machinamentorum
3214 3195 3455 3249 omnium
3516 3195 3721 3247 inhibet

2146 3283 2511 3349 evectionem;
2544 3293 2599 3337 at
2621 3284 2953 3339 occidentem
2988 3300 3203 3350 versus,
3235 3284 3324 3339 ubi
3368 3283 3605 3337 hostium
3638 3282 3721 3335 fa-

2146 3373 2265 3428 cilis
2300 3372 2693 3428 formidabatur
2722 3389 3061 3445 progressus,
3085 3376 3278 3430 domus
3304 3384 3422 3429 erat
3460 3373 3725 3444 lapidibus

2148 3464 2456 3519 ﬁrmissime
2479 3475 2811 3526 constructa,
2845 3466 2910 3520 ad
2947 3476 3190 3521 austrum
3238 3466 3291 3520 in
3335 3465 3556 3537 longum
3597 3478 3722 3533 por-

2146 3568 2316 3623 recta,
2344 3558 2412 3613 ad
2441 3557 2776 3629 repellendos
2805 3558 3051 3614 inimicos
3095 3558 3231 3613 satis
3267 3557 3478 3612 idonea.
3527 3554 3721 3623 llujus-

2146 3650 2289 3705 modi
2316 3650 2460 3705 enim
2502 3650 2730 3705 munitio
2759 3650 3088 3705 adversariis
3127 3649 3267 3705 facta
3296 3658 3380 3704 est
3403 3647 3723 3719 perditionis

2145 3741 2383 3807 occasio,
2416 3742 2544 3795 dum
2575 3741 2645 3795 ob
2674 3741 2898 3795 nimiam
2927 3742 3277 3796 securitatem
3310 3739 3463 3810 prius
3511 3740 3718 3794 hostem

2145 3835 2337 3889 adesse
2360 3842 2646 3895 senserunt
2671 3848 2834 3904 quam
2858 3832 3251 3903 praevidissent.

2218 3946 2304 4000 lli.
2337 3944 2552 3999 Primus
2573 3943 2804 3999 ferratas
2836 3943 3126 4013 aquilonali
3172 3951 3325 4014 parte
3352 3942 3532 3997 intulit
3574 3942 3719 3997 acies

2144 4034 2468 4098 Gaufredus,
2520 4042 2741 4103 prepter
2784 4034 2960 4093 vires.
3012 4048 3117 4088 non
3164 4041 3383 4103 pr0pter
3425 4032 3718 4103 pigritiam,

2143 4124 2343 4180 Asinus
2371 4125 2688 4195 agnomine;
2742 4126 3046 4195 ignemque,
3100 4135 3156 4178 ut
3206 4126 3374 4195 pridie
3420 4126 3535 4179 suis
3583 4125 3720 4180 inter

2144 4217 2335 4288 pocula
2369 4217 2481 4289 μυ)
2511 4218 2562 4273 in
2585 4233 2771 4273 amore
2798 4217 2977 4273 Patris
3026 4217 3300 4273 Benedicti
3343 4226 3553 4284 sumpta
3586 4231 3716 4271 cou—

2145 4310 2378 4376 dixerat,
2402 4312 2673 4366 admoveri
2707 4312 2978 4382 pra2cepit.
3008 4310 3137 4366 Post
3174 4327 3295 4366 eum
3343 4312 3533 4381 reliqui
3566 4310 3715 4363 auxi-

2145 4402 2329 4466 liares,
2358 4402 2609 4457 Giraldus
2635 4403 2843 4458 scilicet
2885 4404 3133 4458 Clucnsis
3168 4405 3330 4458 castri
3355 4403 3628 4465 dominus,
3665 4411 3715 4454 et

2148 4496 2297 4565 Ilugo
2325 4492 2690 4565 Gargelensis,
2728 4494 3042 4563 reliquique,
3091 4509 3319 4563 quorum
3370 4495 3588 4548 numina
3640 4494 3717 4547 di-

2143 4600 2269 4640 cere
2299 4586 2610 4655 supersedi;
2640 4586 2729 4655 qui
2758 4585 3111 4640 ducentorum
3150 4586 3328 4640 vallati
3376 4595 3591 4640 caterva
3633 4600 3714 4638 ar-

2146 4690 2412 4733 matorum
2440 4719 2456 4743 ,
2506 4678 2844 4733 adversarios
2887 4679 3003 4747 pari
3057 4678 3284 4733 ﬁdentes
3339 4694 3579 4739 numero,
3624 4677 3713 4731 sed

2142 4769 2341 4823 virtute
2399 4768 2719 4823 constantia:
2770 4769 3025 4839 impares,
3073 4786 3102 4824 e
3154 4768 3573 4839 propugnaculis
3601 4782 3713 4838 qua:

2145 4861 2280 4913 tueri
2310 4858 2806 4928 parabant,jaculis
2852 4874 2914 4913 ac
2953 4859 3218 4929 lapidibus
3251 4859 3512 4929 repellere
3542 4874 3711 4926 carpe-

2144 4960 2289 5005 runt.
2347 4951 2413 5005 Et
2476 4966 2601 5006 ecce
2660 4952 2994 5020 providentia
3054 4952 3231 5007 divina
3305 4953 3711 5019 interventuque

2142 5042 2341 5113 egregii
2370 5041 2697 5098 confessoris
2728 5052 2920 5098 ventus
2948 5043 3127 5115 aquilo
3177 5059 3426 5114 surgens,
3474 5042 3712 5097 ﬂammas

2144 5276 2437 5331 eorumque
2487 5261 2648 5328 ﬁlios,
2702 5262 2843 5332 quod
2886 5270 3072 5316 vetant
3124 5261 3351 5332 Carolus
3391 5258 3614 5330 Magnus
3664 5260 3708 5311 in

2145 5333 2437 5390 cupit-n.15n:
2487 5334 2610 5364 σιηηῖ
2642 5331 2744 5364 ’τοο
2809 5333 2881 5364 η..
2931 5333 3153 5366 ,Ιῖιιιιι-αἶρ
3189 5331 3345 5366 νμΙιιιο
3398 5347 3497 5366 nun
3551 5331 3615 5366 ΙΙΙ
3663 5340 3705 5366 nl

3113 5333 3153 5366 3c
3189 5331 3345 5366 mulina
3398 5347 3497 5366 nun
