4108 5412
364 318 467 372 8-ῖῦ

1072 314 1157 369 nt:
1202 308 1572 368 .\lllt.\CULl$
1612 310 1669 365 s.
1712 307 2066 364 BENEDICTI
2106 306 2284 361 LIBRI
2330 284 2601 360 ouo.'—
2640 299 2765 353 Ltn.
2813 298 2873 352 ιτ.

3520 293 3624 347 δδι

364 433 582 501 quidem
613 422 815 498 ignium
862 426 1031 495 portis
1081 424 1376 495 ingerebat,
1418 421 1637 475 hostilia
1687 435 1816 474 vero
1843 420 1943 472 tela
1977 424 2021 481 Α
2052 416 2330 486 Siquidem
2363 414 2661 469 Guidonem
2693 427 2798 465 non
2834 419 3042 465 tantum
3066 408 3329 463 orationis
3361 416 3623 477 quantum

364 534 512 576 retro
551 520 763 590 agebat.
794 517 1035 585 Cumque
1081 516 1257 585 ignem
1305 512 1699 576 convalescere,
1738 510 1945 581 jacula-

364 628 470 681 que
498 600 678 666 suain
706 609 918 663 irritum
947 606 1142 661 cadere
1186 603 1441 672 oppidani
1495 611 1804 661 cernerent,
1835 600 1941 654 for-

366 704 623 757 midinem
652 701 845 755 animis
888 699 1193 760 inducntes,
1238 696 1507 749 introrsus
1560 694 1760 765 fugere.
1792 694 1944 748 Scili-

368 794 527 847 tiosis
550 792 836 848 ecclesiam
890 789 1224 860 petentibus,
1268 787 1439 841 nostri
1475 803 1503 840 a
1534 795 1683 855 tergo
1713 802 1945 855 sequun-

364 896 456 939 tur
482 886 765 943 attentius,
795 884 1059 951 caesisque
1080 883 1133 935 in
1168 881 1393 935 introitu
1422 888 1590 950 portce
1632 878 1943 949 aliquantis,

362 991 459 1029 eos
501 976 592 1044 qui
639 974 917 1029 basilicam
968 973 1221 1043 petebant
1250 971 1684 1034 insectabantur;
1738 970 1789 1024 in
1840 986 1943 1040 qua

365 1082 469 1119 non
494 1075 665 1119 tutam
688 1065 791 1120 sibi
827 1065 1090 1120 latebram
1122 1063 1236 1119 fore
1266 1064 1579 1133 auspicatus
1623 1062 1943 1129 Ademarus,

365 1160 557 1212 turrim
585 1158 817 1230 ligneam
842 1157 911 1212 de
930 1172 1032 1227 qua
1065 1157 1217 1227 signa
1260 1156 1655 1226 dependebant,
1701 1170 1822 1210 cum
1850 1170 1946 1209 sex

336 1280 341 1281 ν
365 1251 617 1307 factionis
638 1266 750 1305 suae
770 1249 932 1303 sociis
956 1248 1335 1302 formidolosus
1358 1246 1690 1301 conscendit.
1714 1245 1788 1300 lbi
1816 1259 1947 1315 quo-

362 1359 469 1415 que
502 1359 561 1400 se
585 1344 753 1398 latere
782 1356 937 1413 posse
971 1340 1236 1403 dillidens,
1269 1348 1411 1395 tecta
1463 1353 1614 1393 more
1664 1337 1946 1393 architecti

362 1434 793 1505 perambulabat,
830 1434 999 1489 donec
1031 1433 1100 1487 ab
1128 1432 1352 1502 Hugone
1382 1431 1475 1500 qui
1506 1430 1799 1485 studiosius
1823 1429 1948 1484 reli-

361 1530 486 1599 quis
530 1542 655 1582 eum
707 1526 1088 1597 investigabat,
1116 1526 1284 1589 visus,
1331 1531 1489 1593 pacta
1524 1522 1649 1576 vita:
1678 1536 1743 1575 ac
1772 1534 1944 1574 mem-

330 1623 584 1675 brorum
636 1620 931 1675 securitate
982 1626 1174 1686 eapttts
1222 1624 1323 1670 est.
1382 1615 1515 1669 Cum
1565 1628 1672 1683 quo
1711 1612 1947 1681 quinque

360 1709 853 1779 commanipulares
884 1724 949 1763 ex
980 1707 1429 1762 eminentioribus
1458 1704 1591 1758 tenti
1626 1711 1773 1767 sunt,
1795 1701 1946 1771 Hugo

363 1800 615 1854 videlicet
647 1814 711 1854 ac
738 1796 1164 1852 Arcltembaldns
1190 1796 1257 1850 de
1280 1795 1534 1857 Buciaco,
1570 1791 1873 1847 Rainardus
1893 1802 1947 1845 et

362 1891 646 1945 Americus
684 1889 853 1943 frater
877 1887 1015 1956 ejus,
1065 1886 1162 1940 lilii
1192 1884 1493 1955 Heldegarii
1524 1882 1663 1937 haud
1698 1882 1947 1952 ignobilis

334 1985 462 2037 viri
504 1981 1016 2052 Argentumagcnsis
1042 2018 1057 2043 ,
1106 1986 1267 2047 atque
1306 1976 1557 2033 Giraldus
1613 1973 1944 2040 Tirinensis,

363 2075 449 2128 his
483 2074 749 2142 exceptis,
778 2085 915 2141 quos
959 2077 1053 2124 aut
1102 2070 1281 2122 minor
1324 2066 1585 2137 potentia,
1633 2075 1727 2119 aut
1770 2064 1948 2119 minus

364 2163 573 2234 pollens
597 2164 665 2217 de
694 2162 971 2217 nobilitate
1015 2168 1299 2230 parentum
1347 2156 1566 2226 sanguis
1594 2165 1792 2211 nostra:
1821 2157 1947 2211 Sub-

366 2255 535 2310 traxit
587 2254 814 2320 notitiae,
857 2267 1085 2323 quorum
1132 2265 1387 2305 numerus
1439 2250 1507 2303 ad
1550 2248 1740 2319 viginti
1788 2258 1843 2302 et
1883 2262 1948 2301 eo

366 2349 599 2419 amplius
626 2346 791 2403 fuisse
824 2346 1087 2410 refertur;
1120 2344 1244 2413 equi
1279 2344 1424 2412 capti
1471 2355 1697 2395 numero
1728 2350 1945 2395 centum

363 2442 575 2513 viginti,
604 2450 799 2512 prarter
828 2455 922 2494 eos
948 2440 1037 2508 qui
1066 2437 1150 2493 vel
1199 2452 1229 2491 a
1271 2436 1572 2490 victoribus
1604 2434 1785 2488 fttrtim
1817 2433 1945 2487 sub-

364 2538 531 2602 ducti,
560 2536 643 2592 vel
688 2552 716 2591 a
748 2535 907 2590 victis
956 2533 1079 2604 fuga
1121 2532 1221 2586 sibi
1277 2528 1685 2585 consulentibus
1727 2528 1944 2582 abducti

365 2644 523 2700 sunt;
557 2649 588 2689 e
617 2634 812 2704 quibus
837 2641 890 2686 et
928 2626 1211 2685 multitudo
1261 2626 1495 2680 hosﬁum
1536 2622 1710 2694 colligi
1750 2621 1944 2691 potuit,

365 2737 421 2780 et
442 2726 613 2779 virtus
635 2738 865 2794 superna
888 2721 1202 2792 pariterque
1226 2714 1741 2771 excellentissimum
1768 2713 1949 2767 Patris

365 2815 641 2872 Benedicti
672 2815 923 2871 meritum
968 2810 1250 2865 evidenter
1294 2806 1536 2878 agnosci,
1568 2805 1710 2875 quod
1759 2819 1790 2858 a
1840 2814 1946 2857 tam

366 2908 554 2979 paucis
583 2907 893 2961 exercitata:
938 2903 1140 2958 militia:
1182 2901 1314 2955 viris
1349 2900 1642 2954 adversarii
1688 2898 1858 2970 copiis
1885 2913 1947 2953 ac

365 3009 559 3053 natura
592 2998 780 3053 tnuniti
813 2997 915 3051 loci
945 3006 1054 3050 tam
1091 2992 1249 3047 facile
1277 2992 1383 3046 sint
1411 2991 1670 3059 superati.
1698 2990 1828 3044 Illud
1861 2989 1944 3043 ni-

368 3089 661 3144 hilominus
692 3086 863 3157 gratia
914 3085 1004 3139 Dei
1050 3082 1284 3154 gratuita
1340 3080 1493 3135 nobis
1542 3080 1796 3135 collatum
1827 3095 1947 3135 ere—

370 3185 552 3237 dimtts
596 3183 737 3252 quod
781 3181 1014 3236 hostium
1060 3179 1277 3249 triginta
1325 3177 1585 3231 militibus
1630 3176 1944 3247 peremptis,

366 3282 675 3329 nostrorum
724 3286 882 3327 nemo
929 3271 1117 3325 saltem
1168 3269 1478 3324 vulneratus
1515 3277 1619 3331 est,
1653 3267 1822 3323 tribus
1850 3284 1947 3321 ex-

366 3368 557 3438 ceptis,
591 3382 728 3422 unus
755 3365 1002 3420 videlicet
1048 3362 1371 3418 militaribus
1400 3359 1613 3414 deditus
1642 3360 1946 3431 stipendiis,

366 3461 458 3529 qui
490 3458 669 3513 letbali
701 3465 921 3527 accepto
946 3454 1169 3510 vulnere
1204 3452 1271 3507 ad
1318 3452 1534 3523 propria
1582 3451 1797 3506 rediens
1839 3452 1945 3505 vita

366 3550 622 3615 decessit,
658 3564 721 3603 ac
767 3549 874 3603 duo
924 3544 1265 3614 agriculturae
1316 3542 1495 3613 potius
1533 3556 1694 3611 quam
1744 3540 1949 3597 bellicis

368 3641 515 3695 dedit
544 3638 843 3711 stipendiis,
884 3636 975 3706 qui
1007 3651 1129 3691 cum
1163 3632 1344 3688 multis
1372 3631 1494 3686 aliis
1539 3632 1672 3686 artis
1717 3630 1948 3684 homini-

369 3731 468 3784 bus
498 3729 638 3784 fama
662 3728 829 3799 pmlii
859 3727 1046 3793 exciti,
1077 3725 1389 3781 auxiliatum
1420 3723 1621 3778 nostris
1649 3731 1943 3789 venerant;

368 3823 494 3877 dum
543 3822 766 3876 nimium
812 3820 1015 3890 rapinae
1059 3816 1295 3883 student,
1328 3816 1596 3871 incertum
1628 3830 1658 3868 a
1690 3814 1852 3869 sociis
1878 3829 1945 3868 an

369 3913 437 3965 ab
482 3912 755 3967 extraneis
810 3908 1119 3978 interempti
1172 3915 1318 3961 sunt.
1372 3904 1485 3959 lloc
1544 3904 1728 3971 itaque
1788 3903 1947 3957 modo

368 4012 601 4057 rastrum
628 4002 768 4057 intra
817 4000 1026 4055 Sextam
1062 3998 1165 4051 diei
1206 4011 1311 4065 quo
1353 3994 1585 4064 primum
1615 3982 1685 4048 ibi
1714 3993 1946 4047 advene-

370 4103 491 4147 rattt
524 4094 708 4147 horam
741 4097 1016 4160 receptum
1047 4086 1355 4155 nostrisque
1382 4084 1648 4139 redditttnt
1671 4090 1775 4150 est,
1805 4096 1948 4136 anno

364 4184 763 4240 lnearnationis
786 4181 1077 4237 Dominicae
1107 4177 1413 4233 millesimo.

448 4279 533 4332 l7.
575 4278 640 4331 Et
679 4291 748 4330 ne
769 4275 891 4346 quis
929 4273 1160 4328 testimet
1193 4277 1397 4323 tantam
1443 4254 1729 4321 victoriam
1765 4263 1944 4317 homi-

370 4387 496 4424 num
529 4370 705 4439 potius
743 4365 930 4421 virtuti
958 4378 1117 4435 quam
1155 4362 1349 4417 divina:
1380 4359 1575 4415 ascribi
1601 4358 1800 4413 debere
1837 4355 1944 4409 lar-

2045 505 2515 569 dissimulationis,
2546 502 2704 573 quasi
2743 502 2980 555 nesciret
3009 516 3129 569 qum
3169 516 3197 553 a
3236 498 3344 553 lilio
3370 513 3625 568 gereren-

2046 605 2151 662 tur,
2180 596 2377 665 gratia,
2419 596 2645 648 ltomam
2691 591 2993 663 profectum
3027 593 3247 645 morbus
3287 590 3420 644 adeo
3463 589 3625 643 vitili-

2046 688 2187 759 ginis
2219 686 2523 741 debilitavit
2546 694 2601 739 ut
2638 699 2744 740 non
2772 684 2931 737 aliter
2952 698 3114 752 quam
3146 682 3196 736 in
3220 682 3409 737 lectica
3435 681 3500 735 ad
3528 696 3622 734 sua

2046 778 2257 848 regredi
2312 778 2541 833 valeret.
2593 777 2874 831 Giraldum
2922 791 3053 830 vero
3098 775 3323 829 obtentu
3382 773 3623 843 ejusdem

2045 869 2409 924 simulationis
2440 868 2580 937 apud
2610 867 2912 922 Pictavium
2941 865 3249 935 degentem,
3272 874 3328 919 et
3355 865 3431 919 rei
3462 880 3625 919 even-

2049 974 2159 1017 tum
2226 962 2680 1033 praestolantcm,
2744 960 2897 1014 ferox
2957 975 3130 1028 equus
3192 959 3467 1014 mordicus
3527 973 3627 1028 per

2047 1070 2238 1109 coxam
2297 1063 2611 1124 arreptum,
2659 1068 2757 1122 per
2792 1052 2995 1122 aliquot
3052 1052 3167 1106 dies
3218 1052 3358 1106 lecto
3425 1052 3627 1106 cubare

2047 1149 2244 1217 coegit.
2294 1146 2640 1201 Hildebertus
2690 1160 2904 1215 quoque
2947 1143 3459 1215 Argentomagensis
3502 1142 3629 1215 [Bo-

2048 1254 2163 1294 scno
2200 1236 2483 1308 Argensis]
2526 1236 2724 1299 incola,
2766 1236 2925 1306 hujus
2973 1234 3222 1289 factionis
3253 1234 3493 1305 signifer,
3532 1235 3625 1303 qui

2049 1329 2198 1400 pacis
2226 1328 2439 1383 medius
2467 1327 2643 1397 palam
2680 1327 2899 1397 quidem
2940 1326 3227 1381 videbatur
3248 1325 3384 1390 fore,
3414 1325 3626 1381 occulze

2049 1430 2228 1475 autem
2264 1421 2627 1491 proditionem
2682 1419 2889 1483 alebat,
2928 1420 3052 1487 igne
3096 1420 3279 1473 divino
3309 1420 3359 1473 in
3408 1419 3629 1473 maxilla

2048 1514 2313 1580 adustus,
2367 1529 2540 1585 usque
2588 1513 2654 1568 ad
2703 1513 2845 1568 diem
2890 1529 3003 1569 suze
3058 1514 3254 1567 mortis
3307 1512 3626 1567 incurabilis

2050 1607 2443 1676 perseveravit,
2473 1604 2545 1659 ita
2568 1614 2649 1669 ut,
2677 1614 3202 1674 consumptacarne,
3230 1604 3419 1660 dentes
3448 1604 3630 1675 specie

2052 1697 2347 1754 miserabili
2376 1698 2732 1752 nudarentur.
2763 1695 2869 1752 Per
2895 1697 3076 1751 omnia
3109 1695 3425 1751 benedictus
3460 1694 3624 1759 Deus,

1980 1766 2023 1824 Β
2050 1791 2139 1862 qui
2172 1791 2272 1847 sibi
2300 1791 2672 1861 beneplacitos
2703 1790 2920 1843 assidue
2943 1788 3193 1844 mirificat
3217 1795 3457 1844 sanctos.

2656 1880 2883 1937 CAPUT
2941 1878 3023 1934 Vl.

2085 1972 2336 2026 Ademari
2364 1982 2595 2026 rastrum
2619 1973 2873 2026 dirutum.
2903 1969 3083 2043 Equus
3108 1986 3135 2025 e
3172 1980 3327 2042 puteo
3349 1971 3588 2025 eductus.

2122 2067 2210 2122 l9.
2252 2066 2388 2131 Quia
2428 2083 2559 2123 vero
2582 2065 2748 2121 semel
2773 2065 3123 2136 Aquitaniam
3152 2064 3383 2135 ingressi
3416 2080 3626 2127 sumus,

2050 2173 2154 2211 non
2200 2158 2269 2211 ab
2315 2173 2373 2212 re
2422 2172 2542 2211 esse
2582 2157 2816 2221 videtur,
2862 2156 2905 2211 si
2956 2155 3032 2210 rei
3082 2162 3247 2226 gesta:
3283 2153 3625 2219 miraculum,

2050 2252 2194 2321 quod
2238 2251 2371 2305 ordo
2414 2266 2703 2305 causarum
2750 2249 3017 2319 superiori
3058 2248 3245 2320 paucis
3288 2247 3631 2303 elabentibus

2050 2342 2206 2396 annis
2254 2340 2565 2404 subnexuit,
2596 2340 3056 2395 enarraverimns.
3090 2338 3318 2409 Captus,
3360 2347 3418 2393 ut
3463 2355 3628 2409 supra

2050 2434 2251 2486 dictum
2308 2440 2419 2495 est,
2468 2432 2768 2485 Ademarus
2830 2430 2898 2484 ab
2950 2429 3214 2500 .‘iugone,
3266 2429 3330 2482 ad
3385 2438 3627 2484 castrum

2050 2522 2294 2578 Bruccia:
2317 2524 2577 2577 deductus
2603 2529 2705 2576 est.
2749 2520 2804 2574 Id
2831 2518 3087 2576 Giraldus
3128 2519 3348 2589 quidam
3380 2520 3629 2590 partibus

2052 2612 2238 2666 favens
2290 2612 2674 2666 Ademarianis
2732 2611 2987 2675 tenebat,
3047 2608 3284 2665 exclusis
3328 2608 3628 2663 factoribus

2052 2700 2400 2775 [fautoribus]
2436 2701 2696 2771 llugouis,
2726 2700 2816 2770 qui
2853 2708 3064 2770 partem
3096 2696 3335 2767 ejusdem
3368 2698 3532 2756 castri
3557 2697 3629 2751 ab

2048 2794 2321 2849 Ademaro
2350 2794 2448 2847 sibi
2480 2800 2801 2862 prmreptam
2845 2806 2952 2845 non
2998 2789 3351 2844 mediocriter
3376 2789 3627 2856 indigna-

2049 2887 2231 2941 batur.
2277 2884 2518 2953 Denique
2569 2882 2818 2938 emndcm
2859 2880 3146 2949 juvenem,
3201 2896 3359 2950 quem
3408 2888 3627 2948 captum

2050 2976 2305 3039 habebat,
2342 2989 2372 3028 e
2412 2973 2633 3043 regione
2672 2987 2977 3034 murorum,
3024 2969 3166 3025 unde
3208 2985 3237 3023 a
3271 2970 3383 3024 suis
3430 2970 3629 3025 intueri

2050 3074 2253 3137 posset,
2285 3064 2474 3120 deduci
2511 3063 2851 3134 pracipiens,
2897 3062 3279 3116 interminatus
3307 3071 3391 3116 est
3428 3077 3486 3115 se
3514 3060 3631 3129 ejus

2054 3166 2215 3226 caput
2247 3157 2641 3219 abscissurum,
2673 3154 2726 3208 ni
2784 3161 3058 3208 maturato
3086 3153 3188 3207 sibi
3237 3152 3632 3207 munitionibus

2050 3252 2327 3307 cederent.
2362 3249 2492 3317 Quae
2520 3264 2606 3304 res
2636 3247 2918 3303 Giraldunt
2947 3256 3001 3303 et
3032 3263 3123 3302 eos
3152 3247 3244 3317 qui
3277 3247 3421 3301 intus
3451 3255 3629 3310 erant,

2050 3343 2289 3415 graviter
2345 3340 2669 3411 perterruit,
2728 3337 2964 3393 maxime
3036 3337 3284 3392 videntes
3347 3335 3629 3391 dominum

2050 3450 2206 3491 suum
2244 3449 2366 3489 cum
2398 3441 2475 3487 tot
2502 3430 2819 3488 exercitatae
2848 3428 3058 3484 militiae
3087 3428 3322 3499 egregiis
3356 3424 3633 3480 bellatori-

2049 3525 2150 3580 bus
2182 3522 2360 3579 subita
2393 3538 2582 3577 rerum
2627 3519 2987 3577 conversione
3009 3517 3301 3586 deiectum.
3341 3514 3492 3571 Unde
3524 3530 3631 3569 non

2049 3617 2221 3673 solum
2258 3614 2535 3686 oppidum,
2569 3613 2665 3668 sed
2705 3611 2868 3666 etiam
2913 3627 2972 3666 se
3009 3625 3216 3681 suaque
3242 3608 3424 3664 omnia
3457 3606 3631 3662 territi

2050 3708 2329 3764 dedidere.
2390 3706 2545 3776 llngo
2587 3705 2792 3775 potitus
2839 3711 3042 3770 castro,
3095 3702 3289 3756 turrim
3327 3715 3448 3770 quae
3489 3699 3632 3770 juris

2049 3797 2307 3855 Adetnari
2347 3796 2516 3852 fuisse
2563 3795 2867 3858 videbatur,
2913 3792 3201 3848 confestim
3242 3792 3429 3846 diruit.
3466 3790 3631 3845 Juxta

2048 3905 2170 3943 eam
2216 3888 2453 3943 cisterna
2505 3895 2627 3940 erat
2673 3884 2737 3938 ad
2788 3882 3116 3954 colligendas
3159 3880 3417 3935 imbrium
3463 3895 3633 3949 aquas

2048 3979 2266 4045 effossa,
2297 3976 2657 4048 quadraginta
2686 3974 2931 4044 quinque
2960 3981 3016 4027 ct
3057 3986 3122 4027 eo
3169 3968 3402 4040 amplius
3432 3970 3633 4025 cubitis

2050 4073 2102 4127 in
2133 4072 2455 4142 profundum
2484 4078 2691 4139 patens.

2117 4162 2208 4218 20.
2248 4161 2413 4217 Forte
2440 4169 2562 4230 post
2591 4157 2809 4228 aliquod
2854 4155 3114 4225 temporis
3160 4153 3393 4225 spatium
3427 4154 3534 4208 duo
3560 4167 3627 4207 ex

2049 4252 2309 4308 fratribus
2360 4250 2560 4305 nostris
2614 4249 2752 4319 apud
2797 4256 3156 4301 memoratum
3222 4245 3395 4299 sancti
3451 4244 3631 4298 Patris

2050 4342 2324 4399 Benedicti
2360 4340 2585 4395 Salense
2616 4336 3009 4393 monasterium
3039 4334 3384 4406 degentibus,
3416 4333 3625 4387 utilita-

370 4423 577 4529 εῖιίοιξί,
619 4460 761 4511 εοεαε,
803 4423 1041 4526 ξρεοηίπη
1091 4453 1247 4507 nobis
1295 4450 1557 4505 relatione
1600 4446 1935 4503 adversario-
1978 4467 2022 4523 Ι)
2052 4435 2117 4489 tis
2146 4430 2458 4486 monasterii
2480 4429 2671 4500 gratia,
2704 4425 2988 4497 pra-fatum
3021 4423 3299 4529 lingunem
3342 4423 3626 4478 Brucciam

374 4564 488 4601 rum
524 4548 800 4617 vulgatum
832 4560 925 4600 eos
953 4545 1139 4613 vigore
1169 4543 1240 4596 ita
1274 4541 1567 4595 destitutos
1590 4550 1673 4605 ut,
1700 4539 1947 4608 quamvis

373 4640 599 4692 telorum
643 4653 737 4691 seu
772 4636 1005 4705 lapidum
1037 4634 1176 4688 mole
1215 4632 1494 4687 abundare
1532 4644 1591 4684 se
1634 4638 1944 4691 cernerent,

373 4732 573 4784 nullam
630 4738 809 4782 tamen
851 4727 1144 4781 ellicaciam
1199 4724 1253 4778 in
1309 4722 1560 4791 jaciendo
1614 4721 1715 4776 sibi
1771 4720 1948 4774 inesse

371 4822 662 4877 sentirent.
711 4820 920 4874 Anima:
959 4832 1176 4889 quoque
1225 4823 1627 4884 peremptorum
1679 4820 1948 4867 nocturno

374 4927 611 4985 tempore
646 4914 697 4967 in
723 4913 912 4968 eadem
938 4911 1058 4964 villa
1091 4910 1435 4979 quiescentes
1460 4906 1707 4961 homines
1730 4920 1949 4963 somnos

372 5021 625 5075 rumpere
678 5004 974 5073 satpissitne
1017 5002 1302 5073 cogebant,
1348 4996 1597 5053 flebiliter
1646 4996 1949 5055 oberrandu

370 5097 726 5152 inclamantes
756 5110 816 5148 se
849 5094 1067 5147 miseras
1088 5091 1207 5145 fore
1238 5089 1421 5161 [esse],
1450 5102 1573 5159 quae
1602 5087 1946 5144 excellentis-

366 5192 489 5244 simi
516 5188 698 5243 Patris
737 5184 1009 5241 Benedicti
1053 5201 1140 5240 res
1166 5183 1461 5253 pervadere
1506 5195 1615 5234 non
1647 5178 1945 5239 dubitavis-

364 5293 507 5337 sent.

436 5376 505 5412 ιιι
571 5372 679 5412 ΝΜ»
699 5371 876 5412 Ωιιίιιη
896 5370 1105 5412 σρηίιηιι·
1138 5366 1407 5412 Ademari-
1434 5367 1549 5412 sive.
1574 5361 1736 5412 etiam
1766 5362 1945 5412 Giral-

2054 4534 2179 4579 tunc
2212 4522 2537 4578 incolentem
2570 4520 2855 4586 adierunt;
2883 4518 2951 4572 ob
2988 4516 3141 4584 cujus
3165 4514 3495 4585 colloquium
3539 4530 3629 4567 su-

2049 4617 2262 4689 periora
2310 4615 2477 4670 turris
2529 4621 2814 4683 petentes,
2869 4610 3025 4664 binos
3087 4621 3260 4677 equos
3315 4605 3633 4660 retinaculis

2050 4691 2265 4764 sibimet
2292 4720 2563 4762 connexos
2587 4704 2638 4757 in
2666 4701 3015 4757 inferioribus
3039 4699 3395 4765 reliquerunt.
3423 4694 3631 4747 llorum

2051 4817 2189 4857 unus
2218 4800 2420 4871 quietis
2453 4797 2763 4868 impatiens,
2805 4796 2933 4849 dum
2984 4793 3090 4846 huc
3130 4790 3372 4857 illucque
3400 4787 3638 4839 errando

2052 4896 2257 4951 socium
2287 4894 2476 4957 trahit,
2512 4900 2788 4961 postrema
2831 4887 3080 4955 corporis
3112 4889 3269 4951 parte
3308 4881 3366 4935 in
3397 4878 3645 4945 superius

2056 4986 2388 5042 nominatam
2432 4983 2729 5038 cisternam
2779 4978 3003 5039 labitur,
3042 4988 3139 5028 nec
3181 4968 3418 5023 alterius
3444 4980 3541 5033 ope
3564 4964 3651 5031 ju-

2055 5079 2169 5133 vari
2200 5077 2368 5131 valuit
2389 5074 2517 5143 quin
2543 5072 2609 5126 ad
2635 5068 2861 5123 fundum
2890 5080 3065 5131 usque
3100 5055 3417 5112 decideret.
3441 5050 3659 5143 Clamor

2059 5171 2203 5226 illico
2235 5141 2561 5223 intuentium
2591 5161 2768 5216 oritur
2800 5170 2999 5227 equum
3042 5147 3458 5206 monachorum
3489 5141 3541 5193 in
3570 5158 3668 5212 pn-

2058 5276 2203 5320 teunt
2233 5278 2356 5317 esse
2383 5262 2616 5329 lapsum.
2652 5250 2945 5304 Tumultus
2975 5253 3204 5299 causam
3240 5237 3414 5311 llugo
3438 5232 3671 5288 sollicite

2056 5353 2397 5412 perquirens,
2435 5325 2526 5404 ubi
2550 5347 2749 5401 damna
2773 5339 2914 5412 lapsi
2947 5331 3205 5391 animalis
3229 5330 3481 5401 reperit,
3506 5325 3676 5380 veho-
