  <div class='ocr_page' id='page_1' title='image "/cluster/home/n/w/nwhite01/storage/ocr_20150623/139/hvd.32044015471782/423.png"; bbox 0 0 4108 5412; ppageno 0'>
   <div class='ocr_carea' id='block_1_1' title="bbox 465 339 574 398">
    <p class='ocr_par' dir='ltr' id='par_1_1' title="bbox 465 339 574 398">
     <span class='ocr_line' id='line_1_1' title="bbox 465 339 574 398; baseline -0.018 0"><span class='ocrx_word' id='word_1_1' title='bbox 465 339 574 398; x_wconf 74' lang='lat'><strong>853</strong></span> 
     </span>
    </p>
   </div>
   <div class='ocr_carea' id='block_1_2' title="bbox 1531 325 2647 424">
    <p class='ocr_par' dir='ltr' id='par_1_2' title="bbox 1531 325 2647 424">
     <span class='ocr_line' id='line_1_2' title="bbox 1531 325 2647 424; baseline -0.003 -37"><span class='ocrx_word' id='word_1_2' title='bbox 1531 329 1789 424; x_wconf 52' lang='grc' dir='ltr'>ΑιξιοιΝι</span> <span class='ocrx_word' id='word_1_3' title='bbox 1818 325 2122 384; x_wconf 74' lang='lat' dir='ltr'><strong>MONAClll</strong></span> <span class='ocrx_word' id='word_1_4' title='bbox 2151 325 2647 384; x_wconf 75' lang='lat' dir='ltr'><strong>FLOBIACENSIS</strong></span> 
     </span>
    </p>
   </div>
   <div class='ocr_carea' id='block_1_3' title="bbox 3626 328 3735 389">
    <p class='ocr_par' dir='ltr' id='par_1_3' title="bbox 3626 328 3735 389">
     <span class='ocr_line' id='line_1_3' title="bbox 3626 328 3735 389; baseline -0.009 0"><span class='ocrx_word' id='word_1_5' title='bbox 3626 328 3735 389; x_wconf 78' lang='lat'><strong>836</strong></span> 
     </span>
    </p>
   </div>
   <div class='ocr_carea' id='block_1_4' title="bbox 471 419 3737 526">
    <p class='ocr_par' dir='ltr' id='par_1_4' title="bbox 471 419 3737 526">
     <span class='ocr_line' id='line_1_4' title="bbox 471 419 3737 526; baseline -0.003 -19"><span class='ocrx_word' id='word_1_6' title='bbox 471 468 600 509; x_wconf 84' lang='lat' dir='ltr'><strong>vere</strong></span> <span class='ocrx_word' id='word_1_7' title='bbox 639 461 802 526; x_wconf 89' lang='lat' dir='ltr'><strong>puteo</strong></span> <span class='ocrx_word' id='word_1_8' title='bbox 827 447 1074 505; x_wconf 77' lang='lat' dir='ltr'><strong>abstrahi</strong></span> <span class='ocrx_word' id='word_1_9' title='bbox 1104 445 1290 501; x_wconf 86' lang='lat' dir='ltr'><strong>faciat.</strong></span> <span class='ocrx_word' id='word_1_10' title='bbox 1333 443 1452 514; x_wconf 84' lang='lat' dir='ltr'><strong>ipse</strong></span> <span class='ocrx_word' id='word_1_11' title='bbox 1474 451 1596 512; x_wconf 90' lang='lat' dir='ltr'><strong>post</strong></span> <span class='ocrx_word' id='word_1_12' title='bbox 1612 419 1916 512; x_wconf 40' lang='lat' dir='ltr'><strong>&#39;paulnlum</strong></span> <span class='ocrx_word' id='word_1_13' title='bbox 1959 439 2048 493; x_wconf 90' lang='lat' dir='ltr'><strong>ubi</strong></span> <span class='ocrx_word' id='word_1_14' title='bbox 2084 445 2128 500; x_wconf 78' lang='grc' dir='ltr'><strong>Α</strong></span> <span class='ocrx_word' id='word_1_15' title='bbox 2155 438 2466 507; x_wconf 77' lang='lat' dir='ltr'><strong>exponitur,</strong></span> <span class='ocrx_word' id='word_1_16' title='bbox 2504 439 2570 494; x_wconf 90' lang='lat' dir='ltr'><strong>ad</strong></span> <span class='ocrx_word' id='word_1_17' title='bbox 2600 453 2762 508; x_wconf 86' lang='lat' dir='ltr'><strong>quem</strong></span> <span class='ocrx_word' id='word_1_18' title='bbox 2783 437 3120 494; x_wconf 77' lang='lat' dir='ltr'><strong>honorabilis</strong></span> <span class='ocrx_word' id='word_1_19' title='bbox 3144 419 3410 512; x_wconf 64' lang='lat' dir='ltr'><strong>vicllugo</strong></span> <span class='ocrx_word' id='word_1_20' title='bbox 3441 441 3737 509; x_wconf 82' lang='lat' dir='ltr'><strong>accedens,</strong></span> 
     </span>
    </p>
   </div>
   <div class='ocr_carea' id='block_1_5' title="bbox 475 532 2054 606">
    <p class='ocr_par' dir='ltr' id='par_1_5' title="bbox 475 532 2054 606">
     <span class='ocr_line' id='line_1_5' title="bbox 475 532 2054 606; baseline -0.01 -4"><span class='ocrx_word' id='word_1_21' title='bbox 475 563 534 602; x_wconf 87' lang='lat' dir='ltr'><strong>se</strong></span> <span class='ocrx_word' id='word_1_22' title='bbox 571 545 813 600; x_wconf 75' lang='lat' dir='ltr'><strong>vestibus</strong></span> <span class='ocrx_word' id='word_1_23' title='bbox 854 541 1048 606; x_wconf 92' lang='lat' dir='ltr'><strong>induit,</strong></span> <span class='ocrx_word' id='word_1_24' title='bbox 1085 554 1206 592; x_wconf 90' lang='lat' dir='ltr'><strong>eam</strong></span> <span class='ocrx_word' id='word_1_25' title='bbox 1239 547 1463 592; x_wconf 86' lang='lat' dir='ltr'><strong>secutus</strong></span> <span class='ocrx_word' id='word_1_26' title='bbox 1503 535 1773 589; x_wconf 89' lang='lat' dir='ltr'><strong>inclinans</strong></span> <span class='ocrx_word' id='word_1_27' title='bbox 1804 549 1862 589; x_wconf 88' lang='lat' dir='ltr'><strong>se</strong></span> <span class='ocrx_word' id='word_1_28' title='bbox 1890 532 1958 588; x_wconf 89' lang='lat' dir='ltr'><strong>ad</strong></span> <span class='ocrx_word' id='word_1_29' title='bbox 1992 547 2054 588; x_wconf 92' lang='lat' dir='ltr'><strong>os</strong></span> 
     </span>
    </p>
   </div>
   <div class='ocr_carea' id='block_1_6' title="bbox 469 626 2056 709">
    <p class='ocr_par' dir='ltr' id='par_1_6' title="bbox 469 626 2056 709">
     <span class='ocr_line' id='line_1_6' title="bbox 469 626 2056 709; baseline -0.009 -18"><span class='ocrx_word' id='word_1_30' title='bbox 469 636 648 709; x_wconf 82' lang='lat' dir='ltr'><strong>putei,</strong></span> <span class='ocrx_word' id='word_1_31' title='bbox 701 635 876 691; x_wconf 87' lang='lat' dir='ltr'><strong>solum</strong></span> <span class='ocrx_word' id='word_1_32' title='bbox 927 631 1185 701; x_wconf 91' lang='lat' dir='ltr'><strong>equinum</strong></span> <span class='ocrx_word' id='word_1_33' title='bbox 1236 636 1397 698; x_wconf 88' lang='lat' dir='ltr'><strong>caput</strong></span> <span class='ocrx_word' id='word_1_34' title='bbox 1438 627 1596 696; x_wconf 86' lang='lat' dir='ltr'><strong>aquis</strong></span> <span class='ocrx_word' id='word_1_35' title='bbox 1637 626 1881 680; x_wconf 90' lang='lat' dir='ltr'><strong>eminere</strong></span> <span class='ocrx_word' id='word_1_36' title='bbox 1929 638 2056 692; x_wconf 85' lang='lat' dir='ltr'><strong>pro-</strong></span> 
     </span>
    </p>
   </div>
   <div class='ocr_carea' id='block_1_7' title="bbox 477 713 2054 796">
    <p class='ocr_par' dir='ltr' id='par_1_7' title="bbox 477 713 2054 796">
     <span class='ocr_line' id='line_1_7' title="bbox 477 713 2054 796; baseline -0.01 -15"><span class='ocrx_word' id='word_1_37' title='bbox 477 725 682 796; x_wconf 74' lang='lat' dir='ltr'><strong>Spexit,</strong></span> <span class='ocrx_word' id='word_1_38' title='bbox 713 721 935 791; x_wconf 81' lang='lat' dir='ltr'><strong>reliquis</strong></span> <span class='ocrx_word' id='word_1_39' title='bbox 961 719 1218 774; x_wconf 85' lang='lat' dir='ltr'><strong>membris</strong></span> <span class='ocrx_word' id='word_1_40' title='bbox 1247 734 1369 772; x_wconf 90' lang='lat' dir='ltr'><strong>cum</strong></span> <span class='ocrx_word' id='word_1_41' title='bbox 1397 716 1530 771; x_wconf 90' lang='lat' dir='ltr'><strong>sella</strong></span> <span class='ocrx_word' id='word_1_42' title='bbox 1560 715 1798 786; x_wconf 86' lang='lat' dir='ltr'><strong>lymphis</strong></span> <span class='ocrx_word' id='word_1_43' title='bbox 1828 713 2054 782; x_wconf 84' lang='lat' dir='ltr'><strong>opertis,</strong></span> 
     </span>
    </p>
   </div>
   <div class='ocr_carea' id='block_1_8' title="bbox 473 805 2058 874">
    <p class='ocr_par' dir='ltr' id='par_1_8' title="bbox 473 805 2058 874">
     <span class='ocr_line' id='line_1_8' title="bbox 473 805 2058 874; baseline -0.008 -4"><span class='ocrx_word' id='word_1_44' title='bbox 473 826 533 870; x_wconf 90' lang='lat' dir='ltr'><strong>et</strong></span> <span class='ocrx_word' id='word_1_45' title='bbox 565 815 631 868; x_wconf 89' lang='lat' dir='ltr'><strong>ad</strong></span> <span class='ocrx_word' id='word_1_46' title='bbox 673 815 1090 869; x_wconf 76' lang='lat' dir='ltr'><strong>circumstantes</strong></span> <span class='ocrx_word' id='word_1_47' title='bbox 1121 823 1446 864; x_wconf 87' lang='lat' dir='ltr'><strong>conversus:</strong></span> <span class='ocrx_word' id='word_1_48' title='bbox 1476 806 1629 872; x_wconf 67' lang='lat' dir='ltr'><strong>«llic,</strong></span> <span class='ocrx_word' id='word_1_49' title='bbox 1662 805 1858 874; x_wconf 91' lang='lat' dir='ltr'><strong>inquit,</strong></span> <span class='ocrx_word' id='word_1_50' title='bbox 1887 819 2058 873; x_wconf 90' lang='lat' dir='ltr'><strong>equus</strong></span> 
     </span>
    </p>
   </div>
   <div class='ocr_carea' id='block_1_9' title="bbox 479 895 2059 973">
    <p class='ocr_par' dir='ltr' id='par_1_9' title="bbox 479 895 2059 973">
     <span class='ocr_line' id='line_1_9' title="bbox 479 895 2059 973; baseline -0.009 -12"><span class='ocrx_word' id='word_1_51' title='bbox 479 906 624 961; x_wconf 73' lang='lat' dir='ltr'><strong>sella:</strong></span> <span class='ocrx_word' id='word_1_52' title='bbox 645 904 903 973; x_wconf 83' lang='lat' dir='ltr'><strong>deinceps</strong></span> <span class='ocrx_word' id='word_1_53' title='bbox 933 916 1206 970; x_wconf 83' lang='lat' dir='ltr'><strong>nunquam</strong></span> <span class='ocrx_word' id='word_1_54' title='bbox 1230 898 1634 955; x_wconf 62' lang='lat' dir='ltr'><strong>sentietonus.»</strong></span> <span class='ocrx_word' id='word_1_55' title='bbox 1661 895 1741 950; x_wconf 86' lang='lat' dir='ltr'><strong>Ad</strong></span> <span class='ocrx_word' id='word_1_56' title='bbox 1765 910 1924 965; x_wconf 92' lang='lat' dir='ltr'><strong>quem</strong></span> <span class='ocrx_word' id='word_1_57' title='bbox 1939 910 2059 948; x_wconf 84' lang='lat' dir='ltr'><strong>mu—</strong></span> 
     </span>
    </p>
   </div>
   <div class='ocr_carea' id='block_1_10' title="bbox 477 986 2057 1060">
    <p class='ocr_par' dir='ltr' id='par_1_10' title="bbox 477 986 2057 1060">
     <span class='ocr_line' id='line_1_10' title="bbox 477 986 2057 1060; baseline -0.009 -8"><span class='ocrx_word' id='word_1_58' title='bbox 477 999 580 1052; x_wconf 84' lang='lat' dir='ltr'><strong>lier</strong></span> <span class='ocrx_word' id='word_1_59' title='bbox 609 1014 621 1050; x_wconf 93' lang='lat'>:</span> <span class='ocrx_word' id='word_1_60' title='bbox 655 1015 674 1048; x_wconf 72' lang='grc' dir='ltr'><strong>ι</strong></span> <span class='ocrx_word' id='word_1_61' title='bbox 699 995 858 1060; x_wconf 78' lang='lat' dir='ltr'><strong>Nunt,</strong></span> <span class='ocrx_word' id='word_1_62' title='bbox 897 994 992 1058; x_wconf 86' lang='lat' dir='ltr'><strong>ait,</strong></span> <span class='ocrx_word' id='word_1_63' title='bbox 1028 992 1115 1048; x_wconf 92' lang='lat' dir='ltr'><strong>ille</strong></span> <span class='ocrx_word' id='word_1_64' title='bbox 1156 1007 1323 1046; x_wconf 87' lang='lat' dir='ltr'><strong>senex</strong></span> <span class='ocrx_word' id='word_1_65' title='bbox 1350 989 1700 1053; x_wconf 89' lang='lat' dir='ltr'><strong>Benedictus,</strong></span> <span class='ocrx_word' id='word_1_66' title='bbox 1751 988 1842 1058; x_wconf 89' lang='lat' dir='ltr'><strong>qui</strong></span> <span class='ocrx_word' id='word_1_67' title='bbox 1887 986 1982 1041; x_wconf 86' lang='lat' dir='ltr'><strong>tibi</strong></span> <span class='ocrx_word' id='word_1_68' title='bbox 2026 999 2057 1038; x_wconf 92' lang='lat' dir='ltr'><strong>a</strong></span> 
     </span>
    </p>
   </div>
   <div class='ocr_carea' id='block_1_11' title="bbox 480 1080 2058 1145">
    <p class='ocr_par' dir='ltr' id='par_1_11' title="bbox 480 1080 2058 1145">
     <span class='ocr_line' id='line_1_11' title="bbox 480 1080 2058 1145; baseline -0.008 -2"><span class='ocrx_word' id='word_1_69' title='bbox 480 1088 710 1143; x_wconf 86' lang='lat' dir='ltr'><strong>Domino</strong></span> <span class='ocrx_word' id='word_1_70' title='bbox 755 1086 1041 1140; x_wconf 86' lang='lat' dir='ltr'><strong>victoriam</strong></span> <span class='ocrx_word' id='word_1_71' title='bbox 1092 1083 1330 1139; x_wconf 89' lang='lat' dir='ltr'><strong>obtinuit</strong></span> <span class='ocrx_word' id='word_1_72' title='bbox 1374 1097 1442 1137; x_wconf 76' lang='lat' dir='ltr'><strong>ex</strong></span> <span class='ocrx_word' id='word_1_73' title='bbox 1493 1080 1768 1145; x_wconf 82' lang='lat' dir='ltr'><strong>hostibus,</strong></span> <span class='ocrx_word' id='word_1_74' title='bbox 1814 1087 1924 1133; x_wconf 91' lang='lat' dir='ltr'><strong>tam</strong></span> <span class='ocrx_word' id='word_1_75' title='bbox 1975 1087 2058 1132; x_wconf 84' lang='lat' dir='ltr'><strong>est</strong></span> 
     </span>
    </p>
   </div>
   <div class='ocr_carea' id='block_1_12' title="bbox 480 1167 2058 1244">
    <p class='ocr_par' dir='ltr' id='par_1_12' title="bbox 480 1167 2058 1244">
     <span class='ocr_line' id='line_1_12' title="bbox 480 1167 2058 1244; baseline -0.007 -11"><span class='ocrx_word' id='word_1_76' title='bbox 480 1178 747 1234; x_wconf 87' lang='lat' dir='ltr'><strong>invalidus</strong></span> <span class='ocrx_word' id='word_1_77' title='bbox 796 1187 856 1231; x_wconf 92' lang='lat' dir='ltr'><strong>ut</strong></span> <span class='ocrx_word' id='word_1_78' title='bbox 903 1176 1196 1244; x_wconf 88' lang='lat' dir='ltr'><strong>impetrare</strong></span> <span class='ocrx_word' id='word_1_79' title='bbox 1242 1181 1476 1242; x_wconf 87' lang='lat' dir='ltr'><strong>nequeat</strong></span> <span class='ocrx_word' id='word_1_80' title='bbox 1524 1179 1794 1240; x_wconf 86' lang='lat' dir='ltr'><strong>quatenus</strong></span> <span class='ocrx_word' id='word_1_81' title='bbox 1839 1167 2058 1238; x_wconf 80' lang='lat' dir='ltr'><strong>praprio</strong></span> 
     </span>
    </p>
   </div>
   <div class='ocr_carea' id='block_1_13' title="bbox 469 1259 2061 1324">
    <p class='ocr_par' dir='ltr' id='par_1_13' title="bbox 469 1259 2061 1324">
     <span class='ocr_line' id='line_1_13' title="bbox 469 1259 2061 1324; baseline -0.005 -1"><span class='ocrx_word' id='word_1_82' title='bbox 469 1269 699 1324; x_wconf 76' lang='lat' dir='ltr'><strong>animali</strong></span> <span class='ocrx_word' id='word_1_83' title='bbox 755 1283 885 1323; x_wconf 91' lang='lat' dir='ltr'><strong>suus</strong></span> <span class='ocrx_word' id='word_1_84' title='bbox 935 1268 1225 1322; x_wconf 77' lang='lat' dir='ltr'><strong>revehatur</strong></span> <span class='ocrx_word' id='word_1_85' title='bbox 1259 1263 1594 1319; x_wconf 84' lang='lat' dir='ltr'><strong>monachus?</strong></span> <span class='ocrx_word' id='word_1_86' title='bbox 1631 1282 1650 1314; x_wconf 71' lang='grc' dir='ltr'><strong>ι</strong></span> <span class='ocrx_word' id='word_1_87' title='bbox 1694 1261 1774 1316; x_wconf 82' lang='lat' dir='ltr'><strong>Ad</strong></span> <span class='ocrx_word' id='word_1_88' title='bbox 1807 1261 1923 1316; x_wconf 62' lang='lat' dir='ltr'><strong>haec</strong></span> <span class='ocrx_word' id='word_1_89' title='bbox 1971 1259 2061 1315; x_wconf 89' lang='lat' dir='ltr'><strong>ille</strong></span> 
     </span>
    </p>
   </div>
   <div class='ocr_carea' id='block_1_14' title="bbox 479 1351 2060 1429">
    <p class='ocr_par' dir='ltr' id='par_1_14' title="bbox 479 1351 2060 1429">
     <span class='ocr_line' id='line_1_14' title="bbox 479 1351 2060 1429; baseline -0.007 -11"><span class='ocrx_word' id='word_1_90' title='bbox 479 1362 726 1418; x_wconf 84' lang='lat' dir='ltr'><strong>tlitﬁdens</strong></span> <span class='ocrx_word' id='word_1_91' title='bbox 756 1380 767 1414; x_wconf 89' lang='lat'>:</span> <span class='ocrx_word' id='word_1_92' title='bbox 807 1381 824 1412; x_wconf 78' lang='grc' dir='ltr'><strong>ι</strong></span> <span class='ocrx_word' id='word_1_93' title='bbox 863 1360 942 1425; x_wconf 90' lang='lat' dir='ltr'><strong>Si,</strong></span> <span class='ocrx_word' id='word_1_94' title='bbox 977 1360 1169 1429; x_wconf 86' lang='lat' dir='ltr'><strong>inquit,</strong></span> <span class='ocrx_word' id='word_1_95' title='bbox 1199 1357 1315 1412; x_wconf 61' lang='lat' dir='ltr'><strong>hate</strong></span> <span class='ocrx_word' id='word_1_96' title='bbox 1354 1356 1444 1410; x_wconf 91' lang='lat' dir='ltr'><strong>ille</strong></span> <span class='ocrx_word' id='word_1_97' title='bbox 1480 1353 1805 1426; x_wconf 83' lang='lat' dir='ltr'><strong>impetrarit,</strong></span> <span class='ocrx_word' id='word_1_98' title='bbox 1848 1351 2060 1407; x_wconf 59' lang='lat' dir='ltr'><strong>caeteris</strong></span> 
     </span>
    </p>
   </div>
   <div class='ocr_carea' id='block_1_15' title="bbox 473 1441 2059 1522">
    <p class='ocr_par' dir='ltr' id='par_1_15' title="bbox 473 1441 2059 1522">
     <span class='ocr_line' id='line_1_15' title="bbox 473 1441 2059 1522; baseline -0.009 -13"><span class='ocrx_word' id='word_1_99' title='bbox 473 1453 700 1522; x_wconf 65' lang='lat' dir='ltr'><strong>przelato</strong></span> <span class='ocrx_word' id='word_1_100' title='bbox 735 1452 961 1514; x_wconf 83' lang='lat' dir='ltr'><strong>sanctis,</strong></span> <span class='ocrx_word' id='word_1_101' title='bbox 990 1447 1106 1516; x_wconf 77' lang='lat' dir='ltr'><strong>ejus</strong></span> <span class='ocrx_word' id='word_1_102' title='bbox 1134 1463 1220 1501; x_wconf 92' lang='lat' dir='ltr'><strong>me</strong></span> <span class='ocrx_word' id='word_1_103' title='bbox 1252 1446 1588 1502; x_wconf 82' lang='lat' dir='ltr'><strong>committam</strong></span> <span class='ocrx_word' id='word_1_104' title='bbox 1621 1443 1891 1498; x_wconf 63' lang='lat' dir='ltr'><strong>tnitioui.)</strong></span> <span class='ocrx_word' id='word_1_105' title='bbox 1944 1441 2059 1496; x_wconf 87' lang='lat' dir='ltr'><strong>Ad-</strong></span> 
     </span>
    </p>
   </div>
   <div class='ocr_carea' id='block_1_16' title="bbox 483 1532 2060 1610">
    <p class='ocr_par' dir='ltr' id='par_1_16' title="bbox 483 1532 2060 1610">
     <span class='ocr_line' id='line_1_16' title="bbox 483 1532 2060 1610; baseline -0.008 -12"><span class='ocrx_word' id='word_1_106' title='bbox 483 1545 645 1598; x_wconf 88' lang='lat' dir='ltr'><strong>motis</strong></span> <span class='ocrx_word' id='word_1_107' title='bbox 675 1543 840 1610; x_wconf 78' lang='lat' dir='ltr'><strong>igitur</strong></span> <span class='ocrx_word' id='word_1_108' title='bbox 878 1539 1061 1604; x_wconf 82' lang='lat' dir='ltr'><strong>scalis,</strong></span> <span class='ocrx_word' id='word_1_109' title='bbox 1097 1537 1378 1594; x_wconf 87' lang='lat' dir='ltr'><strong>descendit</strong></span> <span class='ocrx_word' id='word_1_110' title='bbox 1418 1535 1661 1606; x_wconf 90' lang='lat' dir='ltr'><strong>quidam,</strong></span> <span class='ocrx_word' id='word_1_111' title='bbox 1693 1533 1886 1588; x_wconf 87' lang='lat' dir='ltr'><strong>audaci</strong></span> <span class='ocrx_word' id='word_1_112' title='bbox 1930 1532 2060 1586; x_wconf 92' lang='lat' dir='ltr'><strong>ﬁsus</strong></span> 
     </span>
    </p>
   </div>
   <div class='ocr_carea' id='block_1_17' title="bbox 469 1623 2061 1706">
    <p class='ocr_par' dir='ltr' id='par_1_17' title="bbox 469 1623 2061 1706">
     <span class='ocr_line' id='line_1_17' title="bbox 469 1623 2061 1706; baseline -0.008 -19"><span class='ocrx_word' id='word_1_113' title='bbox 469 1635 722 1706; x_wconf 81' lang='lat' dir='ltr'><strong>juventa,</strong></span> <span class='ocrx_word' id='word_1_114' title='bbox 753 1631 842 1700; x_wconf 86' lang='lat' dir='ltr'><strong>qui</strong></span> <span class='ocrx_word' id='word_1_115' title='bbox 866 1646 1059 1700; x_wconf 89' lang='lat' dir='ltr'><strong>equum</strong></span> <span class='ocrx_word' id='word_1_116' title='bbox 1090 1644 1186 1698; x_wconf 88' lang='lat' dir='ltr'><strong>per</strong></span> <span class='ocrx_word' id='word_1_117' title='bbox 1214 1636 1550 1698; x_wconf 89' lang='lat' dir='ltr'><strong>opportunas</strong></span> <span class='ocrx_word' id='word_1_118' title='bbox 1588 1623 1842 1693; x_wconf 89' lang='lat' dir='ltr'><strong>corporis</strong></span> <span class='ocrx_word' id='word_1_119' title='bbox 1879 1631 2061 1694; x_wconf 90' lang='lat' dir='ltr'><strong>partes</strong></span> 
     </span>
    </p>
   </div>
   <div class='ocr_carea' id='block_1_18' title="bbox 481 1716 2062 1791">
    <p class='ocr_par' dir='ltr' id='par_1_18' title="bbox 481 1716 2062 1791">
     <span class='ocr_line' id='line_1_18' title="bbox 481 1716 2062 1791; baseline -0.008 -14"><span class='ocrx_word' id='word_1_120' title='bbox 481 1723 704 1778; x_wconf 75' lang='lat' dir='ltr'><strong>funibus</strong></span> <span class='ocrx_word' id='word_1_121' title='bbox 731 1722 948 1791; x_wconf 77' lang='lat' dir='ltr'><strong>ligaret,</strong></span> <span class='ocrx_word' id='word_1_122' title='bbox 981 1737 1087 1789; x_wconf 87' lang='lat' dir='ltr'><strong>quo</strong></span> <span class='ocrx_word' id='word_1_123' title='bbox 1110 1719 1322 1774; x_wconf 79' lang='lat' dir='ltr'><strong>facilius</strong></span> <span class='ocrx_word' id='word_1_124' title='bbox 1350 1716 1505 1772; x_wconf 88' lang='lat' dir='ltr'><strong>educi</strong></span> <span class='ocrx_word' id='word_1_125' title='bbox 1533 1723 1734 1786; x_wconf 84' lang='lat' dir='ltr'><strong>posset.</strong></span> <span class='ocrx_word' id='word_1_126' title='bbox 1772 1716 1967 1768; x_wconf 72' lang='lat' dir='ltr'><strong>Verum</strong></span> <span class='ocrx_word' id='word_1_127' title='bbox 1999 1727 2062 1768; x_wconf 88' lang='lat' dir='ltr'><strong>eo</strong></span> 
     </span>
    </p>
   </div>
   <div class='ocr_carea' id='block_1_19' title="bbox 484 1792 2134 1882">
    <p class='ocr_par' dir='ltr' id='par_1_19' title="bbox 484 1792 2134 1882">
     <span class='ocr_line' id='line_1_19' title="bbox 484 1792 2134 1882; baseline -0.006 -15"><span class='ocrx_word' id='word_1_128' title='bbox 484 1828 726 1882; x_wconf 83' lang='lat' dir='ltr'><strong>egresso,</strong></span> <span class='ocrx_word' id='word_1_129' title='bbox 759 1828 879 1865; x_wconf 91' lang='lat' dir='ltr'><strong>cum</strong></span> <span class='ocrx_word' id='word_1_130' title='bbox 909 1810 1122 1864; x_wconf 81' lang='lat' dir='ltr'><strong>difﬁcile</strong></span> <span class='ocrx_word' id='word_1_131' title='bbox 1165 1811 1440 1864; x_wconf 86' lang='lat' dir='ltr'><strong>videretur</strong></span> <span class='ocrx_word' id='word_1_132' title='bbox 1481 1816 1591 1860; x_wconf 91' lang='lat' dir='ltr'><strong>tam</strong></span> <span class='ocrx_word' id='word_1_133' title='bbox 1637 1801 1892 1860; x_wconf 89' lang='lat' dir='ltr'><strong>immensi</strong></span> <span class='ocrx_word' id='word_1_134' title='bbox 1939 1818 2062 1858; x_wconf 83' lang='lat' dir='ltr'><strong>cor—</strong></span> <span class='ocrx_word' id='word_1_135' title='bbox 2095 1792 2134 1849; x_wconf 78' lang='grc' dir='ltr'><strong>Β</strong></span> 
     </span>
    </p>
   </div>
   <div class='ocr_carea' id='block_1_20' title="bbox 484 1891 2065 1974">
    <p class='ocr_par' dir='ltr' id='par_1_20' title="bbox 484 1891 2065 1974">
     <span class='ocr_line' id='line_1_20' title="bbox 484 1891 2065 1974; baseline -0.008 -17"><span class='ocrx_word' id='word_1_136' title='bbox 484 1903 635 1974; x_wconf 89' lang='lat' dir='ltr'><strong>poris</strong></span> <span class='ocrx_word' id='word_1_137' title='bbox 658 1901 859 1956; x_wconf 84' lang='lat' dir='ltr'><strong>animal</strong></span> <span class='ocrx_word' id='word_1_138' title='bbox 891 1900 1049 1955; x_wconf 91' lang='lat' dir='ltr'><strong>simul</strong></span> <span class='ocrx_word' id='word_1_139' title='bbox 1075 1915 1197 1954; x_wconf 91' lang='lat' dir='ltr'><strong>cum</strong></span> <span class='ocrx_word' id='word_1_140' title='bbox 1237 1896 1380 1954; x_wconf 84' lang='lat' dir='ltr'><strong>scala</strong></span> <span class='ocrx_word' id='word_1_141' title='bbox 1412 1911 1573 1968; x_wconf 87' lang='lat' dir='ltr'><strong>posse</strong></span> <span class='ocrx_word' id='word_1_142' title='bbox 1604 1893 1847 1950; x_wconf 87' lang='lat' dir='ltr'><strong>abstrahi</strong></span> <span class='ocrx_word' id='word_1_143' title='bbox 1874 1891 1943 1947; x_wconf 92' lang='lat' dir='ltr'><strong>ob</strong></span> <span class='ocrx_word' id='word_1_144' title='bbox 1970 1909 2065 1946; x_wconf 82' lang='lat' dir='ltr'><strong>an-</strong></span> 
     </span>
    </p>
   </div>
   <div class='ocr_carea' id='block_1_21' title="bbox 485 1986 2067 2066">
    <p class='ocr_par' dir='ltr' id='par_1_21' title="bbox 485 1986 2067 2066">
     <span class='ocr_line' id='line_1_21' title="bbox 485 1986 2067 2066; baseline -0.006 -18"><span class='ocrx_word' id='word_1_145' title='bbox 485 1995 716 2066; x_wconf 75' lang='lat' dir='ltr'><strong>guStiam</strong></span> <span class='ocrx_word' id='word_1_146' title='bbox 747 1994 918 2064; x_wconf 88' lang='lat' dir='ltr'><strong>putei,</strong></span> <span class='ocrx_word' id='word_1_147' title='bbox 953 1991 1128 2064; x_wconf 88' lang='lat' dir='ltr'><strong>primo</strong></span> <span class='ocrx_word' id='word_1_148' title='bbox 1159 1991 1357 2047; x_wconf 89' lang='lat' dir='ltr'><strong>scalam</strong></span> <span class='ocrx_word' id='word_1_149' title='bbox 1405 1991 1718 2053; x_wconf 86' lang='lat' dir='ltr'><strong>educentes,</strong></span> <span class='ocrx_word' id='word_1_150' title='bbox 1751 1986 1947 2043; x_wconf 88' lang='lat' dir='ltr'><strong>dehinc</strong></span> <span class='ocrx_word' id='word_1_151' title='bbox 1975 2000 2067 2040; x_wconf 86' lang='lat' dir='ltr'><strong>ea-</strong></span> 
     </span>
    </p>
   </div>
   <div class='ocr_carea' id='block_1_22' title="bbox 484 2077 2062 2154">
    <p class='ocr_par' dir='ltr' id='par_1_22' title="bbox 484 2077 2062 2154">
     <span class='ocr_line' id='line_1_22' title="bbox 484 2077 2062 2154; baseline -0.005 -14"><span class='ocrx_word' id='word_1_152' title='bbox 484 2085 687 2140; x_wconf 85' lang='lat' dir='ltr'><strong>ballum</strong></span> <span class='ocrx_word' id='word_1_153' title='bbox 719 2085 1036 2140; x_wconf 84' lang='lat' dir='ltr'><strong>abstrahere</strong></span> <span class='ocrx_word' id='word_1_154' title='bbox 1059 2091 1360 2154; x_wconf 75' lang='lat' dir='ltr'><strong>cmperuut.</strong></span> <span class='ocrx_word' id='word_1_155' title='bbox 1390 2080 1498 2136; x_wconf 85' lang='lat' dir='ltr'><strong>Sed</strong></span> <span class='ocrx_word' id='word_1_156' title='bbox 1533 2080 1876 2149; x_wconf 57' lang='lat' dir='ltr'><strong>on‘mipotens</strong></span> <span class='ocrx_word' id='word_1_157' title='bbox 1898 2077 2062 2144; x_wconf 89' lang='lat' dir='ltr'><strong>Deus,</strong></span> 
     </span>
    </p>
   </div>
   <div class='ocr_carea' id='block_1_23' title="bbox 482 2168 2062 2244">
    <p class='ocr_par' dir='ltr' id='par_1_23' title="bbox 482 2168 2062 2244">
     <span class='ocr_line' id='line_1_23' title="bbox 482 2168 2062 2244; baseline -0.005 -14"><span class='ocrx_word' id='word_1_158' title='bbox 482 2176 883 2232; x_wconf 84' lang='lat' dir='ltr'><strong>utostenderet</strong></span> <span class='ocrx_word' id='word_1_159' title='bbox 923 2193 1028 2230; x_wconf 86' lang='lat' dir='ltr'><strong>non</strong></span> <span class='ocrx_word' id='word_1_160' title='bbox 1069 2175 1243 2230; x_wconf 89' lang='lat' dir='ltr'><strong>solmn</strong></span> <span class='ocrx_word' id='word_1_161' title='bbox 1272 2171 1384 2242; x_wconf 91' lang='lat' dir='ltr'><strong>jam</strong></span> <span class='ocrx_word' id='word_1_162' title='bbox 1427 2173 1622 2244; x_wconf 75' lang='lat' dir='ltr'><strong>sacpius</strong></span> <span class='ocrx_word' id='word_1_163' title='bbox 1655 2172 1800 2225; x_wconf 91' lang='lat' dir='ltr'><strong>dicto</strong></span> <span class='ocrx_word' id='word_1_164' title='bbox 1831 2168 2062 2240; x_wconf 86' lang='lat' dir='ltr'><strong>Hugoni,</strong></span> 
     </span>
    </p>
   </div>
   <div class='ocr_carea' id='block_1_24' title="bbox 485 2262 2068 2338">
    <p class='ocr_par' dir='ltr' id='par_1_24' title="bbox 485 2262 2068 2338">
     <span class='ocr_line' id='line_1_24' title="bbox 485 2262 2068 2338; baseline -0.004 -17"><span class='ocrx_word' id='word_1_165' title='bbox 485 2283 675 2324; x_wconf 87' lang='lat' dir='ltr'><strong>verum</strong></span> <span class='ocrx_word' id='word_1_166' title='bbox 704 2269 1017 2338; x_wconf 83' lang='lat' dir='ltr'><strong>quibusque</strong></span> <span class='ocrx_word' id='word_1_167' title='bbox 1057 2281 1248 2320; x_wconf 87' lang='lat' dir='ltr'><strong>sanum</strong></span> <span class='ocrx_word' id='word_1_168' title='bbox 1283 2263 1620 2334; x_wconf 79' lang='lat' dir='ltr'><strong>sapientibus</strong></span> <span class='ocrx_word' id='word_1_169' title='bbox 1663 2262 1938 2333; x_wconf 85' lang='lat' dir='ltr'><strong>egregium</strong></span> <span class='ocrx_word' id='word_1_170' title='bbox 1969 2262 2068 2316; x_wconf 88' lang='lat' dir='ltr'><strong>du-</strong></span> 
     </span>
    </p>
   </div>
   <div class='ocr_carea' id='block_1_25' title="bbox 485 2351 2065 2422">
    <p class='ocr_par' dir='ltr' id='par_1_25' title="bbox 485 2351 2065 2422">
     <span class='ocr_line' id='line_1_25' title="bbox 485 2351 2065 2422; baseline -0.006 -8"><span class='ocrx_word' id='word_1_171' title='bbox 485 2375 610 2414; x_wconf 86' lang='lat' dir='ltr'><strong>cem</strong></span> <span class='ocrx_word' id='word_1_172' title='bbox 642 2359 1054 2422; x_wconf 86' lang='lat' dir='ltr'><strong>monachorum,</strong></span> <span class='ocrx_word' id='word_1_173' title='bbox 1087 2371 1357 2412; x_wconf 90' lang='lat' dir='ltr'><strong>summum</strong></span> <span class='ocrx_word' id='word_1_174' title='bbox 1403 2353 1656 2408; x_wconf 86' lang='lat' dir='ltr'><strong>videlicet</strong></span> <span class='ocrx_word' id='word_1_175' title='bbox 1691 2351 2065 2419; x_wconf 86' lang='lat' dir='ltr'><strong>Benedictum,</strong></span> 
     </span>
    </p>
   </div>
   <div class='ocr_carea' id='block_1_26' title="bbox 483 2442 2066 2520">
    <p class='ocr_par' dir='ltr' id='par_1_26' title="bbox 483 2442 2066 2520">
     <span class='ocr_line' id='line_1_26' title="bbox 483 2442 2066 2520; baseline -0.004 -17"><span class='ocrx_word' id='word_1_176' title='bbox 483 2465 596 2504; x_wconf 67' lang='lat' dir='ltr'><strong>anon</strong></span> <span class='ocrx_word' id='word_1_177' title='bbox 626 2449 787 2520; x_wconf 88' lang='lat' dir='ltr'><strong>parvi</strong></span> <span class='ocrx_word' id='word_1_178' title='bbox 820 2447 959 2518; x_wconf 83' lang='lat' dir='ltr'><strong>apud</strong></span> <span class='ocrx_word' id='word_1_179' title='bbox 995 2463 1052 2501; x_wconf 90' lang='lat' dir='ltr'><strong>se</strong></span> <span class='ocrx_word' id='word_1_180' title='bbox 1082 2462 1202 2502; x_wconf 90' lang='lat' dir='ltr'><strong>esse</strong></span> <span class='ocrx_word' id='word_1_181' title='bbox 1257 2444 1458 2509; x_wconf 90' lang='lat' dir='ltr'><strong>meriti,</strong></span> <span class='ocrx_word' id='word_1_182' title='bbox 1487 2443 1600 2498; x_wconf 89' lang='lat' dir='ltr'><strong>imo</strong></span> <span class='ocrx_word' id='word_1_183' title='bbox 1642 2442 1861 2511; x_wconf 84' lang='lat' dir='ltr'><strong>majoris</strong></span> <span class='ocrx_word' id='word_1_184' title='bbox 1905 2459 2066 2512; x_wconf 91' lang='lat' dir='ltr'><strong>quam</strong></span> 
     </span>
    </p>
   </div>
   <div class='ocr_carea' id='block_1_27' title="bbox 485 2534 2114 2611">
    <p class='ocr_par' dir='ltr' id='par_1_27' title="bbox 485 2534 2114 2611">
     <span class='ocr_line' id='line_1_27' title="bbox 485 2534 2114 2611; baseline -0.003 -18"><span class='ocrx_word' id='word_1_185' title='bbox 485 2541 717 2611; x_wconf 86' lang='lat' dir='ltr'><strong>quisque</strong></span> <span class='ocrx_word' id='word_1_186' title='bbox 745 2539 1052 2594; x_wconf 83' lang='lat' dir='ltr'><strong>mortalium</strong></span> <span class='ocrx_word' id='word_1_187' title='bbox 1090 2537 1361 2607; x_wconf 88' lang='lat' dir='ltr'><strong>conjicere</strong></span> <span class='ocrx_word' id='word_1_188' title='bbox 1400 2536 1595 2601; x_wconf 86' lang='lat' dir='ltr'><strong>valeat,</strong></span> <span class='ocrx_word' id='word_1_189' title='bbox 1631 2535 1927 2605; x_wconf 75' lang='lat' dir='ltr'><strong>geminavit</strong></span> <span class='ocrx_word' id='word_1_190' title='bbox 1968 2534 2070 2588; x_wconf 87' lang='lat' dir='ltr'><strong>mi-</strong></span> <span class='ocrx_word' id='word_1_191' title='bbox 2106 2547 2114 2552; x_wconf 82' lang='lat'><strong><em>&#39;</em></strong></span> 
     </span>
    </p>
   </div>
   <div class='ocr_carea' id='block_1_28' title="bbox 488 2625 2070 2700">
    <p class='ocr_par' dir='ltr' id='par_1_28' title="bbox 488 2625 2070 2700">
     <span class='ocr_line' id='line_1_28' title="bbox 488 2625 2070 2700; baseline -0.004 -12"><span class='ocrx_word' id='word_1_192' title='bbox 488 2633 755 2688; x_wconf 89' lang='lat' dir='ltr'><strong>raculum.</strong></span> <span class='ocrx_word' id='word_1_193' title='bbox 827 2630 1030 2700; x_wconf 81' lang='lat' dir='ltr'><strong>Nempe</strong></span> <span class='ocrx_word' id='word_1_194' title='bbox 1099 2646 1222 2685; x_wconf 90' lang='lat' dir='ltr'><strong>cum</strong></span> <span class='ocrx_word' id='word_1_195' title='bbox 1272 2630 1388 2700; x_wconf 89' lang='lat' dir='ltr'><strong>jam</strong></span> <span class='ocrx_word' id='word_1_196' title='bbox 1459 2642 1748 2683; x_wconf 89' lang='lat' dir='ltr'><strong>numerosa</strong></span> <span class='ocrx_word' id='word_1_197' title='bbox 1812 2625 2070 2696; x_wconf 87' lang='lat' dir='ltr'><strong>juventus</strong></span> 
     </span>
    </p>
   </div>
   <div class='ocr_carea' id='block_1_29' title="bbox 491 2717 2071 2795">
    <p class='ocr_par' dir='ltr' id='par_1_29' title="bbox 491 2717 2071 2795">
     <span class='ocr_line' id='line_1_29' title="bbox 491 2717 2071 2795; baseline -0.005 -15"><span class='ocrx_word' id='word_1_198' title='bbox 491 2741 664 2795; x_wconf 81' lang='lat' dir='ltr'><strong>usque</strong></span> <span class='ocrx_word' id='word_1_199' title='bbox 695 2726 760 2778; x_wconf 90' lang='lat' dir='ltr'><strong>ad</strong></span> <span class='ocrx_word' id='word_1_200' title='bbox 789 2738 1060 2778; x_wconf 84' lang='lat' dir='ltr'><strong>sumntum</strong></span> <span class='ocrx_word' id='word_1_201' title='bbox 1071 2721 1224 2792; x_wconf 85' lang='lat' dir='ltr'><strong>putei</strong></span> <span class='ocrx_word' id='word_1_202' title='bbox 1258 2720 1554 2790; x_wconf 78' lang='lat' dir='ltr'><strong>marginem</strong></span> <span class='ocrx_word' id='word_1_203' title='bbox 1578 2734 1774 2788; x_wconf 90' lang='lat' dir='ltr'><strong>equum</strong></span> <span class='ocrx_word' id='word_1_204' title='bbox 1807 2717 2071 2772; x_wconf 87' lang='lat' dir='ltr'><strong>elevavis-</strong></span> 
     </span>
    </p>
   </div>
   <div class='ocr_carea' id='block_1_30' title="bbox 489 2807 2071 2880">
    <p class='ocr_par' dir='ltr' id='par_1_30' title="bbox 489 2807 2071 2880">
     <span class='ocr_line' id='line_1_30' title="bbox 489 2807 2071 2880; baseline -0.004 -11"><span class='ocrx_word' id='word_1_205' title='bbox 489 2826 608 2880; x_wconf 89' lang='lat' dir='ltr'><strong>set,</strong></span> <span class='ocrx_word' id='word_1_206' title='bbox 662 2831 726 2868; x_wconf 90' lang='lat' dir='ltr'><strong>ac</strong></span> <span class='ocrx_word' id='word_1_207' title='bbox 779 2813 976 2867; x_wconf 82' lang='lat' dir='ltr'><strong>fratres</strong></span> <span class='ocrx_word' id='word_1_208' title='bbox 1031 2811 1243 2866; x_wconf 87' lang='lat' dir='ltr'><strong>eminus</strong></span> <span class='ocrx_word' id='word_1_209' title='bbox 1292 2819 1564 2875; x_wconf 86' lang='lat' dir='ltr'><strong>astantes,</strong></span> <span class='ocrx_word' id='word_1_210' title='bbox 1619 2807 1821 2862; x_wconf 75' lang='lat' dir='ltr'><strong>litanias</strong></span> <span class='ocrx_word' id='word_1_211' title='bbox 1882 2822 2071 2878; x_wconf 84' lang='lat' dir='ltr'><strong>preces</strong></span> 
     </span>
    </p>
   </div>
   <div class='ocr_carea' id='block_1_31' title="bbox 489 2897 2070 2972">
    <p class='ocr_par' dir='ltr' id='par_1_31' title="bbox 489 2897 2070 2972">
     <span class='ocr_line' id='line_1_31' title="bbox 489 2897 2070 2972; baseline -0.006 -12"><span class='ocrx_word' id='word_1_212' title='bbox 489 2906 720 2960; x_wconf 90' lang='lat' dir='ltr'><strong>Domino</strong></span> <span class='ocrx_word' id='word_1_213' title='bbox 747 2904 1040 2972; x_wconf 84' lang='lat' dir='ltr'><strong>solverent,</strong></span> <span class='ocrx_word' id='word_1_214' title='bbox 1071 2903 1159 2957; x_wconf 90' lang='lat' dir='ltr'><strong>ubi</strong></span> <span class='ocrx_word' id='word_1_215' title='bbox 1188 2901 1441 2958; x_wconf 85' lang='lat' dir='ltr'><strong>dilectum</strong></span> <span class='ocrx_word' id='word_1_216' title='bbox 1469 2899 1694 2955; x_wconf 88' lang='lat' dir='ltr'><strong>Domino</strong></span> <span class='ocrx_word' id='word_1_217' title='bbox 1718 2897 2070 2954; x_wconf 87' lang='lat' dir='ltr'><strong>Benedictum</strong></span> 
     </span>
    </p>
   </div>
   <div class='ocr_carea' id='block_1_32' title="bbox 482 2987 2072 3066">
    <p class='ocr_par' dir='ltr' id='par_1_32' title="bbox 482 2987 2072 3066">
     <span class='ocr_line' id='line_1_32' title="bbox 482 2987 2072 3066; baseline -0.006 -14"><span class='ocrx_word' id='word_1_218' title='bbox 482 2997 743 3052; x_wconf 80' lang='lat' dir='ltr'><strong>invocare</strong></span> <span class='ocrx_word' id='word_1_219' title='bbox 779 3003 1083 3066; x_wconf 76' lang='lat' dir='ltr'><strong>coeperunt,</strong></span> <span class='ocrx_word' id='word_1_220' title='bbox 1118 2993 1299 3049; x_wconf 88' lang='lat' dir='ltr'><strong>subito</strong></span> <span class='ocrx_word' id='word_1_221' title='bbox 1322 2991 1464 3063; x_wconf 94' lang='lat' dir='ltr'><strong>rupti</strong></span> <span class='ocrx_word' id='word_1_222' title='bbox 1498 2989 1654 3046; x_wconf 89' lang='lat' dir='ltr'><strong>funes</strong></span> <span class='ocrx_word' id='word_1_223' title='bbox 1691 3005 1972 3060; x_wconf 90' lang='lat' dir='ltr'><strong>equusque</strong></span> <span class='ocrx_word' id='word_1_224' title='bbox 2003 2987 2072 3042; x_wconf 89' lang='lat' dir='ltr'><strong>ad</strong></span> 
     </span>
    </p>
   </div>
   <div class='ocr_carea' id='block_1_33' title="bbox 484 3079 2068 3156">
    <p class='ocr_par' dir='ltr' id='par_1_33' title="bbox 484 3079 2068 3156">
     <span class='ocr_line' id='line_1_33' title="bbox 484 3079 2068 3156; baseline -0.004 -15"><span class='ocrx_word' id='word_1_225' title='bbox 484 3087 753 3142; x_wconf 79' lang='lat' dir='ltr'><strong>interiora</strong></span> <span class='ocrx_word' id='word_1_226' title='bbox 800 3087 981 3156; x_wconf 80' lang='lat' dir='ltr'><strong>lapsus</strong></span> <span class='ocrx_word' id='word_1_227' title='bbox 1022 3095 1128 3140; x_wconf 85' lang='lat' dir='ltr'><strong>est.</strong></span> <span class='ocrx_word' id='word_1_228' title='bbox 1181 3082 1499 3154; x_wconf 88' lang='lat' dir='ltr'><strong>Desperatio</strong></span> <span class='ocrx_word' id='word_1_229' title='bbox 1562 3089 1790 3137; x_wconf 89' lang='lat' dir='ltr'><strong>cunctos</strong></span> <span class='ocrx_word' id='word_1_230' title='bbox 1842 3079 2068 3144; x_wconf 85' lang='lat' dir='ltr'><strong>habuit,</strong></span> 
     </span>
    </p>
   </div>
   <div class='ocr_carea' id='block_1_34' title="bbox 493 3170 2072 3250">
    <p class='ocr_par' dir='ltr' id='par_1_34' title="bbox 493 3170 2072 3250">
     <span class='ocr_line' id='line_1_34' title="bbox 493 3170 2072 3250; baseline -0.006 -16"><span class='ocrx_word' id='word_1_231' title='bbox 493 3179 794 3234; x_wconf 66' lang='lat' dir='ltr'><strong>difﬁdentes</strong></span> <span class='ocrx_word' id='word_1_232' title='bbox 817 3195 936 3233; x_wconf 86' lang='lat' dir='ltr'><strong>eum</strong></span> <span class='ocrx_word' id='word_1_233' title='bbox 963 3177 1190 3232; x_wconf 90' lang='lat' dir='ltr'><strong>ulterius</strong></span> <span class='ocrx_word' id='word_1_234' title='bbox 1207 3189 1369 3246; x_wconf 84' lang='lat' dir='ltr'><strong>posse</strong></span> <span class='ocrx_word' id='word_1_235' title='bbox 1393 3175 1572 3250; x_wconf 80' lang='lat' dir='ltr'><strong>vivum</strong></span> <span class='ocrx_word' id='word_1_236' title='bbox 1593 3172 1816 3238; x_wconf 88' lang='lat' dir='ltr'><strong>retrahi,</strong></span> <span class='ocrx_word' id='word_1_237' title='bbox 1837 3170 2072 3226; x_wconf 76' lang='lat' dir='ltr'><strong>maxime</strong></span> 
     </span>
    </p>
   </div>
   <div class='ocr_carea' id='block_1_35' title="bbox 490 3253 2074 3335">
    <p class='ocr_par' dir='ltr' id='par_1_35' title="bbox 490 3253 2074 3335">
     <span class='ocr_line' id='line_1_35' title="bbox 490 3253 2074 3335; baseline -0.008 -7"><span class='ocrx_word' id='word_1_238' title='bbox 490 3288 619 3328; x_wconf 85' lang='lat' dir='ltr'><strong>cum</strong></span> <span class='ocrx_word' id='word_1_239' title='bbox 665 3281 719 3324; x_wconf 85' lang='lat' dir='ltr'><strong>et</strong></span> <span class='ocrx_word' id='word_1_240' title='bbox 760 3271 1050 3324; x_wconf 87' lang='lat' dir='ltr'><strong>descensus</strong></span> <span class='ocrx_word' id='word_1_241' title='bbox 1095 3269 1159 3322; x_wconf 89' lang='lat' dir='ltr'><strong>ad</strong></span> <span class='ocrx_word' id='word_1_242' title='bbox 1207 3283 1330 3321; x_wconf 91' lang='lat' dir='ltr'><strong>eum</strong></span> <span class='ocrx_word' id='word_1_243' title='bbox 1371 3253 1699 3335; x_wconf 82' lang='lat' dir='ltr'><strong>alligandum</strong></span> <span class='ocrx_word' id='word_1_244' title='bbox 1732 3262 1962 3319; x_wconf 87' lang='lat' dir='ltr'><strong>diﬁicilis</strong></span> <span class='ocrx_word' id='word_1_245' title='bbox 1992 3261 2074 3317; x_wconf 82' lang='lat' dir='ltr'><strong>fo-</strong></span> 
     </span>
    </p>
   </div>
   <div class='ocr_carea' id='block_1_36' title="bbox 490 3357 2076 3428">
    <p class='ocr_par' dir='ltr' id='par_1_36' title="bbox 490 3357 2076 3428">
     <span class='ocr_line' id='line_1_36' title="bbox 490 3357 2076 3428; baseline -0.005 -10"><span class='ocrx_word' id='word_1_246' title='bbox 490 3372 597 3428; x_wconf 73' lang='lat' dir='ltr'><strong>ret,</strong></span> <span class='ocrx_word' id='word_1_247' title='bbox 640 3361 974 3417; x_wconf 17' lang='lat' dir='ltr'><strong>necvl&#39;uttiutn</strong></span> <span class='ocrx_word' id='word_1_248' title='bbox 1005 3360 1108 3414; x_wconf 90' lang='lat' dir='ltr'><strong>illis</strong></span> <span class='ocrx_word' id='word_1_249' title='bbox 1147 3369 1295 3414; x_wconf 84' lang='lat' dir='ltr'><strong>tanta</strong></span> <span class='ocrx_word' id='word_1_250' title='bbox 1325 3366 1640 3428; x_wconf 85' lang='lat' dir='ltr'><strong>suppeteret</strong></span> <span class='ocrx_word' id='word_1_251' title='bbox 1678 3357 1857 3426; x_wconf 77' lang='lat' dir='ltr'><strong>copia,</strong></span> <span class='ocrx_word' id='word_1_252' title='bbox 1888 3371 2076 3411; x_wconf 84' lang='lat' dir='ltr'><strong>casus-</strong></span> 
     </span>
    </p>
   </div>
   <div class='ocr_carea' id='block_1_37' title="bbox 494 3448 2075 3524">
    <p class='ocr_par' dir='ltr' id='par_1_37' title="bbox 494 3448 2075 3524">
     <span class='ocr_line' id='line_1_37' title="bbox 494 3448 2075 3524; baseline -0.003 -17"><span class='ocrx_word' id='word_1_253' title='bbox 494 3471 601 3524; x_wconf 87' lang='lat' dir='ltr'><strong>que</strong></span> <span class='ocrx_word' id='word_1_254' title='bbox 658 3454 723 3508; x_wconf 92' lang='lat' dir='ltr'><strong>de</strong></span> <span class='ocrx_word' id='word_1_255' title='bbox 769 3452 1139 3522; x_wconf 87' lang='lat' dir='ltr'><strong>superioribus</strong></span> <span class='ocrx_word' id='word_1_256' title='bbox 1179 3449 1295 3519; x_wconf 91' lang='lat' dir='ltr'><strong>ejus</strong></span> <span class='ocrx_word' id='word_1_257' title='bbox 1347 3451 1711 3505; x_wconf 66' lang='lat' dir='ltr'><strong>aestimaretur</strong></span> <span class='ocrx_word' id='word_1_258' title='bbox 1754 3448 2075 3504; x_wconf 86' lang='lat' dir='ltr'><strong>contrivisse</strong></span> 
     </span>
    </p>
   </div>
   <div class='ocr_carea' id='block_1_38' title="bbox 495 3538 2074 3598">
    <p class='ocr_par' dir='ltr' id='par_1_38' title="bbox 495 3538 2074 3598">
     <span class='ocr_line' id='line_1_38' title="bbox 495 3538 2074 3598; baseline -0.003 0"><span class='ocrx_word' id='word_1_259' title='bbox 495 3545 763 3598; x_wconf 88' lang='lat' dir='ltr'><strong>membra.</strong></span> <span class='ocrx_word' id='word_1_260' title='bbox 790 3543 1065 3597; x_wconf 82' lang='lat' dir='ltr'><strong>Accedens</strong></span> <span class='ocrx_word' id='word_1_261' title='bbox 1103 3550 1286 3596; x_wconf 89' lang='lat' dir='ltr'><strong>autem</strong></span> <span class='ocrx_word' id='word_1_262' title='bbox 1322 3557 1460 3596; x_wconf 91' lang='lat' dir='ltr'><strong>unus</strong></span> <span class='ocrx_word' id='word_1_263' title='bbox 1497 3540 1726 3595; x_wconf 79' lang='lat' dir='ltr'><strong>fratrum</strong></span> <span class='ocrx_word' id='word_1_264' title='bbox 1755 3538 1824 3594; x_wconf 87' lang='lat' dir='ltr'><strong>ad</strong></span> <span class='ocrx_word' id='word_1_265' title='bbox 1864 3553 2074 3594; x_wconf 86' lang='lat' dir='ltr'><strong>memo-</strong></span> 
     </span>
    </p>
   </div>
   <div class='ocr_carea' id='block_1_39' title="bbox 492 3633 2074 3711">
    <p class='ocr_par' dir='ltr' id='par_1_39' title="bbox 492 3633 2074 3711">
     <span class='ocr_line' id='line_1_39' title="bbox 492 3633 2074 3711; baseline -0.003 -15"><span class='ocrx_word' id='word_1_266' title='bbox 492 3652 673 3696; x_wconf 86' lang='lat' dir='ltr'><strong>ratum</strong></span> <span class='ocrx_word' id='word_1_267' title='bbox 698 3640 1002 3711; x_wconf 83' lang='lat' dir='ltr'><strong>llugoncm,</strong></span> <span class='ocrx_word' id='word_1_268' title='bbox 1034 3639 1282 3694; x_wconf 84' lang='lat' dir='ltr'><strong>hortatus</strong></span> <span class='ocrx_word' id='word_1_269' title='bbox 1322 3647 1408 3693; x_wconf 91' lang='lat' dir='ltr'><strong>est</strong></span> <span class='ocrx_word' id='word_1_270' title='bbox 1437 3647 1496 3692; x_wconf 93' lang='lat' dir='ltr'><strong>ut</strong></span> <span class='ocrx_word' id='word_1_271' title='bbox 1529 3638 1596 3693; x_wconf 88' lang='lat' dir='ltr'><strong>de</strong></span> <span class='ocrx_word' id='word_1_272' title='bbox 1631 3637 1829 3692; x_wconf 85' lang='lat' dir='ltr'><strong>virtute</strong></span> <span class='ocrx_word' id='word_1_273' title='bbox 1859 3633 2074 3692; x_wconf 81' lang='lat' dir='ltr'><strong>confes-</strong></span> 
     </span>
    </p>
   </div>
   <div class='ocr_carea' id='block_1_40' title="bbox 494 3730 2074 3802">
    <p class='ocr_par' dir='ltr' id='par_1_40' title="bbox 494 3730 2074 3802">
     <span class='ocr_line' id='line_1_40' title="bbox 494 3730 2074 3802; baseline -0.002 -13"><span class='ocrx_word' id='word_1_274' title='bbox 494 3736 636 3790; x_wconf 88' lang='lat' dir='ltr'><strong>soris</strong></span> <span class='ocrx_word' id='word_1_275' title='bbox 675 3734 874 3790; x_wconf 77' lang='lat' dir='ltr'><strong>Christi</strong></span> <span class='ocrx_word' id='word_1_276' title='bbox 927 3731 1204 3786; x_wconf 86' lang='lat' dir='ltr'><strong>Benedicti</strong></span> <span class='ocrx_word' id='word_1_277' title='bbox 1246 3741 1458 3802; x_wconf 89' lang='lat' dir='ltr'><strong>sumpta</strong></span> <span class='ocrx_word' id='word_1_278' title='bbox 1493 3730 1710 3796; x_wconf 79' lang='lat' dir='ltr'><strong>ﬁducia,</strong></span> <span class='ocrx_word' id='word_1_279' title='bbox 1760 3731 1938 3786; x_wconf 89' lang='lat' dir='ltr'><strong>adhuc</strong></span> <span class='ocrx_word' id='word_1_280' title='bbox 1983 3745 2074 3786; x_wconf 85' lang='lat' dir='ltr'><strong>se-</strong></span> 
     </span>
    </p>
   </div>
   <div class='ocr_carea' id='block_1_41' title="bbox 492 3821 2076 3892">
    <p class='ocr_par' dir='ltr' id='par_1_41' title="bbox 492 3821 2076 3892">
     <span class='ocr_line' id='line_1_41' title="bbox 492 3821 2076 3892; baseline -0.002 -13"><span class='ocrx_word' id='word_1_281' title='bbox 492 3826 604 3880; x_wconf 87' lang='lat' dir='ltr'><strong>mel</strong></span> <span class='ocrx_word' id='word_1_282' title='bbox 671 3833 1000 3878; x_wconf 90' lang='lat' dir='ltr'><strong>attentatum</strong></span> <span class='ocrx_word' id='word_1_283' title='bbox 1065 3822 1413 3877; x_wconf 86' lang='lat' dir='ltr'><strong>adorirentur</strong></span> <span class='ocrx_word' id='word_1_284' title='bbox 1477 3836 1633 3892; x_wconf 90' lang='lat' dir='ltr'><strong>opus.</strong></span> <span class='ocrx_word' id='word_1_285' title='bbox 1692 3821 2076 3881; x_wconf 13' lang='lat' dir='ltr'><strong>,Annuentibus</strong></span> 
     </span>
    </p>
   </div>
   <div class='ocr_carea' id='block_1_42' title="bbox 497 3911 2076 3986">
    <p class='ocr_par' dir='ltr' id='par_1_42' title="bbox 497 3911 2076 3986">
     <span class='ocr_line' id='line_1_42' title="bbox 497 3911 2076 3986; baseline 0 -18"><span class='ocrx_word' id='word_1_286' title='bbox 497 3930 714 3985; x_wconf 83' lang='lat' dir='ltr'><strong>quoque</strong></span> <span class='ocrx_word' id='word_1_287' title='bbox 747 3914 864 3984; x_wconf 84' lang='lat' dir='ltr'><strong>ejus</strong></span> <span class='ocrx_word' id='word_1_288' title='bbox 905 3913 1241 3986; x_wconf 87' lang='lat' dir='ltr'><strong>persuasioni</strong></span> <span class='ocrx_word' id='word_1_289' title='bbox 1281 3913 1605 3984; x_wconf 90' lang='lat' dir='ltr'><strong>quibusdam</strong></span> <span class='ocrx_word' id='word_1_290' title='bbox 1629 3911 1912 3981; x_wconf 88' lang='lat' dir='ltr'><strong>juvenum,</strong></span> <span class='ocrx_word' id='word_1_291' title='bbox 1945 3913 2076 3984; x_wconf 88' lang='lat' dir='ltr'><strong>quid</strong></span> 
     </span>
    </p>
   </div>
   <div class='ocr_carea' id='block_1_43' title="bbox 493 4004 2077 4079">
    <p class='ocr_par' dir='ltr' id='par_1_43' title="bbox 493 4004 2077 4079">
     <span class='ocr_line' id='line_1_43' title="bbox 493 4004 2077 4079; baseline -0.002 -17"><span class='ocrx_word' id='word_1_292' title='bbox 493 4024 608 4064; x_wconf 78' lang='lat' dir='ltr'><strong>sua:</strong></span> <span class='ocrx_word' id='word_1_293' title='bbox 652 4016 880 4079; x_wconf 86' lang='lat' dir='ltr'><strong>possent</strong></span> <span class='ocrx_word' id='word_1_294' title='bbox 925 4009 1067 4062; x_wconf 87' lang='lat' dir='ltr'><strong>vires</strong></span> <span class='ocrx_word' id='word_1_295' title='bbox 1109 4006 1347 4078; x_wconf 80' lang='lat' dir='ltr'><strong>experiri</strong></span> <span class='ocrx_word' id='word_1_296' title='bbox 1399 4005 1757 4076; x_wconf 88' lang='lat' dir='ltr'><strong>cupientium,</strong></span> <span class='ocrx_word' id='word_1_297' title='bbox 1804 4004 2077 4075; x_wconf 59' lang='lat' dir='ltr'><strong>praecipue</strong></span> 
     </span>
    </p>
   </div>
   <div class='ocr_carea' id='block_1_44' title="bbox 496 4094 2077 4170">
    <p class='ocr_par' dir='ltr' id='par_1_44' title="bbox 496 4094 2077 4170">
     <span class='ocr_line' id='line_1_44' title="bbox 496 4094 2077 4170; baseline -0.003 -17"><span class='ocrx_word' id='word_1_298' title='bbox 496 4098 723 4170; x_wconf 75' lang='lat' dir='ltr'><strong>conjuge</strong></span> <span class='ocrx_word' id='word_1_299' title='bbox 751 4097 992 4169; x_wconf 88' lang='lat' dir='ltr'><strong>ejusdem</strong></span> <span class='ocrx_word' id='word_1_300' title='bbox 1018 4097 1337 4152; x_wconf 88' lang='lat' dir='ltr'><strong>nobilissimi</strong></span> <span class='ocrx_word' id='word_1_301' title='bbox 1365 4096 1466 4150; x_wconf 90' lang='lat' dir='ltr'><strong>viri</strong></span> <span class='ocrx_word' id='word_1_302' title='bbox 1499 4094 1760 4167; x_wconf 80' lang='lat' dir='ltr'><strong>llugonis,</strong></span> <span class='ocrx_word' id='word_1_303' title='bbox 1794 4111 1916 4164; x_wconf 83' lang='lat' dir='ltr'><strong>quae</strong></span> <span class='ocrx_word' id='word_1_304' title='bbox 1953 4095 2077 4150; x_wconf 90' lang='lat' dir='ltr'><strong>ﬁdei</strong></span> 
     </span>
    </p>
   </div>
   <div class='ocr_carea' id='block_1_45' title="bbox 496 4181 2078 4245">
    <p class='ocr_par' dir='ltr' id='par_1_45' title="bbox 496 4181 2078 4245">
     <span class='ocr_line' id='line_1_45' title="bbox 496 4181 2078 4245; baseline -0.003 -4"><span class='ocrx_word' id='word_1_305' title='bbox 496 4205 562 4245; x_wconf 86' lang='lat' dir='ltr'><strong>ac</strong></span> <span class='ocrx_word' id='word_1_306' title='bbox 598 4187 905 4244; x_wconf 89' lang='lat' dir='ltr'><strong>devotionis</strong></span> <span class='ocrx_word' id='word_1_307' title='bbox 938 4186 992 4241; x_wconf 91' lang='lat' dir='ltr'><strong>in</strong></span> <span class='ocrx_word' id='word_1_308' title='bbox 1031 4185 1406 4241; x_wconf 88' lang='lat' dir='ltr'><strong>beatissimum</strong></span> <span class='ocrx_word' id='word_1_309' title='bbox 1447 4183 1664 4238; x_wconf 87' lang='lat' dir='ltr'><strong>Patrem</strong></span> <span class='ocrx_word' id='word_1_310' title='bbox 1701 4194 1946 4238; x_wconf 91' lang='lat' dir='ltr'><strong>nostrum</strong></span> <span class='ocrx_word' id='word_1_311' title='bbox 1981 4181 2078 4236; x_wconf 84' lang='lat' dir='ltr'><strong>Be-</strong></span> 
     </span>
    </p>
   </div>
   <div class='ocr_carea' id='block_1_46' title="bbox 493 4275 2077 4349">
    <p class='ocr_par' dir='ltr' id='par_1_46' title="bbox 493 4275 2077 4349">
     <span class='ocr_line' id='line_1_46' title="bbox 493 4275 2077 4349; baseline -0.006 -13"><span class='ocrx_word' id='word_1_312' title='bbox 493 4281 776 4336; x_wconf 84' lang='lat' dir='ltr'><strong>nedictum</strong></span> <span class='ocrx_word' id='word_1_313' title='bbox 824 4280 1020 4336; x_wconf 90' lang='lat' dir='ltr'><strong>ardore</strong></span> <span class='ocrx_word' id='word_1_314' title='bbox 1069 4277 1358 4349; x_wconf 81' lang='lat' dir='ltr'><strong>ﬂagrabat,</strong></span> <span class='ocrx_word' id='word_1_315' title='bbox 1409 4276 1606 4333; x_wconf 91' lang='lat' dir='ltr'><strong>iterato</strong></span> <span class='ocrx_word' id='word_1_316' title='bbox 1661 4275 1822 4330; x_wconf 83' lang='lat' dir='ltr'><strong>scalae</strong></span> <span class='ocrx_word' id='word_1_317' title='bbox 1867 4275 1921 4329; x_wconf 89' lang='lat' dir='ltr'><strong>in</strong></span> <span class='ocrx_word' id='word_1_318' title='bbox 1979 4289 2077 4343; x_wconf 86' lang='lat' dir='ltr'><strong>pu-</strong></span> 
     </span>
    </p>
   </div>
   <div class='ocr_carea' id='block_1_47' title="bbox 500 4365 2077 4443">
    <p class='ocr_par' dir='ltr' id='par_1_47' title="bbox 500 4365 2077 4443">
     <span class='ocr_line' id='line_1_47' title="bbox 500 4365 2077 4443; baseline -0.004 -15"><span class='ocrx_word' id='word_1_319' title='bbox 500 4385 648 4428; x_wconf 87' lang='lat' dir='ltr'><strong>teum</strong></span> <span class='ocrx_word' id='word_1_320' title='bbox 685 4373 1045 4443; x_wconf 90' lang='lat' dir='ltr'><strong>deponuntur.</strong></span> <span class='ocrx_word' id='word_1_321' title='bbox 1094 4371 1264 4426; x_wconf 82' lang='lat' dir='ltr'><strong>Porro</strong></span> <span class='ocrx_word' id='word_1_322' title='bbox 1313 4378 1607 4440; x_wconf 87' lang='lat' dir='ltr'><strong>apparatus</strong></span> <span class='ocrx_word' id='word_1_323' title='bbox 1638 4367 1842 4422; x_wconf 86' lang='lat' dir='ltr'><strong>funium</strong></span> <span class='ocrx_word' id='word_1_324' title='bbox 1899 4365 2077 4421; x_wconf 88' lang='lat' dir='ltr'><strong>nullus</strong></span> 
     </span>
    </p>
   </div>
   <div class='ocr_carea' id='block_1_48' title="bbox 2157 531 3739 602">
    <p class='ocr_par' dir='ltr' id='par_1_48' title="bbox 2157 531 3739 602">
     <span class='ocr_line' id='line_1_48' title="bbox 2157 531 3739 602; baseline 0.006 -17"><span class='ocrx_word' id='word_1_325' title='bbox 2157 546 2390 599; x_wconf 86' lang='lat' dir='ltr'><strong>cumque</strong></span> <span class='ocrx_word' id='word_1_326' title='bbox 2419 531 2568 602; x_wconf 89' lang='lat' dir='ltr'><strong>virga</strong></span> <span class='ocrx_word' id='word_1_327' title='bbox 2623 539 2874 602; x_wconf 87' lang='lat' dir='ltr'><strong>tangens,</strong></span> <span class='ocrx_word' id='word_1_328' title='bbox 2907 533 2974 587; x_wconf 83' lang='lat' dir='ltr'><strong>ad</strong></span> <span class='ocrx_word' id='word_1_329' title='bbox 3004 534 3427 591; x_wconf 87' lang='lat' dir='ltr'><strong>circumstantes</strong></span> <span class='ocrx_word' id='word_1_330' title='bbox 3463 538 3578 591; x_wconf 88' lang='lat' dir='ltr'><strong>ait:</strong></span> <span class='ocrx_word' id='word_1_331' title='bbox 3609 537 3739 595; x_wconf 65' lang='lat' dir='ltr'><strong>«Hic</strong></span> 
     </span>
    </p>
   </div>
   <div class='ocr_carea' id='block_1_49' title="bbox 2160 623 3739 696">
    <p class='ocr_par' dir='ltr' id='par_1_49' title="bbox 2160 623 3739 696">
     <span class='ocr_line' id='line_1_49' title="bbox 2160 623 3739 696; baseline 0.006 -20"><span class='ocrx_word' id='word_1_332' title='bbox 2160 623 2446 678; x_wconf 86' lang='lat' dir='ltr'><strong>reviviscet</strong></span> <span class='ocrx_word' id='word_1_333' title='bbox 2489 638 2819 692; x_wconf 64' lang='lat' dir='ltr'><strong>nunquam.)</strong></span> <span class='ocrx_word' id='word_1_334' title='bbox 2855 624 3008 680; x_wconf 88' lang='lat' dir='ltr'><strong>Tunc</strong></span> <span class='ocrx_word' id='word_1_335' title='bbox 3036 640 3210 696; x_wconf 89' lang='lat' dir='ltr'><strong>equus</strong></span> <span class='ocrx_word' id='word_1_336' title='bbox 3239 627 3564 696; x_wconf 88' lang='lat' dir='ltr'><strong>quibusdam</strong></span> <span class='ocrx_word' id='word_1_337' title='bbox 3612 645 3739 685; x_wconf 81' lang='lat' dir='ltr'><strong>eum</strong></span> 
     </span>
    </p>
   </div>
   <div class='ocr_carea' id='block_1_50' title="bbox 2159 713 3739 788">
    <p class='ocr_par' dir='ltr' id='par_1_50' title="bbox 2159 713 3739 788">
     <span class='ocr_line' id='line_1_50' title="bbox 2159 713 3739 788; baseline 0.005 -19"><span class='ocrx_word' id='word_1_338' title='bbox 2159 713 2565 770; x_wconf 89' lang='lat' dir='ltr'><strong>sublevantibus</strong></span> <span class='ocrx_word' id='word_1_339' title='bbox 2624 731 2654 769; x_wconf 90' lang='lat' dir='ltr'><strong>a</strong></span> <span class='ocrx_word' id='word_1_340' title='bbox 2712 725 2896 782; x_wconf 89' lang='lat' dir='ltr'><strong>terra,</strong></span> <span class='ocrx_word' id='word_1_341' title='bbox 2957 733 3076 772; x_wconf 89' lang='lat' dir='ltr'><strong>sese</strong></span> <span class='ocrx_word' id='word_1_342' title='bbox 3141 719 3356 788; x_wconf 79' lang='lat' dir='ltr'><strong>erigens</strong></span> <span class='ocrx_word' id='word_1_343' title='bbox 3418 723 3739 788; x_wconf 83' lang='lat' dir='ltr'><strong>concussit,</strong></span> 
     </span>
    </p>
   </div>
   <div class='ocr_carea' id='block_1_51' title="bbox 2160 805 3741 878">
    <p class='ocr_par' dir='ltr' id='par_1_51' title="bbox 2160 805 3741 878">
     <span class='ocr_line' id='line_1_51' title="bbox 2160 805 3741 878; baseline 0.005 -21"><span class='ocrx_word' id='word_1_344' title='bbox 2160 818 2464 872; x_wconf 87' lang='lat' dir='ltr'><strong>aquamque</strong></span> <span class='ocrx_word' id='word_1_345' title='bbox 2521 819 2683 873; x_wconf 92' lang='lat' dir='ltr'><strong>quam</strong></span> <span class='ocrx_word' id='word_1_346' title='bbox 2752 805 2954 859; x_wconf 89' lang='lat' dir='ltr'><strong>invitus</strong></span> <span class='ocrx_word' id='word_1_347' title='bbox 3012 805 3304 871; x_wconf 84' lang='lat' dir='ltr'><strong>hauserat,</strong></span> <span class='ocrx_word' id='word_1_348' title='bbox 3351 822 3448 878; x_wconf 86' lang='lat' dir='ltr'><strong>per</strong></span> <span class='ocrx_word' id='word_1_349' title='bbox 3496 819 3741 865; x_wconf 82' lang='lat' dir='ltr'><strong>meatum</strong></span> 
     </span>
    </p>
   </div>
   <div class='ocr_carea' id='block_1_52' title="bbox 2161 893 3745 964">
    <p class='ocr_par' dir='ltr' id='par_1_52' title="bbox 2161 893 3745 964">
     <span class='ocr_line' id='line_1_52' title="bbox 2161 893 3745 964; baseline 0.004 -17"><span class='ocrx_word' id='word_1_350' title='bbox 2161 894 2330 948; x_wconf 68' lang='lat' dir='ltr'><strong>urintc</strong></span> <span class='ocrx_word' id='word_1_351' title='bbox 2361 893 2604 964; x_wconf 81' lang='lat' dir='ltr'><strong>digessit.</strong></span> <span class='ocrx_word' id='word_1_352' title='bbox 2653 893 2865 950; x_wconf 88' lang='lat' dir='ltr'><strong>Alacris</strong></span> <span class='ocrx_word' id='word_1_353' title='bbox 2905 894 3049 950; x_wconf 89' lang='lat' dir='ltr'><strong>illico</strong></span> <span class='ocrx_word' id='word_1_354' title='bbox 3095 896 3287 952; x_wconf 84' lang='lat' dir='ltr'><strong>mulier</strong></span> <span class='ocrx_word' id='word_1_355' title='bbox 3324 898 3412 953; x_wconf 84' lang='lat' dir='ltr'><strong>his</strong></span> <span class='ocrx_word' id='word_1_356' title='bbox 3450 898 3638 954; x_wconf 81' lang='lat' dir='ltr'><strong>verbis</strong></span> <span class='ocrx_word' id='word_1_357' title='bbox 3663 901 3745 954; x_wconf 75' lang='lat' dir='ltr'><strong>vi-</strong></span> 
     </span>
    </p>
   </div>
   <div class='ocr_carea' id='block_1_53' title="bbox 2161 987 3744 1058">
    <p class='ocr_par' dir='ltr' id='par_1_53' title="bbox 2161 987 3744 1058">
     <span class='ocr_line' id='line_1_53' title="bbox 2161 987 3744 1058; baseline 0.004 -18"><span class='ocrx_word' id='word_1_358' title='bbox 2161 1002 2280 1040; x_wconf 91' lang='lat' dir='ltr'><strong>rum</strong></span> <span class='ocrx_word' id='word_1_359' title='bbox 2323 987 2588 1057; x_wconf 77' lang='lat' dir='ltr'><strong>arguebat</strong></span> <span class='ocrx_word' id='word_1_360' title='bbox 2621 1005 2634 1041; x_wconf 88' lang='lat'><strong>:</strong></span> <span class='ocrx_word' id='word_1_361' title='bbox 2675 1006 2693 1038; x_wconf 83' lang='grc' dir='ltr'><strong>ι</strong></span> <span class='ocrx_word' id='word_1_362' title='bbox 2723 987 2824 1053; x_wconf 86' lang='grc' dir='ltr'>Ειι,</span> <span class='ocrx_word' id='word_1_363' title='bbox 2873 988 2972 1053; x_wconf 85' lang='lat' dir='ltr'><strong>ait,</strong></span> <span class='ocrx_word' id='word_1_364' title='bbox 3005 989 3386 1058; x_wconf 83' lang='lat' dir='ltr'><strong>experimento</strong></span> <span class='ocrx_word' id='word_1_365' title='bbox 3440 991 3546 1046; x_wconf 83' lang='lat' dir='ltr'><strong>hoe</strong></span> <span class='ocrx_word' id='word_1_366' title='bbox 3595 992 3744 1047; x_wconf 76' lang='lat' dir='ltr'><strong>disce</strong></span> 
     </span>
    </p>
   </div>
   <div class='ocr_carea' id='block_1_54' title="bbox 2160 1075 3740 1147">
    <p class='ocr_par' dir='ltr' id='par_1_54' title="bbox 2160 1075 3740 1147">
     <span class='ocr_line' id='line_1_54' title="bbox 2160 1075 3740 1147; baseline 0.005 -19"><span class='ocrx_word' id='word_1_367' title='bbox 2160 1075 2515 1130; x_wconf 87' lang='lat' dir='ltr'><strong>Benedictum</strong></span> <span class='ocrx_word' id='word_1_368' title='bbox 2553 1077 2646 1130; x_wconf 91' lang='lat' dir='ltr'><strong>Dei</strong></span> <span class='ocrx_word' id='word_1_369' title='bbox 2675 1077 2936 1132; x_wconf 88' lang='lat' dir='ltr'><strong>famulum</strong></span> <span class='ocrx_word' id='word_1_370' title='bbox 2966 1078 3199 1134; x_wconf 88' lang='lat' dir='ltr'><strong>ﬁdeliter</strong></span> <span class='ocrx_word' id='word_1_371' title='bbox 3238 1095 3296 1135; x_wconf 91' lang='lat' dir='ltr'><strong>se</strong></span> <span class='ocrx_word' id='word_1_372' title='bbox 3337 1081 3740 1147; x_wconf 84' lang='lat' dir='ltr'><strong>invocantibus,</strong></span> 
     </span>
    </p>
   </div>
   <div class='ocr_carea' id='block_1_55' title="bbox 2153 1151 3746 1237">
    <p class='ocr_par' dir='ltr' id='par_1_55' title="bbox 2153 1151 3746 1237">
     <span class='ocr_line' id='line_1_55' title="bbox 2153 1151 3746 1237; baseline 0.004 -16"><span class='ocrx_word' id='word_1_373' title='bbox 2153 1166 2432 1237; x_wconf 83' lang='lat' dir='ltr'><strong>praecipue</strong></span> <span class='ocrx_word' id='word_1_374' title='bbox 2458 1167 2573 1221; x_wconf 90' lang='lat' dir='ltr'><strong>suis</strong></span> <span class='ocrx_word' id='word_1_375' title='bbox 2597 1165 2835 1234; x_wconf 83' lang='lat' dir='ltr'><strong>famulis,</strong></span> <span class='ocrx_word' id='word_1_376' title='bbox 2860 1151 3063 1237; x_wconf 77' lang='lat' dir='ltr'><strong>praesto</strong></span> <span class='ocrx_word' id='word_1_377' title='bbox 3091 1183 3265 1225; x_wconf 65' lang='lat' dir='ltr'><strong>esse.»</strong></span> <span class='ocrx_word' id='word_1_378' title='bbox 3303 1170 3539 1226; x_wconf 77' lang='lat' dir='ltr'><strong>Plausus</strong></span> <span class='ocrx_word' id='word_1_379' title='bbox 3569 1173 3746 1227; x_wconf 27' lang='lat' dir='ltr'><strong>contis</strong></span> 
     </span>
    </p>
   </div>
   <div class='ocr_carea' id='block_1_56' title="bbox 2162 1257 3748 1327">
    <p class='ocr_par' dir='ltr' id='par_1_56' title="bbox 2162 1257 3748 1327">
     <span class='ocr_line' id='line_1_56' title="bbox 2162 1257 3748 1327; baseline 0.003 -14"><span class='ocrx_word' id='word_1_380' title='bbox 2162 1274 2271 1314; x_wconf 91' lang='lat' dir='ltr'><strong>nuo</strong></span> <span class='ocrx_word' id='word_1_381' title='bbox 2316 1273 2382 1312; x_wconf 89' lang='lat' dir='ltr'><strong>ac</strong></span> <span class='ocrx_word' id='word_1_382' title='bbox 2426 1273 2530 1313; x_wconf 78' lang='lat' dir='ltr'><strong>vox</strong></span> <span class='ocrx_word' id='word_1_383' title='bbox 2575 1257 2774 1314; x_wconf 60' lang='lat' dir='ltr'><strong>latitia:</strong></span> <span class='ocrx_word' id='word_1_384' title='bbox 2821 1269 2932 1314; x_wconf 90' lang='lat' dir='ltr'><strong>toto</strong></span> <span class='ocrx_word' id='word_1_385' title='bbox 2975 1260 3229 1315; x_wconf 89' lang='lat' dir='ltr'><strong>oriuntur</strong></span> <span class='ocrx_word' id='word_1_386' title='bbox 3272 1271 3474 1327; x_wconf 84' lang='lat' dir='ltr'><strong>castro,</strong></span> <span class='ocrx_word' id='word_1_387' title='bbox 3518 1261 3748 1317; x_wconf 76' lang='lat' dir='ltr'><strong>Benedi-</strong></span> 
     </span>
    </p>
   </div>
   <div class='ocr_carea' id='block_1_57' title="bbox 2161 1349 3747 1425">
    <p class='ocr_par' dir='ltr' id='par_1_57' title="bbox 2161 1349 3747 1425">
     <span class='ocr_line' id='line_1_57' title="bbox 2161 1349 3747 1425; baseline 0.003 -20"><span class='ocrx_word' id='word_1_388' title='bbox 2161 1360 2310 1406; x_wconf 89' lang='lat' dir='ltr'><strong>ctum</strong></span> <span class='ocrx_word' id='word_1_389' title='bbox 2374 1349 2751 1419; x_wconf 87' lang='lat' dir='ltr'><strong>laudantium,</strong></span> <span class='ocrx_word' id='word_1_390' title='bbox 2810 1350 3103 1408; x_wconf 87' lang='lat' dir='ltr'><strong>Benedieto</strong></span> <span class='ocrx_word' id='word_1_391' title='bbox 3173 1355 3382 1424; x_wconf 86' lang='lat' dir='ltr'><strong>gratias</strong></span> <span class='ocrx_word' id='word_1_392' title='bbox 3469 1355 3747 1425; x_wconf 80' lang='lat' dir='ltr'><strong>agentium</strong></span> 
     </span>
    </p>
   </div>
   <div class='ocr_carea' id='block_1_58' title="bbox 2162 1441 3748 1517">
    <p class='ocr_par' dir='ltr' id='par_1_58' title="bbox 2162 1441 3748 1517">
     <span class='ocr_line' id='line_1_58' title="bbox 2162 1441 3748 1517; baseline 0.004 -21"><span class='ocrx_word' id='word_1_393' title='bbox 2162 1443 2302 1513; x_wconf 90' lang='lat' dir='ltr'><strong>quod</strong></span> <span class='ocrx_word' id='word_1_394' title='bbox 2321 1441 2434 1510; x_wconf 88' lang='lat' dir='ltr'><strong>jam</strong></span> <span class='ocrx_word' id='word_1_395' title='bbox 2458 1442 2689 1507; x_wconf 82' lang='lat' dir='ltr'><strong>viveret,</strong></span> <span class='ocrx_word' id='word_1_396' title='bbox 2727 1444 2871 1513; x_wconf 89' lang='lat' dir='ltr'><strong>quod</strong></span> <span class='ocrx_word' id='word_1_397' title='bbox 2897 1445 3008 1514; x_wconf 85' lang='lat' dir='ltr'><strong>jam</strong></span> <span class='ocrx_word' id='word_1_398' title='bbox 3045 1447 3280 1516; x_wconf 82' lang='lat' dir='ltr'><strong>prepriis</strong></span> <span class='ocrx_word' id='word_1_399' title='bbox 3317 1446 3550 1516; x_wconf 83' lang='lat' dir='ltr'><strong>pedibus</strong></span> <span class='ocrx_word' id='word_1_400' title='bbox 3575 1463 3748 1517; x_wconf 80' lang='lat' dir='ltr'><strong>equus</strong></span> 
     </span>
    </p>
   </div>
   <div class='ocr_carea' id='block_1_59' title="bbox 2163 1535 3747 1610">
    <p class='ocr_par' dir='ltr' id='par_1_59' title="bbox 2163 1535 3747 1610">
     <span class='ocr_line' id='line_1_59' title="bbox 2163 1535 3747 1610; baseline 0.006 -23"><span class='ocrx_word' id='word_1_401' title='bbox 2163 1536 2404 1591; x_wconf 86' lang='lat' dir='ltr'><strong>vaderet.</strong></span> <span class='ocrx_word' id='word_1_402' title='bbox 2433 1535 2576 1590; x_wconf 88' lang='lat' dir='ltr'><strong>Sane</strong></span> <span class='ocrx_word' id='word_1_403' title='bbox 2621 1536 2870 1606; x_wconf 84' lang='lat' dir='ltr'><strong>religiosa</strong></span> <span class='ocrx_word' id='word_1_404' title='bbox 2896 1536 3122 1604; x_wconf 77' lang='lat' dir='ltr'><strong>femina,</strong></span> <span class='ocrx_word' id='word_1_405' title='bbox 3157 1539 3284 1610; x_wconf 88' lang='lat' dir='ltr'><strong>quia</strong></span> <span class='ocrx_word' id='word_1_406' title='bbox 3315 1540 3486 1595; x_wconf 84' lang='lat' dir='ltr'><strong>hiems</strong></span> <span class='ocrx_word' id='word_1_407' title='bbox 3515 1551 3660 1606; x_wconf 80' lang='lat' dir='ltr'><strong>erat,</strong></span> <span class='ocrx_word' id='word_1_408' title='bbox 3694 1541 3747 1596; x_wconf 89' lang='lat' dir='ltr'><strong>in</strong></span> 
     </span>
    </p>
   </div>
   <div class='ocr_carea' id='block_1_60' title="bbox 2163 1625 3750 1696">
    <p class='ocr_par' dir='ltr' id='par_1_60' title="bbox 2163 1625 3750 1696">
     <span class='ocr_line' id='line_1_60' title="bbox 2163 1625 3750 1696; baseline 0.006 -18"><span class='ocrx_word' id='word_1_409' title='bbox 2163 1625 2348 1694; x_wconf 88' lang='lat' dir='ltr'><strong>aprica</strong></span> <span class='ocrx_word' id='word_1_410' title='bbox 2421 1626 2583 1680; x_wconf 91' lang='lat' dir='ltr'><strong>domo</strong></span> <span class='ocrx_word' id='word_1_411' title='bbox 2644 1626 2992 1696; x_wconf 89' lang='lat' dir='ltr'><strong>cornipedem</strong></span> <span class='ocrx_word' id='word_1_412' title='bbox 3050 1629 3338 1684; x_wconf 86' lang='lat' dir='ltr'><strong>deductum</strong></span> <span class='ocrx_word' id='word_1_413' title='bbox 3406 1631 3750 1687; x_wconf 80' lang='lat' dir='ltr'><strong>mollioribus</strong></span> 
     </span>
    </p>
   </div>
   <div class='ocr_carea' id='block_1_61' title="bbox 2165 1716 3750 1792">
    <p class='ocr_par' dir='ltr' id='par_1_61' title="bbox 2165 1716 3750 1792">
     <span class='ocr_line' id='line_1_61' title="bbox 2165 1716 3750 1792; baseline 0.005 -22"><span class='ocrx_word' id='word_1_414' title='bbox 2165 1716 2480 1770; x_wconf 89' lang='lat' dir='ltr'><strong>stramentis</strong></span> <span class='ocrx_word' id='word_1_415' title='bbox 2519 1732 2688 1787; x_wconf 89' lang='lat' dir='ltr'><strong>usque</strong></span> <span class='ocrx_word' id='word_1_416' title='bbox 2718 1717 2786 1772; x_wconf 91' lang='lat' dir='ltr'><strong>ad</strong></span> <span class='ocrx_word' id='word_1_417' title='bbox 2827 1716 3173 1774; x_wconf 84' lang='lat' dir='ltr'><strong>ditfusionem</strong></span> <span class='ocrx_word' id='word_1_418' title='bbox 3207 1721 3421 1776; x_wconf 84' lang='lat' dir='ltr'><strong>sudoris</strong></span> <span class='ocrx_word' id='word_1_419' title='bbox 3463 1721 3579 1791; x_wconf 88' lang='lat' dir='ltr'><strong>ipsa</strong></span> <span class='ocrx_word' id='word_1_420' title='bbox 3617 1737 3750 1792; x_wconf 85' lang='lat' dir='ltr'><strong>ope-</strong></span> 
     </span>
    </p>
   </div>
   <div class='ocr_carea' id='block_1_62' title="bbox 2167 1808 3752 1880">
    <p class='ocr_par' dir='ltr' id='par_1_62' title="bbox 2167 1808 3752 1880">
     <span class='ocr_line' id='line_1_62' title="bbox 2167 1808 3752 1880; baseline 0.004 -19"><span class='ocrx_word' id='word_1_421' title='bbox 2167 1808 2306 1873; x_wconf 85' lang='lat' dir='ltr'><strong>ruit;</strong></span> <span class='ocrx_word' id='word_1_422' title='bbox 2350 1808 2444 1878; x_wconf 78' lang='lat' dir='ltr'><strong>qui</strong></span> <span class='ocrx_word' id='word_1_423' title='bbox 2489 1808 2613 1864; x_wconf 90' lang='lat' dir='ltr'><strong>inde</strong></span> <span class='ocrx_word' id='word_1_424' title='bbox 2659 1818 2783 1879; x_wconf 87' lang='lat' dir='ltr'><strong>post</strong></span> <span class='ocrx_word' id='word_1_425' title='bbox 2826 1809 3102 1880; x_wconf 87' lang='lat' dir='ltr'><strong>paululum</strong></span> <span class='ocrx_word' id='word_1_426' title='bbox 3144 1821 3432 1880; x_wconf 80' lang='lat' dir='ltr'><strong>retractus,</strong></span> <span class='ocrx_word' id='word_1_427' title='bbox 3482 1823 3644 1869; x_wconf 75' lang='lat' dir='ltr'><strong>terra:</strong></span> <span class='ocrx_word' id='word_1_428' title='bbox 3690 1829 3752 1868; x_wconf 88' lang='lat' dir='ltr'><strong>se</strong></span> 
     </span>
    </p>
   </div>
   <div class='ocr_carea' id='block_1_63' title="bbox 2157 1901 3750 1971">
    <p class='ocr_par' dir='ltr' id='par_1_63' title="bbox 2157 1901 3750 1971">
     <span class='ocr_line' id='line_1_63' title="bbox 2157 1901 3750 1971; baseline 0.003 -15"><span class='ocrx_word' id='word_1_429' title='bbox 2157 1901 2487 1968; x_wconf 86' lang='lat' dir='ltr'><strong>provolvens</strong></span> <span class='ocrx_word' id='word_1_430' title='bbox 2508 1917 2572 1954; x_wconf 90' lang='lat' dir='ltr'><strong>ac</strong></span> <span class='ocrx_word' id='word_1_431' title='bbox 2595 1901 2847 1958; x_wconf 88' lang='lat' dir='ltr'><strong>omnibus</strong></span> <span class='ocrx_word' id='word_1_432' title='bbox 2868 1904 3134 1960; x_wconf 86' lang='lat' dir='ltr'><strong>membris</strong></span> <span class='ocrx_word' id='word_1_433' title='bbox 3161 1908 3498 1971; x_wconf 88' lang='lat' dir='ltr'><strong>concutiens,</strong></span> <span class='ocrx_word' id='word_1_434' title='bbox 3534 1908 3750 1962; x_wconf 89' lang='lat' dir='ltr'><strong>hinnitu</strong></span> 
     </span>
    </p>
   </div>
   <div class='ocr_carea' id='block_1_64' title="bbox 2167 1989 3753 2067">
    <p class='ocr_par' dir='ltr' id='par_1_64' title="bbox 2167 1989 3753 2067">
     <span class='ocr_line' id='line_1_64' title="bbox 2167 1989 3753 2067; baseline 0.006 -23"><span class='ocrx_word' id='word_1_435' title='bbox 2167 1989 2406 2046; x_wconf 85' lang='lat' dir='ltr'><strong>sodalem</strong></span> <span class='ocrx_word' id='word_1_436' title='bbox 2438 1993 2738 2062; x_wconf 71' lang='lat' dir='ltr'><strong>qttzerebat.</strong></span> <span class='ocrx_word' id='word_1_437' title='bbox 2772 1992 2943 2059; x_wconf 89' lang='lat' dir='ltr'><strong>Quem</strong></span> <span class='ocrx_word' id='word_1_438' title='bbox 2969 1993 3165 2050; x_wconf 89' lang='lat' dir='ltr'><strong>fratres</strong></span> <span class='ocrx_word' id='word_1_439' title='bbox 3187 1997 3279 2067; x_wconf 88' lang='lat' dir='ltr'><strong>qui</strong></span> <span class='ocrx_word' id='word_1_440' title='bbox 3307 1998 3557 2063; x_wconf 87' lang='lat' dir='ltr'><strong>aderant,</strong></span> <span class='ocrx_word' id='word_1_441' title='bbox 3600 2014 3753 2054; x_wconf 85' lang='lat' dir='ltr'><strong>recc-</strong></span> 
     </span>
    </p>
   </div>
   <div class='ocr_carea' id='block_1_65' title="bbox 2168 2082 3752 2162">
    <p class='ocr_par' dir='ltr' id='par_1_65' title="bbox 2168 2082 3752 2162">
     <span class='ocr_line' id='line_1_65' title="bbox 2168 2082 3752 2162; baseline 0.004 -26"><span class='ocrx_word' id='word_1_442' title='bbox 2168 2091 2321 2152; x_wconf 90' lang='lat' dir='ltr'><strong>ptnm</strong></span> <span class='ocrx_word' id='word_1_443' title='bbox 2359 2082 2626 2150; x_wconf 75' lang='lat' dir='ltr'><strong>lzetantes,</strong></span> <span class='ocrx_word' id='word_1_444' title='bbox 2656 2083 2724 2162; x_wconf 85' lang='lat' dir='ltr'><strong>ad</strong></span> <span class='ocrx_word' id='word_1_445' title='bbox 2746 2085 2972 2155; x_wconf 87' lang='lat' dir='ltr'><strong>propria</strong></span> <span class='ocrx_word' id='word_1_446' title='bbox 3006 2085 3352 2153; x_wconf 89' lang='lat' dir='ltr'><strong>incolumem,</strong></span> <span class='ocrx_word' id='word_1_447' title='bbox 3383 2088 3533 2144; x_wconf 91' lang='lat' dir='ltr'><strong>nullo</strong></span> <span class='ocrx_word' id='word_1_448' title='bbox 3573 2103 3752 2144; x_wconf 88' lang='lat' dir='ltr'><strong>mem-</strong></span> 
     </span>
    </p>
   </div>
   <div class='ocr_carea' id='block_1_66' title="bbox 2167 2173 3754 2234">
    <p class='ocr_par' dir='ltr' id='par_1_66' title="bbox 2167 2173 3754 2234">
     <span class='ocr_line' id='line_1_66' title="bbox 2167 2173 3754 2234; baseline 0.003 -4"><span class='ocrx_word' id='word_1_449' title='bbox 2167 2173 2266 2230; x_wconf 86' lang='lat' dir='ltr'><strong>bro</strong></span> <span class='ocrx_word' id='word_1_450' title='bbox 2304 2173 2534 2228; x_wconf 90' lang='lat' dir='ltr'><strong>debilem</strong></span> <span class='ocrx_word' id='word_1_451' title='bbox 2580 2175 2931 2230; x_wconf 80' lang='lat' dir='ltr'><strong>reduxerunt.</strong></span> <span class='ocrx_word' id='word_1_452' title='bbox 2973 2175 3176 2232; x_wconf 83' lang='lat' dir='ltr'><strong>Horum</strong></span> <span class='ocrx_word' id='word_1_453' title='bbox 3221 2179 3310 2232; x_wconf 91' lang='lat' dir='ltr'><strong>uni</strong></span> <span class='ocrx_word' id='word_1_454' title='bbox 3360 2195 3555 2234; x_wconf 89' lang='lat' dir='ltr'><strong>nomen</strong></span> <span class='ocrx_word' id='word_1_455' title='bbox 3595 2179 3754 2234; x_wconf 80' lang='lat' dir='ltr'><strong>Anno</strong></span> 
     </span>
    </p>
   </div>
   <div class='ocr_carea' id='block_1_67' title="bbox 2171 2265 3754 2340">
    <p class='ocr_par' dir='ltr' id='par_1_67' title="bbox 2171 2265 3754 2340">
     <span class='ocr_line' id='line_1_67' title="bbox 2171 2265 3754 2340; baseline 0.003 -21"><span class='ocrx_word' id='word_1_456' title='bbox 2171 2265 2352 2336; x_wconf 74' lang='lat' dir='ltr'><strong>(supra</strong></span> <span class='ocrx_word' id='word_1_457' title='bbox 2374 2265 2475 2321; x_wconf 83' lang='lat' dir='ltr'><strong>.lib.</strong></span> <span class='ocrx_word' id='word_1_458' title='bbox 2511 2281 2550 2330; x_wconf 77' lang='grc' dir='ltr'>ι,</span> <span class='ocrx_word' id='word_1_459' title='bbox 2582 2281 2703 2336; x_wconf 90' lang='lat' dir='ltr'><strong>cap.</strong></span> <span class='ocrx_word' id='word_1_460' title='bbox 2744 2266 2854 2337; x_wconf 75' lang='lat' dir='ltr'><strong>i7),</strong></span> <span class='ocrx_word' id='word_1_461' title='bbox 2885 2267 2976 2337; x_wconf 90' lang='lat' dir='ltr'><strong>qui</strong></span> <span class='ocrx_word' id='word_1_462' title='bbox 3026 2269 3316 2324; x_wconf 87' lang='lat' dir='ltr'><strong>sacerdotii</strong></span> <span class='ocrx_word' id='word_1_463' title='bbox 3348 2269 3599 2340; x_wconf 80' lang='lat' dir='ltr'><strong>fungitur</strong></span> <span class='ocrx_word' id='word_1_464' title='bbox 3642 2268 3754 2324; x_wconf 80' lang='lat' dir='ltr'><strong>oili-</strong></span> 
     </span>
    </p>
   </div>
   <div class='ocr_carea' id='block_1_68' title="bbox 2169 2355 3753 2427">
    <p class='ocr_par' dir='ltr' id='par_1_68' title="bbox 2169 2355 3753 2427">
     <span class='ocr_line' id='line_1_68' title="bbox 2169 2355 3753 2427; baseline 0.003 -15"><span class='ocrx_word' id='word_1_465' title='bbox 2169 2357 2289 2422; x_wconf 91' lang='lat' dir='ltr'><strong>cio;</strong></span> <span class='ocrx_word' id='word_1_466' title='bbox 2327 2355 2483 2410; x_wconf 90' lang='lat' dir='ltr'><strong>alteri</strong></span> <span class='ocrx_word' id='word_1_467' title='bbox 2516 2356 2816 2426; x_wconf 79' lang='lat' dir='ltr'><strong>Remigius,</strong></span> <span class='ocrx_word' id='word_1_468' title='bbox 2850 2358 2902 2411; x_wconf 94' lang='lat' dir='ltr'><strong>in</strong></span> <span class='ocrx_word' id='word_1_469' title='bbox 2931 2358 3122 2416; x_wconf 90' lang='lat' dir='ltr'><strong>ordine</strong></span> <span class='ocrx_word' id='word_1_470' title='bbox 3143 2375 3374 2416; x_wconf 87' lang='lat' dir='ltr'><strong>manens</strong></span> <span class='ocrx_word' id='word_1_471' title='bbox 3404 2361 3753 2427; x_wconf 68' lang='lat' dir='ltr'><strong>diaconatus;</strong></span> 
     </span>
    </p>
   </div>
   <div class='ocr_carea' id='block_1_69' title="bbox 2169 2447 3756 2520">
    <p class='ocr_par' dir='ltr' id='par_1_69' title="bbox 2169 2447 3756 2520">
     <span class='ocr_line' id='line_1_69' title="bbox 2169 2447 3756 2520; baseline 0.004 -20"><span class='ocrx_word' id='word_1_472' title='bbox 2169 2462 2398 2515; x_wconf 89' lang='lat' dir='ltr'><strong>quorum</strong></span> <span class='ocrx_word' id='word_1_473' title='bbox 2437 2447 2608 2502; x_wconf 90' lang='lat' dir='ltr'><strong>relatu</strong></span> <span class='ocrx_word' id='word_1_474' title='bbox 2637 2456 2765 2502; x_wconf 89' lang='lat' dir='ltr'><strong>ante</strong></span> <span class='ocrx_word' id='word_1_475' title='bbox 2795 2457 3102 2504; x_wconf 86' lang='lat' dir='ltr'><strong>transactos</strong></span> <span class='ocrx_word' id='word_1_476' title='bbox 3121 2451 3429 2520; x_wconf 88' lang='lat' dir='ltr'><strong>quindecim</strong></span> <span class='ocrx_word' id='word_1_477' title='bbox 3463 2450 3610 2506; x_wconf 84' lang='lat' dir='ltr'><strong>soles</strong></span> <span class='ocrx_word' id='word_1_478' title='bbox 3634 2452 3756 2506; x_wconf 69' lang='lat' dir='ltr'><strong>haec</strong></span> 
     </span>
    </p>
   </div>
   <div class='ocr_carea' id='block_1_70' title="bbox 2171 2523 3756 2608">
    <p class='ocr_par' dir='ltr' id='par_1_70' title="bbox 2171 2523 3756 2608">
     <span class='ocr_line' id='line_1_70' title="bbox 2171 2523 3756 2608; baseline 0.004 -18"><span class='ocrx_word' id='word_1_479' title='bbox 2171 2536 2416 2606; x_wconf 88' lang='lat' dir='ltr'><strong>itagesta</strong></span> <span class='ocrx_word' id='word_1_480' title='bbox 2436 2523 2610 2591; x_wconf 85' lang='lat' dir='ltr'><strong>fuisse</strong></span> <span class='ocrx_word' id='word_1_481' title='bbox 2652 2539 2921 2607; x_wconf 81' lang='lat' dir='ltr'><strong>comperi;</strong></span> <span class='ocrx_word' id='word_1_482' title='bbox 2947 2553 2977 2592; x_wconf 89' lang='lat' dir='ltr'><strong>a</strong></span> <span class='ocrx_word' id='word_1_483' title='bbox 3025 2538 3223 2608; x_wconf 90' lang='lat' dir='ltr'><strong>quibus</strong></span> <span class='ocrx_word' id='word_1_484' title='bbox 3243 2549 3304 2595; x_wconf 86' lang='lat' dir='ltr'><strong>et</strong></span> <span class='ocrx_word' id='word_1_485' title='bbox 3331 2540 3461 2595; x_wconf 84' lang='lat' dir='ltr'><strong>sella</strong></span> <span class='ocrx_word' id='word_1_486' title='bbox 3497 2541 3756 2596; x_wconf 84' lang='lat' dir='ltr'><strong>ostende-</strong></span> 
     </span>
    </p>
   </div>
   <div class='ocr_carea' id='block_1_71' title="bbox 2171 2625 3759 2699">
    <p class='ocr_par' dir='ltr' id='par_1_71' title="bbox 2171 2625 3759 2699">
     <span class='ocr_line' id='line_1_71' title="bbox 2171 2625 3759 2699; baseline 0.003 -19"><span class='ocrx_word' id='word_1_487' title='bbox 2171 2625 2332 2680; x_wconf 85' lang='lat' dir='ltr'><strong>batur</strong></span> <span class='ocrx_word' id='word_1_488' title='bbox 2369 2641 2488 2695; x_wconf 83' lang='lat' dir='ltr'><strong>quae</strong></span> <span class='ocrx_word' id='word_1_489' title='bbox 2518 2626 2726 2698; x_wconf 88' lang='lat' dir='ltr'><strong>dilapsa</strong></span> <span class='ocrx_word' id='word_1_490' title='bbox 2758 2644 2880 2682; x_wconf 92' lang='lat' dir='ltr'><strong>cum</strong></span> <span class='ocrx_word' id='word_1_491' title='bbox 2913 2643 3054 2698; x_wconf 91' lang='lat' dir='ltr'><strong>equo</strong></span> <span class='ocrx_word' id='word_1_492' title='bbox 3100 2629 3298 2696; x_wconf 86' lang='lat' dir='ltr'><strong>fuerat,</strong></span> <span class='ocrx_word' id='word_1_493' title='bbox 3345 2630 3499 2699; x_wconf 90' lang='lat' dir='ltr'><strong>cujus</strong></span> <span class='ocrx_word' id='word_1_494' title='bbox 3539 2632 3759 2686; x_wconf 84' lang='lat' dir='ltr'><strong>scandi-</strong></span> 
     </span>
    </p>
   </div>
   <div class='ocr_carea' id='block_1_72' title="bbox 2172 2720 3759 2795">
    <p class='ocr_par' dir='ltr' id='par_1_72' title="bbox 2172 2720 3759 2795">
     <span class='ocr_line' id='line_1_72' title="bbox 2172 2720 3759 2795; baseline 0.003 -21"><span class='ocrx_word' id='word_1_495' title='bbox 2172 2720 2262 2785; x_wconf 91' lang='lat' dir='ltr'><strong>lia,</strong></span> <span class='ocrx_word' id='word_1_496' title='bbox 2301 2722 2551 2790; x_wconf 89' lang='lat' dir='ltr'><strong>quamvis</strong></span> <span class='ocrx_word' id='word_1_497' title='bbox 2595 2737 2759 2786; x_wconf 89' lang='lat' dir='ltr'><strong>nova,</strong></span> <span class='ocrx_word' id='word_1_498' title='bbox 2788 2731 2843 2776; x_wconf 89' lang='lat' dir='ltr'><strong>et</strong></span> <span class='ocrx_word' id='word_1_499' title='bbox 2866 2723 3104 2777; x_wconf 88' lang='lat' dir='ltr'><strong>autelam</strong></span> <span class='ocrx_word' id='word_1_500' title='bbox 3133 2724 3247 2778; x_wconf 90' lang='lat' dir='ltr'><strong>suis</strong></span> <span class='ocrx_word' id='word_1_501' title='bbox 3290 2724 3578 2793; x_wconf 88' lang='lat' dir='ltr'><strong>impatiens</strong></span> <span class='ocrx_word' id='word_1_502' title='bbox 3608 2725 3759 2795; x_wconf 82' lang='lat' dir='ltr'><strong>pedi-</strong></span> 
     </span>
    </p>
   </div>
   <div class='ocr_carea' id='block_1_73' title="bbox 2171 2813 2770 2886">
    <p class='ocr_par' dir='ltr' id='par_1_73' title="bbox 2171 2813 2770 2886">
     <span class='ocr_line' id='line_1_73' title="bbox 2171 2813 2770 2886; baseline 0.002 -19"><span class='ocrx_word' id='word_1_503' title='bbox 2171 2814 2274 2869; x_wconf 89' lang='lat' dir='ltr'><strong>bus</strong></span> <span class='ocrx_word' id='word_1_504' title='bbox 2303 2813 2416 2886; x_wconf 86' lang='lat' dir='ltr'><strong>ipse</strong></span> <span class='ocrx_word' id='word_1_505' title='bbox 2447 2814 2770 2885; x_wconf 87' lang='lat' dir='ltr'><strong>disruperat.</strong></span> 
     </span>
    </p>
   </div>
   <div class='ocr_carea' id='block_1_74' title="bbox 2242 2901 3758 2976">
    <p class='ocr_par' dir='ltr' id='par_1_74' title="bbox 2242 2901 3758 2976">
     <span class='ocr_line' id='line_1_74' title="bbox 2242 2901 3758 2976; baseline 0.002 -19"><span class='ocrx_word' id='word_1_506' title='bbox 2242 2901 2334 2957; x_wconf 75' lang='lat'><strong>2|.</strong></span> <span class='ocrx_word' id='word_1_507' title='bbox 2389 2902 2595 2958; x_wconf 82' lang='lat' dir='ltr'><strong>Viderit</strong></span> <span class='ocrx_word' id='word_1_508' title='bbox 2635 2918 2777 2958; x_wconf 90' lang='lat' dir='ltr'><strong>nunc</strong></span> <span class='ocrx_word' id='word_1_509' title='bbox 2821 2903 3069 2975; x_wconf 89' lang='lat' dir='ltr'><strong>quisquis</strong></span> <span class='ocrx_word' id='word_1_510' title='bbox 3099 2904 3188 2960; x_wconf 87' lang='lat' dir='ltr'><strong>ille</strong></span> <span class='ocrx_word' id='word_1_511' title='bbox 3230 2913 3334 2970; x_wconf 90' lang='lat' dir='ltr'><strong>est,</strong></span> <span class='ocrx_word' id='word_1_512' title='bbox 3361 2904 3456 2976; x_wconf 83' lang='lat' dir='ltr'><strong>qui</strong></span> <span class='ocrx_word' id='word_1_513' title='bbox 3487 2905 3605 2960; x_wconf 65' lang='lat' dir='ltr'><strong>haec</strong></span> <span class='ocrx_word' id='word_1_514' title='bbox 3651 2921 3758 2960; x_wconf 85' lang='lat' dir='ltr'><strong>non</strong></span> 
     </span>
    </p>
   </div>
   <div class='ocr_carea' id='block_1_75' title="bbox 2175 2991 3758 3064">
    <p class='ocr_par' dir='ltr' id='par_1_75' title="bbox 2175 2991 3758 3064">
     <span class='ocr_line' id='line_1_75' title="bbox 2175 2991 3758 3064; baseline 0.001 -18"><span class='ocrx_word' id='word_1_515' title='bbox 2175 2991 2277 3047; x_wconf 87' lang='lat' dir='ltr'><strong>sibi</strong></span> <span class='ocrx_word' id='word_1_516' title='bbox 2336 2991 2472 3047; x_wconf 88' lang='lat' dir='ltr'><strong>mira</strong></span> <span class='ocrx_word' id='word_1_517' title='bbox 2520 2993 2690 3049; x_wconf 88' lang='lat' dir='ltr'><strong>videri</strong></span> <span class='ocrx_word' id='word_1_518' title='bbox 2743 2992 2984 3061; x_wconf 90' lang='lat' dir='ltr'><strong>jaetilat,</strong></span> <span class='ocrx_word' id='word_1_519' title='bbox 3043 2993 3170 3063; x_wconf 89' lang='lat' dir='ltr'><strong>quid</strong></span> <span class='ocrx_word' id='word_1_520' title='bbox 3212 2995 3402 3050; x_wconf 91' lang='lat' dir='ltr'><strong>horum</strong></span> <span class='ocrx_word' id='word_1_521' title='bbox 3453 2994 3758 3064; x_wconf 60' lang='lat' dir='ltr'><strong>praecellat,</strong></span> 
     </span>
    </p>
   </div>
   <div class='ocr_carea' id='block_1_76' title="bbox 2176 3082 3760 3154">
    <p class='ocr_par' dir='ltr' id='par_1_76' title="bbox 2176 3082 3760 3154">
     <span class='ocr_line' id='line_1_76' title="bbox 2176 3082 3760 3154; baseline 0.001 -19"><span class='ocrx_word' id='word_1_522' title='bbox 2176 3091 2357 3136; x_wconf 89' lang='lat' dir='ltr'><strong>utrum</strong></span> <span class='ocrx_word' id='word_1_523' title='bbox 2388 3082 2593 3136; x_wconf 88' lang='lat' dir='ltr'><strong>ferrum</strong></span> <span class='ocrx_word' id='word_1_524' title='bbox 2619 3098 2649 3137; x_wconf 89' lang='lat' dir='ltr'><strong>e</strong></span> <span class='ocrx_word' id='word_1_525' title='bbox 2679 3083 2944 3153; x_wconf 87' lang='lat' dir='ltr'><strong>profundo</strong></span> <span class='ocrx_word' id='word_1_526' title='bbox 2973 3083 3075 3138; x_wconf 90' lang='lat' dir='ltr'><strong>laci</strong></span> <span class='ocrx_word' id='word_1_527' title='bbox 3111 3083 3390 3138; x_wconf 78' lang='lat' dir='ltr'><strong>reduxisse</strong></span> <span class='ocrx_word' id='word_1_528' title='bbox 3421 3100 3488 3138; x_wconf 88' lang='lat' dir='ltr'><strong>an</strong></span> <span class='ocrx_word' id='word_1_529' title='bbox 3521 3084 3760 3154; x_wconf 88' lang='lat' dir='ltr'><strong>quadru-</strong></span> 
     </span>
    </p>
   </div>
   <div class='ocr_carea' id='block_1_77' title="bbox 2160 3165 3758 3245">
    <p class='ocr_par' dir='ltr' id='par_1_77' title="bbox 2160 3165 3758 3245">
     <span class='ocr_line' id='line_1_77' title="bbox 2160 3165 3758 3245; baseline 0.003 -19"><span class='ocrx_word' id='word_1_530' title='bbox 2160 3165 2328 3244; x_wconf 58' lang='lat' dir='ltr'><strong>pedis</strong></span> <span class='ocrx_word' id='word_1_531' title='bbox 2357 3174 2521 3228; x_wconf 90' lang='lat' dir='ltr'><strong>vitam</strong></span> <span class='ocrx_word' id='word_1_532' title='bbox 2555 3175 2608 3228; x_wconf 90' lang='lat' dir='ltr'><strong>in</strong></span> <span class='ocrx_word' id='word_1_533' title='bbox 2640 3175 2862 3228; x_wconf 89' lang='lat' dir='ltr'><strong>immani</strong></span> <span class='ocrx_word' id='word_1_534' title='bbox 2901 3175 3200 3245; x_wconf 68' lang='lat' dir='ltr'><strong>prmcipitio</strong></span> <span class='ocrx_word' id='word_1_535' title='bbox 3230 3191 3337 3230; x_wconf 93' lang='lat' dir='ltr'><strong>non</strong></span> <span class='ocrx_word' id='word_1_536' title='bbox 3363 3175 3539 3230; x_wconf 90' lang='lat' dir='ltr'><strong>solum</strong></span> <span class='ocrx_word' id='word_1_537' title='bbox 3569 3191 3758 3230; x_wconf 79' lang='lat' dir='ltr'><strong>serva-</strong></span> 
     </span>
    </p>
   </div>
   <div class='ocr_carea' id='block_1_78' title="bbox 2175 3266 3756 3340">
    <p class='ocr_par' dir='ltr' id='par_1_78' title="bbox 2175 3266 3756 3340">
     <span class='ocr_line' id='line_1_78' title="bbox 2175 3266 3756 3340; baseline 0.001 -18"><span class='ocrx_word' id='word_1_538' title='bbox 2175 3268 2343 3335; x_wconf 88' lang='lat' dir='ltr'><strong>visse,</strong></span> <span class='ocrx_word' id='word_1_539' title='bbox 2376 3282 2558 3321; x_wconf 88' lang='lat' dir='ltr'><strong>verum</strong></span> <span class='ocrx_word' id='word_1_540' title='bbox 2581 3276 2635 3322; x_wconf 90' lang='lat' dir='ltr'><strong>et</strong></span> <span class='ocrx_word' id='word_1_541' title='bbox 2667 3266 2987 3321; x_wconf 85' lang='lat' dir='ltr'><strong>incolumem</strong></span> <span class='ocrx_word' id='word_1_542' title='bbox 3033 3269 3245 3338; x_wconf 89' lang='lat' dir='ltr'><strong>superis</strong></span> <span class='ocrx_word' id='word_1_543' title='bbox 3290 3267 3593 3323; x_wconf 70' lang='lat' dir='ltr'><strong>reduxisse.</strong></span> <span class='ocrx_word' id='word_1_544' title='bbox 3643 3268 3756 3340; x_wconf 77' lang='lat' dir='ltr'><strong>Ego</strong></span> 
     </span>
    </p>
   </div>
   <div class='ocr_carea' id='block_1_79' title="bbox 2176 3357 3757 3430">
    <p class='ocr_par' dir='ltr' id='par_1_79' title="bbox 2176 3357 3757 3430">
     <span class='ocr_line' id='line_1_79' title="bbox 2176 3357 3757 3430; baseline 0.001 -17"><span class='ocrx_word' id='word_1_545' title='bbox 2176 3360 2304 3429; x_wconf 88' lang='lat' dir='ltr'><strong>quia</strong></span> <span class='ocrx_word' id='word_1_546' title='bbox 2357 3366 2646 3426; x_wconf 86' lang='lat' dir='ltr'><strong>utrumque</strong></span> <span class='ocrx_word' id='word_1_547' title='bbox 2690 3366 2874 3412; x_wconf 91' lang='lat' dir='ltr'><strong>noster</strong></span> <span class='ocrx_word' id='word_1_548' title='bbox 2934 3357 3037 3413; x_wconf 89' lang='lat' dir='ltr'><strong>iste</strong></span> <span class='ocrx_word' id='word_1_549' title='bbox 3085 3358 3362 3430; x_wconf 86' lang='lat' dir='ltr'><strong>legislator</strong></span> <span class='ocrx_word' id='word_1_550' title='bbox 3409 3361 3670 3430; x_wconf 85' lang='lat' dir='ltr'><strong>patravit,</strong></span> <span class='ocrx_word' id='word_1_551' title='bbox 3705 3361 3757 3414; x_wconf 88' lang='lat' dir='ltr'><strong>in</strong></span> 
     </span>
    </p>
   </div>
   <div class='ocr_carea' id='block_1_80' title="bbox 2176 3449 3763 3523">
    <p class='ocr_par' dir='ltr' id='par_1_80' title="bbox 2176 3449 3763 3523">
     <span class='ocr_line' id='line_1_80' title="bbox 2176 3449 3763 3523; baseline 0.003 -21"><span class='ocrx_word' id='word_1_552' title='bbox 2176 3449 2437 3504; x_wconf 89' lang='lat' dir='ltr'><strong>ambobus</strong></span> <span class='ocrx_word' id='word_1_553' title='bbox 2465 3463 2587 3502; x_wconf 92' lang='lat' dir='ltr'><strong>eum</strong></span> <span class='ocrx_word' id='word_1_554' title='bbox 2633 3463 2738 3503; x_wconf 90' lang='lat' dir='ltr'><strong>non</strong></span> <span class='ocrx_word' id='word_1_555' title='bbox 2767 3457 2972 3503; x_wconf 90' lang='lat' dir='ltr'><strong>tantum</strong></span> <span class='ocrx_word' id='word_1_556' title='bbox 3001 3458 3298 3519; x_wconf 89' lang='lat' dir='ltr'><strong>potentem,</strong></span> <span class='ocrx_word' id='word_1_557' title='bbox 3329 3451 3421 3506; x_wconf 83' lang='lat' dir='ltr'><strong>sed</strong></span> <span class='ocrx_word' id='word_1_558' title='bbox 3459 3451 3625 3506; x_wconf 88' lang='lat' dir='ltr'><strong>etiam</strong></span> <span class='ocrx_word' id='word_1_559' title='bbox 3668 3468 3763 3523; x_wconf 91' lang='lat' dir='ltr'><strong>po-</strong></span> 
     </span>
    </p>
   </div>
   <div class='ocr_carea' id='block_1_81' title="bbox 2178 3540 3762 3600">
    <p class='ocr_par' dir='ltr' id='par_1_81' title="bbox 2178 3540 3762 3600">
     <span class='ocr_line' id='line_1_81' title="bbox 2178 3540 3762 3600; baseline 0 -2"><span class='ocrx_word' id='word_1_560' title='bbox 2178 3542 2538 3600; x_wconf 87' lang='lat' dir='ltr'><strong>tentissimum</strong></span> <span class='ocrx_word' id='word_1_561' title='bbox 2572 3542 2736 3597; x_wconf 90' lang='lat' dir='ltr'><strong>fuisse</strong></span> <span class='ocrx_word' id='word_1_562' title='bbox 2764 3540 2960 3598; x_wconf 87' lang='lat' dir='ltr'><strong>fateor.</strong></span> <span class='ocrx_word' id='word_1_563' title='bbox 2983 3542 3040 3596; x_wconf 89' lang='lat' dir='ltr'><strong>ln</strong></span> <span class='ocrx_word' id='word_1_564' title='bbox 3065 3544 3168 3598; x_wconf 92' lang='lat' dir='ltr'><strong>hoc</strong></span> <span class='ocrx_word' id='word_1_565' title='bbox 3198 3559 3326 3598; x_wconf 88' lang='lat' dir='ltr'><strong>vero</strong></span> <span class='ocrx_word' id='word_1_566' title='bbox 3355 3544 3485 3599; x_wconf 73' lang='lat' dir='ltr'><strong>illud</strong></span> <span class='ocrx_word' id='word_1_567' title='bbox 3527 3545 3762 3600; x_wconf 87' lang='lat' dir='ltr'><strong>admira-</strong></span> 
     </span>
    </p>
   </div>
   <div class='ocr_carea' id='block_1_82' title="bbox 2178 3636 3761 3707">
    <p class='ocr_par' dir='ltr' id='par_1_82' title="bbox 2178 3636 3761 3707">
     <span class='ocr_line' id='line_1_82' title="bbox 2178 3636 3761 3707; baseline 0.001 -16"><span class='ocrx_word' id='word_1_568' title='bbox 2178 3637 2323 3692; x_wconf 90' lang='lat' dir='ltr'><strong>tione</strong></span> <span class='ocrx_word' id='word_1_569' title='bbox 2351 3636 2570 3706; x_wconf 87' lang='lat' dir='ltr'><strong>dignum</strong></span> <span class='ocrx_word' id='word_1_570' title='bbox 2599 3645 2682 3690; x_wconf 90' lang='lat' dir='ltr'><strong>est</strong></span> <span class='ocrx_word' id='word_1_571' title='bbox 2701 3637 2845 3706; x_wconf 84' lang='lat' dir='ltr'><strong>quod</strong></span> <span class='ocrx_word' id='word_1_572' title='bbox 2868 3653 3085 3707; x_wconf 86' lang='lat' dir='ltr'><strong>equum,</strong></span> <span class='ocrx_word' id='word_1_573' title='bbox 3117 3653 3277 3706; x_wconf 90' lang='lat' dir='ltr'><strong>quem</strong></span> <span class='ocrx_word' id='word_1_574' title='bbox 3308 3638 3636 3692; x_wconf 87' lang='lat' dir='ltr'><strong>chordarum</strong></span> <span class='ocrx_word' id='word_1_575' title='bbox 3667 3653 3761 3692; x_wconf 80' lang='lat' dir='ltr'><strong>ne—</strong></span> 
     </span>
    </p>
   </div>
   <div class='ocr_carea' id='block_1_83' title="bbox 2177 3730 3761 3803">
    <p class='ocr_par' dir='ltr' id='par_1_83' title="bbox 2177 3730 3761 3803">
     <span class='ocr_line' id='line_1_83' title="bbox 2177 3730 3761 3803; baseline 0.001 -17"><span class='ocrx_word' id='word_1_576' title='bbox 2177 3732 2400 3803; x_wconf 88' lang='lat' dir='ltr'><strong>quivere</strong></span> <span class='ocrx_word' id='word_1_577' title='bbox 2443 3731 2758 3786; x_wconf 88' lang='lat' dir='ltr'><strong>retinaculis</strong></span> <span class='ocrx_word' id='word_1_578' title='bbox 2804 3733 3143 3802; x_wconf 84' lang='lat' dir='ltr'><strong>protrahere,</strong></span> <span class='ocrx_word' id='word_1_579' title='bbox 3175 3731 3410 3786; x_wconf 76' lang='lat' dir='ltr'><strong>fasciolae</strong></span> <span class='ocrx_word' id='word_1_580' title='bbox 3436 3730 3647 3802; x_wconf 77' lang='lat' dir='ltr'><strong>fragilis</strong></span> <span class='ocrx_word' id='word_1_581' title='bbox 3673 3747 3761 3787; x_wconf 88' lang='lat' dir='ltr'><strong>re-</strong></span> 
     </span>
    </p>
   </div>
   <div class='ocr_carea' id='block_1_84' title="bbox 2181 3807 3760 3892">
    <p class='ocr_par' dir='ltr' id='par_1_84' title="bbox 2181 3807 3760 3892">
     <span class='ocr_line' id='line_1_84' title="bbox 2181 3807 3760 3892; baseline -0.003 -10"><span class='ocrx_word' id='word_1_582' title='bbox 2181 3834 2462 3882; x_wconf 84' lang='lat' dir='ltr'><strong>traxerunt</strong></span> <span class='ocrx_word' id='word_1_583' title='bbox 2503 3824 2730 3880; x_wconf 90' lang='lat' dir='ltr'><strong>habenis</strong></span> <span class='ocrx_word' id='word_1_584' title='bbox 2753 3823 2946 3884; x_wconf 69' lang='lat' dir='ltr'><strong>(Gneo.</strong></span> <span class='ocrx_word' id='word_1_585' title='bbox 2995 3823 3090 3879; x_wconf 90' lang='lat' dir='ltr'><strong>lib.</strong></span> <span class='ocrx_word' id='word_1_586' title='bbox 3143 3839 3180 3879; x_wconf 89' lang='lat' dir='ltr'><strong>tt</strong></span> <span class='ocrx_word' id='word_1_587' title='bbox 3220 3823 3388 3889; x_wconf 62' lang='lat' dir='ltr'><strong>Diab,</strong></span> <span class='ocrx_word' id='word_1_588' title='bbox 3432 3839 3482 3879; x_wconf 91' lang='lat' dir='ltr'><strong>c.</strong></span> <span class='ocrx_word' id='word_1_589' title='bbox 3514 3807 3594 3892; x_wconf 75' lang='lat'><strong>6),</strong></span> <span class='ocrx_word' id='word_1_590' title='bbox 3620 3839 3686 3878; x_wconf 89' lang='lat' dir='ltr'><strong>ac</strong></span> <span class='ocrx_word' id='word_1_591' title='bbox 3714 3823 3760 3878; x_wconf 90' lang='lat' dir='ltr'><strong>si</strong></span> 
     </span>
    </p>
   </div>
   <div class='ocr_carea' id='block_1_85' title="bbox 2177 3913 3761 3986">
    <p class='ocr_par' dir='ltr' id='par_1_85' title="bbox 2177 3913 3761 3986">
     <span class='ocr_line' id='line_1_85' title="bbox 2177 3913 3761 3986; baseline 0.001 -18"><span class='ocrx_word' id='word_1_592' title='bbox 2177 3923 2430 3986; x_wconf 88' lang='lat' dir='ltr'><strong>patenter</strong></span> <span class='ocrx_word' id='word_1_593' title='bbox 2466 3915 2587 3984; x_wconf 91' lang='lat' dir='ltr'><strong>pius</strong></span> <span class='ocrx_word' id='word_1_594' title='bbox 2629 3913 2792 3970; x_wconf 88' lang='lat' dir='ltr'><strong>Pater</strong></span> <span class='ocrx_word' id='word_1_595' title='bbox 2818 3913 3144 3970; x_wconf 89' lang='lat' dir='ltr'><strong>Benedictus</strong></span> <span class='ocrx_word' id='word_1_596' title='bbox 3171 3930 3266 3970; x_wconf 87' lang='lat' dir='ltr'><strong>eos</strong></span> <span class='ocrx_word' id='word_1_597' title='bbox 3295 3930 3400 3970; x_wconf 93' lang='lat' dir='ltr'><strong>non</strong></span> <span class='ocrx_word' id='word_1_598' title='bbox 3432 3915 3636 3981; x_wconf 89' lang='lat' dir='ltr'><strong>verbis,</strong></span> <span class='ocrx_word' id='word_1_599' title='bbox 3668 3914 3761 3970; x_wconf 83' lang='lat' dir='ltr'><strong>sed</strong></span> 
     </span>
    </p>
   </div>
   <div class='ocr_carea' id='block_1_86' title="bbox 2178 4007 3763 4074">
    <p class='ocr_par' dir='ltr' id='par_1_86' title="bbox 2178 4007 3763 4074">
     <span class='ocr_line' id='line_1_86' title="bbox 2178 4007 3763 4074; baseline 0.001 -14"><span class='ocrx_word' id='word_1_600' title='bbox 2178 4007 2337 4062; x_wconf 87' lang='lat' dir='ltr'><strong>factis</strong></span> <span class='ocrx_word' id='word_1_601' title='bbox 2365 4016 2611 4062; x_wconf 83' lang='lat' dir='ltr'><strong>moneret</strong></span> <span class='ocrx_word' id='word_1_602' title='bbox 2653 4007 2706 4062; x_wconf 88' lang='lat' dir='ltr'><strong>id</strong></span> <span class='ocrx_word' id='word_1_603' title='bbox 2735 4023 2842 4062; x_wconf 91' lang='lat' dir='ltr'><strong>non</strong></span> <span class='ocrx_word' id='word_1_604' title='bbox 2859 4008 3118 4062; x_wconf 74' lang='lat' dir='ltr'><strong>humanae</strong></span> <span class='ocrx_word' id='word_1_605' title='bbox 3149 4007 3594 4074; x_wconf 72' lang='lat' dir='ltr'><strong>fortitudini,sed</strong></span> <span class='ocrx_word' id='word_1_606' title='bbox 3623 4008 3763 4063; x_wconf 83' lang='lat' dir='ltr'><strong>divi-</strong></span> 
     </span>
    </p>
   </div>
   <div class='ocr_carea' id='block_1_87' title="bbox 2178 4099 3763 4171">
    <p class='ocr_par' dir='ltr' id='par_1_87' title="bbox 2178 4099 3763 4171">
     <span class='ocr_line' id='line_1_87' title="bbox 2178 4099 3763 4171; baseline -0.001 -16"><span class='ocrx_word' id='word_1_607' title='bbox 2178 4117 2260 4156; x_wconf 78' lang='lat' dir='ltr'><strong>na:</strong></span> <span class='ocrx_word' id='word_1_608' title='bbox 2286 4101 2466 4170; x_wconf 91' lang='lat' dir='ltr'><strong>potius</strong></span> <span class='ocrx_word' id='word_1_609' title='bbox 2491 4100 2792 4170; x_wconf 89' lang='lat' dir='ltr'><strong>operationi</strong></span> <span class='ocrx_word' id='word_1_610' title='bbox 2822 4099 3020 4156; x_wconf 85' lang='lat' dir='ltr'><strong>debere</strong></span> <span class='ocrx_word' id='word_1_611' title='bbox 3049 4101 3303 4171; x_wconf 79' lang='lat' dir='ltr'><strong>imputari</strong></span> <span class='ocrx_word' id='word_1_612' title='bbox 3335 4115 3563 4170; x_wconf 71' lang='lat' dir='ltr'><strong>suaeque</strong></span> <span class='ocrx_word' id='word_1_613' title='bbox 3594 4101 3763 4156; x_wconf 83' lang='lat' dir='ltr'><strong>inter-</strong></span> 
     </span>
    </p>
   </div>
   <div class='ocr_carea' id='block_1_88' title="bbox 2178 4191 3763 4264">
    <p class='ocr_par' dir='ltr' id='par_1_88' title="bbox 2178 4191 3763 4264">
     <span class='ocr_line' id='line_1_88' title="bbox 2178 4191 3763 4264; baseline -0.001 -15"><span class='ocrx_word' id='word_1_614' title='bbox 2178 4194 2436 4250; x_wconf 89' lang='lat' dir='ltr'><strong>ventioni.</strong></span> <span class='ocrx_word' id='word_1_615' title='bbox 2468 4193 2666 4249; x_wconf 83' lang='lat' dir='ltr'><strong>Verum</strong></span> <span class='ocrx_word' id='word_1_616' title='bbox 2692 4195 2736 4249; x_wconf 83' lang='lat' dir='ltr'><strong>si</strong></span> <span class='ocrx_word' id='word_1_617' title='bbox 2763 4195 3030 4264; x_wconf 84' lang='lat' dir='ltr'><strong>quispiam</strong></span> <span class='ocrx_word' id='word_1_618' title='bbox 3057 4193 3185 4264; x_wconf 79' lang='lat' dir='ltr'><strong>ejus</strong></span> <span class='ocrx_word' id='word_1_619' title='bbox 3229 4193 3367 4248; x_wconf 86' lang='lat' dir='ltr'><strong>mira</strong></span> <span class='ocrx_word' id='word_1_620' title='bbox 3394 4191 3538 4248; x_wconf 81' lang='lat' dir='ltr'><strong>facta</strong></span> <span class='ocrx_word' id='word_1_621' title='bbox 3567 4194 3638 4250; x_wconf 91' lang='lat' dir='ltr'><strong>ob</strong></span> <span class='ocrx_word' id='word_1_622' title='bbox 3667 4208 3763 4248; x_wconf 78' lang='lat' dir='ltr'><strong>no-</strong></span> 
     </span>
    </p>
   </div>
   <div class='ocr_carea' id='block_1_89' title="bbox 2178 4287 3760 4358">
    <p class='ocr_par' dir='ltr' id='par_1_89' title="bbox 2178 4287 3760 4358">
     <span class='ocr_line' id='line_1_89' title="bbox 2178 4287 3760 4358; baseline 0.001 -17"><span class='ocrx_word' id='word_1_623' title='bbox 2178 4298 2305 4341; x_wconf 73' lang='lat' dir='ltr'><strong>stra:</strong></span> <span class='ocrx_word' id='word_1_624' title='bbox 2349 4287 2576 4342; x_wconf 59' lang='lat' dir='ltr'><strong>vilitatis</strong></span> <span class='ocrx_word' id='word_1_625' title='bbox 2605 4302 2892 4358; x_wconf 90' lang='lat' dir='ltr'><strong>personam</strong></span> <span class='ocrx_word' id='word_1_626' title='bbox 2921 4289 3312 4341; x_wconf 86' lang='lat' dir='ltr'><strong>contemnenda</strong></span> <span class='ocrx_word' id='word_1_627' title='bbox 3355 4287 3586 4356; x_wconf 79' lang='lat' dir='ltr'><strong>)udicat,</strong></span> <span class='ocrx_word' id='word_1_628' title='bbox 3619 4289 3760 4342; x_wconf 87' lang='lat' dir='ltr'><strong>hunc</strong></span> 
     </span>
    </p>
   </div>
   <div class='ocr_carea' id='block_1_90' title="bbox 2179 4378 3761 4448">
    <p class='ocr_par' dir='ltr' id='par_1_90' title="bbox 2179 4378 3761 4448">
     <span class='ocr_line' id='line_1_90' title="bbox 2179 4378 3761 4448; baseline 0.002 -15"><span class='ocrx_word' id='word_1_629' title='bbox 2179 4394 2277 4433; x_wconf 91' lang='lat' dir='ltr'><strong>nos</strong></span> <span class='ocrx_word' id='word_1_630' title='bbox 2306 4394 2582 4448; x_wconf 81' lang='lat' dir='ltr'><strong>rogamus,</strong></span> <span class='ocrx_word' id='word_1_631' title='bbox 2613 4394 2718 4433; x_wconf 91' lang='lat' dir='ltr'><strong>non</strong></span> <span class='ocrx_word' id='word_1_632' title='bbox 2750 4389 2807 4432; x_wconf 86' lang='lat' dir='ltr'><strong>ut</strong></span> <span class='ocrx_word' id='word_1_633' title='bbox 2838 4387 3023 4434; x_wconf 88' lang='lat' dir='ltr'><strong>nostra</strong></span> <span class='ocrx_word' id='word_1_634' title='bbox 3049 4378 3210 4448; x_wconf 82' lang='lat' dir='ltr'><strong>legat,</strong></span> <span class='ocrx_word' id='word_1_635' title='bbox 3235 4380 3328 4432; x_wconf 90' lang='lat' dir='ltr'><strong>sed</strong></span> <span class='ocrx_word' id='word_1_636' title='bbox 3357 4394 3418 4434; x_wconf 83' lang='lat' dir='ltr'><strong>ut</strong></span> <span class='ocrx_word' id='word_1_637' title='bbox 3444 4379 3761 4436; x_wconf 75' lang='lat' dir='ltr'><strong>mitissimus</strong></span> 
     </span>
    </p>
   </div>
   <div class='ocr_carea' id='block_1_91' title="bbox 494 4460 3763 4544">
    <p class='ocr_par' dir='ltr' id='par_1_91' title="bbox 494 4460 3763 4544">
     <span class='ocr_line' id='line_1_91' title="bbox 494 4460 3763 4544; baseline 0.002 -26"><span class='ocrx_word' id='word_1_638' title='bbox 494 4467 640 4520; x_wconf 83' lang='lat' dir='ltr'><strong>alter</strong></span> <span class='ocrx_word' id='word_1_639' title='bbox 671 4463 896 4534; x_wconf 85' lang='lat' dir='ltr'><strong>reperiri</strong></span> <span class='ocrx_word' id='word_1_640' title='bbox 931 4462 1127 4534; x_wconf 83' lang='lat' dir='ltr'><strong>pctuit,</strong></span> <span class='ocrx_word' id='word_1_641' title='bbox 1163 4463 1265 4517; x_wconf 89' lang='lat' dir='ltr'><strong>nisi</strong></span> <span class='ocrx_word' id='word_1_642' title='bbox 1295 4477 1404 4532; x_wconf 90' lang='lat' dir='ltr'><strong>quo</strong></span> <span class='ocrx_word' id='word_1_643' title='bbox 1441 4461 1649 4516; x_wconf 80' lang='lat' dir='ltr'><strong>retibus</strong></span> <span class='ocrx_word' id='word_1_644' title='bbox 1683 4460 1750 4514; x_wconf 75' lang='lat' dir='ltr'><strong>ad</strong></span> <span class='ocrx_word' id='word_1_645' title='bbox 1790 4474 1945 4513; x_wconf 78' lang='lat' dir='ltr'><strong>usum</strong></span> <span class='ocrx_word' id='word_1_646' title='bbox 1992 4473 2078 4513; x_wconf 69' lang='grc' dir='ltr'><strong>ω·</strong></span> <span class='ocrx_word' id='word_1_647' title='bbox 2106 4480 2152 4538; x_wconf 85' lang='grc' dir='ltr'>ι)</span> <span class='ocrx_word' id='word_1_648' title='bbox 2179 4468 2419 4537; x_wconf 86' lang='lat' dir='ltr'><strong>ejusdem</strong></span> <span class='ocrx_word' id='word_1_649' title='bbox 2449 4469 2625 4525; x_wconf 82' lang='lat' dir='ltr'><strong>Patris</strong></span> <span class='ocrx_word' id='word_1_650' title='bbox 2653 4471 2832 4526; x_wconf 89' lang='lat' dir='ltr'><strong>vultus</strong></span> <span class='ocrx_word' id='word_1_651' title='bbox 2859 4487 2953 4526; x_wconf 90' lang='lat' dir='ltr'><strong>sua</strong></span> <span class='ocrx_word' id='word_1_652' title='bbox 2996 4487 3334 4542; x_wconf 85' lang='lat' dir='ltr'><strong>nequaquam</strong></span> <span class='ocrx_word' id='word_1_653' title='bbox 3363 4483 3651 4544; x_wconf 85' lang='lat' dir='ltr'><strong>exasperet</strong></span> <span class='ocrx_word' id='word_1_654' title='bbox 3682 4473 3763 4527; x_wconf 90' lang='lat' dir='ltr'><strong>in-</strong></span> 
     </span>
    </p>
   </div>
   <div class='ocr_carea' id='block_1_92' title="bbox 497 4548 2077 4627">
    <p class='ocr_par' dir='ltr' id='par_1_92' title="bbox 497 4548 2077 4627">
     <span class='ocr_line' id='line_1_92' title="bbox 497 4548 2077 4627; baseline -0.004 -17"><span class='ocrx_word' id='word_1_655' title='bbox 497 4557 823 4627; x_wconf 89' lang='lat' dir='ltr'><strong>piendarum</strong></span> <span class='ocrx_word' id='word_1_656' title='bbox 872 4555 1202 4609; x_wconf 87' lang='lat' dir='ltr'><strong>silvestrium</strong></span> <span class='ocrx_word' id='word_1_657' title='bbox 1251 4554 1568 4623; x_wconf 81' lang='lat' dir='ltr'><strong>pra-paratis</strong></span> <span class='ocrx_word' id='word_1_658' title='bbox 1608 4548 1930 4621; x_wconf 80' lang='lat' dir='ltr'><strong>caprearum</strong></span> <span class='ocrx_word' id='word_1_659' title='bbox 1974 4549 2077 4604; x_wconf 90' lang='lat' dir='ltr'><strong>sibi</strong></span> 
     </span>
    </p>
   </div>
   <div class='ocr_carea' id='block_1_93' title="bbox 499 4643 2080 4716">
    <p class='ocr_par' dir='ltr' id='par_1_93' title="bbox 499 4643 2080 4716">
     <span class='ocr_line' id='line_1_93' title="bbox 499 4643 2080 4716; baseline -0.002 -14"><span class='ocrx_word' id='word_1_660' title='bbox 499 4648 739 4704; x_wconf 83' lang='lat' dir='ltr'><strong>invicem</strong></span> <span class='ocrx_word' id='word_1_661' title='bbox 794 4647 1055 4703; x_wconf 80' lang='lat' dir='ltr'><strong>connexis</strong></span> <span class='ocrx_word' id='word_1_662' title='bbox 1098 4657 1260 4716; x_wconf 88' lang='lat' dir='ltr'><strong>atque</strong></span> <span class='ocrx_word' id='word_1_663' title='bbox 1313 4646 1576 4700; x_wconf 90' lang='lat' dir='ltr'><strong>contortis</strong></span> <span class='ocrx_word' id='word_1_664' title='bbox 1622 4645 1930 4698; x_wconf 90' lang='lat' dir='ltr'><strong>utebantur.</strong></span> <span class='ocrx_word' id='word_1_665' title='bbox 1983 4643 2080 4699; x_wconf 90' lang='lat' dir='ltr'><strong>llis</strong></span> 
     </span>
    </p>
   </div>
   <div class='ocr_carea' id='block_1_94' title="bbox 494 4737 2081 4814">
    <p class='ocr_par' dir='ltr' id='par_1_94' title="bbox 494 4737 2081 4814">
     <span class='ocr_line' id='line_1_94' title="bbox 494 4737 2081 4814; baseline -0.003 -18"><span class='ocrx_word' id='word_1_666' title='bbox 494 4759 634 4814; x_wconf 79' lang='lat' dir='ltr'><strong>ergo</strong></span> <span class='ocrx_word' id='word_1_667' title='bbox 685 4741 1001 4813; x_wconf 90' lang='lat' dir='ltr'><strong>alligatum,</strong></span> <span class='ocrx_word' id='word_1_668' title='bbox 1053 4740 1130 4795; x_wconf 91' lang='lat' dir='ltr'><strong>uti</strong></span> <span class='ocrx_word' id='word_1_669' title='bbox 1188 4739 1338 4809; x_wconf 89' lang='lat' dir='ltr'><strong>prius</strong></span> <span class='ocrx_word' id='word_1_670' title='bbox 1395 4739 1669 4801; x_wconf 86' lang='lat' dir='ltr'><strong>fecerant,</strong></span> <span class='ocrx_word' id='word_1_671' title='bbox 1732 4737 2081 4792; x_wconf 77' lang='lat' dir='ltr'><strong>retrahebant</strong></span> 
     </span>
    </p>
   </div>
   <div class='ocr_carea' id='block_1_95' title="bbox 499 4829 2081 4904">
    <p class='ocr_par' dir='ltr' id='par_1_95' title="bbox 499 4829 2081 4904">
     <span class='ocr_line' id='line_1_95' title="bbox 499 4829 2081 4904; baseline -0.001 -18"><span class='ocrx_word' id='word_1_672' title='bbox 499 4848 742 4902; x_wconf 86' lang='lat' dir='ltr'><strong>equum,</strong></span> <span class='ocrx_word' id='word_1_673' title='bbox 802 4831 1016 4904; x_wconf 81' lang='lat' dir='ltr'><strong>magnis</strong></span> <span class='ocrx_word' id='word_1_674' title='bbox 1075 4830 1404 4885; x_wconf 88' lang='lat' dir='ltr'><strong>clamoribus</strong></span> <span class='ocrx_word' id='word_1_675' title='bbox 1458 4839 1708 4884; x_wconf 88' lang='lat' dir='ltr'><strong>sanctum</strong></span> <span class='ocrx_word' id='word_1_676' title='bbox 1770 4829 2081 4884; x_wconf 89' lang='lat' dir='ltr'><strong>invocantes</strong></span> 
     </span>
    </p>
   </div>
   <div class='ocr_carea' id='block_1_96' title="bbox 497 4919 2081 4989">
    <p class='ocr_par' dir='ltr' id='par_1_96' title="bbox 497 4919 2081 4989">
     <span class='ocr_line' id='line_1_96' title="bbox 497 4919 2081 4989; baseline -0.001 -11"><span class='ocrx_word' id='word_1_677' title='bbox 497 4925 879 4980; x_wconf 86' lang='lat' dir='ltr'><strong>Benedictum.</strong></span> <span class='ocrx_word' id='word_1_678' title='bbox 921 4923 988 4977; x_wconf 88' lang='lat' dir='ltr'><strong>Et</strong></span> <span class='ocrx_word' id='word_1_679' title='bbox 1029 4937 1175 4983; x_wconf 90' lang='lat' dir='ltr'><strong>ecce.</strong></span> <span class='ocrx_word' id='word_1_680' title='bbox 1227 4936 1347 4976; x_wconf 89' lang='lat' dir='ltr'><strong>ctnn</strong></span> <span class='ocrx_word' id='word_1_681' title='bbox 1378 4919 1489 4988; x_wconf 87' lang='lat' dir='ltr'><strong>jam</strong></span> <span class='ocrx_word' id='word_1_682' title='bbox 1530 4937 1663 4989; x_wconf 88' lang='lat' dir='ltr'><strong>pene</strong></span> <span class='ocrx_word' id='word_1_683' title='bbox 1704 4921 1846 4974; x_wconf 88' lang='lat' dir='ltr'><strong>inter</strong></span> <span class='ocrx_word' id='word_1_684' title='bbox 1891 4936 2081 4976; x_wconf 88' lang='lat' dir='ltr'><strong>manus</strong></span> 
     </span>
    </p>
   </div>
   <div class='ocr_carea' id='block_1_97' title="bbox 496 5013 2079 5081">
    <p class='ocr_par' dir='ltr' id='par_1_97' title="bbox 496 5013 2079 5081">
     <span class='ocr_line' id='line_1_97' title="bbox 496 5013 2079 5081; baseline 0 -12"><span class='ocrx_word' id='word_1_685' title='bbox 496 5015 718 5072; x_wconf 74' lang='lat' dir='ltr'><strong>futurus</strong></span> <span class='ocrx_word' id='word_1_686' title='bbox 766 5025 934 5081; x_wconf 90' lang='lat' dir='ltr'><strong>esset,</strong></span> <span class='ocrx_word' id='word_1_687' title='bbox 982 5017 1180 5071; x_wconf 89' lang='lat' dir='ltr'><strong>iterato</strong></span> <span class='ocrx_word' id='word_1_688' title='bbox 1221 5015 1595 5070; x_wconf 86' lang='lat' dir='ltr'><strong>deficientibus</strong></span> <span class='ocrx_word' id='word_1_689' title='bbox 1637 5013 1867 5067; x_wconf 89' lang='lat' dir='ltr'><strong>vinculis</strong></span> <span class='ocrx_word' id='word_1_690' title='bbox 1910 5013 2079 5069; x_wconf 85' lang='lat' dir='ltr'><strong>relabi</strong></span> 
     </span>
    </p>
   </div>
   <div class='ocr_carea' id='block_1_98' title="bbox 494 5105 2082 5178">
    <p class='ocr_par' dir='ltr' id='par_1_98' title="bbox 494 5105 2082 5178">
     <span class='ocr_line' id='line_1_98' title="bbox 494 5105 2082 5178; baseline 0 -16"><span class='ocrx_word' id='word_1_691' title='bbox 494 5117 744 5178; x_wconf 78' lang='lat' dir='ltr'><strong>cmperat</strong></span> <span class='ocrx_word' id='word_1_692' title='bbox 797 5109 854 5161; x_wconf 90' lang='lat' dir='ltr'><strong>in</strong></span> <span class='ocrx_word' id='word_1_693' title='bbox 898 5108 1038 5162; x_wconf 91' lang='lat' dir='ltr'><strong>imis.</strong></span> <span class='ocrx_word' id='word_1_694' title='bbox 1092 5107 1245 5162; x_wconf 83' lang='lat' dir='ltr'><strong>Tunc</strong></span> <span class='ocrx_word' id='word_1_695' title='bbox 1289 5122 1426 5160; x_wconf 91' lang='lat' dir='ltr'><strong>unus</strong></span> <span class='ocrx_word' id='word_1_696' title='bbox 1472 5121 1502 5161; x_wconf 91' lang='lat' dir='ltr'><strong>e</strong></span> <span class='ocrx_word' id='word_1_697' title='bbox 1547 5105 1703 5159; x_wconf 88' lang='lat' dir='ltr'><strong>turba</strong></span> <span class='ocrx_word' id='word_1_698' title='bbox 1758 5106 1966 5176; x_wconf 81' lang='lat' dir='ltr'><strong>alligari</strong></span> <span class='ocrx_word' id='word_1_699' title='bbox 2021 5122 2082 5163; x_wconf 85' lang='lat' dir='ltr'><strong>se</strong></span> 
     </span>
    </p>
   </div>
   <div class='ocr_carea' id='block_1_99' title="bbox 495 5195 2081 5267">
    <p class='ocr_par' dir='ltr' id='par_1_99' title="bbox 495 5195 2081 5267">
     <span class='ocr_line' id='line_1_99' title="bbox 495 5195 2081 5267; baseline 0.001 -16"><span class='ocrx_word' id='word_1_700' title='bbox 495 5199 678 5266; x_wconf 66' lang='lat' dir='ltr'><strong>poscit</strong></span> <span class='ocrx_word' id='word_1_701' title='bbox 713 5196 945 5267; x_wconf 79' lang='lat' dir='ltr'><strong>cingulis</strong></span> <span class='ocrx_word' id='word_1_702' title='bbox 972 5212 1040 5251; x_wconf 79' lang='lat' dir='ltr'><strong>ex</strong></span> <span class='ocrx_word' id='word_1_703' title='bbox 1080 5196 1244 5251; x_wconf 83' lang='lat' dir='ltr'><strong>coriis</strong></span> <span class='ocrx_word' id='word_1_704' title='bbox 1274 5210 1560 5250; x_wconf 89' lang='lat' dir='ltr'><strong>cervorum</strong></span> <span class='ocrx_word' id='word_1_705' title='bbox 1602 5195 1856 5260; x_wconf 90' lang='lat' dir='ltr'><strong>desectis,</strong></span> <span class='ocrx_word' id='word_1_706' title='bbox 1886 5198 2081 5265; x_wconf 89' lang='lat' dir='ltr'><strong>quibus</strong></span> 
     </span>
    </p>
   </div>
   <div class='ocr_carea' id='block_1_100' title="bbox 497 5286 2082 5344">
    <p class='ocr_par' dir='ltr' id='par_1_100' title="bbox 497 5286 2082 5344">
     <span class='ocr_line' id='line_1_100' title="bbox 497 5286 2082 5344; baseline 0.001 -2"><span class='ocrx_word' id='word_1_707' title='bbox 497 5289 762 5344; x_wconf 76' lang='lat' dir='ltr'><strong>Aquitani</strong></span> <span class='ocrx_word' id='word_1_708' title='bbox 802 5298 1028 5343; x_wconf 89' lang='lat' dir='ltr'><strong>utuntur</strong></span> <span class='ocrx_word' id='word_1_709' title='bbox 1059 5287 1351 5341; x_wconf 86' lang='lat' dir='ltr'><strong>latissimis</strong></span> <span class='ocrx_word' id='word_1_710' title='bbox 1397 5294 1561 5344; x_wconf 81' lang='lat' dir='ltr'><strong>atque</strong></span> <span class='ocrx_word' id='word_1_711' title='bbox 1595 5286 1927 5344; x_wconf 81' lang='lat' dir='ltr'><strong>fortissimis.</strong></span> <span class='ocrx_word' id='word_1_712' title='bbox 1977 5290 2082 5344; x_wconf 86' lang='lat' dir='ltr'><strong>sic-</strong></span> 
     </span>
    </p>
   </div>
   <div class='ocr_carea' id='block_1_101' title="bbox 2182 4558 3758 4631">
    <p class='ocr_par' dir='ltr' id='par_1_101' title="bbox 2182 4558 3758 4631">
     <span class='ocr_line' id='line_1_101' title="bbox 2182 4558 3758 4631; baseline 0.004 -19"><span class='ocrx_word' id='word_1_713' title='bbox 2182 4559 2529 4631; x_wconf 84' lang='lat' dir='ltr'><strong>gratitudine.</strong></span> <span class='ocrx_word' id='word_1_714' title='bbox 2554 4559 2654 4627; x_wconf 86' lang='lat' dir='ltr'><strong>Qui</strong></span> <span class='ocrx_word' id='word_1_715' title='bbox 2676 4558 2744 4625; x_wconf 88' lang='lat' dir='ltr'><strong>si,</strong></span> <span class='ocrx_word' id='word_1_716' title='bbox 2773 4561 2916 4630; x_wconf 91' lang='lat' dir='ltr'><strong>quod</strong></span> <span class='ocrx_word' id='word_1_717' title='bbox 2947 4561 3120 4616; x_wconf 88' lang='lat' dir='ltr'><strong>absit!</strong></span> <span class='ocrx_word' id='word_1_718' title='bbox 3151 4560 3390 4618; x_wconf 69' lang='lat' dir='ltr'><strong>offensus</strong></span> <span class='ocrx_word' id='word_1_719' title='bbox 3417 4562 3599 4627; x_wconf 87' lang='lat' dir='ltr'><strong>fuerit,</strong></span> <span class='ocrx_word' id='word_1_720' title='bbox 3629 4563 3758 4618; x_wconf 82' lang='lat' dir='ltr'><strong>nulli</strong></span> 
     </span>
    </p>
   </div>
   <div class='ocr_carea' id='block_1_102' title="bbox 2182 4654 3755 4725">
    <p class='ocr_par' dir='ltr' id='par_1_102' title="bbox 2182 4654 3755 4725">
     <span class='ocr_line' id='line_1_102' title="bbox 2182 4654 3755 4725; baseline -0.001 -17"><span class='ocrx_word' id='word_1_721' title='bbox 2182 4654 2401 4708; x_wconf 91' lang='lat' dir='ltr'><strong>dubium</strong></span> <span class='ocrx_word' id='word_1_722' title='bbox 2447 4657 2588 4724; x_wconf 91' lang='lat' dir='ltr'><strong>quod</strong></span> <span class='ocrx_word' id='word_1_723' title='bbox 2631 4655 2824 4709; x_wconf 89' lang='lat' dir='ltr'><strong>durum</strong></span> <span class='ocrx_word' id='word_1_724' title='bbox 2861 4670 2919 4710; x_wconf 90' lang='lat' dir='ltr'><strong>se</strong></span> <span class='ocrx_word' id='word_1_725' title='bbox 2966 4657 3205 4725; x_wconf 65' lang='lat' dir='ltr'><strong>praebeat</strong></span> <span class='ocrx_word' id='word_1_726' title='bbox 3244 4665 3298 4710; x_wconf 92' lang='lat' dir='ltr'><strong>et</strong></span> <span class='ocrx_word' id='word_1_727' title='bbox 3343 4655 3755 4722; x_wconf 82' lang='lat' dir='ltr'><strong>intractabilem,</strong></span> 
     </span>
    </p>
   </div>
   <div class='ocr_carea' id='block_1_103' title="bbox 2183 4746 3754 4817">
    <p class='ocr_par' dir='ltr' id='par_1_103' title="bbox 2183 4746 3754 4817">
     <span class='ocr_line' id='line_1_103' title="bbox 2183 4746 3754 4817; baseline 0.001 -17"><span class='ocrx_word' id='word_1_728' title='bbox 2183 4747 2320 4800; x_wconf 90' lang='lat' dir='ltr'><strong>sicut</strong></span> <span class='ocrx_word' id='word_1_729' title='bbox 2360 4755 2603 4809; x_wconf 87' lang='lat' dir='ltr'><strong>econtra,</strong></span> <span class='ocrx_word' id='word_1_730' title='bbox 2635 4746 2954 4803; x_wconf 89' lang='lat' dir='ltr'><strong>humilitatis</strong></span> <span class='ocrx_word' id='word_1_731' title='bbox 2985 4747 3235 4816; x_wconf 88' lang='lat' dir='ltr'><strong>precibus</strong></span> <span class='ocrx_word' id='word_1_732' title='bbox 3282 4746 3754 4817; x_wconf 72' lang='lat' dir='ltr'><strong>mi.igatns,favo~</strong></span> 
     </span>
    </p>
   </div>
   <div class='ocr_carea' id='block_1_104' title="bbox 2182 4837 3127 4893">
    <p class='ocr_par' dir='ltr' id='par_1_104' title="bbox 2182 4837 3127 4893">
     <span class='ocr_line' id='line_1_104' title="bbox 2182 4837 3127 4893; baseline -0.001 -1"><span class='ocrx_word' id='word_1_733' title='bbox 2182 4837 2407 4893; x_wconf 86' lang='lat' dir='ltr'><strong>rabilem</strong></span> <span class='ocrx_word' id='word_1_734' title='bbox 2430 4853 2490 4893; x_wconf 87' lang='lat' dir='ltr'><strong>se</strong></span> <span class='ocrx_word' id='word_1_735' title='bbox 2518 4838 2794 4893; x_wconf 80' lang='lat' dir='ltr'><strong>exhibebit</strong></span> <span class='ocrx_word' id='word_1_736' title='bbox 2825 4854 2889 4893; x_wconf 89' lang='lat' dir='ltr'><strong>ac</strong></span> <span class='ocrx_word' id='word_1_737' title='bbox 2934 4837 3127 4891; x_wconf 88' lang='lat' dir='ltr'><strong>lenem.</strong></span> 
     </span>
    </p>
   </div>
   <div class='ocr_carea' id='block_1_105' title="bbox 2780 4928 3154 4984">
    <p class='ocr_par' dir='ltr' id='par_1_105' title="bbox 2780 4928 3154 4984">
     <span class='ocr_line' id='line_1_105' title="bbox 2780 4928 3154 4984; baseline -0.003 -1"><span class='ocrx_word' id='word_1_738' title='bbox 2780 4928 3006 4984; x_wconf 80' lang='lat' dir='ltr'>CAPUT</span> <span class='ocrx_word' id='word_1_739' title='bbox 3047 4928 3154 4983; x_wconf 73' lang='lat' dir='ltr'><strong>VU.</strong></span> 
     </span>
    </p>
   </div>
   <div class='ocr_carea' id='block_1_106' title="bbox 2255 5018 3685 5089">
    <p class='ocr_par' dir='ltr' id='par_1_106' title="bbox 2255 5018 3685 5089">
     <span class='ocr_line' id='line_1_106' title="bbox 2255 5018 3685 5089; baseline -0.003 -12"><span class='ocrx_word' id='word_1_740' title='bbox 2255 5020 2449 5077; x_wconf 75' lang='lat' dir='ltr'><strong>Milites</strong></span> <span class='ocrx_word' id='word_1_741' title='bbox 2487 5020 2626 5089; x_wconf 82' lang='lat' dir='ltr'><strong>pasti</strong></span> <span class='ocrx_word' id='word_1_742' title='bbox 2649 5037 2783 5089; x_wconf 81' lang='lat' dir='ltr'><strong>pane</strong></span> <span class='ocrx_word' id='word_1_743' title='bbox 2809 5019 2870 5074; x_wconf 87' lang='lat' dir='ltr'><strong>S.</strong></span> <span class='ocrx_word' id='word_1_744' title='bbox 2905 5019 3172 5072; x_wconf 82' lang='lat' dir='ltr'><strong>Benedicti</strong></span> <span class='ocrx_word' id='word_1_745' title='bbox 3197 5019 3255 5072; x_wconf 82' lang='lat' dir='ltr'><strong>in</strong></span> <span class='ocrx_word' id='word_1_746' title='bbox 3298 5018 3483 5088; x_wconf 72' lang='lat' dir='ltr'><strong>pra&#39;iio</strong></span> <span class='ocrx_word' id='word_1_747' title='bbox 3515 5019 3685 5073; x_wconf 62' lang='lat' dir='ltr'><strong>illecti.</strong></span> 
     </span>
    </p>
   </div>
   <div class='ocr_carea' id='block_1_107' title="bbox 2252 5109 3752 5182">
    <p class='ocr_par' dir='ltr' id='par_1_107' title="bbox 2252 5109 3752 5182">
     <span class='ocr_line' id='line_1_107' title="bbox 2252 5109 3752 5182; baseline 0.001 -18"><span class='ocrx_word' id='word_1_748' title='bbox 2252 5111 2342 5166; x_wconf 71' lang='lat'><strong>22.</strong></span> <span class='ocrx_word' id='word_1_749' title='bbox 2389 5111 2764 5182; x_wconf 86' lang='lat' dir='ltr'><strong>Opportunum</strong></span> <span class='ocrx_word' id='word_1_750' title='bbox 2795 5110 3005 5164; x_wconf 90' lang='lat' dir='ltr'><strong>videtur</strong></span> <span class='ocrx_word' id='word_1_751' title='bbox 3028 5119 3082 5164; x_wconf 93' lang='lat' dir='ltr'><strong>et</strong></span> <span class='ocrx_word' id='word_1_752' title='bbox 3111 5110 3241 5165; x_wconf 89' lang='lat' dir='ltr'><strong>illud</strong></span> <span class='ocrx_word' id='word_1_753' title='bbox 3275 5110 3514 5165; x_wconf 87' lang='lat' dir='ltr'><strong>inserere</strong></span> <span class='ocrx_word' id='word_1_754' title='bbox 3545 5109 3752 5166; x_wconf 74' lang='lat' dir='ltr'><strong>lectioni</strong></span> 
     </span>
    </p>
   </div>
   <div class='ocr_carea' id='block_1_108' title="bbox 2183 5202 3752 5273">
    <p class='ocr_par' dir='ltr' id='par_1_108' title="bbox 2183 5202 3752 5273">
     <span class='ocr_line' id='line_1_108' title="bbox 2183 5202 3752 5273; baseline 0.001 -18"><span class='ocrx_word' id='word_1_755' title='bbox 2183 5204 2326 5273; x_wconf 91' lang='lat' dir='ltr'><strong>quod</strong></span> <span class='ocrx_word' id='word_1_756' title='bbox 2375 5204 2428 5258; x_wconf 90' lang='lat' dir='ltr'><strong>in</strong></span> <span class='ocrx_word' id='word_1_757' title='bbox 2469 5205 2659 5258; x_wconf 87' lang='lat' dir='ltr'><strong>eadem</strong></span> <span class='ocrx_word' id='word_1_758' title='bbox 2699 5202 2972 5272; x_wconf 84' lang='lat' dir='ltr'><strong>provincia</strong></span> <span class='ocrx_word' id='word_1_759' title='bbox 3019 5203 3118 5256; x_wconf 90' lang='lat' dir='ltr'><strong>sub</strong></span> <span class='ocrx_word' id='word_1_760' title='bbox 3149 5203 3424 5256; x_wconf 86' lang='lat' dir='ltr'><strong>antedieto</strong></span> <span class='ocrx_word' id='word_1_761' title='bbox 3472 5205 3752 5272; x_wconf 69' lang='lat' dir='ltr'><strong>praeposito</strong></span> 
     </span>
    </p>
   </div>
   <div class='ocr_carea' id='block_1_109' title="bbox 2183 5294 3750 5344">
    <p class='ocr_par' dir='ltr' id='par_1_109' title="bbox 2183 5294 3750 5344">
     <span class='ocr_line' id='line_1_109' title="bbox 2183 5294 3750 5344; baseline 0 0"><span class='ocrx_word' id='word_1_762' title='bbox 2183 5295 2407 5344; x_wconf 79' lang='lat' dir='ltr'><strong>Otherio</strong></span> <span class='ocrx_word' id='word_1_763' title='bbox 2430 5296 2637 5344; x_wconf 80' lang='lat' dir='ltr'><strong>meritis</strong></span> <span class='ocrx_word' id='word_1_764' title='bbox 2658 5296 2829 5344; x_wconf 83' lang='lat' dir='ltr'><strong>sancti</strong></span> <span class='ocrx_word' id='word_1_765' title='bbox 2855 5296 2936 5344; x_wconf 84' lang='lat' dir='ltr'><strong>sui</strong></span> <span class='ocrx_word' id='word_1_766' title='bbox 2962 5294 3232 5344; x_wconf 83' lang='lat' dir='ltr'><strong>Benedicti</strong></span> <span class='ocrx_word' id='word_1_767' title='bbox 3264 5296 3523 5344; x_wconf 77' lang='lat' dir='ltr'><strong>Dominus</strong></span> <span class='ocrx_word' id='word_1_768' title='bbox 3545 5296 3750 5344; x_wconf 79' lang='lat' dir='ltr'><strong>onerari</strong></span> 
     </span>
    </p>
   </div>
  </div>
