4108 5412
335 199 438 259 837

1051 198 1135 255 DE
1176 194 1548 256 MIRACELIS
1583 199 1643 255 S.
1680 198 2040 255 BENEDICTI
2082 199 2257 255 LIBRI
2296 199 2449 257 DUO.
2493 232 2561 242 —
2600 200 2725 256 LIB.
2769 200 2831 256 ll.

3494 203 3600 259 858

334 318 479 371 Inter
510 315 745 386 reliquos
772 328 896 370 vero
922 311 1037 381 ejus
1061 313 1365 375 auxiliares,
1386 327 1523 382 quos
1550 311 1613 365 ad
1646 311 1697 366 id
1718 326 1912 367 evoca-
1940 328 1988 386 Α
2018 312 2359 377 Iesmensem,
2406 322 2585 367 castra
2634 312 2870 368 metandi
2900 325 3083 377 causa,
3114 312 3311 368 curtitn
3350 318 3600 386 superius

333 416 484 462 verat
515 405 739 472 bellmn,
760 414 877 459 erat
918 404 1086 474 Ilugo,
1113 405 1179 459 de
1206 420 1314 474 quo
1335 404 1717 474 praemisimus,
1748 403 1918 458 donti-

329 513 429 552 nus
452 497 640 560 castri,
668 496 810 567 quod
853 495 1145 567 Gargilissa
1177 496 1397 551 dicitur.
1426 495 1476 549 Is
1517 498 1793 567 cognitum
1824 495 1916 550 ha-

328 592 462 646 bens
498 590 873 645 beatissimum
901 589 1119 644 Patrem
1158 597 1404 645 nostrum
1436 589 1783 645 Benedictum
1832 588 1916 643 his

326 681 419 751 qui
445 696 505 735 se
546 681 706 750 plena
742 681 1110 736 invocaverint
1133 680 1235 735 fide
1261 680 1462 752 ubique
1501 690 1555 735 et
1599 680 1832 734 maxime
1862 681 1916 735 in

327 772 466 828 lolio
504 772 682 827 solere
710 771 981 837 auxiliari,
1008 780 1367 827 memoratum
1412 773 1621 842 rogavit
1658 772 1916 842 praeposi-

327 870 441 916 tum
466 860 773 937 Otherium,
808 872 864 917 ut
892 862 993 918 sibi
1026 862 1218 919 saltem
1265 864 1399 917 duos
1428 863 1704 919 conferret
1749 878 1915 933 panes

325 967 388 1007 ex
425 954 492 1008 iis
534 955 731 1023 quibus
776 954 1023 1011 monachi
1052 954 1428 1021 vescebantur,
1461 969 1597 1025 quos
1632 955 1745 1024 ipse
1789 970 1914 1009 cum

323 1045 437 1100 suis
487 1055 767 1102 certamen
813 1047 1112 1103 intraturus
1147 1049 1200 1103 in
1240 1064 1421 1103 escam
1462 1056 1731 1112 sumeret;
1791 1047 1911 1103 fidei

325 1152 429 1191 non
462 1138 689 1193 modice
719 1139 1010 1205 exsistens,
1041 1140 1134 1209 qui
1171 1140 1417 1197 crederet
1447 1139 1541 1195 illo
1566 1156 1625 1195 se
1669 1138 1793 1195 cibo
1816 1154 1911 1192 va-

324 1230 483 1285 lidius
511 1232 764 1287 omnibus
790 1248 947 1303 posse
994 1234 1161 1290 armis
1190 1245 1377 1289 contra
1430 1234 1681 1289 universa
1712 1233 1909 1288 muniri

323 1322 581 1392 pericula.
608 1322 827 1379 Interim
857 1323 1247 1389 llihlebertum,
1276 1335 1383 1379 tam
1422 1325 1597 1394 ipsum
1626 1322 1908 1395 llugonem

321 1428 593 1481 quamque
605 1422 797 1468 cetera
820 1421 1224 1484 exspectantem
1242 1413 1466 1480 auxilia,
1495 1413 1767 1484 praecipue
1791 1412 1912 1467 Ful-

320 1520 513 1559 ronem
530 1504 641 1576 (41)
657 1506 1102 1577 Andegavensem
1116 1508 1394 1572 comitem,
1412 1508 1720 1578 congregati
1735 1506 1910 1561 Picta-

318 1597 533 1652 viensrs
572 1598 852 1669 repentina
882 1600 1180 1669 irruptione
1208 1600 1517 1670 opprimere
1558 1600 1735 1654 conati
1760 1609 1904 1663 sunt,

318 1697 585 1756 quatenus
615 1704 680 1744 eo
709 1689 799 1758 qui
848 1690 956 1743 dux
1005 1689 1131 1744 belli
1180 1698 1329 1754 erat,
1358 1701 1649 1760 antequam
1698 1703 1907 1747 cuncta:

316 1776 430 1845 ejus
477 1788 941 1851 congregarentur
985 1781 1176 1849 copiae,
1223 1795 1503 1850 oppresso,
1548 1781 1795 1837 residuos
1841 1782 1909 1837 ab

317 1867 488 1937 ipsius
528 1869 871 1924 deterrerent
905 1869 1192 1940 adjutorio.
1222 1868 1331 1924 Nec
1363 1870 1453 1924 ille
1479 1870 1699 1939 segnior
1728 1871 1780 1924 in
1812 1872 1908 1925 oh-

317 1962 512 2018 viando
541 1963 676 2029 fuit,
705 1963 800 2019 sed
828 1979 949 2019 cum
995 1964 1203 2034 paucis,
1247 1980 1384 2034 quos
1424 1978 1609 2019 secum
1652 1964 1903 2029 habebat,

316 2058 595 2127 excipiens
616 2058 984 2121 advenientes,
1012 2058 1093 2113 bis
1115 2074 1237 2114 eum
1260 2059 1339 2113 eis
1355 2060 1582 2130 campali
1606 2061 1906 2115 certamine

315 2148 573 2203 conﬂixit.
608 2149 853 2219 Cumque
898 2150 951 2205 in
980 2165 1045 2205 eo
1070 2160 1213 2206 esset
1260 2160 1317 2205 ut
1344 2151 1412 2204 ab
1442 2152 1675 2206 hostium
1719 2152 1903 2206 multi-

321 2241 510 2296 tudine
537 2251 906 2311 superaretur,
944 2243 1217 2297 veteranis
1248 2243 1409 2298 etiam
1440 2244 1553 2299 suis
1582 2243 1769 2314 fugere
1796 2260 1902 2299 non

313 2332 783 2397 erubescentibus,
832 2348 897 2388 ex
927 2334 1219 2404 improviso
1240 2333 1355 2403 jam
1389 2335 1564 2390 dictus
1593 2335 1904 2405 supervenit

316 2419 489 2492 llugo,
518 2422 609 2492 qui
639 2422 877 2491 dejectos
919 2425 1079 2479 rebus
1117 2424 1358 2478 adversis
1389 2427 1658 2479 sociorum
1687 2424 1902 2477 intuens

314 2516 550 2581 animos,
593 2516 782 2572 fractis
803 2518 1032 2579 eitatim,
1061 2534 1196 2587 quos
1234 2532 1300 2571 ex
1343 2517 1670 2571 monasterio
1715 2517 1897 2571 Sancti

312 2606 591 2663 Benedicti
620 2620 902 2679 acceperat
932 2610 1180 2679 panibus,
1224 2621 1277 2665 et
1313 2609 1426 2681 ipse
1454 2610 1704 2679 sumpsit,
1730 2618 1786 2665 et
1817 2610 1899 2664 his

312 2715 445 2770 quos
468 2717 652 2757 serum
689 2704 1003 2768 adduxerat,
1054 2703 1348 2771 distribuit,
1379 2718 1442 2758 ac
1471 2703 1686 2757 demum
1717 2701 1897 2757 PlCl'I-

311 2807 406 2846 vos
431 2792 763 2864 jamjamque
790 2793 1039 2862 victor‘es,
1066 2802 1119 2848 et
1142 2794 1223 2849 sui
1248 2794 1473 2848 nimium
1500 2808 1743 2857 securos,
1772 2809 1895 2848 cum

311 2884 623 2941 Hildeberto
654 2902 963 2958 aggressus,
1006 2886 1139 2942 vicit
1169 2885 1499 2958 fugavitque.
1535 2886 1677 2939 Sane
1704 2900 1771 2939 ex
1803 2904 1831 2937 ιι
1858 2885 1897 2939 io

309 2974 517 3080 litibus,
544 2977 636 3046 qui
676 2978 947 3049 quidpiam
980 2979 1135 3050 panis
1160 2978 1347 3034 Sancti
1381 2978 1657 3034 Benedicti
1704 2994 1895 3084 quain-
1924 3027 1966 3084 Ο

307 3068 391 3123 vis
421 3069 636 3124 modice
662 3080 1022 3141 sumpserant,
1054 3072 1236 3126 nullus
1269 3071 1466 3129 lethale
1496 3071 1736 3142 suscepit
1777 3070 1895 3125 vul-

309 3177 434 3228 nus,
455 3163 552 3218 sed
582 3179 771 3218 omnes
798 3162 1096 3219 incolumes
1125 3173 1435 3219 evaserunt.

903 3295 1133 3353 CAPUT
1160 3296 1285 3351 VIII.

308 3411 662 3465 Aboatiscillw
700 3414 1071 3467 monasterium
1110 3429 1225 3465 cum
1274 3412 1417 3466 miles
1441 3429 1533 3481 per
1571 3412 1670 3466 vim
1695 3414 1893 3480 ingres-

375 3498 467 3553 sus
492 3482 676 3551 fuisse!
698 3493 743 3536 et
772 3485 827 3536 in
871 3492 1216 3553 contemptum
1246 3484 1305 3539 S.
1336 3482 1605 3537 Benedicti
1631 3500 1741 3536 seu
1778 3485 1893 3536 riuo

380 3552 608 3620 {rutrum
672 3553 995 3615 iuebriauet,
1047 3552 1232 3607 abbate
1283 3564 1465 3608 orante
1522 3554 1690 3606 Deum
1740 3564 1794 3605 ut
1838 3568 1892 3606 se

380 3626 670 3677 ostenderet
711 3635 930 3677 tutorem
980 3624 1100 3688 loci,
1142 3626 1248 3694 igni
1300 3636 1632 3693 consumptus
1676 3635 1767 3681 est.
1801 3639 1891 3677 nec

378 3710 483 3747 non
510 3694 614 3748 duo
649 3695 797 3765 pueri
829 3694 990 3765 ipsius
1020 3697 1315 3765 conplices,
1354 3695 1470 3765 equi
1500 3704 1546 3747 et
1568 3709 1891 3764 quaecunque

382 3780 504 3818 sua.

373 3880 466 3937 25.
496 3878 648 3935 Nune
699 3877 811 3949 jam
860 3880 927 3937 ab
957 3880 1243 3952 Aquitania
1275 3895 1520 3950 gressum
1564 3879 1715 3933 verbi
1766 3892 1890 3948 pro-

311 3982 614 4037 moventes,
665 3972 717 4026 in
756 3972 1039 4026 Franciam
1085 3973 1385 4037 redeamus,
1434 3971 1776 4041 narratisque
1822 3968 1889 4025 de

306 4074 452 4120 statu
487 4065 632 4135 regni
676 4078 771 4119 seu
804 4079 989 4135 regum
1033 4080 1151 4134 qua:
1180 4064 1246 4119 ad
1277 4080 1391 4119 rem
1422 4064 1694 4134 pertinere
1739 4062 1886 4117 vide-

307 4158 527 4219 buntur,
553 4156 868 4210 miraculum
894 4171 991 4226 per
1007 4156 1380 4211 beatissimum
1402 4153 1617 4209 Patrem
1641 4163 1885 4209 nostrum

304 4250 687 4307 Benecdirtum
716 4251 782 4305 ad
804 4250 1175 4321 omnipotente
1205 4250 1312 4305 Deo
1343 4249 1397 4303 in
1436 4248 1553 4304 loco
1580 4247 1671 4317 qui
1703 4247 1880 4302 A’bba-

2020 404 2311 459 nominata:
2360 405 2497 460 tilla:
2524 406 2749 461 Abbatis
2780 407 2883 462 sibi
2912 406 3153 478 diligere.
3183 408 3350 463 Porro
3380 424 3410 464 e
3439 412 3601 466 satel-

2019 494 2205 550 litibus
2230 496 2345 565 ejus
2373 496 2588 566 quidam
2617 512 2888 568 perversae
2919 499 3113 553 mentis
3135 498 3353 567 juvenis
3396 517 3601 571 praete-

2019 586 2175 641 niens
2200 587 2497 653 dominum,
2528 591 2795 648 monacho
2827 591 2876 644 ei
2907 591 3045 645 curti
3075 592 3387 661 praeposito,
3419 592 3597 649 Theo-

2017 676 2201 731 derico
2231 680 2469 743 nomine,
2494 678 2783 735 furibunde
2805 682 3033 751 imperat
3057 691 3115 736 ut
3139 682 3240 737 sibi
3266 693 3449 753 portas
3474 700 3601 754 ape-

2018 767 2143 833 riat,
2171 782 2236 823 eo
2258 769 2401 838 quod
2436 769 2549 840 ipse
2574 770 2705 824 inibi
2751 782 3009 827 metatum
3034 773 3279 827 abiturus
3321 774 3476 828 foret.
3514 775 3599 829 Ad

2016 871 2177 928 quem
2201 861 2498 916 monachus
2532 877 2547 915 :
2582 861 2960 929 «Patientiam,
2986 864 3179 933 inquit,
3201 880 3235 920 o
3262 866 3465 936 optime
3492 868 3597 921 mi-

2016 947 2191 1015 litum,
2220 950 2273 1005 in
2305 966 2391 1006 me
2411 950 2570 1017 habe,
2588 954 2875 1007 adventum
2900 954 2976 1008 tui
2996 956 3226 1010 senioris
3245 958 3597 1026 operientem,

2014 1040 2101 1095 cui
2117 1040 2217 1095 soli
2233 1042 2316 1096 hat-
2338 1043 2595 1112 patebunt
2620 1050 2811 1112 portae.
2828 1064 2847 1096 ι
2871 1044 3322 1100 Anituadvertens
3338 1046 3489 1101 miles
3513 1062 3600 1101 co-

2014 1136 2158 1205 piam
2198 1138 2504 1192 tntmeundi
2552 1138 2655 1192 sibi
2699 1136 2979 1208 denegari,
3026 1154 3323 1195 conversus
3354 1142 3406 1195 in
3439 1141 3596 1207 iram,

2013 1226 2180 1281 sociis
2200 1226 2317 1280 inllt
2343 1245 2357 1281 :
2392 1227 2523 1293 «En,
2553 1228 2748 1297 inquit,
2779 1229 3214 1298 contemplatttini
3238 1230 3378 1283 hunc
3410 1246 3598 1285 mona-

2013 1321 2191 1384 chum,
2248 1320 2415 1376 veluti
2464 1322 2732 1375 tumidum
2778 1320 3050 1385 bufonem,
3096 1336 3237 1391 equo
3289 1323 3471 1377 itidem
3517 1335 3600 1379 tu-

2012 1415 2177 1469 menti
2199 1415 2429 1484 superbe
2458 1413 2719 1476 residere,
2752 1427 2851 1467 nec
2882 1412 3012 1467 mihi
3042 1413 3254 1482 aperire
3274 1412 3461 1467 velle.»
3504 1413 3599 1469 llis

2012 1506 2354 1561 contumelia:
2404 1505 2586 1560 verbis
2632 1505 2901 1560 emnohita
2945 1515 3148 1571 motus,
3193 1520 3487 1559 conversus
3531 1506 3600 1561 ad

2011 1600 2350 1664 orientalem,
2388 1600 2455 1654 ad
2492 1614 2653 1669 quam
2703 1598 3092 1653 monasterium
3135 1599 3296 1652 situm
3336 1606 3440 1662 est,
3481 1597 3593 1667 plac

2012 1707 2167 1759 gam:
2205 1708 2225 1741 ε
2252 1691 2385 1760 Ego,
2424 1691 2521 1753 ait,
2558 1702 2630 1753 te,
2662 1706 2695 1744 o
2716 1691 2899 1745 senior
2927 1689 3266 1744 sanctissime
3287 1689 3597 1756 Benedicte,

2012 1792 2104 1835 aut
2136 1791 2393 1851 perpetuo
2438 1781 2777 1836 obdormisse
2824 1781 3071 1850 suspicor
3117 1795 3331 1844 somno,
3374 1791 3465 1833 aut
3499 1797 3598 1832 na-

2010 1875 2139 1928 stris
2162 1874 2427 1949 offensum
2456 1875 2711 1944 peccatis,
2756 1875 2825 1929 ab
2850 1874 2934 1929 bis
2971 1874 3100 1929 olim
3124 1874 3227 1928 tibi
3256 1874 3469 1928 dilectis
3498 1875 3597 1929 ab-

2010 1967 2242 2022 eessisse
2271 1967 2511 2033 sedibus,
2538 1968 2628 2038 qui
2666 1968 2742 2022 ita
2771 1966 2968 2021 inultas
2997 1976 3209 2022 tuorum
3249 1968 3449 2037 pateris
3477 1983 3591 2019 ma-

2008 2073 2138 2112 nere
2177 2057 2460 2127 injurias.»
2510 2059 2648 2126 Quid
2681 2058 2863 2113 multis
2888 2059 3099 2114 morer?
3130 2074 3237 2114 non
3266 2058 3355 2112 diu
3402 2059 3599 2113 vindex

2006 2148 2193 2216 dilata,
2218 2160 2299 2205 est
2322 2150 2667 2221 blasphemia:
2692 2151 2847 2216 ultio,
2873 2151 3049 2206 divina
3073 2165 3192 2205 eam
3219 2150 3427 2204 meritis
3454 2151 3597 2205 beati

2009 2240 2342 2296 confessoris
2366 2242 2592 2307 idcirco,
2622 2242 2997 2305 utcredimus,
3031 2239 3372 2296 accelerante
3417 2241 3599 2310 provi-

2005 2332 2210 2399 dentia,
2242 2332 2326 2387 ne
2351 2333 2634 2403 pusillania
2660 2333 2791 2388 itate
2830 2334 3004 2389 victus
3031 2332 3225 2398 frater,
3265 2331 3483 2403 majoris
3510 2331 3595 2386 of-

2004 2423 2168 2479 fensm
2195 2425 2247 2479 in
2276 2426 2441 2480 verbo
2476 2426 2776 2481 incurreret
2806 2426 3035 2496 lapsum.
3082 2424 3325 2495 Namque
3345 2465 3362 2492 ,
3395 2428 3596 2479 adven-

2007 2524 2151 2569 tante
2180 2514 2483 2582 Guillclmo,
2519 2516 2704 2570 infelix
2751 2516 2837 2572 ille
2869 2519 2958 2586 qui
2988 2517 3446 2571 scandalizaverat
3482 2515 3596 2571 tra-

2004 2613 2163 2670 trem,
2210 2612 2266 2658 et
2308 2606 2529 2677 insuper
2580 2606 2924 2660 Benedictum
2977 2608 3298 2676 deSpcxerat
3346 2607 3585 2673 Patrem,

1994 2696 2253 2766 jactitans
2281 2712 2341 2751 se
2370 2697 2494 2750 vino
2517 2712 2797 2751 servorum
2823 2698 2939 2768 ejus
2977 2698 3042 2752 ad
3072 2699 3388 2753 ebrietatem
3422 2713 3592 2767 usque

2000 2805 2095 2844 sua
2119 2804 2451 2859 suorumque
2485 2789 2693 2843 viscera
2723 2789 2929 2859 absque
2961 2790 3079 2860 ejus
3104 2792 3443 2861 Oppletnrum
3471 2806 3594 2861 gra-

2002 2881 2095 2946 tia,
2125 2880 2341 2935 domum
2385 2896 2416 2934 a
2444 2881 2582 2935 curti
2611 2880 2941 2951 lengiuscule
2968 2891 3227 2937 remotam
3259 2883 3588 2952 ingreditur;

2001 2970 2054 3023 in
2085 2983 2189 3039 qua
2241 2969 2510 3023 minarum
2555 2986 2776 3024 suarum
2817 2971 3194 3027 satisfacturos
3230 2973 3588 3039 exsecutioni,
3646 2992 3649 2995 ν

1999 3060 2123 3112 dum
2156 3056 2292 3112 ultra
2324 3061 2539 3114 modum
2579 3060 2699 3115 vina
2742 3061 2947 3128 haurit,
2977 3062 3201 3117 calicem
3245 3062 3443 3118 furoris
3473 3062 3586 3118 Do-

2001 3152 2129 3203 mini
2163 3164 2267 3204 una
2298 3166 2419 3205 cum
2450 3164 2600 3205 mero
2631 3167 2801 3223 usque
2831 3152 2898 3207 ad
2929 3152 3089 3208 faeces
3111 3155 3335 3223 potavit.
3364 3154 3409 3207 Α
3441 3168 3585 3208 men-

1998 3255 2056 3293 sa
2085 3240 2284 3309 quippe
2306 3254 2532 3310 surgens
2563 3256 2719 3295 secus
2744 3240 2920 3312 ignem
2957 3257 3015 3296 se
3051 3242 3355 3306 collocavit,
3386 3253 3592 3313 tempo—

1999 3331 2164 3386 ralem
2205 3341 2409 3387 aeterno
2454 3333 2667 3387 socians
2709 3349 2919 3389 somno.
2971 3334 3217 3404 Namque
3268 3335 3406 3403 ignis
3451 3344 3592 3389 stra-

1997 3432 2176 3475 menta
2222 3421 2488 3476 lectorum
2537 3423 2859 3494 corripiens,
2911 3423 3255 3479 ﬂammarum
3301 3424 3488 3496 globos
3534 3425 3589 3479 in

1994 3513 2211 3568 sublimi
2250 3513 2464 3578 extulit,
2505 3529 2569 3569 ac
2624 3523 2823 3569 tectum
2866 3514 3058 3571 domus
3095 3515 3253 3570 facile
3306 3516 3590 3583 accendit;

1993 3620 2092 3659 nec
2115 3605 2386 3676 evigilavit
2422 3606 2587 3662 miser
2629 3608 2824 3674 donec,
2861 3609 3266 3679 comprehensis
3310 3610 3589 3678 omnibus,

1992 3699 2315 3754 obrueretur
2342 3701 2576 3755 trabium
2605 3701 2856 3757 molibus.
2888 3702 3076 3773 Itaque
3104 3718 3229 3759 cum
3254 3704 3462 3762 duobus
3487 3707 3583 3764 ob-

1991 3790 2164 3859 sequii
2193 3791 2273 3845 sui
2306 3791 2490 3861 pueris
2515 3792 2662 3863 (nam
2715 3794 2906 3849 tertius
2952 3795 3360 3852 semiustul‘atus
3390 3799 3589 3871 evasit}

1990 3898 2054 3937 ac
2080 3884 2317 3953 quinque
2351 3885 2526 3954 equis,
2555 3900 2649 3942 seu
2680 3902 2802 3941 cum
2828 3888 2975 3943 omni
3012 3888 3288 3945 itineraria
3321 3892 3589 3961 supellec-

1993 3977 2099 4045 tili,
2150 3977 2400 4033 incendio
2453 3988 2809 4051 consumptus
2860 3989 2965 4036 est.
3011 3981 3119 4049 Qui
3160 3997 3288 4038 vero
3336 3984 3582 4041 ambusta

1988 4077 2140 4125 veste
2168 4069 2250 4125 Vt‘l
2278 4070 2468 4143 capitis
2503 4070 2770 4138 crinibus,
2798 4071 3112 4127 discrimine
3146 4074 3339 4128 mortis
3382 4074 3583 4130 beneﬁ-

1988 4160 2073 4215 cio
2103 4170 2386 4233 exemptus
2426 4161 2600 4219 fuerat
2638 4162 2796 4235 fugae,
2822 4164 2873 4217 in
2914 4166 3260 4235 prtesentiam
3303 4166 3585 4224 Guillelmi

1990 4254 2269 4317 deductus,
2306 4271 2443 4322 rem,
2500 4265 2555 4310 ut
2602 4265 2718 4310 erat
2750 4266 2922 4326 gesta,
2971 4256 3160 4312 ordine
3207 4246 3410 4314 retulit.
3444 4260 3584 4315 Tum

308 4342 505 4397 lisvilla
540 4343 736 4397 dicitur
767 4352 975 4411 gestum
1004 4343 1315 4404 recitemus,
1346 4342 1531 4410 sicque
1568 4354 1666 4409 per
1694 4354 1885 4393 monac
1917 4371 1963 4429 υ
1991 4345 2114 4400 ille:
2148 4345 2392 4413 tMcrito,
2421 4347 2518 4412 ait,
2546 4348 2660 4402 ha‘c
2684 4348 2989 4403 infelicibus
3013 4365 3168 4420 poem
3196 4353 3466 4421 provenit,
3487 4354 3586 4419 qui

303 4434 528 4487 sterinm
559 4434 624 4487 ad
647 4432 970 4503 Burgundii}:
1000 4444 1180 4504 partes
1209 4433 1375 4488 certis
1403 4447 1471 4487 ex
1498 4432 1678 4487 causis
1710 4441 1887 4487 transo

302 4524 435 4578 itum
468 4523 754 4579 faciamus.

369 4615 459 4672 21.
496 4616 608 4671 Dux
642 4615 973 4671 Francorum
1012 4615 1166 4686 Hugo
1207 4611 1403 4669 infulas
1447 4613 1597 4685 regni
1638 4613 1885 4685 adeptus,

301 4720 423 4759 cum
449 4704 559 4760 filio
586 4720 682 4772 per
708 4705 892 4759 decem
918 4706 1198 4761 continuos
1235 4720 1403 4759 annos
1433 4704 1513 4759 eis
1537 4704 1737 4773 potitus
1763 4714 1845 4759 est
1867 4721 1881 4770 ;

304 4796 539 4850 moriens
570 4804 748 4849 autem
783 4794 1041 4851 Botberto
1071 4795 1177 4852 lilio
1224 4796 1594 4852 monarchiam
1643 4794 1724 4849 sui
1757 4796 1884 4850 reli-

1992 4438 2244 4495 malivolo
2294 4440 2556 4496 vecordia:
2613 4457 2725 4496 suae
2773 4443 2967 4513 spiritu
3012 4443 3137 4496 vina
3191 4446 3581 4499 monachorum

1989 4540 2185 4586 cuncta
2206 4546 2264 4586 se
2292 4532 2581 4588 exhaurire
2626 4550 2782 4603 posse
2827 4534 3181 4598 aestimantes,
3215 4534 3287 4589 ita
3332 4537 3588 4591 ebrietati

1987 4636 2215 4689 Operam
2238 4622 2502 4676 dederunt
2533 4631 2593 4676 ut
2634 4623 2925 4680 imminens
2955 4625 3251 4695 periculum
3294 4625 3466 4680 vitare
3491 4638 3591 4676 ne-

1988 4710 2257 4779 quirent.)
2294 4710 2603 4783 llocitaque
2619 4713 2759 4769 facto
2784 4716 3020 4784 suspicio
3050 4716 3235 4769 fratris
3258 4716 3460 4770 abolita
3482 4722 3591 4775 est,

1986 4816 2091 4871 qua
2118 4800 2251 4855 falso
2282 4803 2646 4858 calumniatus
2675 4812 2817 4871 erat,
2845 4805 3218 4861 beatissimum
3248 4804 3472 4861 Patrem
3499 4818 3602 4854 no-

1986 4904 2158 4946 strutn
2192 4892 2537 4949 Benedictum
2566 4895 2929 4959 obdormisse,
2958 4901 3050 4966 qui
3075 4910 3207 4950 cura
3228 4894 3491 4965 pervigili
3520 4906 3611 4943 as-

1984 4983 2198 5037 siduam
2254 4984 2673 5042 sollicitudinem
2728 4986 2829 5047 sibi
2881 4988 3102 5041 subdito
3154 4983 3406 5043 exhibet
3450 4979 3617 5052 gregi.

1984 5073 2156 5127 Porro
2187 5088 2216 5127 a
2250 5074 2353 5130 sibi
2378 5076 2704 5145 placitorum
2732 5076 2955 5129 istorum
2980 5075 3320 5131 visitatione
3362 5081 3624 5134 locorum,

1986 5163 2188 5219 nullius
2239 5176 2483 5222 nostrum
2528 5168 2775 5238 quolibet
2822 5167 3043 5222 immani
3077 5164 3294 5238 poterit.
3370 5160 3632 5227 deterreri

1986 5256 2230 5311 facinore
2273 5273 2433 5327 quem
2474 5269 2626 5329 grata
2668 5271 2891 5310 suorum
2924 5257 3121 5313 invitat
3170 5260 3499 5323 praesentia
3546 5266 3633 5307 os»-

1985 5349 2150 5404 sium.
2200 5346 2584 5404 Verumtamen
2624 5364 2694 5404 eo
2730 5347 2902 5412 magis
2928 5349 3091 5406 nobis
3137 5358 3510 5412 Cavendum.
3569 5359 3643 5399 “3

301 4886 796 4956 quittprincipatus.
826 4885 1128 4958 Hngonitles
1158 4888 1447 4943 Rutbertus
1470 4888 1718 4943 uxoriam
1746 4888 1883 4942 inire

301 4977 456 5047 ropul
476 4995 545 5032 tm
567 4977 888 5046 jamdudutn
920 4993 1096 5035 nzente
1137 4990 1400 5045 tractans,
1426 4991 1486 5038 et
1508 4980 1577 5035 ab
1600 4981 1885 5037 Arelaten-

298 5069 434 5123 simn
475 5069 726 5140 partibus
755 5085 1030 5125 assumere
1055 5073 1153 5129 sibi
1196 5072 1478 5142 conjugem
1518 5073 1635 5145 (6-2)
1679 5075 1882 5139 volens,

296 5160 596 5215 exercitum
625 5169 938 5231 congregat,
971 5176 1179 5230 sponsae
1202 5160 1541 5237 jamjamque
1567 5163 1882 5220 adventanti

295 5264 646 5307 occursurus.
678 5252 814 5306 Dum
841 5266 973 5322 ergo
993 5252 1096 5308 iter
1128 5268 1299 5325 agens
1320 5259 1633 5318 exercitus,
1663 5254 1884 5313 ulterio-

297 5357 409 5395 rem
438 5341 655 5412 Ligeris
686 5342 856 5412 ripam
883 5353 1115 5412 teneret,
1140 5346 1368 5412 contigit
1400 5346 1748 5406 Guillelmum
1779 5351 1884 5407 Be-
