4108 5412
490 252 598 307 859

1533 245 1786 300 ΑΠΙΟῖΝΙ
1829 244 2130 299 MONACUI
2165 244 2654 300 FLORHCENSIS

3636 259 3738 316 8ἱο

495 391 605 434 tant
633 380 705 451 pii
735 390 1009 452 aspectum
1034 382 1324 437 visitatotis
1352 381 1499 436 fusca
1529 382 1942 440 commissorum
1981 383 2066 438 of-
2100 394 2139 442 Α
2175 384 2280 437 lum
2306 386 2592 455 replicaret
2619 385 2914 453 Benedicti,
2944 391 3188 444 exaudiri
3221 409 3335 448 nur
3356 395 3433 448 tit.
3458 394 3594 450 Nam
3618 415 3735 454 mu-

495 470 778 527 tendamus
814 473 1045 543 caligine
1071 473 1461 541 peccaminum.

1104 585 1329 646 CAPUT
1367 586 1460 640 IX.

495 683 694 754 Ligeris
733 683 1038 747 exundatio,
1077 699 1217 735 αηηο
1259 681 1415 736 1005.
1439 683 1801 736 Armentarius
1826 698 1892 737 ea:
1915 685 2068 754 aquis

1160 763 1364 818 ereptus
1379 789 1394 805 .
1719 813 1721 815 ι

561 847 651 900 25.
691 847 746 901 ln
779 861 840 900 ea
875 845 1222 900 inundatione
1250 843 1475 912 Ligeris.
1515 860 1677 914 quam
1699 845 1822 914 plus
1847 846 2064 906 solitam

492 937 690 992 littoris
727 937 934 998 accola,
967 936 1236 990 insolitam
1261 936 1443 1004 procul
1469 947 1706 990 remotus
1728 939 1897 992 sensit
1921 940 2065 1007 agri-

490 1031 625 1092 cola,
642 1030 769 1098 quid
795 1028 1024 1083 mirandi
1050 1043 1146 1097 per
1168 1028 1416 1082 meritum
1437 1027 1731 1095 sanissimo
1749 1029 2060 1084 nominandi

486 1122 704 1192 patroni
757 1120 927 1174 nostri
978 1127 1158 1173 actum
1188 1118 1259 1172 sit
1289 1117 1588 1185 Benedicti,
1627 1120 1752 1188 quia
1781 1120 2062 1176 absentem

489 1229 574 1267 me
605 1211 828 1280 contigit
856 1209 1042 1274 fuisse,
1070 1209 1239 1263 relatu
1264 1210 1535 1264 seniorum
1558 1211 1833 1279 cognitum
1857 1228 2064 1268 memo-

483 1306 582 1359 ria:
607 1305 827 1358 adoriar
847 1303 1063 1356 tradere
1086 1310 1446 1370 posterorum.
1483 1301 1845 1373 lgiturLiger,
1871 1319 2060 1361 eorum

485 1399 761 1451 maximus
784 1394 1068 1448 ﬂuviorum
1100 1394 1191 1462 qui
1215 1408 1315 1462 per
1339 1392 1566 1450 Galliam
1594 1394 1730 1449 alvei
1761 1396 1846 1450 sui
1868 1411 2064 1451 cursus

485 1488 539 1540 in
569 1485 844 1542 Oceanum
874 1485 1114 1554 propriis
1145 1485 1404 1539 invehunt
1452 1485 1784 1549 nominibus,
1816 1486 2064 1544 inaudito.

479 1588 643 1632 antea
667 1576 883 1632 saeculis
905 1576 1063 1636 modo
1091 1575 1340 1644 antiquos
1360 1577 1592 1631 excessit
1614 1579 1894 1644 terminos,
1917 1594 2060 1633 anno

485 1669 880 1726 Iucarnatiou-is
917 1667 1133 1724 Domini
1165 1667 1449 1724 millesimo
1487 1669 1665 1734 tertio,
1700 1669 1849 1740 regni
1873 1679 2056 1725 autem

482 1762 729 1816 Rotberti
761 1760 906 1831 regis
928 1775 1033 1829 quo
1063 1774 1185 1814 cum
1223 1767 1380 1830 patre
1412 1775 1642 1830 regnare
1674 1762 1861 1834 etrapit,
1902 1773 2056 1817 sexto

483 1853 713 1916 decimo,
759 1851 1087 1906 monarcbite
1113 1865 1241 1905 vero
1281 1851 1507 1921 septimo
1539 1851 1672 1923 (45).
1722 1853 1893 1908 Tanta
1926 1869 2057 1908 vero

484 1957 700 2015 tamque
722 1944 999 2015 repentina
1028 1944 1144 2014 ejus
1175 1942 1276 1997 fuit
1300 1942 1541 2014 profusio
1563 1952 1623 1998 ut
1643 1945 1890 2015 agrarios
1905 1945 2050 1999 labo-

478 2053 687 2108 rantes,
746 2056 841 2098 seu
891 2041 1104 2110 equites
1151 2040 1253 2094 iter
1293 2048 1536 2110 agentes,
1572 2039 2056 2094 subitainvolverit

480 2137 656 2198 ruina,
681 2143 738 2188 ut
765 2149 873 2188 non
896 2133 1194 2202 incongrue
1217 2131 1292 2186 illi
1315 2141 1530 2201 aptetur
1547 2131 1676 2186 illud
1702 2131 2054 2203 Vit‘gilianutn

475 2227 720 2282 dell‘ado
750 2226 952 2280 dictum
980 2243 992 2278 :

667 2338 849 2387 Proluit
878 2339 1047 2386 insano
1068 2345 1397 2398 contorquens
1426 2338 1616 2386 vertice
1635 2337 1781 2386 silvas

666 2401 1055 2464 If‘luviorumgrex
1086 2401 1349 2464 Eridanus,
1371 2411 1668 2464 camposque
1695 2411 1781 2462 per
1798 2411 1989 2461 omnes,

663 2463 782 2514 Cum
801 2461 1006 2512 stabulis
1039 2470 1256 2511 armenta
1284 2463 1410 2512 tulit.

1503 2541 1664 2604 (Vltio.
1690 2557 1704 2592 l
1726 2543 1930 2608 Georg.)

472 2652 569 2706 Sic
599 2659 654 2706 et
683 2650 804 2716 iste,
853 2666 959 2705 non
1001 2649 1173 2704 solum
1226 2648 1463 2719 pecudes
1499 2665 1622 2704 cum
1652 2649 1906 2715 ovilibus,
1958 2649 2056 2705 bo-

475 2745 652 2797 ntines
681 2758 802 2797 cum
833 2742 1102 2806 domibus,
1126 2758 1317 2796 verum
1340 2741 1503 2796 etiam
1521 2750 1734 2811 patrem
1758 2750 2054 2797 matremve

477 2835 710 2889 familias
759 2851 880 2888 cum
930 2834 1060 2888 ﬁliis
1112 2849 1177 2888 ac
1230 2833 1462 2897 filiabus,
1506 2849 1602 2888 seu
1631 2849 1751 2889 cum
1784 2834 2054 2890 universis

472 2927 772 2996 improviso
816 2926 1019 2996 impetu
1072 2925 1342 2996 protraxit
1373 2925 1714 2982 utensilibus.
1747 2925 1858 2982 llac
1880 2941 2051 2998 aqua-

475 3039 594 3077 rum
649 3021 906 3076 illuvione
950 3021 1147 3076 involvi
1173 3031 1424 3076 metuens
1467 3021 1828 3075 armentarius
1848 3020 2049 3091 gregis,

473 3118 594 3173 usui
628 3118 1018 3172 monachorum
1039 3115 1222 3170 Patris
1275 3114 1554 3169 Benedicti
1579 3113 1631 3168 in
1659 3113 1908 3169 cmnobio
1929 3112 2051 3166 Flo-

471 3208 710 3264 riaceusi
741 3207 1048 3276 degentium
1076 3205 1332 3278 delegati,
1356 3205 1427 3259 ad
1451 3203 1645 3260 tutiora
1671 3204 1934 3258 montium
1959 3218 2052 3272 pa-

473 3315 604 3354 scua
632 3313 920 3353 vaccarum
963 3297 1186 3352 abduxit
1233 3304 1518 3361 armenta;
1548 3295 1691 3351 unde
1715 3294 2047 3366 regrediens,

473 3392 602 3444 dum
646 3389 894 3443 concitus
943 3401 1062 3442 sese
1107 3386 1362 3457 proripit,
1415 3395 1472 3440 ut
1499 3387 1639 3442 intra
1686 3394 1837 3456 septa
1876 3386 2049 3441 castri

468 3488 724 3549 receptus
759 3479 1068 3554 imminens
1100 3480 1330 3532 evitaret
1357 3476 1677 3547 periculum,
1704 3476 1924 3531 obvium
1955 3477 2053 3530 ba-

472 3573 591 3628 buit
622 3569 872 3626 hostilem
894 3585 1062 3641 quem
1080 3569 1271 3640 iugere
1320 3569 1573 3642 cupiebat
1595 3584 1827 3625 amnem.
1858 3568 2053 3624 Retro-

469 3663 640 3734 grado
685 3661 867 3731 itaque
893 3675 951 3717 se
977 3661 1284 3732 proripiens
1326 3661 1490 3734 pede,
1522 3661 1590 3715 ad
1620 3669 1836 3730 pontem
1868 3658 2046 3722 rivuli,

467 3753 563 3823 qui
588 3753 658 3809 ob
687 3752 1126 3824 circumjacentis
1158 3753 1496 3808 latitudinem
1520 3750 1754 3822 paludis,
1778 3751 2049 3823 Longum—

473 3855 588 3901 rete
641 3846 860 3909 dicitur,
906 3861 1067 3916 quem
1110 3844 1223 3913 jam
1264 3844 1405 3900 forte
1447 3845 1803 3914 praeterierat,
1837 3859 2047 3898 summa

467 3960 593 3999 cum
624 3944 971 3999 festinatione
989 3945 1264 3998 tendebat.
1293 3942 1369 3998 lbi
1391 3957 1606 4014 quoque
1627 3943 1816 3997 obvios
1843 3941 2050 3996 habens

472 4032 788 4088 inundantis
831 4033 1025 4088 ﬂuctus
1081 4031 1330 4104 gurgitis,
1375 4032 1427 4086 in
1459 4031 1887 4102 de3perationem
1928 4033 2050 4088 vitae

471 4125 703 4190 labitur;
739 4131 793 4178 et
817 4125 1054 4179 incertus
1083 4123 1313 4184 consilii,
1361 4121 1600 4177 fasciolis
1623 4138 1651 4176 a
1680 4122 1825 4177 tibiis
1849 4123 2048 4176 resolu-

474 4218 565 4281 tis,
619 4216 686 4270 ad
741 4216 898 4271 binas
953 4215 1134 4284 pontis
1160 4213 1369 4269 tabulas
1399 4229 1457 4269 se
1504 4212 1761 4284 alligavit.
1792 4213 2049 4267 luvocare

469 4319 656 4364 tamen
674 4308 950 4364 Christum
966 4318 1018 4362 et
1039 4317 1289 4364 sanctum
1316 4306 1650 4378 cwpiterare
1674 4305 2048 4370 Benedictum,

469 4411 532 4454 ut
583 4400 666 4453 sui
701 4399 1058 4454 misereretur
1109 4414 1264 4468 opem
1293 4398 1548 4463 ferendo;
1577 4398 1697 4461 sed,
1727 4396 1964 4454 resoluto
1994 4399 2042 4452 vi
2077 4409 2121 4466 ι)
2154 4391 2290 4445 idem
2332 4389 2416 4442 νίν
2453 4403 2746 4443 conversus
2788 4387 2855 4440 ad
2901 4388 3147 4442 abbatem
3187 4403 3201 4437 ε

473 4491 829 4546 tumescentis
865 4489 1105 4546 [luminis
1161 4501 1343 4560 ponte,
1399 4490 1512 4560 ipse
1545 4489 1747 4559 pariter
1774 4487 2048 4542 ferebatur

469 4585 526 4640 in
554 4600 814 4655 praeceps.
841 4584 975 4638 Tum
1007 4599 1132 4639 vero
1159 4592 1268 4639 toto
1296 4584 1472 4639 cordis
1497 4582 1688 4638 aﬂ‘ectu
1712 4597 1907 4635 nomen
1922 4582 2046 4636 bea-

469 4677 670 4733 tissimi
717 4675 950 4731 iterabat
1001 4676 1341 4745 frequentius
1380 4674 1767 4739 Benedicti;et
1792 4672 1916 4742 quia
1933 4672 2046 4742 jam

470 4768 632 4822 morti
661 4767 914 4821 traditum
946 4780 1004 4820 se
1024 4765 1297 4830 credebat,
1351 4774 1409 4819 ut
1431 4764 1664 4818 animam
1690 4771 1897 4818 tantum
1935 4763 2046 4819 sal-

466 4866 625 4912 varet
655 4857 929 4926 poscebat.
973 4856 1218 4925 Cumque
1257 4855 1415 4908 undis
1445 4868 1501 4908 se
1535 4853 1952 4924 prepellentibus
1979 4853 2046 4907 ad

461 4966 594 5003 cum
625 4948 838 5003 delatus
887 4955 1031 5001 esset
1076 4944 1276 5009 locum,
1309 4946 1399 4999 ubi
1428 4944 1663 4999 Bonodia
1689 4943 1935 4998 ﬂuviolus
1955 4943 2044 4998 Li-

462 5039 582 5109 geri
618 5037 814 5101 inlinit,
859 5051 957 5106 per
1005 5037 1106 5089 tria
1153 5033 1265 5088 fere
1301 5033 1547 5087 milliaria
1577 5033 1732 5102 aquis
1753 5043 1962 5098 vectus,
1991 5042 2046 5088 et

463 5143 684 5198 semper
713 5128 764 5180 in
791 5141 908 5191 ore,
933 5140 1146 5194 semper
1186 5124 1238 5178 in
1265 5122 1427 5178 corde
1460 5121 1788 5177 sanctissimi
1815 5123 2046 5176 vocabu-

540 5301 651 5379 μδ)
693 5300 934 5355 Notanda
961 5301 1074 5355 lucc
1101 5299 1303 5379 epocha
1327 5301 1391 5352 de
1414 5312 1577 5379 regno
1601 5294 1850 5350 Rotberti
1879 5296 2040 5379 regis,

463 5372 626 5412 ruina
647 5385 766 5412 Dum
793 5380 947 5412 nntrp
973 5370 1247 5412 ιερσιηεηιιίς
1271 5383 1442 5412 annue
1469 5370 1672 5412 nrimns
1699 5378 2044 5412 cnmnaratnr

2078 3066 2125 3130 C

2173 475 2297 529 latis
2322 475 2532 532 ﬂatibus
2562 487 2866 544 ventorum,
2895 479 3028 536 flans
3051 483 3318 552 zephyrns
3339 487 3405 538 ad
3437 487 3587 541 littus
3610 503 3734 542 eum

2172 567 2273 620 leni
2315 568 2544 637 impulsu
2573 557 3043 640 deduccre’cmpit.
3079 573 3304 639 Quidam
3347 593 3474 631 vero
3498 578 3616 645 ejus
3643 595 3675 632 η
3712 609 3740 622 -

2171 657 2232 718 ti,
2265 673 2430 728 prope
2454 659 2704 716 lintribus
2724 663 3129 732 obnavigautes,
3177 669 3392 735 cognito
3423 669 3544 738 quis
3569 684 3735 735 esset,

2167 749 2356 804 solutis
2377 751 2572 820 quibus
2597 751 2711 820 ipse
2736 768 2793 808 se
2814 755 3059 810 vinxerat
3083 756 3444 826 ligaminibus,
3469 759 3536 814 ad
3566 771 3734 817 tutam

2165 851 2350 910 portus
2405 843 2694 898 stationem
2755 859 2936 898 secum
2999 845 3321 902 incolumem
3380 851 3730 908 reduxerunt.

2171 931 2447 986 Vocitatur
2468 945 2646 988 autem
2686 935 2846 989 homo
2885 939 2999 1007 ipse
3021 938 3408 1009 Constantius;
3439 944 3530 1013 qui
3567 946 3729 999 etiam

2167 1024 2332 1090 refert
2375 1040 2433 1080 se
2462 1027 2801 1099 multitudine
2847 1029 3237 1085 circumdatum
3269 1035 3606 1106 serpentium
3636 1050 3731 1092 seu

2157 1116 2362 1170 diversi
2396 1117 2608 1186 genstis
2633 1119 2922 1188 reptilinm.
2961 1136 3060 1177 nec
3091 1133 3262 1177 tamen
3290 1139 3392 1194 per
3417 1124 3510 1180 Dei
3543 1126 3730 1196 provi-

2163 1204 2401 1259 dentiam
2423 1217 2480 1262 et
2506 1210 2708 1279 egregii
2737 1210 2934 1265 Christi
2993 1213 3318 1268 confessoris
3347 1216 3620 1272 Benedicti
3653 1219 3734 1272 in-

2159 1298 2554 1352 tcrventionem
2575 1299 2866 1370 quidquam
2895 1301 2994 1355 sibi
3021 1301 3184 1358 fuisse
3213 1307 3464 1360 ιῖοςίωιη.
3489 1307 3648 1375 Quod
3667 1324 3734 1365 eo

2162 1390 2336 1458 magis
2367 1391 2670 1445 mirandum
2717 1403 2968 1447 censetur
3016 1395 3143 1464 quia
3169 1398 3426 1468 quosdam
3453 1399 3731 1453 hominum

2160 1499 2367 1538 summa
2423 1485 2678 1556 arborum
2736 1487 3014 1556 cacumina
3076 1489 3579 1557 conscendentium,
3642 1493 3729 1546 ubi

2160 1575 2367 1629 undoso
2389 1575 2615 1630 torrenti
2647 1576 2888 1646 aspirare
2917 1576 2996 1632 fas
3026 1593 3130 1632 non
3159 1578 3276 1633 fore
3304 1578 3731 1646 arbitrabantur,

2163 1669 2420 1738 reptando
2441 1669 2712 1723 subsecuti
2749 1683 2974 1739 angues,
3001 1669 3320 1726 miserandis
3338 1671 3570 1732 laniatos
3593 1688 3734 1727 mor-

2161 1760 2311 1812 sibus
2353 1759 2603 1824 decidere
2635 1759 2688 1813 iu
2736 1758 3063 1828 profundum
3112 1761 3572 1830 cogebantrhunc
3602 1777 3734 1817 vero

2161 1850 2211 1904 in
2236 1849 2356 1904 imis
2379 1850 2762 1914 constitutum,
2795 1850 3041 1918 quamvis
3071 1851 3122 1905 in
3153 1851 3369 1905 modum
3393 1851 3593 1923 cinguli
3621 1852 3732 1906 cir-

2151 1939 2572 2007 eumambirent,
2629 1939 2937 1996 nullatenus
2987 1950 3171 1995 tamen
3231 1940 3513 2005 laedebant,
3553 1944 3733 2012 grat'a

2158 2047 2281 2086 eum
2323 2031 2505 2102 divina
2536 2033 2745 2090 meritis
2775 2033 2951 2088 sancti
2976 2034 3060 2088 sui
3084 2033 3414 2092 confessoris
3455 2035 3732 2090 Benedicti

2157 2107 2516 2184 custodiente,
2561 2120 2627 2176 ad
2685 2121 3060 2178 exhibendum
3099 2122 3317 2177 famulis
3367 2120 3483 2190 ejus
3522 2122 3731 2177 devota:

2151 2213 2434 2268 servitutis
2455 2213 2794 2283 obsequium.
2823 2212 2918 2268 Cui
2941 2213 3101 2268 etiam
3126 2212 3273 2267 aliud
3297 2213 3462 2268 divini
3486 2214 3731 2269 muneris

2157 2289 2476 2360 attributum
2509 2314 2725 2360 constat
2754 2304 2921 2360 fuisse
2966 2303 3306 2360 beneﬁcium.
3346 2303 3555 2359 Ructat
3585 2304 3731 2358 radi-

2150 2396 2298 2450 citus
2352 2411 2613 2465 aquarum
2667 2396 2891 2452 alluvies
2933 2397 3197 2452 maximas
3229 2397 3482 2451 arborum
3534 2396 3728 2464 moles,

2151 2506 2384 2560 quarum
2413 2491 2612 2561 impetu
2650 2489 2828 2545 trunci
2871 2504 3084 2562 quoque
3125 2492 3346 2562 antiqua
3371 2489 3732 2545 diuturnitate

2153 2580 2371 2637 solidati
2394 2565 2794 2638 evertehantur.
2820 2582 3020 2636 llorum
3049 2582 3136 2636 ille
3164 2579 3392 2651 impulsu
3415 2595 3525 2635 non
3551 2578 3729 2634 solum

2157 2673 2329 2744 mergi
2360 2688 2468 2729 non
2506 2682 2962 2744 poterat,.verum
3001 2673 3114 2731 sola
3151 2688 3312 2729 manu
3351 2672 3437 2729 vel
3475 2673 3729 2738 brachio,

2155 2781 2221 2820 ac
2245 2765 2290 2822 si
2318 2767 2462 2824 leves
2489 2767 2716 2839 stipulas
2752 2767 2824 2823 ad
2861 2783 2920 2823 se
2958 2767 3450 2838 appropinquantes
3487 2763 3729 2836 depelle-

2150 2859 2268 2914 bat.

2761 2987 2994 3048 CAPUT
3032 2992 3103 3047 Χ.

2256 3083 2319 3140 S.
2347 3084 2616 3140 Benedicti
2643 3099 2825 3158 agrum
2850 3089 3086 3141 minuens
3108 3085 3248 3141 mala
3275 3097 3439 3141 morte
3465 3086 3620 3156 perit.

2220 3197 2311 3252 26.
2341 3198 2488 3268 Ager
2508 3197 2748 3267 quidam,
2778 3197 2967 3253 ditioui
2995 3196 3240 3252 subditus
3267 3196 3510 3252 ecclesire
3539 3195 3726 3251 Sancti

2153 3289 2410 3358 Stephani
2451 3287 2938 3342 Antissiodorensis
2975 3288 3155 3356 urbis,
3188 3288 3416 3342 confinis
3453 3296 3538 3342 est
3569 3296 3727 3341 terrae

2146 3378 2338 3432 Sancti
2373 3377 2682 3442 Benedicti,
2724 3393 2843 3446 qua:
2883 3387 3196 3442 memorata:
3232 3377 3479 3445 superius
3513 3376 3727 3447 adjacct

2153 3469 2354 3539 paludi.
2388 3467 2543 3522 Hunc
2569 3468 2788 3538 quidam
2821 3466 3112 3521 Walterius
3137 3467 3260 3537 jure
3291 3464 3538 3521 beneﬁcii
3566 3463 3725 3519 sorti-

2150 3572 2262 3626 tus,
2293 3559 2538 3631 ejusdem
2565 3558 2773 3615 telluris
2795 3569 3002 3630 partem
3025 3558 3092 3614 ad
3114 3573 3243 3613 suos
3272 3572 3403 3612 usus
3431 3555 3722 3626 prmripere

2152 3654 2436 3724 cupiebat;
2480 3651 2824 3724 confictaque
2861 3651 3165 3718 calumnia,
3206 3651 3349 3721 quod
3385 3665 3452 3706 ex
3490 3665 3589 3705 suo
3624 3649 3720 3704 be-

2153 3745 2345 3802 neficio
2375 3746 2664 3810 existeret,
2707 3753 2869 3816 atque
2911 3760 2943 3799 a
2989 3745 3191 3800 nostris
3227 3743 3485 3798 ruricolis
3528 3743 3723 3814 injuste

2153 3854 2377 3909 pervasa
2419 3838 2576 3903 foret,
2615 3839 2892 3909 querelam
2919 3847 3046 3894 ante
3082 3825 3444 3892 venerabilem
3473 3835 3719 3890 abbatem

2150 3930 2427 3984 Abbonem
2480 3928 2718 3999 exponit.
2762 3927 2894 3981 Nam
2939 3927 3172 3996 quodam
3218 3936 3461 3996 tempore
3502 3925 3571 3980 ab
3617 3941 3723 3979 uno

2149 4019 2490 4076 dominorum
2538 4034 2757 4074 suorum
2803 4019 3000 4072 missus
3049 4028 3152 4083 est,
3212 4025 3271 4072 ut
3314 4032 3410 4070 sua
3449 4017 3568 4070 vice
3609 4015 3720 4082 jam

2152 4114 2296 4166 dicto
2332 4111 2724 4182 obsequeretur
2755 4109 2936 4164 abbati
2976 4109 3042 4163 ad
3086 4109 3266 4180 regale
3300 4107 3560 4178 palatium
3595 4122 3721 4175 pro-

2152 4206 2383 4276 peranti.
2414 4205 2541 4259 inde
2570 4220 2692 4259 cum
2734 4203 2972 4257 redirent
3004 4200 3162 4256 ambo
3192 4199 3372 4264 simul,
3415 4207 3468 4254 et
3500 4199 3566 4253 ad
3597 4214 3719 4252 eum

2153 4308 2470 4366 perventum
2504 4306 2648 4351 esset
2688 4295 2862 4350 locum
2885 4335 2900 4360 ,
2938 4293 3002 4348 de
3028 4308 3133 4363 quo
3162 4292 3229 4347 lis
3262 4290 3546 4345 videbatur
3580 4299 3720 4352 orta,

3250 4402 3269 4436 t
3299 4383 3482 4448 Nunc,
3513 4382 3721 4453 inquit,

2153 4480 2368 4535 domine
2413 4478 2584 4542 abba,
2627 4479 2672 4532 si
2711 4477 2916 4545 placet,
2964 4477 3244 4530 ostendam
3281 4475 3379 4530 tibi
3434 4473 3721 4526 terminum

2147 4570 2715 4641 tneaztpossessionis.»
2744 4569 2993 4623 Monente
3027 4555 3206 4622 autem
3231 4567 3341 4630 illo,
3373 4581 3443 4620 ne
3473 4565 3602 4634 quid
3633 4579 3724 4618 su-

2151 4681 2245 4734 pra
2277 4680 2432 4719 sunm
2462 4664 2847 4718 determinaret
2876 4659 2986 4728 jus,
3024 4675 3090 4714 ne
3119 4660 3257 4714 forte
3296 4658 3346 4713 id
3379 4671 3718 4725 nequaquam

2151 4757 2197 4811 ei
2247 4756 2465 4827 impune
2508 4755 2753 4817 cederet,
2797 4751 2882 4806 ille
2925 4752 3154 4820 impulso
3200 4749 3504 4805 calcaribus
3546 4761 3718 4815 equo,

2149 4846 2214 4900 ad
2265 4846 2438 4898 locum
2487 4841 2956 4897 detertninationis
3015 4840 3117 4894 sibi
3176 4839 3384 4907 placitae
3438 4844 3718 4905 properat,

2147 4933 2544 4990 obtestantibus
2597 4949 2733 5003 pene
2782 4931 3033 4987 omnibus
3080 4931 3171 4999 qui
3218 4945 3341 4984 cum
3390 4929 3584 4982 abbate
3622 4927 3720 4979 ad-

2147 5038 2304 5081 erant
2341 5027 2488 5081 illum
2529 5036 2725 5081 metam
2762 5025 2920 5093 justo:
2946 5024 3226 5079 divisionis
3264 5021 3587 5092 transgredi.
3613 5019 3718 5074 Sed

2147 5137 2269 5174 cum
2323 5120 2548 5175 habenis
2597 5135 2793 5189 equum
2842 5117 3119 5173 refrenare
3164 5125 3454 5171 conaretur
3485 5113 3714 5168 dicens:

2146 5297 2312 5364 [illum
2363 5311 2517 5360 suum
2566 5303 2852 5348 consortem
2899 5300 3038 5360 regni
3082 5292 3224 5358 legit,
3289 5297 3425 5343 teste
3462 5286 3722 5364 Aimoino

2147 5356 2307 5412 iatnrn
2339 5367 2388 5412 in
2420 5356 2490 5412 liii
2518 5382 2576 5412 Il-
2607 5380 2724 5412 can.
2767 5364 2814 5412 1.
2842 5356 3032 5412 nettilte
3064 5356 3250 5412 eodem
3289 5375 3432 5412 anno
3462 5356 3719 5412 Htigonis.
