4052 6324
243 388 339 444 8H

960 396 1046 453 DE
1086 398 1455 458 MlBACULlS
1508 403 1565 459 S.
1620 405 1975 464 BENEDlCTl
2013 407 2189 466 LlBlil
2230 411 2392 472 DUO.
2427 446 2498 456 —
2536 416 2662 472 LlB.
2705 418 2762 473 ll.

3375 428 3483 486 842

247 521 264 552 ι
298 504 380 557 Ab
403 503 508 559 hoc
533 516 634 576 ego
662 505 782 562 loco
820 509 1132 566 universum
1168 513 1258 580 jus
1291 517 1358 569 ad
1406 517 1563 574 istam
1601 531 1809 590 partem
1843 529 1887 584 Λ
1917 533 2044 581 ante
2089 526 2258 584 altare
2304 529 2487 588 Sancti
2524 534 2748 592 Joannis
2773 541 3137 612 evangelistze,
3171 543 3224 600 in
3255 546 3481 608 basilica

243 601 444 662 (tuanu
487 608 607 648 eam
645 595 1059 672 demonstrans)
1109 603 1270 669 mihi,
1309 608 1523 663 etiamsi
1568 625 1814 666 necessa-

243 685 383 736 rium
414 682 607 749 fuerit,
650 686 910 758 singulari
937 694 1237 750 certamine
1260 697 1566 765 vindicabo,
1600 721 1618 754 ι
1643 718 1814 772 equus

241 775 295 827 in
329 789 556 830 cursum
600 788 754 834 actus
801 781 1022 838 retineri
1064 785 1133 840 ab
1179 801 1246 842 eo
1289 804 1396 844 non
1434 793 1640 861 potuit,
1683 796 1810 865 quin

239 864 423 932 potius
471 863 644 920 invito
679 883 890 925 sessore
928 886 1192 941 proruens
1232 878 1396 933 semel
1443 895 1508 935 ac
1544 863 1808 947 secundo,

234 953 457 1009 offenso
503 955 706 1012 labitur
745 961 896 1029 pede.
946 961 1097 1018 Tunc
1148 977 1614 1026 rcverenltssnnus
1655 973 1812 1029 Abbo

237 1043 413 1098 abbas
467 1059 768 1103 conversus
826 1051 892 1103 ad
930 1065 1057 1106 suos
1107 1054 1181 1106 ita
1238 1054 1358 1110 iniit
1394 1075 1407 1110 :
1442 1077 1459 1108 ι
1493 1057 1612 1114 Jam
1669 1077 1812 1118 nunc

237 1134 538 1203 tquissimi
600 1136 807 1194 Iudicis
868 1143 1072 1212 justum
1135 1146 1398 1202 citissime
1462 1152 1812 1222 conspicietis

233 1239 490 1281 examen.
513 1249 532 1280 ι
555 1227 684 1284 Post
708 1247 826 1300 qua:
849 1235 1033 1299 verba,
1055 1251 1228 1306 equus
1255 1241 1416 1296 tertio
1431 1240 1611 1312 lapsus
1639 1245 1810 1300 dumi-

236 1333 365 1372 num
388 1333 419 1372 a
462 1328 615 1391 tergo
643 1337 741 1378 suo
767 1323 970 1393 abjicit.
1005 1328 1105 1394 Qui
1140 1331 1357 1398 cadens,
1396 1334 1635 1392 discissus
1666 1345 1805 1393 mte-

233 1411 494 1476 rioribus,
555 1414 836 1488 fractaque
888 1421 1107 1489 scapula
1157 1425 1468 1483 debilitatus
1509 1430 1576 1483 ad
1625 1429 1805 1486 villam

233 1505 552 1559 monasterii
597 1507 829 1573 deiats,
876 1507 1329 1581 advesperacente
1363 1519 1476 1587 ipso
1501 1520 1588 1574 die
1615 1521 1806 1577 defun-

231 1601 355 1647 ctus
400 1603 523 1660 est,
572 1599 885 1669 peregitque
935 1601 1049 1670 ipse
1099 1604 1246 1660 solus
1287 1607 1613 1680 singularem
1645 1626 1806 1680 quam

230 1698 592 1758 proposuerat
619 1706 853 1762 pugnam
872 1734 888 1754 .
921 1693 1031 1751 Deo
1057 1699 1403 1754 manifestum
1431 1714 1693 1759 exurente
1713 1704 1804 1772 ju-

229 1777 435 1832 dicium
489 1781 695 1837 meritis
741 1783 922 1839 dilecti
975 1787 1055 1840 sui
1115 1790 1442 1848 confessoris
1495 1794 1803 1864 Benedicti,

224 1867 390 1938 cujus
419 1885 508 1924 res
537 1869 771 1928 alienare
801 1875 1082 1944 cupiebat;
1111 1880 1265 1951 cujus
1293 1895 1475 1940 casum
1515 1861 1805 1943 miseratus
1838 1861 1879 1918 Β

228 1961 568 2018 honorabilis
593 1963 746 2019 Abbo
779 1967 974 2032 abbas,
1017 1984 1083 2024 eo
1115 1973 1257 2040 quod
1285 1975 1384 2028 sibi
1413 1975 1466 2028 in
1491 1975 1683 2032 itinere
1715 1978 1806 2034 de-

225 2051 512 2106 votissime
535 2053 824 2111 obsecutus
851 2056 1062 2123 fuisset,
1092 2076 1213 2116 cum
1243 2062 1499 2120 fratribus
1529 2067 1580 2121 in
1607 2081 1806 2126 cosme-

229 2140 371 2197 tcrio
391 2141 638 2198 ecclesiae
665 2143 1212 2215 honoriﬁcentissime
1237 2155 1459 2209 tradidit
1491 2157 1803 2228 sepultum.

847 2257 1075 2316 CAPUT
1115 2259 1200 2317 Xl.

405 2323 475 2380 S.
521 2323 686 2380 Pauli
719 2330 954 2398 corporis
989 2333 1267 2389 translatio
1295 2334 1624 2396 Floriacum.

288 2413 389 2468 9.7.
431 2413 540 2470 Osa
593 2414 924 2488 (Haessant)
970 2418 1172 2476 Oceani
1223 2425 1388 2480 maris
1435 2429 1680 2496 quaedam
1718 2441 1797 2487 est

221 2505 423 2570 insula,
451 2522 574 2577 quae
603 2523 631 2561 a
655 2509 954 2565 continenti
981 2512 1350 2573 Armoricanze
1372 2520 1606 2590 regionis
1628 2531 1798 2588 terra,

219 2615 396 2670 quam
436 2601 798 2671 Cornugallite
825 2605 1130 2674 nominant,
1157 2611 1346 2682 pelago
1379 2615 1652 2671 sexdecim
1679 2634 1800 2688 pas-

215 2706 387 2744 suum
437 2692 490 2746 in
533 2704 904 2750 transversum
955 2711 1205 2768 porrecto
1256 2702 1578 2776 seiungitur.
1632 2709 1690 2764 ln
1733 2726 1798 2766 ea

217 2781 446 2838 beatum
497 2783 750 2852 Paulum,
794 2801 1151 2859 cognomento
1187 2795 1560 2865 Aurelianum,
1603 2804 1799 2860 eremi-

215 2874 394 2928 tiram
426 2875 646 2932 duxisse
677 2877 842 2933 vitam
871 2895 938 2936 ex
969 2881 1108 2937 libro
1134 2882 1272 2940 Vitae
1306 2885 1420 2959 (id)
1456 2887 1572 2957 ejus
1607 2891 1798 2948 didici-

217 2979 367 3018 mus.
385 2965 484 3020 llic
509 2967 740 3036 denique
760 2968 818 3024 S.
833 2969 1052 3036 Paulus,
1077 2973 1128 3027 in
1147 2973 1262 3030 loco
1283 2976 1574 3036 Britannia:
1595 2983 1687 3050 qui
1709 2998 1798 3052 op-

213 3057 411 3126 pidum
455 3058 637 3115 Saneti
667 3061 819 3116 Pauli
851 3064 964 3136 (45)
1001 3067 1220 3134 dicitur,
1254 3070 1545 3144 Episcopus
1586 3074 1796 3146 factus,

218 3147 412 3202 multis
461 3149 513 3204 in
555 3151 659 3205 vita
705 3167 802 3208 sua
854 3155 1034 3213 clarus
1075 3159 1394 3230 virtutibus,
1445 3166 1643 3223 ibidem
1700 3185 1796 3239 per

211 3238 464 3295 divinam
506 3242 935 3312 designationem
974 3251 1318 3308 tumulariam
1367 3259 1564 3313 meruit
1612 3238 1792 3331 sepul-

215 3339 430 3385 ιιι-ειη.
459 3330 623 3401 Cujus
649 3347 850 3405 curpus
873 3349 992 3406 post
1014 3338 1172 3412 longa
1213 3343 1394 3401 obitus
1421 3347 1592 3417 ipsius
1619 3330 1796 3406 trans-

221 3429 345 3474 acta
390 3430 650 3492 tempora,
697 3441 726 3480 a
777 3425 1040 3487 Mabbone
1091 3432 1204 3504 (46)
1250 3435 1418 3506 ipsius
1463 3438 1563 3495 luci
1617 3442 1794 3513 ponti-

220 3509 347 3576 fice,
401 3512 469 3566 ad
498 3513 601 3567 hoc
656 3524 895 3573 nostrum
944 3518 1290 3579 Flcriacense
1340 3509 1659 3586 translatum
1708 3540 1792 3588 est

217 3603 554 3658 coenobium.
594 3603 762 3677 Hujus
803 3610 1174 3670 translationis
1213 3617 1438 3686 seriem,
1473 3623 1596 3691 quia
1635 3640 1792 3682 occa-

223 3695 305 3747 sio
332 3708 392 3748 se
429 3695 675 3764 praibuit,
711 3697 835 3753 licet
875 3701 1056 3759 multis
1080 3713 1236 3760 antea
1277 3712 1608 3778 temporibus
1639 3726 1790 3785 gesta

215 3787 312 3852 sit,
349 3786 494 3842 sicut
529 3802 560 3842 a
595 3789 865 3858 prioribus
899 3802 1102 3851 nostras
1141 3811 1258 3852 eam
1299 3801 1482 3856 auditu
1524 3806 1790 3874 comperi-

219 3893 373 3944 mus,
414 3877 619 3933 refcrre
666 3882 885 3950 dignum
921 3885 1192 3943 duximus.
1252 3888 1581 3948 Memoratus
1631 3895 1788 3950 deni-

215 3985 322 4037 ῃιρ
361 3971 688 4027 venerabilis
715 3973 904 4030 Mabbo
936 3977 1198 4047 pontifex,
1235 3995 1419 4038 amore
1443 3985 1625 4040 divino
1653 4003 1786 4044 con-

215 4063 546 4133 templativa:
565 4080 858 4123 succensus
876 4069 1021 4135 vitae,
1044 4070 1172 4126 bmsi
1181 4073 1326 4130 tabat
1345 4077 1530 4134 animo
1549 4095 1784 4150 quonam

209 4157 556 4225 potissimum
585 4159 637 4212 in
661 4159 777 4216 loco
799 4177 952 4217 suunt
982 4173 1160 4232 posset
1179 4167 1396 4237 explere
1419 4173 1780 4241 propositum;

209 4251 297 4305 cui
347 4251 610 4308 divinitus
664 4254 987 4325 inspiratam
1045 4267 1130 4314 est
1180 4277 1444 4332 nusquam
1496 4267 1676 4336 aptius
1731 4269 1782 4325 id

207 4360 372 4414 posse
417 4360 539 4400 eum
589 4349 849 4414 perlicere
891 4365 1052 4418 quam
1107 4353 1160 4408 in
1197 4371 1484 4425 praesentia
1539 4364 1784 4430 corporis

207 4433 543 4488 sanctissimi
570 4434 744 4490 Patris
770 4439 933 4492 nostri
958 4439 1256 4509 Benedicti,
1287 4447 1377 4516 qui
1410 4449 1514 4503 dux
1545 4459 1598 4505 et
1622 4452 1783 4523 signi-

209 4525 294 4577 fer
320 4524 467 4578 illius
493 4535 639 4580 esset
670 4528 1024 4586 institutionis
1046 4547 1206 4602 quam
1235 4537 1348 4605 ipse
1376 4542 1573 4596 sectari
1599 4546 1780 4615 cupie-

203 4614 320 4667 bat.
355 4615 596 4685 Sumptis
634 4616 795 4687 igitur
826 4619 1134 4691 Evangeliis
1161 4636 1216 4682 ct
1241 4643 1518 4686 sacrarum
1547 4614 1777 4690 vestium

207 4721 313 4758 non
357 4710 751 4762 contemnendo
785 4723 1012 4778 ornatu,
1053 4715 1213 4771 simul
1253 4734 1376 4774 cum
1413 4710 1779 4784 sacratissimo

205 4813 434 4867 corpore
469 4802 672 4868 egregii
718 4803 960 4871 praesulis
997 4806 1146 4861 Pauli
1187 4811 1253 4863 ad
1285 4812 1385 4866 sibi
1419 4815 1775 4874 desideratam

201 4892 454 4959 pervenit
477 4893 876 4959 habitationem,
894 4913 1051 4968 quem
1076 4902 1243 4958 abbas
1264 4903 1416 4960 istius
1438 4909 1576 4963 sacri
1591 4926 1774 4966 emno-

204 4982 301 5046 hii,
335 4986 656 5051 praecedenti
691 4985 828 5043 libro
851 4991 1160 5048 nominatus
1196 4995 1460 5051 Wlfaldus
1483 5000 1614 5072 (47),
1645 5018 1774 5058 cun-

203 5086 399 5144 ctaque
452 5080 795 5149 congregatio
834 5085 1238 5153 gratantissimu
1271 5087 1574 5146 dilectionis
1605 5096 1778 5150 susci-

201 5167 416 5234 pientes
454 5169 731 5238 obsequio,
772 5185 878 5242 quo
926 5175 1129 5230 advixit
1171 5187 1438 5249 tempore,
1478 5184 1774 5242 honoriﬁce

202 5274 386 5312 secum
420 5268 726 5315 tenuerunt.
765 5262 864 5330 Qui
888 5279 1108 5334 peracto
1135 5269 1416 5328 laudabilis
1437 5275 1559 5330 vita:
1587 5291 1770 5344 cursu,

269 5415 385 5495 (ιβ)
421 5416 611 5495 Exstat
640 5419 775 5475 liber
802 5421 922 5489 iste,
965 5424 1058 5482 sed
1086 5427 1332 5495 mutilus,
1364 5431 1418 5486 in
1446 5431 1768 5492 bibliotheca

199 5484 548 5543 Floriacensi.

268 5557 386 5638 (453')
426 5559 517 5612 Sic
559 5559 1522 5638 restituerunt._Socii_Bullandiani,
1575 5575 1769 5633 Buscio

198 5628 588 5716 mendosc,_qni
610 5633 864 5716 oppiduni
878 5634 1088 5688 dicitur.
1114 5636 1371 5696 Leonium
1391 5628 1527 5700 nunc
1543 5628 1765 5716 dicti-sin,

197 5693 367 5769 Leon,
396 5693 554 5769 sedes
575 5693 916 5769 episcopalis.
1187 5730 1192 5732 ·

262 5767 378 5838 (46)
419 5765 620 5822 Μειὺὺσ
655 5765 918 5828 Leohensi
964 5775 1214 5834 Ecclesia:
1254 5783 1466 5851 praefuit
1511 5788 1580 5844 ab
1625 5805 1765 5848 anno

591 5859 858 5926 Parnm,
907 5865 1262 5940 CXXXIX.

1918 613 2132 672 Sanctae
2166 619 2260 674 Dei
2305 623 2581 688 genitricis
2621 626 2834 696 Mariae,
2877 633 3228 692 tumulariam
3252 642 3480 712 adeptus

1915 713 1998 758 est
2023 707 2374 776 sepulturam.
2399 711 2609 783 Corpus
2641 725 2820 773 autem
2851 723 3110 780 antedicti
3151 707 3482 788 confessoris

1914 792 2065 847 Pauli
2093 809 2216 850 cum
2244 801 2462 870 proprio
2505 803 2710 870 loculo,
2738 819 2858 878 post
2886 811 3117 870 loculum
3148 823 3480 878 sanctissimi

1913 884 2091 939 Patris
2133 887 2411 944 Benedicti
2465 907 2790 963 posuerunt,
2842 917 2948 958 uno
3003 912 3182 961 tamen
3229 912 3478 980 ampliori

1914 971 2136 1038 scrinio,
2163 977 2304 1044 quod
2339 978 2504 1036 etiam
2533 995 2753 1053 argento
2781 996 2980 1046 tectum
3009 1002 3161 1060 erat,
3192 971 3482 1072 utrumque

1913 1060 2316 1120 concludentes.
2361 1067 2514 1125 Nunc
2550 1069 2664 1139 jam
2699 1077 2768 1131 ad
2808 1077 2860 1134 id
2900 1082 3043 1150 quod
3083 1086 3346 1155 coepimus
3380 1060 3478 1146 ex~

1912 1153 2242 1220 sequendum
2273 1159 2661 1230 regrediamur.

2505 1255 2734 1314 CAPUT
2771 1260 2883 1318 ΧΠ.

2438 1343 2720 1434 naull'rogio
2739 1349 3022 1434 Licet-atus.
3041 1358 3327 1434 Episcopus
3350 1365 3482 1422 Leu-

1979 1408 2152 1495 nemis
2193 1408 2248 1459 id
2276 1408 2681 1495 cmlitusuisci't.
2726 1417 2882 1495 Felix
2905 1408 3483 1495 οἱ)ίῖιῖ

1978 1482 2118 1526 ctum
2146 1479 2370 1547 amplius
2411 1482 2691 1541 animatus.
2726 1488 2924 1547 lterum
2953 1479 3218 1558 libero—tus.

1979 1561 2068 1616 28.
2112 1563 2167 1619 In
2200 1579 2498 1628 memorata
2540 1574 2704 1644 igitur
2741 1580 2935 1650 insula,
2976 1589 3045 1643 ob
3078 1607 3315 1650 amorem
3345 1600 3480 1656 tanti

1909 1656 2185 1724 praesulis,
2222 1663 2438 1730 quidam
2479 1667 2611 1723 civis
2638 1670 2750 1741 jam
2791 1674 2950 1731 dicta:
2994 1680 3230 1750 regionis
3267 1685 3480 1743 Cornu-

1907 1743 2080 1822 gallia:
2103 1788 2116 1812 ,
2151 1747 2300 1804 Felix
2335 1755 2579 1822 nomine,
2622 1761 2688 1814 ad
2721 1743 3122 1824 inhabitandam
3149 1771 3477 1845 demigrans,

1907 1851 2028 1891 cum
2064 1837 2186 1895 aliis
2214 1857 2325 1897 sua:
2352 1846 2641 1914 provincia:
2664 1851 2811 1917 viris,
2837 1870 2934 1924 per
2961 1857 3265 1930 aliquantus
3287 1882 3478 1932 annos,

1907 1925 2017 1980 Deo
2042 1925 2290 1995 placitam
2316 1935 2524 1990 studuit
2553 1935 2751 1995 ducere
2787 1944 2974 1999 vitam.
3011 1925 3119 2004 seu
3147 1966 3268 2008 cum
3298 1925 3478 2013 veraci

1908 2017 2176 2076 referente
2215 2021 2360 2078 fama
2411 2027 2690 2088 didicisset
2727 2036 3084 2106 corpusxjam
3126 2041 3254 2098 dicti
3303 2051 3478 2104 sancti

1906 2111 2047 2179 apud
2075 2129 2173 2168 nos
2194 2117 2414 2174 retineri
2440 2158 2456 2186 ,
2484 2121 2804 2200 deliberavit
2832 2128 3010 2184 animo
3040 2132 3105 2186 ad
3137 2132 3255 2202 ejus
3295 2153 3478 2194 sacra-

1903 2203 2116 2260 tissima
2147 2223 2434 2278 properare
2471 2215 2732 2272 membra.
2770 2217 3034 2277 lncitabat
3075 2241 3289 2296 quoque
3321 2231 3478 2288 bona:

1905 2294 2192 2352 voluntatis
2239 2299 2356 2368 ejus
2401 2315 2652 2360 conatum
2695 2324 2877 2365 rumor
2913 2294 3240 2372 sanctissimi
3297 2319 3476 2376 Patris

1903 2386 2073 2440 nostri
2099 2387 2399 2456 Benedicti,
2430 2395 2520 2464 qui
2552 2398 2716 2454 totius
2749 2401 2912 2456 etiam
2942 2407 3332 2467 remotissimus
3353 2411 3474 2468 Bri-

1905 2477 2102 2532 tannia:
2131 2479 2428 2552 repleverat
2462 2486 2634 2542 sinus.
2684 2489 2918 2548 Ascensa
2965 2511 3095 2568 ergo
3146 2515 3274 2567 una,
3309 2519 3469 2573 quam

1900 2567 2072 2622 solum
2114 2577 2241 2626 tunc
2280 2575 2478 2643 reperit
2509 2578 2688 2633 navim
2713 2621 2727 2644 ,
2757 2582 2824 2636 ad
2852 2567 3095 2654 superius
3136 2567 3469 2650 nominatum

1901 2659 2086 2717 Sancti
2112 2661 2258 2718 Pauli
2287 2668 2539 2738 oppidum
2563 2671 2744 2728 venire
2765 2675 3044 2746 disposuit,
3072 2698 3194 2736 cum
3215 2687 3470 2754 pontifice

1899 2754 2070 2826 ipsius
2095 2757 2239 2812 sedis
2263 2767 2592 2818 tractaturus
2623 2774 2800 2821 utrum
2831 2768 2933 2824 sibi
2961 2771 3076 2828 haec
3101 2789 3219 2844 qua:
3260 2779 3467 2849 cogita-

1899 2855 2051 2902 verat
2099 2863 2260 2919 agere
2299 2853 2596 2922 expediret.
2656 2856 2850 2914 Verum
2889 2861 3108 2935 pelagus
3149 2866 3274 2922 illud
3324 2873 3468 2940 quod

1897 2937 2041 2992 inter
2069 2938 2299 2994 insulam
2327 2957 2392 2996 ac
2426 2945 2791 3002 continentem
2827 2950 3060 3008 diximus
3089 2970 3206 3012 esse
3233 2937 3465 3028 ter-ram,

1895 3029 1965 3082 ob
1999 3030 2081 3084 sui
2121 3034 2424 3100 angustiam
2467 3044 2521 3088 et
2565 3037 2771 3106 rttpium
2815 3041 2868 3096 in
2922 3058 2988 3098 eo
3042 3049 3465 3117 prominentium

1895 3123 2385 3192 exasperatiunem,
2443 3125 2710 3183 diiIieilem
2769 3133 3038 3192 multoties
3092 3140 3467 3213 navigantibus

1821 3198 1865 3257 C
1897 3208 2057 3265 eiiicit
2106 3213 2414 3272 transitum.
2445 3216 2597 3284 Quod
2639 3235 2760 3275 cum
2795 3223 2909 3294 jam
2953 3227 3128 3284 dictus
3160 3198 3245 3287 vi;
3279 3243 3460 3294 trans-

1893 3315 2078 3359 meare
2103 3305 2292 3372 vellet,
2337 3307 2612 3378 inopinato
2646 3312 2843 3383 impetu
2875 3319 3134 3377 undarum
3164 3327 3316 3384 navis
3346 3343 3464 3385 ver-

1894 3405 2011 3450 sata
2031 3411 2152 3451 eum
2173 3413 2294 3452 cum
2319 3400 2584 3457 universis
2615 3401 2775 3461 sociis
2803 3407 2944 3463 inter
2967 3425 3024 3466 se
3055 3421 3107 3466 et
3140 3430 3290 3472 mare
3321 3434 3457 3476 con-

1893 3486 2072 3542 clusit.
2118 3487 2285 3544 Erant
2325 3490 2466 3546 inter
2507 3507 2605 3550 eos
2645 3498 2866 3554 natandi
2917 3500 3122 3571 ignari;
3168 3505 3267 3562 hos
3317 3511 3469 3573 unda

1893 3589 2100 3648 raptos,
2131 3595 2294 3650 super
2323 3597 2489 3638 unum
2534 3599 2566 3640 e
2613 3587 3044 3656 prominentibus
3088 3596 3234 3652 saxis
3266 3598 3461 3658 illaesos

1893 3667 2159 3739 deposuit.
2193 3670 2284 3725 llle
2314 3686 2442 3727 vero
2471 3689 2593 3728 cum
2630 3691 2736 3731 uno
2766 3685 2971 3734 tantum
3001 3683 3200 3751 sodali,
3219 3686 3328 3755 jam
3371 3707 3457 3746 re-

1891 3759 2065 3815 ducta:
2103 3761 2154 3815 in
2199 3777 2354 3817 suum
2389 3772 2584 3820 statum
2625 3767 2746 3822 navi
2787 3768 3010 3836 insiluit,
3055 3783 3108 3830 et
3145 3775 3337 3834 ﬂuctus
3365 3784 3456 3852 qui

1889 3861 2008 3901 eam
2042 3847 2409 3919 oppleverant,
2444 3869 2624 3922 panno
2651 3856 2878 3913 sinuata:
2913 3862 3078 3917 vestis
3105 3867 3455 3935 exhauriens,

1888 3952 2010 3992 cum
2038 3939 2244 3995 duobus
2266 3943 2356 4012 qui
2380 3943 2479 3997 soli
2510 3959 2883 4002 remanserant
2919 3953 3080 4007 remis
3101 3955 3166 4008 ad
3194 3959 3454 4029 recipien-

1889 4027 1984 4083 dos
2028 4031 2204 4086 socios
2258 4033 2374 4103 rupi
2430 4037 2895 4107 appropinquavit.
2957 4041 3162 4110 Quibus
3221 4027 3452 4122 recept-is

1885 4119 2141 4190 prospicit
2179 4122 2388 4178 eminus
2415 4123 2612 4180 librum
2655 4143 2749 4197 per
2775 4143 2934 4196 quem
2966 4132 3150 4190 laudes
3178 4135 3286 4192 Deo
3333 4119 3454 4211 per-

1887 4211 2097 4266 solvere
2113 4225 2497 4280 consueverat,
2535 4211 2691 4272 undis
2717 4219 2943 4290 jactari,
2979 4238 3077 4278 nec
3110 4230 3276 4299 mergi
3326 4229 3454 4291 Post,

1887 4319 2045 4374 quem
2074 4306 2105 4360 d
2134 4318 2280 4362 recto
2307 4325 2466 4363 cursu
2504 4311 2658 4367 navis
2684 4330 2808 4368 eum
2835 4315 3050 4383 levavit,
3080 4321 3151 4376 ita
3173 4324 3321 4379 omni
3351 4327 3450 4381 ltu-

1888 4410 2034 4450 murc
2065 4394 2327 4452 introrsus
2349 4410 2623 4454 Carentem
2649 4405 2800 4472 quasi
2833 4421 2938 4460 non
2964 4411 3120 4464 unda:
3147 4410 3321 4482 ipsum
3355 4432 3452 4486 per

1887 4485 2082 4551 maria,
2106 4486 2200 4542 sed
2225 4498 2415 4544 ventus
2443 4505 2540 4559 per
2572 4501 2743 4548 terras
2769 4499 3080 4563 portaverit.
3109 4500 3312 4559 Deinde
3345 4485 3452 4560 ali-

1883 4575 2078 4643 quibus
2109 4579 2272 4633 remis
2299 4595 2423 4634 cum
2458 4579 2789 4651 aliquantula
2827 4587 3142 4656 supellectili
3185 4596 3446 4665 receptis,

1882 4663 1948 4719 ad
1976 4664 2302 4722 destinatum
2335 4670 2549 4724 tandem
2581 4673 2742 4728 delati
2771 4686 2892 4730 sunt
2918 4676 3116 4734 locum.

1949 4754 2038 4808 29.
2081 4756 2322 4827 Cumque
2375 4773 2702 4819 memoratus
2750 4767 2849 4820 vir.
2887 4784 3009 4823 cum
3055 4773 3306 4842 episcopo
3345 4777 3445 4832 luci

1881 4845 2201 4914 colloquium
2243 4847 2508 4905 familiare
2547 4852 2786 4920 habens,
2827 4870 2888 4910 ea
2921 4871 3038 4927 qum
3073 4861 3173 4916 sibi
3206 4863 3439 4920 obvene-

1882 4946 2000 4990 rant
2037 4934 2241 4991 referre
2275 4938 2457 5005 vellet,
2488 4944 2746 5011 praevenit
2783 4962 2903 5000 eum
2946 4950 3213 5018 pontifex,
3245 4953 3314 5006 ita
3358 4955 3434 5009 in-

1878 5029 2069 5094 quiens
2096 5044 2110 5081 :
2151 5051 2166 5077 ‹
2195 5027 2350 5096 Num,
2377 5031 2472 5096 ait,
2512 5033 2750 5103 ignoras,
2775 5037 2988 5094 domine
3019 5041 3088 5094 mi
3119 5040 3288 5106 Felix,
3313 5046 3442 5113 quid

1877 5117 2089 5170 cuidam
2120 5117 2382 5174 Munachu
2425 5118 2675 5178 omnibus
2719 5125 2923 5197 tibique
2958 5128 3090 5182 bene
3135 5139 3260 5184 noto
3298 5133 3362 5186 de
3390 5143 3442 5188 te

1876 5221 1970 5275 per
1995 5216 2313 5262 nocturnum
2339 5224 2587 5279 saporem
2613 5214 2906 5268 revelatum
2923 5218 3027 5270 sit?
3047 5237 3065 5269 ι
3087 5218 3184 5273 Cui
3207 5235 3327 5276 cum
3354 5223 3438 5275 illa.

1875 5297 2080 5353 diceret
2112 5314 2168 5354 se
2198 5299 2251 5354 id
2279 5300 2520 5358 funditus
2548 5305 2796 5374 ignorare
2817 5346 2830 5371 ,
2863 5322 3143 5379 episcopus
3170 5314 3238 5365 ad
3269 5329 3390 5368 eum
3421 5333 3435 5368 :

1872 5448 2229 5528 gl—i07945,__ex
2252 5452 2472 5528 Alberto
2493 5457 2559 5509 de
2581 5455 2964 5528 Monterelaxo,
2989 5460 3079 5528 qui
3103 5462 3239 5516 hanc
3265 5468 3438 5520 sancti

1872 5517 2020 5573 Pauli
2072 5523 2422 5590 reliquiarum
2466 5527 2870 5581 translationem
2904 5517 3207 5589 Floriacum
3247 5517 3435 5590 tribuit

1871 5592 2032 5644 etiam
2055 5591 2291 5646 Liberali
2322 5597 2573 5663 episcopo
2597 5597 2697 5650 sub
2723 5597 2916 5654 Carolo
2944 5599 3125 5654 Calvo.
3361 5633 3366 5638 -

1939 5683 2063 5767 (47).
2092 5688 2292 5740 Auctor
2327 5686 2900 5768 fra_gmenti_h_ist_o_rici
2935 5689 3048 5759 jam
3079 5693 3264 5760 citati,
3289 5699 3432 5768 apud

1869 5754 2160 5812 Chesnium
2183 5765 2327 5812 tumo
2355 5756 2432 5820 lll,
2467 5772 2588 5828 pag.
2611 5759 2732 5826 545,
2760 5759 2898 5817 idem
2929 5754 3238 5819 attestatur.

2967 5899 3046 5956 27
