4108 5412
578 272 684 331 815

1674 275 1933 335 ΑΙΜΟΙΝΙ
1971 275 2274 334 ΜΟΝΑΕΠΙ
2311 273 2801 337 FLOBIACENSIS

3737 272 3842 330 8M

583 409 603 442 ι
632 388 858 455 Retulit,
880 389 1074 460 Inquit,
1108 389 1239 450 mihi
1274 389 1412 446 idem
1441 389 1742 445 monachus
1771 389 2158 447 corammultis
2184 398 2232 458 Α
2265 399 2345 447 tas
2365 391 2653 447 verborum
2686 388 3030 446 audientibus
3065 386 3337 446 fastidium
3378 391 3622 447 materia:
3652 390 3843 463 gigne-

580 479 812 536 testibus
830 520 845 544 ,
866 478 1085 537 dicens:
1112 478 1408 534 Videbatur
1443 478 1573 533 mihi
1601 478 1742 548 quod
1770 477 1948 544 Felix,
1976 479 2068 549 qui
2099 479 2151 532 in

578 570 756 627 insula
782 570 1009 635 habitat,
1034 571 1123 626 hic
1150 570 1290 640 apud
1324 585 1424 627 nos
1452 569 1595 624 foret
1619 570 1845 640 positus.
1882 568 1984 636 Qui
2024 570 2150 624 dum

577 662 645 716 ad
667 675 761 715 sua
796 660 1006 730 regredi
1030 658 1190 715 vellet
1213 659 1503 729 navimque
1528 658 1880 723 ascendisset,
1908 657 2152 717 diabolus

578 754 632 808 in
665 752 847 823 specie
881 751 1116 807 vulturis
1141 750 1471 817 adveniens,
1510 748 1665 820 cujus
1704 749 1948 817 corporis
1982 748 2151 805 moles

575 843 777 899 montis
804 841 1075 899 altitudini
1109 842 1315 913 aequari
1346 855 1523 913 posse,
1544 840 1900 907 credebatur,
1928 849 2150 897 cunctos

572 931 665 1001 qui
708 939 825 988 rate
859 930 1193 987 vehebantur
1230 931 1390 986 simul
1427 944 1550 986 eum
1581 930 1697 1001 ipsa
1730 930 1784 985 in
1823 928 2149 1001 profundum

573 1034 820 1091 mergere
856 1020 988 1075 mihi
1017 1006 1320 1074 videbatur.
1347 1019 1455 1079 Illis
1493 1020 1675 1090 itaque
1702 1021 1805 1075 hoc
1834 1019 1994 1075 modo
2025 1020 2151 1079 sub-

572 1112 787 1175 mersis,
815 1112 1066 1182 apparuit
1089 1120 1311 1182 repente
1332 1111 1416 1165 vir
1436 1111 1656 1182 quidam
1679 1109 1997 1165 monachico
2019 1109 2150 1165 ado-

568 1210 757 1272 pertus
784 1201 1139 1265 indumento,
1182 1215 1332 1257 more
1366 1200 1621 1255 abbatum
1663 1215 1951 1255 recurvum
1984 1215 2014 1253 a
2057 1214 2149 1254 ca-

570 1291 682 1364 pite
713 1292 780 1346 de
808 1304 969 1344 manu
1003 1305 1195 1359 gerens
1222 1289 1503 1355 baculum;
1536 1289 1736 1361 quique
1759 1304 1922 1359 super
1951 1303 2146 1359 aquam

569 1379 942 1445 deambulans,
967 1380 1156 1435 eodem
1191 1379 1332 1450 ligno
1364 1379 1544 1433 navim
1574 1394 1696 1433 eum
1736 1376 2045 1432 hominibus
2074 1376 2146 1431 nil

570 1466 702 1525 mali
729 1469 924 1540 passis,
949 1485 1012 1524 ac
1036 1470 1246 1525 cunctis
1280 1468 1472 1533 rebus,
1510 1469 1579 1523 de
1604 1466 1872 1538 profundo
1906 1468 1974 1521 ad
1999 1467 2146 1522 littus

570 1561 753 1615 traxit.
777 1561 1044 1616 Liberalis
1072 1574 1201 1614 vero
1230 1560 1506 1631 imperans
1548 1570 1606 1614 ut
1658 1575 1716 1615 se
1741 1559 1939 1615 ibidem
1964 1559 2145 1630 operi.

569 1659 777 1715 rentur,
808 1650 1074 1706 vulturem
1099 1650 1188 1722 qui
1215 1650 1328 1722 jam
1357 1648 1537 1721 fugam
1562 1659 1851 1720 paraverat
1876 1691 1892 1716 ,
1927 1650 2142 1704 insecu-

569 1751 678 1807 tus,
716 1741 867 1814 virga
908 1756 1224 1814 percussum
1268 1741 1323 1795 iu
1368 1740 1691 1810 profundum
1720 1740 1901 1811 abyssi
1933 1740 2139 1795 mersit.
2175 1744 2223 1806 Β

564 1833 840 1890 Reversus
870 1832 938 1888 ad
976 1830 1211 1889 Felicem
1251 1840 1307 1886 et
1336 1831 1514 1887 socios
1541 1829 1688 1899 ejus,
1723 1829 1889 1885 alacri
1933 1838 1992 1884 ut
2026 1838 2147 1885 erat

564 1926 742 1992 vultu,
774 1939 867 1981 eos
896 1923 1225 1980 hortabatur
1261 1932 1323 1979 ut
1350 1937 1574 1979 ascensa
1615 1922 1779 1977 lintre
1814 1937 1921 1991 quo
1963 1921 2145 1992 cupie-

566 2017 700 2072 bant
736 2032 926 2073 secure
974 2017 1369 2088 enavigarent,
1415 2015 1639 2071 dicens:
1675 2015 1752 2069 En
1797 2015 2144 2070 adversarius

564 2119 763 2174 vester,
790 2123 889 2180 per
920 2106 1016 2164 Dei
1053 2108 1284 2180 gratiam
1321 2122 1352 2161 a
1391 2123 1479 2162 me
1518 2109 1867 2172 submersus,
1909 2106 2145 2177 perdidit

561 2215 776 2255 omnem
804 2199 960 2256 vobis
985 2198 1214 2254 nocendi
1240 2209 1584 2271 potestatem.
1617 2217 1636 2251 ι

631 2290 722 2347 '50.
762 2289 1008 2361 Cumque
1056 2289 1162 2344 ista
1207 2288 1480 2345 referente
1527 2289 1771 2345 antistite
1812 2288 1904 2344 Dei
1949 2304 2142 2345 servus

562 2383 825 2449 audisset,
851 2398 1012 2439 casus
1045 2397 1259 2455 quoque
1290 2397 1418 2438 suos
1443 2391 1498 2438 et
1529 2381 1642 2453 ipse
1670 2397 1859 2438 omnes
1886 2382 1934 2437 ei
1970 2396 2140 2452 expo-

561 2477 690 2541 suit,
721 2489 971 2532 asserens
996 2475 1167 2550 ipsum
1199 2475 1460 2530 visionem
1479 2516 1495 2541 ,
1523 2475 1686 2530 etiam
1711 2488 1969 2545 corporeo
1994 2482 2137 2539 actu,

561 2566 617 2622 in
645 2581 704 2622 se
724 2565 1070 2638 completam.
1099 2564 1410 2637 Intelligens
1437 2579 1567 2621 vero
1596 2580 1665 2621 ex
1706 2572 2003 2619 memorata
2046 2579 2142 2635 ap—

561 2661 829 2733 paritione
849 2660 1247 2717 Sanctissimum
1280 2660 1492 2715 Patrem
1522 2642 1765 2715 nostrum
1795 2657 2141 2713 Benedictum

562 2766 674 2807 suae
695 2750 858 2807 saluti
887 2750 1146 2806 auxilium
1183 2749 1513 2815 contulisse,
1555 2749 1729 2818 magis
1770 2761 1956 2801 amore
1997 2760 2143 2813 ejus-

558 2842 682 2899 dem
714 2841 1195 2912 praacellentissimi
1225 2839 1551 2896 confessoris
1583 2838 1814 2909 ﬂagrare
1848 2838 2034 2908 erepit,
2059 2844 2143 2892 at-

560 2948 667 3004 que
699 2942 760 2989 ut
805 2933 875 2990 ad
919 2933 1037 3005 ejus
1074 2943 1483 2990 sacrosanctum
1526 2931 1790 2988 tumulum
1828 2929 2139 3001 perveniret

560 3026 786 3083 instare.

630 3118 721 3174 3i.
761 3116 931 3188 Igitur
972 3117 1128 3188 pauci
1173 3117 1432 3188 temporis
1474 3115 1794 3185 interposita
1830 3128 2011 3179 mora,
2044 3127 2140 3168 as-
2167 3103 2213 3166 C

559 3210 791 3281 Sumptis
816 3210 1012 3280 quibus
1033 3225 1092 3266 se
1121 3209 1363 3280 indigere
1396 3210 1556 3266 rebus
1576 3207 1895 3272 aestimavit,
1920 3207 1987 3261 ad
2009 3221 2140 3263 con-

559 3305 822 3364 tinentem
870 3301 1158 3358 destinavit
1196 3316 1440 3357 remeare
1469 3310 1690 3356 terram.
1723 3297 1865 3355 Sane
1894 3299 2128 3368 omnipo

558 3401 683 3447 tens
715 3391 893 3458 Deus,
922 3401 980 3446 ut
1003 3391 1121 3463 ejus
1154 3405 1252 3447 cor
1288 3390 1355 3445 ad
1387 3406 1627 3446 amorem
1660 3399 1972 3445 sanctorum
2006 3404 2140 3458 quo-

560 3500 678 3541 rum
732 3485 1019 3557 expetebat
1068 3484 1414 3557 praesentiam
1466 3482 1698 3554 amplius
1743 3481 2135 3547 inﬂammaret,

559 3575 850 3645 duplicavit
881 3576 1225 3633 miraculum.
1267 3574 1401 3630 Nam
1438 3575 1564 3630 dum
1596 3575 1836 3629 anchora
1874 3588 1905 3628 a
1955 3572 2138 3629 littore

557 3664 767 3722 sublata
792 3664 899 3720 alta
926 3675 1135 3737 peteret
1166 3680 1335 3721 mana
1356 3705 1372 3729 ,
1405 3672 1628 3736 repente
1659 3677 1719 3718 se
1748 3663 1945 3718 ﬂuetus
1976 3661 2136 3718 attol-

555 3757 691 3819 lunt.
716 3767 769 3814 et
793 3758 845 3813 in
867 3758 1097 3814 sublime
1129 3758 1305 3814 elatus
1334 3756 1648 3829 praeruptus
1678 3771 1835 3826 aqua:
1872 3770 2027 3812 mons
2064 3758 2136 3812 ita

557 3861 725 3908 totam
749 3852 1129 3909 circumcinxit
1149 3851 1407 3923 scapham
1433 3859 1491 3906 ut
1519 3849 1667 3905 nulla
1691 3865 1756 3904 ex
1779 3858 1933 3921 parte
1956 3850 2137 3905 aditus

554 3945 887 4017 reperiretur
919 3945 1203 4003 evadendi.
1247 3943 1398 4001 Tunc
1426 3938 1764 4016 jam‘dictus
1804 3941 2007 3997 Christi
2057 3941 2138 3996 fa-

552 4037 734 4093 mqus
759 4036 935 4105 Felix,
962 4038 1193 4095 horrore
1223 4034 1555 4091 imminentis
1580 4032 1805 4106 periculi
1832 4032 2133 4104 perculsus,

553 4129 698 4184 intra
724 4129 829 4183 ima
852 4129 1090 4200 pectoris
1113 4124 1421 4198 bujusmodi
1442 4125 1701 4180 fundebat
1728 4139 1918 4194 preces
1940 4123 2138 4179 humil-

557 4224 700 4280 lima:
730 4223 1138 4294 supplicationis
1168 4240 1180 4277 :
1213 4221 1435 4296 Inelyti,
1465 4221 1748 4291 inquiens,
1791 4219 2135 4275 confessores

552 4315 782 4383 Christi,
809 4316 1100 4372 Benedicte
1134 4324 1298 4385 atque
1328 4314 1522 4379 Paule,
1551 4330 1783 4386 quorum
1821 4311 2136 4368 sacratissi-

553 4423 673 4464 mos
706 4408 856 4463 adire
880 4417 1075 4476 exopto
1105 4407 1349 4473 cineres,
1394 4404 1531 4461 ferte
1570 4420 1728 4475 opem
1764 4404 1895 4459 mihi
1933 4405 2133 4459 misero

552 4496 644 4569 qui
680 4497 848 4553 solius
876 4513 1022 4571 nunc
1052 4497 1244 4553 mortis
1277 4496 1566 4553 discrimen
1593 4494 1845 4550 formido.
1878 4491 2006 4548 Post
2035 4495 2134 4549 has

549 4604 772 4667 preces,
803 4588 950 4645 dicto
970 4589 1133 4645 citius
1164 4588 1368 4645 tumida
1397 4586 1683 4643 considunt
1712 4600 1964 4656 :equora,
2002 4600 2136 4640 ven-

554 4684 732 4755 tisque
779 4683 1051 4756 placidum
1106 4691 1259 4739 stans
1313 4696 1464 4738 mare
1518 4689 1691 4737 tutam
1753 4678 2131 4750 navigantibus

548 4778 778 4856 praebuit
809 4777 976 4834 viam.
1002 4777 1081 4833 Ita
1110 4778 1179 4833 ab
1214 4776 1434 4832 instanti
1471 4773 1754 4845 naufragio
1781 4787 1925 4842 saepe
1952 4787 2130 4829 nonu-

549 4878 711 4931 natus
739 4868 887 4929 Felix
921 4868 1036 4942 (48)
1071 4875 1386 4938 exemptus,
1420 4865 1487 4920 ad
1530 4865 1633 4920 hoc
1666 4863 1769 4920 sibi
1800 4861 1895 4925 diu~
1920 4863 2133 4918 deside-

548 4973 727 5021 ratum
757 4961 907 5019 venit
939 4959 1281 5025 coenobium,
1314 4959 1582 5029 nobisque
1621 4958 1768 5014 hunc
1806 4971 1918 5014 suae
1955 4955 2133 5013 salva~

552 5053 714 5108 tionis
741 5051 929 5109 retulit
953 5050 1122 5108 fuisse
1145 5051 1388 5105 modum.

1145 5139 1372 5195 CAPUT
1410 5136 1546 5193 XIII.

861 5214 873 5220 ”
940 5224 946 5231 ’
990 5216 1289 5283 Advocelus
1323 5227 1496 5282 malus
1524 5229 1679 5298 perit.

560 5344 569 5353 ι
619 5318 709 5372 52.
748 5319 1009 5376 Brevitati
1035 5315 1264 5388 quidem,
1288 5317 1614 5374 studendum
1651 5325 1771 5373 erat
1806 5331 1875 5372 ne
1902 5314 2127 5405 prolixi-

2256 492 2357 539 ret.
2386 482 2493 539 Sed
2520 481 2647 553 quia
2688 482 2983 537 decurrens
3022 496 3205 537 sermo
3243 482 3464 537 retineri
3505 497 3616 538 non
3665 483 3843 551 potuit

2253 591 2414 645 quem
2442 575 2524 631 vis
2550 574 2860 631 dilectionis
2882 573 3217 630 sanctissimi
3256 574 3433 630 Patris
3464 574 3738 633 Benedicti
3772 575 3841 629 ad

2250 668 2465 736 plenius
2488 665 2839 735 exponendas
2866 678 2955 720 res
2975 675 3157 736 gestas
3182 665 3413 735 impulit,
3445 664 3835 735 ignoscendum

2253 765 2338 811 est
2367 756 2440 822 si,
2464 756 2749 825 plusquam
2777 753 2948 819 licuit,
2978 754 3172 825 loquax
3194 756 3389 826 pagina
3419 753 3543 810 fuit.
3571 754 3845 811 Procura-

2246 846 2429 902 Limus
2459 847 2714 917 deinceps
2739 847 3017 902 succincto
3056 847 3312 902 narrandi
3343 861 3541 917 genere
3568 844 3835 900 miracula

2251 938 2495 1010 ejusdem
2523 938 2707 995 dilecti
2740 938 2947 995 domini
2978 939 3459 1011 comprehendere,
3481 950 3543 994 ut
3571 948 3627 995 et
3651 938 3843 993 laudes

2251 1028 2367 1098 ejus
2389 1042 2703 1099 promamus
2734 1036 2791 1084 et
2818 1028 3011 1084 lectori
3042 1043 3385 1100 nequaquam
3419 1028 3575 1084 oneri
3609 1027 3805 1082 simus.

2319 1118 2774 1188 53..Burgundize
2805 1119 2859 1174 in
2894 1120 3174 1189 partibus,
3201 1119 3474 1175 territorio
3498 1117 3839 1187 Tricassino,

2250 1210 2374 1264 villa
2421 1211 2655 1266 habetur
2699 1210 2885 1266 Sancti
2917 1210 3229 1277 Benedicti,
3258 1208 3562 1264 Tauriaeus
3585 1208 3839 1275 nomine,

2248 1318 2415 1373 quam
2435 1303 2749 1367 advocatus,
2780 1302 3040 1358 vocabulo
3070 1300 3442 1367 Cauzfredus,
3474 1301 3730 1370 quamvis
3767 1299 3840 1353 ab

2248 1394 2525 1449 extraneis
2559 1391 2908 1457 defenderet,
2944 1392 3236 1447 violentius
3275 1406 3439 1462 quam
3474 1389 3709 1460 quilibet
3742 1404 3843 1444 ex-

2253 1495 2437 1542 ternus
2469 1487 2733 1542 vastabat.
2768 1486 2939 1554 Quem
2974 1502 3003 1540 a
3036 1487 3320 1542 monachis
3362 1485 3686 1556 frequenter
3711 1493 3772 1540 ut
3805 1499 3840 1538 a

2247 1577 2550 1634 male'actis
2580 1577 2902 1647 quiesceret,
2937 1575 3292 1642 admonitum,
3324 1591 3424 1633 nec
3450 1576 3838 1645 obtemperanr-

2250 1680 2378 1737 tem,
2418 1670 2538 1740 pius
2579 1669 2742 1725 Pater
2784 1669 3107 1725 Benedictus
3136 1683 3166 1723 a
3204 1668 3315 1725 Deo
3345 1668 3584 1724 obtinuit
3625 1664 3844 1739 ﬂagello

2247 1762 2603 1834 correptionis
2631 1762 2780 1834 prius
2806 1763 3011 1832 percuti
3037 1776 3199 1833 quam
3220 1765 3339 1831 ejus
3357 1760 3565 1816 malitia
3593 1761 3841 1815 funditus

2250 1854 2541 1911 deleretur.
2587 1852 2832 1920 Quadam
2874 1854 3058 1924 itaque
3097 1853 3187 1908 die
3215 1868 3280 1909 eo
3321 1854 3376 1907 in
3410 1852 3572 1908 domo
3613 1851 3841 1922 propria

2249 1947 2388 2001 intra
2421 1954 2734 2000 memoratae
2764 1944 2916 1999 urbis
2946 1941 3269 1999 Tricassime
3315 1956 3501 1997 muros
3540 1942 3841 1996 constituta

2247 2039 2537 2104 residente,
2564 2048 2621 2094 et
2640 2036 2986 2107 iudiciariam
3020 2036 3163 2092 inter
3184 2036 3488 2092 rusticanos
3516 2044 3717 2107 agente
3744 2048 3842 2088 ac-

2250 2133 2471 2197 tionem,
2497 2133 2650 2203 niger
2688 2130 2841 2185 canis
2874 2130 3023 2185 rabie
3058 2129 3250 2200 plenus
3288 2128 3494 2193 adfuit,
3533 2136 3589 2183 et
3632 2127 3842 2181 nullum

2246 2222 2443 2278 laedens
2468 2220 2967 2285 circumstantium,
2999 2220 3202 2289 impetu
3237 2220 3291 2274 in
3319 2234 3443 2273 eum
3488 2216 3634 2273 facta
3676 2232 3841 2271 nares

2245 2315 2363 2386 ejus
2404 2332 2469 2372 ac
2496 2315 2688 2371 faciem
2731 2313 3300 2371 morsibus-dilanians
3344 2312 3635 2369 abscessit.
3683 2310 3842 2366 Unde

2246 2410 2336 2465 ille
2376 2410 2428 2464 in
2482 2408 2777 2463 amentiam
2819 2422 3032 2473 versus,
3079 2406 3146 2461 ab
3196 2405 3390 2461 amicis
3440 2404 3507 2459 ad
3554 2402 3839 2458 basilicam

2246 2504 2431 2560 Sancti
2464 2502 2702 2574 Dionysii
2729 2509 2816 2558 est
2847 2501 3139 2567 deductus;
3183 2499 3367 2569 ibique
3401 2494 3841 2567 aliquantulum,

2243 2598 2341 2653 sed
2368 2613 2474 2653 non
2517 2596 2582 2651 ad
2614 2596 2830 2667 plenum
2864 2607 3028 2649 sensu
3056 2599 3376 2662 recuperato
3396 2630 3412 2655 ,
3454 2601 3739 2660 regressus
3768 2586 3840 2639 ad

2240 2689 2485 2760 propria,
2525 2689 2652 2743 dum
2696 2685 2854 2741 malis
2902 2700 3023 2756 quas
3056 2682 3388 2755 pauperibus
3424 2679 3615 2736 Sancti
3661 2677 3845 2733 Bene-

2243 2779 2373 2835 dicti
2398 2777 2653 2833 iutulerat
2681 2777 2940 2846 adjiceret
2965 2774 3172 2845 pejora,
3196 2788 3227 2826 a
3253 2770 3520 2826 daemonio
3538 2768 3831 2838 arripitur,

2245 2878 2635 2941 catenatusque
2654 2868 2782 2922 etin
2810 2866 3080 2937 quoddam
3114 2873 3359 2920 retrusus
3386 2859 3723 2925 cubiculum,
3753 2858 3839 2912 ul-

2247 2965 2436 3020 timum
2463 2962 2740 3020 exhalavit
2765 2962 3015 3033 spiritum
3034 3000 3051 3026 ,
3078 2957 3456 3031 profitentibus
3485 2955 3705 3013 eunetis
3738 2953 3837 3025 qui

2244 3070 2368 3112 eum
2395 3062 2678 3119 noverant,
2703 3053 2775 3108 ob
2797 3051 3060 3108 saevitiam
3087 3049 3205 3120 ejus
3227 3051 3283 3105 in
3313 3048 3577 3104 ruricolas
3607 3044 3838 3117 pretiosi

2243 3142 2573 3201 confessoris
2618 3141 2898 3199 Benedicti
2951 3140 3078 3197 talia
3121 3142 3298 3211 ipsum
3340 3139 3651 3211 pertulisse.
3698 3136 3838 3192 Huic

2240 3235 2544 3294 metuendae
2572 3233 2782 3299 ultioni,
2811 3232 2957 3289 aliud
2985 3232 3421 3305 amplecteudum
3444 3229 3837 3287 misericordia

2240 3346 2306 3385 ac
2340 3327 2588 3385 sanitatis
2609 3327 2965 3382 adnectamus
2993 3326 3231 3397 signum.

2844 3416 3073 3473 CAPUT
3115 3415 3249 3471 XIV.

2242 3513 2532 3569 Monachus
2558 3513 2611 3567 in
2635 3512 2878 3570 extremis
2909 3512 2974 3565 ab
3004 3512 3246 3566 omnibus
3289 3509 3595 3574 derelictus,
3641 3506 3701 3563 S.
3730 3505 3829 3561 Be-

2629 3584 2893 3637 nedictum
2936 3583 3088 3637 habet
3125 3582 3430 3652 propitium.

2309 3673 2400 3728 5-1.
2429 3672 2485 3728 lu
2518 3672 2864 3729 inferioribus
2887 3673 3043 3744 hujus
3062 3670 3449 3743 Neustriae(i9)
3473 3671 3744 3742 partibus,
3772 3670 3828 3725 in

2232 3764 2615 3837 ,Andegavensi
2646 3763 2863 3820 scilicet
2888 3766 3046 3828 urbe,
3072 3764 3363 3820 Ainfredus
3418 3764 3640 3833 quidam
3685 3761 3829 3833 apud

2240 3858 2639 3913 monasterium
2698 3856 2885 3912 Sancti
2918 3856 3100 3912 Albini
3150 3872 3219 3913 ex
3276 3856 3476 3912 clerico
3522 3857 3829 3912 monachus

2238 3961 2431 4022 sponte
2452 3949 2629 4005 factus
2658 3957 2762 4006 est.
2790 3948 2845 4005 Is
2865 3949 3215 4005 meliorandze
3230 3950 3356 4004 vitae
3383 3948 3559 4018 gratia
3583 3948 3654 4002 ad
3685 3948 3831 4002 hunc

2238 4042 2607 4099 venerabilem
2660 4040 3063 4098 Floriacensem
3122 4042 3436 4112 oemigraus
3487 4040 3693 4101 locum,
3722 4037 3829 4093 ali-

2239 4133 2559 4204 quantiSper
2602 4132 2886 4187 nobiscum
2940 4140 3333 4199 commoratus,
3364 4130 3432 4186 ad
3465 4138 3828 4186 memoratum

2240 4238 2520 4293 regressus
2552 4231 2638 4276 est
2664 4222 2999 4277 ctenobium.
3034 4221 3132 4277 Ubi
3179 4222 3309 4276 dum
3350 4229 3621 4287 moratur,
3673 4218 3827 4290 gravi

2226 4315 2592 4383 ,tumesceutis
2619 4328 2771 4369 coxae
2821 4313 3053 4368 aﬂlictus
3105 4313 3386 4384 languore,
3419 4311 3637 4384 gemino
3668 4324 3830 4378 urge;

2240 4409 2399 4463 batur
2428 4421 2648 4476 angore.
2699 4404 2834 4460 Nam
2883 4403 3053 4461 abbas
3106 4405 3275 4474 ipsius
3324 4404 3665 4468 monasterii,
3700 4402 3828 4472 qui-

2239 4497 2466 4553 busdam
2501 4496 2872 4551 simultatibus
2902 4510 3025 4551 eum
3075 4495 3360 4566 impetens,
3407 4495 3624 4550 cunctis
3655 4495 3825 4550 inter-

2235 4589 2452 4644 dixerat
2475 4587 2741 4644 fratribus
2769 4603 2838 4644 ne
2861 4587 3140 4657 quiseum
3168 4587 3360 4642 saltem
3394 4587 3446 4640 in
3494 4586 3649 4641 exitu
3691 4585 3825 4641 visi-

2240 4687 2381 4733 taret
2401 4678 2618 4734 animat.
2650 4676 2895 4747 Cumque
2923 4676 3035 4742 ille,
3072 4675 3264 4731 morbo
3317 4676 3738 4746 ingravescente
3760 4690 3825 4730 ac

2234 4769 2421 4825 dolore
2457 4770 2528 4824 ad
2548 4767 2733 4824 vitalia
2759 4777 3033 4838 serpente,
3062 4766 3261 4822 fratres
3296 4766 3362 4820 ad
3392 4781 3451 4821 se
3480 4765 3827 4822 invisendum

2232 4871 2499 4930 suumque
2546 4858 2757 4914 exitum
2816 4856 3044 4912 Domino
3095 4854 3586 4911 commendandum
3634 4855 3830 4909 venire

2234 4953 2574 5022 deposceret,
2619 4950 2687 5005 ab
2717 4962 2848 5017 uno,
2900 4947 2986 5003 cui
3046 4947 3146 5003 soli
3200 4960 3520 5002 concessum
3548 4954 3674 4999 erat
3701 4958 3828 5001 eum

2234 5041 2489 5105 invisere,
2532 5040 2663 5111 quid
2688 5038 2857 5095 abbas
2901 5037 2970 5093 de
3022 5051 3088 5092 eo
3136 5036 3489 5108 praecepisset
3538 5036 3825 5101 addidicit.

2233 5134 2386 5202 Quod
2434 5135 2550 5205 ipse
2598 5131 2825 5187 audiens
2852 5130 3093 5199 graviter
3125 5128 3266 5194 tulit,
3306 5137 3362 5183 ct
3387 5141 3484 5198 per
3511 5127 3828 5197 Andcgava:

2231 5227 2475 5282 civitatis
2532 5225 2745 5281 nobiles
2770 5224 2863 5294 qui
2896 5222 2965 5278 ab
2988 5221 3106 5290 ejus
3127 5221 3462 5285 visitatione,
3506 5221 3638 5289 quia
3699 5236 3825 5275 eum

2231 5318 2547 5391 diligebant,
2578 5316 2810 5372 inhiberi
2869 5329 2976 5371 non
3005 5323 3277 5385 poterant,
3321 5312 3507 5367 abbati
3540 5313 3821 5366 mandavit
