4108 5412
296 367 399 423 8ιῦ

1009 365 1097 420 ns
1136 357 1509 417 MIRACULIS
1571 356 1629 409 s.
1695 350 2055 407 BENElthTl
2097 346 2271 403 Limn
2317 345 2475 402 ouo.
2516 375 2581 387 -
2620 343 2745 398 1.13.
2788 321 2846 397 ,ιζ

3450 335 3558 390 846

299 505 355 550 ιιι
383 492 491 547 sibi
522 496 891 547 misereretur.
944 485 1011 538 ad
1058 479 1509 537 satisfactionem,
1560 474 1603 528 si
1648 470 1776 541 quid
1828 469 1880 522 in
1914 500 1955 544 Α
1986 472 2304 520 sanctorum
2346 460 2665 532 pignoribus
2702 458 2770 513 ad
2796 457 2971 511 locum
3008 458 3282 550 properat.
3318 448 3563 550 Cumque

298 598 423 635 eum
449 595 557 634 non
583 588 731 633 recte
766 574 1152 636 commisisset,
1198 578 1413 640 parato.
1461 564 1567 619 Sed
1613 578 1680 617 eo
1725 558 1881 615 diffe-

302 680 455 725 rente
476 678 698 724 coactus
720 677 804 721 est
861 680 1005 734 :eger
1029 663 1245 716 aliunde
1272 656 1698 714 consolationem
1732 667 1880 721 qure-

302 775 450 832 rere,
478 768 557 822 et,
585 758 712 829 quia
736 772 796 811 se
829 772 856 809 a
887 753 1167 823 temporali
1199 752 1392 805 abbate
1421 747 1636 802 videbat
1660 742 1881 813 despici,

307 856 375 908 ad
402 853 554 908 illum
579 852 668 922 qui
700 850 1005 923 legionibus
1039 846 1427 901 monachorum
1471 857 1567 913 per
1593 842 1749 911 longa
1770 838 1883 908 jam

302 944 517 1014 pridem
554 942 751 998 s:ecula
784 936 1167 996 sollicitudinis
1216 951 1329 989 sua:
1387 947 1572 988 curam
1624 928 1887 1001 impendit

307 1047 414 1091 tota
472 1053 532 1091 se
578 1033 1030 1094 contulitmente,
1078 1027 1483 1093 recordansque
1528 1030 1787 1092 quantam
1832 1019 1886 1072 in

305 1130 563 1184 Patribus
590 1126 751 1196 hujus
802 1124 1165 1180 Floriacensis
1214 1105 1448 1176 casno'bii
1505 1126 1749 1186 tempore
1775 1128 1889 1167 sua:

305 1218 761 1289 peregrinationis
809 1216 1009 1287 reperit
1066 1213 1458 1275 dilectionem,
1513 1222 1777 1262 converso
1824 1204 1889 1257 ad

309 1311 573 1380 parietem
614 1310 793 1379 capite
823 1323 887 1361 ac
938 1307 1078 1376 lacrj
1096 1306 1199 1358 mis
1252 1302 1488 1359 snifnsus
1514 1316 1633 1363 ora,
1667 1299 1719 1352 itt
1775 1297 1890 1351 hznc

306 1401 553 1470 prorupit
591 1401 757 1453 verba
784 1416 797 1451 :
825 1396 871 1452 Ο
894 1407 1099 1459 sancte,
1140 1395 1410 1463 inquiens,
1441 1390 1754 1452 Benedicto,
1787 1385 1890 1439 mi-

308 1505 495 1544 serere
545 1491 653 1544 mei
711 1500 858 1543 tuum
904 1488 1159 1542 auxilium
1186 1488 1345 1540 anxie
1374 1482 1733 1555 implorantis,
1763 1480 1887 1534 tibiv

304 1596 409 1649 que
430 1581 753 1649 spondentis
782 1580 947 1649 quod,
976 1580 1019 1634 si
1061 1578 1193 1632 mihi
1224 1577 1469 1647 corporis
1496 1575 1784 1629 sanitatem
1807 1571 1889 1623 vi.

306 1683 483 1743 ta'qne
510 1688 540 1726 a
587 1672 697 1727 Deo
737 1672 1042 1727 obtinueris
1071 1672 1508 1743 prosperitatcm,
1539 1678 1628 1723 tua
1668 1665 1890 1736 supplex

310 1766 690 1820 sacratissima
738 1774 987 1835 expetam
1041 1780 1186 1831 ossa,
1232 1765 1533 1835 gratiarum
1582 1777 1683 1832 pro
1735 1773 1893 1830 posse

311 1857 622 1910 redditurus
688 1865 829 1911 vota.
888 1855 982 1911 llis
1033 1859 1321 1927 peroratis,
1374 1854 1604 1924 aspexit,
1664 1860 1720 1905 ut
1769 1858 1891 1920 post

308 1945 423 2015 ipse
450 1947 659 2013 retulit,
691 1948 869 2002 subito
890 1949 1181 2018 quemdam
1214 1946 1471 2017 incogniti
1497 1945 1674 1997 vultus
1697 1943 1889 2005 virum,

309 2039 655 2095 monachaiis
678 2040 896 2096 habitus
928 2042 1165 2112 tegmine
1209 2041 1553 2110 adapertum,
1602 2038 1693 2107 qni
1734 2051 1765 2091 e
1811 2050 1897 2089 re-

305 2132 470 2199 gione
506 2132 713 2187 ulceris
757 2146 920 2189 manu
954 2143 1225 2204 protenta,
1274 2134 1499 2188 silenter
1554 2132 1704 2185 abire
1748 2128 1896 2183 visus

313 2231 420 2274 est.
447 2220 571 2275 Mox
609 2231 846 2292 a‘grotus
875 2224 928 2277 in
956 2238 1205 2278 somnum
1240 2222 1534 2285 resolutus,
1581 2219 1671 2289 qui
1709 2227 1820 2272 tres
1844 2225 1898 2271 et

305 2314 639 2383 eoamplius
675 2324 864 2369 noctes
915 2315 1201 2385 pervigiles
1247 2315 1497 2378 duxerat,
1544 2312 1704 2366 unius
1752 2311 1897 2364 horzn

310 2404 493 2473 spatio
546 2404 910 2474 placidissima
973 2408 1156 2476 quiete
1205 2410 1408 2475 potitus
1465 2415 1570 2460 est.
1624 2403 1896 2474 Evigilans

309 2510 466 2555 vero,
509 2494 640 2547 dum
686 2497 911 2550 summis
958 2496 1144 2568 digitis
1186 2496 1380 2551 vulnus
1418 2496 1562 2565 quod
1595 2496 1677 2549 vis
1722 2493 1895 2547 morbi

309 2584 671 2653 patefecerat,
710 2586 979 2641 incautius
1029 2599 1323 2659 premeret,
1356 2586 1620 2656 particula
1651 2587 1897 2657 quaedam

310 2673 645 2742 putrefacta:
672 2676 877 2740 carnis,
907 2676 1080 2730 instar
1128 2676 1313 2741 boleti,
1342 2676 1465 2731 inde
1512 2690 1634 2729 cum
1662 2674 1896 2728 maxima

307 2764 521 2819 doloris
552 2774 705 2831 parte
727 2766 998 2834 prosiluit,
1031 2782 1095 2822 ac
1142 2767 1358 2821 demum
1389 2764 1526 2820 infra
1560 2766 1721 2818 breve
1763 2775 1898 2818 tem-

307 2870 435 2924 pus,
480 2858 775 2926 resumptis
821 2858 1045 2918 viribus,
1098 2858 1238 2927 quod
1267 2865 1510 2922 voverat,
1553 2855 1767 2915 devote,
1798 2869 1897 2909 nec

311 2952 532 3019 absque
569 2966 788 3006 munere
808 2952 1120 3023 complevit.

941 3042 1165 3098 CAPUT
1207 3043 1319 3097 XV.

312 3126 659 3203 Patriciacus
687 3131 920 3203 (Pressy)
948 3133 1021 3203 in
1070 3132 1398 3202 Burgundio.
1456 3130 1535 3183 Ibi
1570 3130 1802 3203 reliquie:
1835 3129 1893 3183 S.

1988 556 2091 610 iter
2125 552 2357 623 agendo,
2398 560 2707 607 sanctarum
2760 556 3009 603 vectores
3059 542 3407 613 reliquiarum
3436 540 3565 596 Clu-

1986 647 2200 700 niacum
2232 641 2541 697 coenobium
2596 642 2963 702 devenissent,
3001 636 3132 692 inibi
3164 645 3318 690 nocte
3345 634 3567 703 quieve-

1987 744 2133 791 runt.
2165 734 2222 788 ln
2272 731 2569 786 crastinum
2618 743 2751 783 vero
2794 727 2955 797 eaepti
3012 726 3225 781 itineris
3258 723 3449 779 callem
3474 738 3568 777 ca‘

1986 824 2154 895 pturi,
2181 837 2210 877 a
2242 820 2501 875 fratribus
2526 819 2765 890 ejusdem
2794 817 3026 873 eoenobii
3067 834 3187 873 cum
3220 831 3419 886 magno
3444 830 3570 884 pro-

1988 911 2252 969 cessionis
2281 917 2545 979 apparatu
2592 907 2929 962 ducebantur
2956 945 2972 972 ,
3002 916 3056 962 et
3085 922 3212 963 ecce
3243 907 3297 962 in
3326 908 3442 976 ipso
3471 909 3571 960 ba-

1990 1005 2161 1059 silica:
2211 1002 2399 1058 Sancti
2456 1001 2731 1056 Benedicti
2778 1015 3023 1070 egressu,
3066 1010 3188 1054 orta
3244 1014 3367 1054 cum
3407 1008 3570 1053 vento

1990 1094 2195 1165 pluvia,
2230 1108 2421 1149 cereos
2454 1094 2523 1146 ob
2555 1096 2818 1145 honorem
2860 1089 2953 1145 Dei
3017 1106 3082 1145 ac
3112 1098 3425 1145 sanctorum
3452 1089 3571 1158 ejus

1992 1202 2252 1242 accensos
2300 1185 2544 1240 funditus
2572 1183 2849 1238 exstinxit.
2890 1182 2995 1237 Sed
3023 1192 3313 1251 antequam
3359 1190 3573 1252 portam

1991 1281 2154 1335 castri
2190 1279 2360 1350 ipsius
2404 1276 2722 1334 monasterii
2750 1275 3165 1345 egrederentur,
3214 1283 3269 1329 et
3304 1274 3575 1329 serenitas

1994 1372 2173 1436 rediit,
2216 1380 2272 1426 et
2318 1372 2462 1427 cerei
2509 1370 2772 1425 divinitus
2820 1368 3117 1432 reaccensi,
3160 1366 3575 1437 inspicientibus

1993 1460 2228 1524 cunctis,
2254 1476 2352 1531 per
2407 1460 2624 1529 aliquod
2663 1459 2764 1514 via:
2802 1458 3037 1529 spatium
3087 1457 3253 1512 nullis
3287 1467 3572 1513 ventorum

1992 1553 2209 1609 ﬂatibus
2228 1554 2497 1623 exstingui
2521 1561 2833 1624 potuerunt.
2871 1550 3049 1606 Simili
3080 1550 3243 1606 modo
3274 1550 3424 1615 dum,
3446 1565 3546 1619 per
3566 1577 3580 1589 -

1995 1643 2132 1698 actis
2190 1660 2290 1713 pro
2325 1644 2521 1713 quibus
2560 1643 2757 1709 ierant,
2788 1650 3007 1696 sanctas
3037 1639 3293 1710 reliquias
3331 1657 3361 1693 a
3395 1640 3579 1695 taber-

1997 1731 2194 1786 naculo
2215 1732 2316 1786 sub
2344 1746 2453 1800 quo
2507 1739 2825 1785 manserant
2854 1728 3198 1794 extulissent,
3224 1728 3457 1784 lucerna:
3485 1744 3580 1784 ex-

1924 1836 1964 1894 B
1993 1820 2229 1884 stiuctaa,
2287 1819 2578 1889 divinaque
2627 1820 2827 1874 virtute
2874 1818 3208 1884 illuminalze,
3246 1818 3393 1873 nullo
3421 1835 3581 1873 aura-

1999 1928 2118 1966 rum
2178 1911 2474 1981 spiramine
2525 1910 2706 1965 lumen
2760 1911 3084 1976 amiserunt,
3130 1912 3303 1966 donec
3354 1926 3384 1965 a
3434 1921 3581 1965 terra

1998 2000 2184 2056 Sancti
2211 2001 2484 2056 Benedicti
2519 2010 2829 2057 sanctorum
2883 2001 3338 2073 progrederemur
3384 2003 3579 2074 pigno-

1998 2106 2078 2146 ra.
2135 2091 2305 2145 Erant
2355 2102 2559 2155 autem,
2602 2108 2723 2161 qua:
2760 2090 3078 2146 ferebantur
3106 2108 3227 2147 eum
3276 2094 3581 2163 patrocinio

1999 2183 2175 2238 sancti
2227 2182 2410 2237 Patris
2465 2183 2636 2238 nostri
2701 2183 2999 2250 Benedicti,
3050 2185 3298 2253 pretiosae
3346 2186 3583 2256 reliquiae

1999 2274 2437 2329 beatissimorum
2502 2273 2873 2329 eonfessorum
2928 2271 3179 2330 Eucherii
3226 2286 3282 2331 et
3332 2277 3580 2342 Verani,

2001 2378 2211 2419 necnon
2256 2364 2539 2435 Cypriani,
2593 2363 2831 2435 Sperati,
2879 2379 2942 2419 ac
2990 2362 3333 2420 i’autaleonis
3382 2377 3585 2437 marty-

2000 2470 2147 2509 rum.
2188 2454 2317 2521 Has,
2356 2456 2518 2510 sicuti
2558 2456 2728 2511 relatu
2760 2454 3037 2511 seniorum
3088 2466 3400 2512 nostrorum
3431 2474 3583 2513 com-

2002 2547 2260 2615 periums,
2315 2547 2536 2617 quidam
2589 2544 2880 2617 aliquando
2932 2546 3308 2618 Lugdunensis
3354 2551 3585 2606 antistes

2002 2634 2114 2705 (50)
2144 2635 2360 2689 cuidam
2387 2634 2656 2690 monacho
2709 2635 2871 2703 hujus
2922 2645 3123 2691 sancta:
3148 2639 3584 2707 congregationis

2000 2726 2307 2780 contulerat
2336 2728 2748 2782 retuuneranda:
2785 2726 3090 2781 sedulitatis
3119 2728 3313 2797 gratia.
3362 2730 3488 2799 quia
3517 2729 3584 2783 iis

2002 2816 2281 2872 beralibus
2306 2831 2428 2871 eum
2464 2818 2814 2873 instruxisset
2856 2817 3161 2874 litterarum
3192 2820 3408 2876 studiis.
3439 2822 3587 2890 Quas

2003 2906 2114 2971 ille,
2144 2917 2202 2962 ut
2238 2907 2503 2963 celebrior
2530 2910 2655 2964 inde
2680 2918 2822 2965 esset
2852 2909 3026 2979 locus,
3058 2910 3112 2967 in
3137 2913 3377 2984 ejusdem
3403 2915 3586 2973 Patri-

2001 2997 2167 3053 ciaca:
2190 2999 2326 3053 villa:
2352 3002 2591 3056 oratorio
2619 3003 2878 3057 condidit.

2590 3111 2817 3169 CAPUT
2853 3114 2991 3169 XVI.

383 3201 666 3254 Benedicti
692 3188 836 3255 ‘cum
868 3188 1021 3255 iuliis
1080 3188 1261 3255 conire
1318 3203 1640 3270 prardutores
1678 3188 1894 3253 'dclutw.
1926 3188 1968 3247 (ἶ
2005 3200 2193 3255 Mittam
2215 3213 2261 3255 et
2299 3202 2634 3271 blasphemus
2667 3204 2719 3257 in
2746 3202 2803 3259 S.
2831 3204 3168 3263 Benedictum
3217 3211 3413 3266 interit.
3446 3214 3580 3271 Duae

382 3271 546 3343 (ἐςνεί
570 3272 768 3324 cwlitus
804 3274 878 3325 bis
913 3274 1173 3326 νεωτεριηὲ
1202 3290 1221 3338 ;
1254 3274 1486 3343 reliquid:
1526 3277 1664 3325 datu'
1688 3274 1738 3323 in
1767 3286 1899 3339 prte-

382 3342 558 3393 mium
588 3343 858 3395 doctrinm.

384 3431 479 3484 55.
515 3429 852 3485 Patriciacus
907 3433 1104 3487 dicitur
1154 3433 1279 3488 vilia
1332 3434 1384 3487 in
1428 3430 1898 3504 Augustndonensi

317 3520 601 3573 territorio
631 3520 863 3590 regionis
893 3522 1215 3594 Bttrgnndice
1249 3525 1373 3579 sita.
1406 3522 1553 3577 lianc
1597 3523 1897 3586 Eehardus,

318 3625 507 3665 comes
535 3611 978 3683 Burgundionum
1036 3616 1351 3679 ditissimus,
1384 3616 1582 3670 Sancto
1608 3614 1901 3669 Benedicto

315 3710 375 3754 ct
408 3699 669 3754 fratribus
723 3700 1082 3759 Floriacensis
1119 3706 1351 3760 coenobii
1403 3706 1469 3759 ad
1519 3704 1901 3774 stipendiarios

318 3789 598 3859 quondam
653 3802 896 3861 sumptus
939 3794 1165 3863 benigna
1193 3795 1436 3863 largitate
1489 3794 1736 3848 contulit.
1786 3792 1902 3859 Quo

316 3882 588 3937 defuncto
633 3899 697 3937 ac
744 3885 795 3938 in
826 3884 1154 3941 Floriacensi
1193 3887 1523 3941 monasterio
1559 3884 1712 3953 juxta
1737 3885 1904 3940 eccle-

322 3974 466 4027 siam
498 3974 711 4029 Sancta-
748 3974 928 4030 Maria:
976 3977 1208 4047 sepulto,
1261 3978 1311 4031 in
1349 3986 1643 4031 memorata
1692 3992 1903 4045 posses-

322 4069 485 4121 sione
515 4067 711 4122 iratres
738 4070 1127 4126 habitationem
1159 4072 1259 4125 sibi
1307 4080 1652 4135 statuerunt;
1698 4070 1751 4124 in
1799 4085 1903 4139 qna

284 4150 297 4155 ’
322 4159 489 4213 etiam
521 4157 719 4213 delatis
746 4177 775 4214 a
802 4162 1049 4218 Floriaco
1092 4164 1262 4218 sancti
1296 4162 1468 4217 Patris
1514 4162 1788 4216 Benedicti
1824 4158 1906 4215 re?-

324 4251 529 4319 liquiis,
559 4251 784 4306 ecclesia
811 4254 860 4307 in
892 4255 1096 4308 honore
1147 4255 1237 4309 Dei
1288 4270 1352 4310 ac
1407 4254 1653 4324 gloriosa:
1685 4254 1906 4324 virginis

321 4341 532 4407 Mariae,
557 4343 825 4413 simulque
864 4348 1061 4417 egregii
1094 4347 1261 4416 ipsius
1304 4345 1633 4402 confessoris
1660 4357 1907 4401 constru-

320 4444 409 4489 cta
439 4445 545 4499 est,
576 4452 735 4505 quam
761 4439 1010 4493 Christus
1044 4440 1302 4495 Domimts
1333 4440 1542 4494 meritis
1571 4448 1773 4495 sancta:
1797 4454 1907 4493 sua:

2282 3272 2490 3342 [emitur
2513 3284 2773 3328 sanantur
2801 3293 2831 3328 a
2857 3288 3084 3347 quatuor
3109 3282 3319 3336 morbis.

2073 3362 2163 3417 57.
2204 3363 2512 3419 Bernartius
2556 3366 2797 3435 quidam,
2842 3368 3083 3438 ejusdem
3132 3369 3456 3442 Burgundia:
3504 3376 3589 3429 vir

2003 3452 2253 3518 itlustris,
2285 3453 2649 3523 dominusque
2698 3456 2861 3511 castri
2894 3460 3039 3527 quod
3068 3457 3215 3515 Uzon
3242 3457 3361 3533 [at.,
3388 3460 3584 3537 Vizonj

2004 3557 2246 3615 vocatur,
2281 3548 2606 3605 discordiam
2663 3550 2897 3607 habebat
2927 3569 3049 3609 eum
3080 3555 3312 3625 quodam
3340 3554 3441 3613 sibi
3473 3559 3589 3613 alii-

2006 3638 2176 3692 nitate
2226 3639 2550 3710 propinquo,
2602 3656 2708 3696 non
2761 3643 2991 3700 minoris
3033 3647 3312 3716 petentia},
3368 3650 3588 3707 nomine

2006 3726 2291 3784 Lctboldo.
2345 3728 2509 3797 Cujus
2572 3732 2945 3801 possessiones
3006 3736 3131 3789 dum
3192 3737 3590 3806 direptionibus

2006 3827 2268 3883 vastaret,
2298 3819 2461 3873 etiam
2486 3836 2551 3874 ex
2595 3820 2733 3875 villis
2759 3824 2824 3877 ad
2844 3823 2955 3891 jam
2994 3825 3194 3880 dictam
3225 3825 3589 3887 Patriciacum

2006 3910 2396 3965 monasterium
2445 3914 2847 3981 pertinentibus
2894 3924 3139 3971 armenta
3191 3916 3458 3975 abducere
3488 3937 3589 3976 cua

2005 4000 2179 4069 piens,
2212 4001 2473 4069 quosdam
2503 4018 2784 4058 servorum
2815 4004 2998 4060 Sancti
3024 4007 3297 4062 Benedicti
3323 4009 3589 4066 resistens

2007 4100 2089 4145 tes
2120 4092 2222 4145 sibi
2242 4093 2538 4148 interemit.
2569 4094 2796 4165 Propter
2841 4110 3003 4164 quam
3035 4114 3253 4153 causam
3284 4115 3447 4171 supra
3493 4119 3592 4158 noa

2008 4182 2247 4236 minatus
2300 4180 2595 4238 liotbertus
2625 4185 2949 4254 praepositus
3002 4202 3123 4241 eum
3170 4189 3377 4255 adiens,
3410 4191 3591 4246 immi~

2008 4272 2133 4327 liter
2167 4274 2423 4344 poscebat
2456 4283 2514 4327 ut
2546 4274 2789 4345 legaliter
2825 4285 3011 4331 sancto
3062 4278 3355 4335 Benedicto
3382 4298 3446 4337 ac
3473 4282 3592 4351 ejus

2010 4366 2294 4418 monachis
2315 4366 2631 4420 emendaret
2680 4366 2878 4421 malum
2901 4370 3045 4439 quod
3078 4381 3265 4425 contra
3300 4372 3448 4444 leges
3476 4390 3593 4430 ser-

2011 4454 2094 4509 vis
2122 4470 2310 4509 eorum
2343 4456 2698 4527 irrogaverat.
2738 4456 2830 4511 ille
2878 4460 3239 4516 contumacia:
3267 4462 3458 4532 plenus
3488 4465 3595 4534 spi-

320 4525 650 4591 Genitricis,
679 4541 886 4582 necnon
940 4530 1123 4583 dilecti
1172 4529 1355 4585 famuli
1384 4530 1465 4585 sui
1506 4529 1781 4584 Benedicti
1815 4546 1909 4584 saa-
1935 4534 1984 4593 D
2013 4544 2143 4609 τίω,
2176 4546 2227 4598 in
2260 4546 2373 4600 [me
2421 4525 2586 4600 γέτιω
2641 4548 2917 4618 respondi;
2949 4566 2963 4604 ε
3015 4550 3202 4618 Μίτυν,
3235 4525 3452 4610 agmine
3488 4525 3568 4611 ιίο
3589 4576 3614 4590 ,.

320 4618 551 4686 pissime
606 4621 884 4675 miraculis
940 4622 1205 4677 illustrem
1270 4624 1523 4679 reddidit.
1586 4624 1660 4676 De
1713 4622 1906 4692 quibus

318 4710 447 4779 quia
483 4711 652 4764 multa
682 4728 774 4781 per
796 4714 1046 4768 inertiam
1074 4713 1324 4769 oblivioni
1353 4715 1547 4770 tradita
1567 4722 1713 4778 sunt,
1738 4729 1907 4783 pauca

2011 4638 2206 4701 tberte,
2232 4645 2339 4691 tam
2371 4638 2672 4708 sapientem
2705 4640 2881 4694 virum
2938 4642 3005 4696 ad
3037 4651 3240 4699 tantam
3304 4646 3592 4703 stultitiam
3646 4646 3662 4704 ξ

2012 4725 2321 4781 devolutum
2349 4736 2405 4780 ut
2455 4744 2485 4781 a
2517 4744 2602 4783 me
2655 4730 3090 4785 emendationem
3125 4734 3202 4788 rei
3234 4734 3439 4804 exigas,
3473 4753 3597 4791 eum
3626 4715 3655 4773 γλ

320 4817 449 4870 quae
511 4801 741 4858 vilitatis
788 4814 991 4860 nostra}
1045 4806 1273 4876 attigere
1324 4806 1589 4872 notitiam,
1638 4805 1911 4859 memoriae
2012 4831 2098 4871 me
2128 4816 2299 4887 magis
2360 4830 2553 4888 rogare
2610 4820 2916 4889 oportuerit
2944 4837 3010 4876 ue
3047 4820 3229 4891 pejora
3261 4801 3596 4892 adjicerem;

322 4900 701 4959 posterorum,
728 4894 792 4947 ad
824 4894 1218 4963 omnipotentis
1246 4896 1338 4950 Dei
1368 4910 1430 4949 ac
1457 4903 1771 4948 sanctorum
1795 4893 1895 4964 ejus

2012 4917 2067 4962 et
2098 4906 2319 4975 adjecit,
2343 4908 2654 4975 Dominum,
2704 4912 2979 4981 inquiens,
3026 4915 3118 4984 qui
3148 4930 3234 4969 me
3264 4918 3411 4971 nasci
3450 4918 3601 4983 fecit,

322 4980 569 5073 laudem,
606 4983 817 5073 tradere
841 4983 1177 5040 curabimus.
1346 5032 1349 5033 ν
2016 5011 2185 5058 testor
2211 5018 2317 5067 me,
2348 5012 2638 5073 antequam
2668 4980 2980 5073 quindecim
3006 4980 3075 5060 ab
3104 5007 3209 5061 hoc
3227 5006 3314 5060 die
3341 4980 3604 5063 evolvan;

395 5069 489 5124 36.
532 5070 934 5128 Solmaricense
972 5075 1253 5142 praedium,
1308 5077 1420 5146 jam
1478 5079 1624 5136 dicto
1650 5078 1895 5134 Patricia

2016 5100 2106 5146 tur
2158 5090 2321 5157 soles,
2356 5093 2732 5161 experimento
2771 5092 3121 5160 probaturum
3156 5103 3336 5148 utrum
3380 5106 3608 5152 sanctus

324 5163 476 5194 hanc:
510 5163 753 5194 nmnniiLs
784 5164 1064 5194 ...Λυκίη-ιιι
1138 5169 1349 5194 η..;ΑΙ.....
1398 5184 1667 5194 νιΛκ-.--.σ-Μ
1721 5169 1909 5194 ...ηιιιζη
2015 5180 2053 5194 τε
