4108 5412
542 409 653 464 ειτ

1613 394 1873 453 ΑΙΜΟΙΝΙ
1912 391 2216 451 MONACHI
2255 387 2750 449 FLORIACENSIS

3709 384 3816 443 848

544 536 636 586 no,
666 533 730 575 ac
758 504 813 573 in
841 513 1153 573 Sanctorum
1173 510 1290 582 ejus
1319 509 1547 573 meritis,
1578 519 1629 564 te
1660 524 1760 564 nec
1791 508 1895 562 ista
1936 504 2124 575 iniple-
2156 511 2201 566 Α
2231 504 2445 573 signum
2492 503 2607 564 die,
2667 502 2826 557 tertio
2876 498 3124 555 videlicet
3177 497 3445 554 Kalendas
3483 495 3630 554 Junii
3650 541 3666 564 ,
3709 498 3813 552 alia

546 624 752 676 turum,
785 625 887 666 nec
933 607 1287 665 constitutum
1336 619 1364 657 a
1407 612 1459 657 te
1509 602 1801 656 terminum
1834 606 2001 654 temet
2048 596 2130 650 vi-

542 703 721 758 vendo
762 690 1139 757 excessurum.
1179 694 1293 749 Hoc
1333 693 1536 748 dictum
1577 691 1654 746 rei
1687 690 1889 745 veritas
1935 688 2125 743 subse-

545 803 669 849 cuta
692 801 797 848 est.
826 790 1069 859 Denique
1095 785 1356 858 praedicto
1376 785 1495 838 viro
1541 781 1837 837 venerabili
1868 780 2128 834 Rotberto

545 886 614 942 ad
643 882 1034 941 monasterium
1059 892 1326 951 regresso,
1358 885 1650 946 antequam
1677 872 1946 943 przefinita
1989 885 2128 941 prae-

543 976 784 1032 teriisset
827 973 976 1039 dies,
1032 970 1293 1042 praefatus
1341 966 1652 1023 Bernardus
1700 964 1769 1021 ab
1810 964 1971 1019 obvio
2022 962 2123 1018 sibi

541 1070 701 1127 hoste
729 1066 1043 1140 praescripto
1088 1062 1348 1121 Letboldo
1392 1061 1577 1116 lancea
1605 1058 1853 1114 conﬁxus
1894 1056 2122 1123 interiit,

543 1161 827 1219 subiturus
846 1174 945 1230 pro
973 1166 1125 1214 certo
1167 1154 1295 1211 illud
1325 1153 1595 1208 diutinum
1626 1164 1749 1205 cum
1780 1149 1905 1218 igne
1948 1159 2127 1204 certa-

544 1271 693 1322 men,
721 1253 864 1326 quod
888 1250 1320 1321 falsojuraverat
1350 1263 1408 1303 se
1442 1254 1631 1301 sancto
1660 1242 1954 1299 Benedicto
1975 1242 2124 1298 brevi

545 1358 788 1419 tempore
821 1347 1119 1403 illaturum.

612 1437 702 1497 38.
741 1435 1089 1506 Adjiciantur
1139 1432 1266 1487 huic
1296 1429 1547 1485 vindicta:
1602 1427 1845 1498 prodigio
1891 1433 2128 1495 quatuor

543 1527 836 1583 sanitatum
891 1524 1125 1597 insignia
1178 1523 1386 1578 duabus
1440 1529 1649 1575 tantum
1697 1519 1916 1574 feminei
1965 1533 2127 1573 sexus

539 1616 811 1687 personis,
832 1631 861 1669 a
882 1613 1102 1671 Christo
1121 1608 1316 1668 collata
1348 1611 1403 1665 in
1423 1611 1614 1666 eodem
1662 1608 1997 1664 monasterio
2022 1607 2129 1663 Pa-

541 1709 768 1764 triciaco
794 1721 892 1777 per
912 1707 1106 1762 merita
1143 1713 1349 1761 sanctae
1387 1718 1498 1760 suae
1524 1702 1819 1759 Genitricis
1845 1716 1912 1756 ac
1939 1699 2125 1771 inclyti

541 1801 876 1858 confessoris
922 1799 1225 1863 Benedicti,
1278 1797 1641 1867 aliorumque,
1669 1810 1899 1870 quorum
1931 1794 2005 1851 ibi
2032 1796 2126 1849 ba-

540 1892 740 1948 bentur
771 1891 1099 1963 patrocinia,
1123 1898 1458 1946 sanctorum.

1118 2007 1200 2063 CA
1210 2004 1345 2063 PUT
1381 2004 1539 2061 XVII.

974 2097 1124 2152 Muta
1159 2107 1206 2153 et
1237 2096 1428 2151 clauda
1459 2106 1700 2151 sanatur.

609 2193 699 2249 59.
742 2190 931 2246 Mulier
957 2191 1224 2260 quaedam,
1268 2186 1485 2243 Adelais
1526 2185 1804 2253 vocabulo,
1836 2187 2031 2259 lingua:
2064 2202 2128 2242 ac

539 2284 735 2355 pedum
778 2281 986 2352 privata
1032 2280 1230 2344 ofﬁcio,
1261 2279 1329 2334 ad
1372 2290 1729 2334 memoratum
1769 2281 1914 2335 venit
1947 2295 2129 2335 caeno-

538 2376 688 2431 bium
718 2374 969 2429 manibus
999 2371 1279 2442 reptando.
1324 2369 1449 2425 Haec
1478 2384 1589 2440 pra:
1624 2369 1831 2426 foribus
1859 2381 2129 2426 monaste-

543 2467 607 2522 rii
648 2481 745 2538 per
780 2463 1169 2535 aliquantulum
1206 2462 1479 2518 decubans
1519 2462 1774 2532 temporis
1810 2462 2067 2532 spatium,
2096 2478 2126 2516 a

543 2557 800 2612 fratribus
826 2555 1042 2626 quidem
1079 2564 1209 2609 nutu
1254 2568 1510 2608 manuum
1549 2553 1764 2624 petebat
1800 2553 1922 2609 vita:
1954 2554 2130 2609 subsi-

541 2647 709 2713 dium,
733 2663 762 2701 a
784 2646 988 2702 sanctis
1011 2654 1188 2700 autem
1214 2657 1343 2699 voce
1365 2644 1546 2699 cordis
1569 2644 1819 2700 sanitatis
1844 2646 2121 2701 attxilium.

541 2741 785 2810 Quadam
829 2739 1013 2808 itaque
1052 2737 1158 2803 die,
1192 2737 1351 2792 tertia
1389 2735 1636 2792 videlicet
1671 2736 1808 2793 feria
1845 2747 1971 2792 ante
2005 2752 2131 2793 sau-

541 2843 682 2889 ctam
705 2832 1087 2895 Pentecosten,
1119 2829 1271 2898 cujus
1294 2829 1411 2900 ipso
1440 2843 1582 2883 anno
1605 2826 1717 2901 (5|)
1747 2827 2013 2884 festivitas
2032 2844 2128 2884 xm

536 2922 810 2980 Kalendas
854 2921 996 2978 Junii
1045 2920 1245 2987 evenit,
1282 2919 1506 2975 medela:
1550 2935 1661 2975 suae
1704 2919 1894 2975 horam
1943 2919 2131 2975 adesse

541 3015 837 3087 persensit;
879 3014 1210 3082 veniensque
1252 3020 1378 3066 ante
1420 3010 1726 3075 ecclesiam,
1763 3009 1977 3065 indiciis
2012 3009 2132 3080 qui-

539 3108 642 3163 bus
668 3115 904 3177 poterat,
938 3105 1139 3176 aperiri
1167 3104 1268 3159 sibi
1306 3104 1590 3158 introitum
1618 3102 1965 3173 exposcebat.
2014 3102 2132 3169 Quo

541 3198 833 3268 impetrato
857 3210 954 3265 per
979 3205 1177 3250 terram
1208 3208 1266 3249 se
1297 3193 1519 3249 trahens
1545 3193 1845 3248 oratorium
1888 3193 2129 3256 intravit,
2160 3212 2204 3274 ο

542 3298 598 3343 et
640 3302 822 3343 coram
860 3286 1030 3340 altare
1068 3294 1270 3342 sancta:
1314 3300 1379 3341 ac
1421 3283 1709 3340 individua:
1743 3283 2027 3339 Trinitatis
2075 3283 2129 3338 in

543 3382 660 3451 ipso
690 3378 935 3446 ingressu
968 3377 1142 3448 posito
1176 3376 1355 3432 subito
1390 3376 1650 3440 substitit,
1684 3389 1747 3430 ac
1776 3389 1836 3430 se
1870 3375 2130 3445 paulatim

542 3472 612 3525 ab
661 3470 828 3526 humo
878 3468 1162 3524 sustollere
1212 3468 1395 3538 coepit.
1444 3465 1581 3535 Quid
1627 3466 1872 3537 pluribus
1917 3467 2133 3522 morer?

543 3565 686 3623 intra
709 3561 874 3619 breve
895 3571 1226 3617 momentum
1252 3560 1481 3631 pleniter
1507 3569 1711 3627 erecta,
1736 3559 1903 3615 rectis
1927 3561 2131 3630 gressi-

544 3664 646 3714 bus
689 3659 756 3713 ad
804 3656 975 3713 altare
1021 3654 1235 3712 Sancta:
1271 3653 1364 3708 Dei
1415 3652 1694 3726 genitricis
1740 3651 1923 3707 Mariae
1971 3662 2133 3724 atque

543 3749 871 3807 confessoris
898 3747 1099 3805 Christi
1128 3746 1404 3803 Benedicti
1429 3760 1737 3817 progressa,
1766 3746 1876 3821 acsi
1914 3746 1968 3801 in
2009 3763 2132 3802 ora-

544 3845 690 3898 tione
739 3839 1136 3913 prosternitur;
1191 3838 1422 3909 indeque
1467 3845 1588 3907 post
1634 3836 1909 3908 paululum
1939 3853 1997 3893 se
2026 3840 2133 3893 eri-

544 3946 698 4002 gens,
729 3929 888 3987 elatis
917 3929 971 3985 in
1000 3929 1169 3983 altum
1200 3928 1449 3983 manibus
1475 3927 1530 3983 in
1558 3927 1699 3984 hanc
1729 3941 1915 3983 vocem
1944 3943 2133 3999 proru-

540 4022 663 4093 pit:
693 4020 934 4089 Gratias,
978 4020 1172 4092 inquit,
1211 4033 1313 4090 ago
1358 4017 1477 4084 tibi,
1514 4017 1738 4073 Domina
1788 4033 1930 4084 mea,
1976 4018 2134 4090 virgi-

542 4129 674 4169 num
696 4112 903 4185 ltegina
930 4120 1117 4168 sancta
1145 4110 1334 4175 Maria,
1364 4109 1592 4180 tibique,
1615 4117 1803 4166 sancte
1826 4109 2129 4175 Benedicte,

543 4218 774 4274 quorum
802 4203 1120 4259 interventu
1145 4202 1489 4273 omnipotens
1518 4200 1660 4257 Deus
1694 4201 1829 4256 mihi
1864 4216 2044 4257 curvae
2068 4217 2132 4257 ac

543 4303 709 4350 muta:
754 4293 1136 4349 rectitudinem
1187 4294 1554 4349 membrorum
1597 4291 1828 4348 contulit
1854 4300 1909 4347 ct
1949 4292 2132 4364 loque-

544 4385 675 4441 lam.
723 4386 835 4442 Nec
874 4386 1056 4449 vobis,
1111 4386 1283 4441 sancti
1330 4385 1422 4440 Dei
1467 4384 1701 4440 Eucheri
1757 4392 1812 4439 et
1859 4384 2130 4453 Veranne,

546 4477 784 4557 minores
837 4475 1088 4546 persolvo
1135 4475 1429 4547 gratiarum
1485 4475 1754 4538 actiones,
1810 4488 1945 4545 quos
1990 4490 2133 4545 szrpe

546 4554 798 4621 exaratos
830 4581 961 4621 mea:
994 4581 1098 4621 non
1126 4564 1306 4649 diﬂido
1337 4564 1615 4634 adjutores
1643 4565 1811 4621 fuisse
1833 4565 2041 4620 salutis.
2073 4566 2130 4621 In
2162 4554 2209 4612 D

548 4658 634 4714 bis
666 4659 886 4714 vocibus
915 4668 1078 4715 totam
1110 4674 1247 4730 pene
1278 4659 1458 4730 exegit
1487 4667 1721 4714 noctem.
1767 4660 2041 4729 Agebatur
2066 4673 2137 4715 eo

548 4749 635 4805 die
657 4748 929 4805 festivitas
971 4749 1109 4804 beati
1154 4749 1384 4805 Romani
1418 4750 1533 4821 (52)
1570 4749 1774 4805 alumni
1806 4749 2130 4808 sanctissimi

546 4837 726 4894 Patris
759 4839 931 4895 nostri
974 4838 1271 4906 Benedicti,
1304 4847 1360 4894 et
1393 4838 1587 4894 fratres
1615 4839 1996 4909 completorios
2026 4841 2132 4896 Deo

548 4928 829 4986 solvebant
877 4932 1132 5001 hymnos;
1178 4929 1270 5000 qui
1312 4929 1569 4985 continuo
1608 4930 1929 4986 sonantibus
1964 4929 2133 5001 signis

549 5020 737 5078 laudes
780 5020 892 5076 Deo
936 5020 1147 5076 alacres
1181 5035 1281 5091 pro
1324 5029 1542 5076 ostenso
1578 5020 1930 5076 reddiderunt
1970 5021 2130 5076 mira-

553 5110 690 5166 culo.

2154 1867 2200 1926 B

2231 595 2360 650 inibi
2410 592 2637 649 deducta
2678 604 2759 646 est
2811 590 3025 647 mulier.
3073 590 3209 646 lluic
3257 590 3558 645 Alexandra
3614 604 3816 644 nomen

2228 695 2369 751 erat,
2406 702 2527 756 qua:
2567 685 2883 754 gestatorio,
2909 697 3016 752 quo
3061 682 3265 752 lapides
3309 680 3438 735 ferri
3487 695 3605 735 mos
3644 689 3751 743 est,
3786 697 3819 734 a

2229 777 2437 833 duobus
2479 776 2606 830 viris
2636 778 2883 841 advecta,
2917 774 2969 828 in
3002 771 3284 828 basilicam
3319 785 3380 827 se
3420 770 3689 825 introduci
3726 760 3847 822 ro?

2228 868 2393 937 gavit.
2442 864 2571 933 Quae
2618 866 2668 920 in
2721 865 2911 920 eodem
2960 878 3069 933 quo
3114 874 3168 918 et
3215 863 3363 930 prior
3411 871 3596 915 erecta
3643 859 3821 914 fuerat

2229 959 2379 1025 loco,
2440 958 2506 1013 ad
2553 958 2854 1013 orationem
2906 971 2965 1012 se
3018 954 3313 1018 inclinans,
3366 961 3490 1023 post
3539 952 3817 1007 modicum

2228 1052 2559 1131 pedetentim
2601 1051 2809 1121 erigere
2837 1064 2958 1106 sese
2982 1049 3166 1118 coepit.
3210 1046 3374 1116 Cujus
3409 1055 3666 1103 conatum
3711 1046 3818 1099 fra-

2232 1154 2361 1208 tres,
2392 1144 2482 1214 qui
2519 1144 2586 1197 ad
2623 1151 2730 1198 tam
2774 1143 3081 1197 mirandum
3132 1149 3498 1198 convenerant
3532 1150 3819 1210 spectacu-

2225 1234 2360 1302 lum,
2386 1233 2580 1304 juvare
2623 1234 2927 1304 cupientes,
2961 1234 3100 1289 inter
3145 1247 3338 1288 manus
3387 1247 3506 1288 eam
3553 1221 3818 1285 elevando

2230 1331 2627 1387 sustentabant.
2663 1330 2778 1401 Ipsa
2810 1345 3023 1401 quoque
3050 1330 3196 1385 circa
3223 1330 3412 1385 horam
3442 1325 3550 1383 diei
3575 1326 3818 1387 tertfam,

2229 1422 2284 1476 in
2334 1438 2442 1492 qua
2493 1423 2671 1477 delata
2717 1424 2923 1489 fuerat,
2964 1423 3136 1493 plente
3183 1421 3378 1478 donata
3427 1419 3686 1484 sanitati,
3726 1434 3824 1489 per

2228 1513 2434 1584 aliquot
2462 1529 2675 1571 menses
2705 1514 2758 1569 in
2791 1515 3014 1570 servitio
3041 1515 3289 1571 ecclesiae
3316 1513 3637 1585 permansit.

2297 1608 2387 1662 41.
2427 1607 2702 1665 Postulata
2732 1618 2913 1666 autem
2947 1620 3110 1681 atque
3146 1610 3433 1679 impetrata
3470 1624 3498 1662 a
3526 1608 3640 1679 jam
3673 1607 3821 1660 dicto

2227 1702 2345 1774 ejus
2395 1703 2499 1758 loci
2548 1705 2837 1775 praeposito
2884 1705 3147 1761 Rotberto
3189 1702 3711 1769 licentiaredenudi
3753 1701 3820 1753 ad

2228 1807 2348 1858 sua,
2380 1791 2621 1861 pollicita
2655 1803 2737 1848 est
2766 1809 2823 1848 se
2850 1794 2916 1848 ad
2964 1794 3270 1849 inchoatum
3309 1808 3651 1849 reversuram
3695 1807 3819 1846 sano

2231 1884 2420 1940 ctuarii
2467 1884 2820 1956 obsequimu;
2861 1886 2956 1941 scd
2999 1887 3127 1941 dum
3173 1900 3354 1941 moras
3392 1885 3458 1939 ad
3506 1883 3821 1953 regredien-

2229 1977 2354 2031 dum
2422 1976 2754 2042 inncctcret,
2820 1977 3109 2048 pristinum
3177 1976 3488 2047 languorem
3562 1973 3819 2029 incurrit.

2230 2068 2615 2124 Verumtamen
2647 2070 2774 2124 dum
2823 2078 3084 2138 qumreret
3123 2068 3220 2138 qui.
3263 2083 3321 2123 se
3363 2067 3429 2122 ad
3479 2083 3592 2122 sure
3628 2065 3823 2120 salutis

2228 2158 2403 2213 locum
2453 2158 2795 2223 reveherent,
2831 2173 2931 2213 nec
2968 2157 3256 2223 inveniret,
3292 2157 3457 2227 cmpit
3505 2155 3721 2209 anxiari
3766 2161 3823 2207 et

2228 2260 2420 2305 mmsta
2462 2265 2602 2306 esse.
2636 2249 2873 2305 Tandem
2923 2250 3218 2305 necessitas
3266 2248 3550 2304 consilium
3591 2247 3820 2317 reperit,

2229 2351 2288 2397 ut
2319 2342 2430 2397 Deo
2463 2358 2528 2397 ac
2563 2351 2754 2397 sancto
2784 2341 3073 2397 Benedicto
3105 2348 3344 2406 voveret,
3369 2339 3412 2393 si
3439 2340 3590 2393 salus
3619 2337 3819 2393 collata

2229 2431 2329 2488 sibi
2384 2430 2788 2495 restitueretur,
2831 2442 2889 2485 ut
2938 2430 3003 2485 ad
3041 2429 3153 2497 jam
3219 2428 3553 2482 nominatum
3608 2424 3824 2481 valeret

2231 2524 2446 2595 regredi
2476 2524 2886 2589 monasterium,
2931 2537 2990 2578 se
3028 2522 3278 2592 deinceps
3312 2521 3434 2575 inde
3471 2533 3818 2589 nequaquam

2231 2629 2595 2671 recessuram.
2623 2613 2818 2669 Statim
2851 2613 3015 2684 igitur
3043 2621 3102 2666 ut
3145 2612 3250 2667 hoc
3277 2611 3442 2676 vovit,
3472 2610 3822 2664 firmissimas

2232 2706 2285 2761 in
2317 2720 2381 2760 eo
2410 2720 2519 2775 quo
2548 2705 2817 2760 residebat
2844 2705 2964 2759 loco
2992 2701 3303 2758 ambulandi
3335 2701 3478 2755 vires
3507 2714 3822 2765 resumens,

2232 2797 2528 2869 pOSIposita
2576 2794 2723 2852 omni
2770 2809 3047 2851 morarum
3092 2792 3400 2857 occasione,
3439 2793 3505 2845 ad
3549 2789 3823 2844 Patricia-

2231 2903 2355 2943 cum
2403 2888 2574 2942 sancti
2621 2885 2897 2942 Benedicti
2940 2884 3270 2948 cmnobium,
3304 2882 3395 2936 ubi
3438 2888 3631 2935 sanata
3668 2879 3822 2950 prius

2232 2980 2428 3044 fuerat,
2458 2995 2669 3034 reversa
2696 2988 2800 3032 est.
2836 2976 3082 3047 Cumque
3104 2985 3297 3033 cuncta
3321 2989 3439 3045 qum
3466 2974 3612 3029 circa
3641 2973 3817 3043 ipsam

2233 3080 2354 3126 acta
2406 3069 2623 3125 fuerant
2670 3067 2931 3123 fratribus
2989 3065 3245 3130 referret,
3298 3063 3699 3134 sponderetque
3760 3077 3819 3116 se

2235 3165 2362 3219 inde
2406 3161 2638 3231 amplius
2681 3175 2786 3213 non
2828 3157 3216 3220 discessuram,
3248 3157 3299 3210 in
3335 3167 3622 3211 commune
3655 3154 3821 3207 bene-

2234 3253 2486 3308 dixerunt
2517 3248 2825 3313 Dominum,
2859 3246 3228 3316 famulumque
3257 3245 3373 3316 ejus
3410 3244 3817 3299 sanctissimum

2232 3343 2447 3399 Patrem
2497 3348 2745 3396 nostrum
2793 3337 3167 3403 Benedictum,
3197 3336 3401 3406 gratias
3445 3342 3669 3405 agentes
3719 3332 3816 3397 illi,

2233 3434 2325 3504 qui
2355 3431 2602 3490 servulos
2626 3444 2772 3496 suos,
2798 3418 2936 3500 quos
2959 3427 3101 3484 forte
3127 3426 3375 3484 absentia
3403 3424 3545 3481 sacri
3570 3425 3816 3495 corporis

2233 3523 2348 3594 ejus
2375 3521 2726 3579 mmstifieare
2752 3526 2989 3592 poterat,
3019 3516 3249 3590 spiritaii
3287 3516 3596 3572 visitatione
3624 3515 3817 3587 dignos

2234 3614 2480 3672 ducendo
2520 3611 2797 3668 miraculis
2843 3609 3168 3667 laetificaret.
3203 3608 3272 3664 Et
3309 3619 3377 3663 ne
3415 3620 3520 3677 qua
3549 3605 3816 3661 dubitatio

2233 3709 2300 3766 de
2320 3705 2577 3779 praestitis
2599 3704 2928 3761 mirabilium
2948 3701 3227 3759 beneﬂciis
3254 3707 3583 3767 remaneret,
3607 3698 3815 3755 vicinos

2234 3800 2515 3856 ambarum
2572 3796 2859 3866 mulierum
2911 3793 3141 3851 sollicite
3196 3790 3529 3865 perscrutari
3589 3804 3815 3845 curave-

2234 3900 2389 3959 runt;
2422 3890 2690 3960 hospitem
2719 3889 2880 3944 etiam
2923 3884 3042 3957 ejus
3067 3901 3188 3957 qua:
3214 3885 3364 3956 prius
3389 3891 3579 3940 sanata
3611 3881 3815 3949 fuerat,

2236 3989 2631 4055 interrogantes
2658 3989 2841 4037 utrum
2884 3995 3006 4035 eam
3051 3976 3340 4049 aliquando
3374 3976 3690 4048 loquentem
3725 3982 3816 4030 aut

2237 4075 2602 4134 ambulantem
2654 4080 2800 4129 recte
2838 4070 3089 4136 vidisset,
3141 4078 3251 4125 tam
3298 4067 3368 4124 ab
3410 4067 3529 4139 ipso
3570 4080 3738 4137 quam
3782 4080 3813 4118 a

2232 4170 2458 4241 reliquis
2504 4167 2596 4239 qui
2639 4177 2899 4236 utrasque
2944 4170 3233 4229 noverant,
3277 4174 3403 4217 vere
3447 4173 3540 4214 eas
3582 4156 3815 4219 debiles,

2233 4274 2359 4318 vere
2385 4275 2418 4315 a
2442 4258 2658 4314 Christo
2688 4255 2898 4311 meritis
2927 4263 3129 4311 saneta:
3172 4266 3283 4308 sua:
3320 4246 3615 4306 Genitricis
3641 4261 3709 4303 ac
3735 4246 3816 4300 di-

2232 4352 2356 4409 lecti
2387 4349 2470 4406 sui
2499 4348 2773 4405 Benedicti
2803 4346 2971 4403 fuisse
2996 4352 3218 4401 sanatas
3245 4341 3567 4397 didicerunt.

2816 4459 3043 4517 CAPUT
3083 4457 3225 4513 XIX.

2373 4532 2441 4588 In
2469 4535 2600 4603 festo
2628 4531 2988 4587 translationis
3018 4529 3313 4585 incendium
3346 4526 3677 4583 restinctum.

2302 4627 2393 4682 42.
2430 4627 2694 4699 Migrante
2724 4628 2791 4681 ad
2822 4640 3046 4695 superos
3075 4640 3140 4680 eo
3168 4640 3274 4695 quo
3302 4621 3549 4692 superius
3581 4620 3812 4676 relatum

2233 4728 2315 4776 est
2344 4718 2533 4775 ordine
2564 4715 2860 4772 venerabili
2902 4716 3063 4772 Patre
3096 4725 3277 4771 nostro
3301 4714 3547 4777 Abhone,
3574 4727 3607 4767 e
3651 4703 3816 4767 vesti-

2233 4812 2321 4885 gio
2364 4811 2608 4882 quaedam
2654 4809 2894 4864 adversm
2942 4823 3048 4871 res,
3084 4808 3318 4862 maxime
3357 4805 3514 4861 nobis
3556 4806 3653 4875 qui
3699 4805 3819 4874 ejus

2233 4902 2492 4972 obsequio
2534 4900 2957 4963 adhaeseramns,
2985 4912 3238 4952 evenere.
3266 4897 3337 4952 At
3379 4896 3604 4966 reliquis
3634 4898 3818 4967 negle-

2234 4994 2337 5049 ctis
2377 4991 2655 5056 aerumnis,
2688 5006 2846 5044 unam
2878 4991 3150 5046 mentorize
3178 4990 3458 5045 'mandare
3501 5005 3611 5043 non
3653 5004 3819 5058 grave

2237 5088 2481 5143 videatur
2510 5085 2881 5151 audientibus;
2919 5099 3038 5154 qua:
3070 5098 3207 5152 pene
3246 5080 3570 5137 intolerabili
3598 5082 3705 5136 hoc
3735 5096 3820 5136 sa-
