4108 5412
282 183 388 242 819

1005 186 1089 240 Ι)Ρῖ
1132 183 1504 241 MIRACULIS
1569 183 1626 238 S.
1684 177 2041 236 BENEDICTI
2082 177 2260 233 LIBRI
2297 175 2455 232 [ΠΕΟ.
2497 205 2568 241 _-—
2609 174 2737 230 LIB.
2779 173 2842 228 ll.

3445 167 3550 228 8‘30

285 311 398 356 tum
443 311 526 356 est
573 316 732 372 quam
780 309 969 371 potens
1018 299 1104 353 hic
1151 299 1397 369 egregius
1436 298 1541 350 dux
1582 306 1766 349 noster
1805 310 1868 346 ac
1895 294 1941 351 Α
1972 290 2123 356 Quod
2155 289 2242 344 ille
2274 290 2448 344 fucata
2482 305 2611 343 usus
2641 287 2816 351 laude,
2848 286 2915 341 de
2948 283 3180 355 quodam
3211 291 3551 343 terrenarum

280 408 506 464 seinper'
538 392 897 446 nominandus
927 391 1249 446 Benedictus
1291 391 1343 444 in
1381 390 1588 445 duobus
1631 389 1857 459 singula-

281 486 378 540 tim
418 483 692 539 exstiterit
727 483 1025 548 elementis,
1063 499 1203 555 aqua
1250 483 1498 537 videlicet
1541 493 1595 538 et
1635 483 1773 552 igne,
1808 482 1860 536 in

279 575 384 630 hoc
423 573 713 629 manifeste
761 573 1033 644 apparebit
1081 583 1342 643 quantum
1386 574 1437 627 in
1487 574 1731 643 utrisque
1775 590 1864 627 va-

279 666 444 720 luerit
480 679 590 719 uno
631 665 928 734 eodemque
959 673 1218 734 tempore,
1251 674 1326 731 et,
1360 673 1417 719 ut
1454 667 1632 720 verius
1671 665 1860 729 fatear,

282 756 546 825 temporis
573 764 868 809 momento.

349 870 443 923 43.
482 869 722 925 Celebris
768 879 952 924 nostro
999 870 1116 924 orbi
1171 869 1425 926 illuxerat
1470 871 1586 926 dies
1635 870 1866 925 transla-

281 963 449 1018 tionis
484 963 652 1034 ipsius
696 964 890 1018 summi
920 964 1273 1026 confessoris,
1305 980 1424 1033 qua:
1455 964 1641 1034 quinto
1675 963 1862 1019 Iduum

279 1056 548 1111 Iuliarum
615 1072 854 1112 annuum
913 1057 1068 1111 nobis
1132 1069 1520 1126 repraesentare
1585 1057 1864 1112 consuevit

279 1148 708 1218 delectabileque
737 1149 951 1203 festum.
985 1149 1228 1218 Cumque
1272 1158 1379 1204 tota
1413 1148 1715 1221 vigiliarum
1757 1164 1860 1203 nox

279 1257 404 1296 curn
426 1242 792 1311 subsequente
819 1241 905 1297 die
926 1240 978 1295 in
1005 1241 1250 1297 laudibus
1274 1241 1383 1297 Deo
1409 1242 1604 1296 debitis
1627 1256 1863 1312 congrue

278 1333 474 1388 fuisset
517 1348 756 1402 expensa
803 1333 873 1388 ob
921 1333 1054 1387 tanti
1100 1334 1439 1390 devotionem
1482 1332 1696 1398 Patris,
1743 1342 1864 1404 post

279 1423 520 1478 debitam
555 1424 904 1480 refectionem
936 1425 1402 1496 vespertinaleque
1432 1425 1687 1493 officium,
1730 1426 1861 1480 hora

275 1513 479 1582 quietis
520 1514 737 1570 advenit
757 1554 773 1579 ,
807 1524 861 1569 ct
892 1515 1233 1586 cupientibus
1273 1516 1426 1573 nobis
1454 1515 1639 1572 oculos
1671 1516 1862 1572 diurno

277 1600 448 1656 furari
471 1601 667 1670 labori,
689 1619 931 1659 erronem
951 1605 1158 1676 antiqui
1193 1605 1362 1662 hostis
1385 1606 1606 1662 adfuere
1630 1607 1857 1662 insidim.
1892 1634 1946 1696 Β

277 1693 526 1766 Namque
579 1696 696 1764 ejus
758 1699 1012 1754 instinctu
1068 1700 1290 1770 quidam
1344 1715 1613 1771 perversa:
1669 1701 1862 1756 mentis

276 1785 554 1852 homines,
597 1787 979 1856 latrocinandi,
1011 1799 1069 1846 ut
1107 1791 1324 1861 quidam
1364 1792 1624 1858 referunt,
1657 1792 1867 1863 cupidi-

277 1885 410 1940 tate,
445 1877 624 1948 igncm
655 1878 965 1937 forensibus
994 1881 1299 1952 imposuere
1330 1884 1607 1950 domibus;
1644 1894 1703 1940 ut
1737 1900 1865 1940 vero

277 1969 367 2024 alii
408 1978 676 2035 latentur,
704 1972 938 2027 casualis
978 1973 1182 2030 eisdem
1216 1975 1422 2030 aedibus
1453 1975 1671 2046 irrepsit
1701 1976 1862 2048 ignis.

274 2064 392 2128 Qua
419 2063 486 2116 de
513 2078 700 2128 causa,
727 2063 964 2120 excitato
993 2065 1222 2120 tumultu
1251 2064 1449 2121 fratres
1477 2067 1863 2140 expcrgefacti,

277 2157 343 2207 ad
379 2155 809 2226 exatinguendas
853 2171 1076 2212 voraces
1115 2158 1350 2213 incendii
1393 2158 1638 2215 ﬂammas
1672 2173 1868 2230 prope-

279 2257 501 2310 rarunt,
547 2249 920 2317 subductaque
954 2250 1208 2318 primum,
1239 2265 1450 2320 quaqua
1492 2249 1866 2320 opportunitas

277 2351 396 2391 sese
425 2338 646 2404 obtulit,
678 2339 823 2394 ornni
872 2348 1064 2393 ornatu
1110 2340 1366 2408 basilicae,
1396 2343 1488 2412 qui
1521 2357 1626 2397 non
1668 2343 1861 2408 minor,

277 2429 386 2482 imo
414 2444 514 2501 per
543 2431 722 2486 omnia
761 2432 932 2502 major
971 2448 1132 2502 quam
1176 2433 1227 2487 in
1275 2434 1442 2503 priori
1479 2434 1748 2502 incendio,
1788 2434 1866 2488 iu-

276 2525 484 2579 teriora
546 2525 731 2596 templi
789 2527 1135 2591 venustabat;
1198 2528 1265 2582 ad
1314 2527 1424 2597 jam
1471 2529 1671 2584 dictum
1733 2544 1867 2599 epus

275 2617 568 2671 unanimes
623 2627 936 2680 vertuntur;
989 2620 1082 2674 sed
1134 2619 1346 2674 illorum
1395 2621 1552 2676 labor
1595 2620 1865 2676 incassum

276 2708 528 2762 cedebat.
568 2707 623 2761 ln
669 2709 948 2777 superiora
1004 2726 1235 2780 namque
1284 2727 1343 2767 se
1388 2728 1645 2766 aurarum
1693 2712 1866 2782 spira-

276 2798 426 2852 mine
458 2799 601 2869 iguis
644 2799 914 2864 attollens,
948 2803 1237 2871 coquinum
1278 2803 1599 2859 xeuodochii
1647 2813 1868 2874 repente

275 2889 578 2960 corripuit,
623 2905 745 2960 quae
790 2890 927 2946 aula:
975 2901 1177 2947 Sanctae
1223 2893 1316 2949 Dei
1365 2893 1646 2964 genitricis
1687 2894 1868 2948 Maria:

273 2981 456 3035 vicina
519 2989 670 3047 erat,
733 2983 784 3036 in
836 2999 940 3054 qua
996 2985 1264 3055 pretiosus
1325 2985 1605 3041 confessor
1655 2986 1939 3068 Dominic

273 3073 607 3128 Benedicms
665 3075 911 3144 quiescit.
978 3075 1114 3130 Tum
1171 3086 1348 3132 metus
1405 3079 1592 3148 ingens
1645 3086 1868 3132 cunctos

275 3160 498 3228 habuit,
561 3173 811 3220 verentes
859 3164 976 3232 ejus
1037 3167 1167 3221 aedis
1222 3168 1508 3222 occasione
1562 3168 1868 3222 venerabile

275 3258 495 3312 cunctis
530 3258 815 3314 Dominum
858 3263 1172 3317 timentibus
1209 3272 1457 3317 exustum
1491 3264 1555 3318 iri
1588 3263 1863 3334 templum.

279 3348 436 3404 Unde
479 3352 702 3421 quidam
754 3366 1086 3420 nostrorum,
1119 3355 1399 3411 interioris
1440 3357 1673 3411 hominis
1713 3372 1864 3422 voce,

274 3442 530 3497 auxiliari
573 3443 674 3498 sibi
703 3445 805 3514 piis
835 3447 1086 3516 precibus
1125 3459 1368 3504 sanctam
1416 3450 1505 3504 Dei
1551 3451 1866 3518 genitricem

274 3532 512 3586 Mariam
546 3532 914 3606 famulumque
945 3539 1062 3610 ejus
1092 3539 1347 3610 inclytum
1378 3543 1669 3612 poscebant
1704 3541 1868 3594 Bene-

274 3622 509 3690 dictum,
544 3626 773 3694 repetito
812 3630 1007 3698 sacpius
1050 3632 1266 3686 nomine
1307 3633 1514 3688 sororis
1551 3632 1666 3702 ejus
1701 3632 1868 3688 Scho«

275 3715 511 3771 lasticm.
558 3719 664 3772 Alii
713 3735 839 3775 vero
871 3723 921 3777 id
956 3724 1126 3792 ipsum
1155 3726 1300 3780 clara
1335 3728 1551 3796 quidem
1595 3744 1744 3792 voce,
1775 3729 1868 3783 sed

274 3805 595 3875 querulosis
629 3808 892 3866 iterabant
933 3813 1132 3869 verbis.
1166 3815 1406 3872 Tandem
1448 3829 1866 3873 memoratorum

275 3913 474 3966 preces
527 3909 834 3956 sanctorum
891 3904 1066 3958 audiit
1107 3904 1491 3977 Omnipotens,
1547 3910 1778 3978 cmlique
1839 3924 1867 3963 a

274 4000 438 4058 parte
491 4006 684 4046 serena
730 3993 982 4050 intonuit.
1031 3997 1271 4068 Denique
1321 4015 1444 4055 cum
1495 4017 1704 4056 summa
1745 4003 1866 4057 cmli

274 4096 429 4140 esset
482 4090 778 4156 serenitas,
821 4091 1073 4161 profusus
1118 4096 1298 4150 subito
1333 4112 1362 4149 e
1396 4097 1627 4154 nubibus
1673 4101 1867 4167 imber,

276 4177 538 4233 flanimas
583 4195 698 4249 qua:
744 4184 1001 4240 interiora
1041 4189 1205 4242 castri
1243 4188 1467 4244 aedilicia
1505 4190 1868 4260 depasceban-

280 4277 393 4337 tur,
453 4269 696 4327 funditus
758 4277 1034 4330 exstinxit.
1094 4278 1279 4334 Mutati
1341 4291 1523 4335 autem
1585 4291 1865 4337 ventorum

280 4360 446 4415 flatus
477 4362 733 4418 cadentes
772 4364 1009 4431 favillas,
1053 4383 1282 4437 quarum
1317 4372 1470 4440 copia
1518 4373 1689 4428 instar
1727 4375 1872 4429 deci-
1897 4345 1951 4404 D

281 4453 468 4507 dentis
495 4454 634 4508 nivis
665 4455 931 4514 introrsus
960 4458 1258 4525 ferebatur,
1287 4472 1586 4519 retroactas
1613 4482 1666 4518 tn
1697 4476 1870 4520 semet

283 4545 470 4598 redire
533 4546 812 4616 cogebant.
874 4549 948 4605 lta
1009 4553 1217 4607 meritis
1281 4555 1482 4624 egregii
1549 4557 1870 4626 protectoris

285 4636 460 4688 nostri
495 4635 764 4694 Benedicti
807 4657 912 4696 non
961 4644 1133 4699 solum
1180 4648 1568 4702 monasterium
1603 4649 1872 4706 incolume

288 4729 516 4792 resedit,
553 4744 735 4785 verum
768 4748 867 4787 nec
896 4743 1100 4789 tantum
1137 4737 1240 4792 vici
1285 4747 1534 4794 exustum
1565 4749 1668 4805 est,
1701 4757 1871 4811 quan-

288 4829 402 4870 tum
445 4819 903 4895 prioriincendio
945 4827 1199 4895 perierat,
1231 4829 1374 4898 quod
1414 4831 1467 4884 in
1507 4831 1695 4886 eadem
1726 4833 1869 4888 festi-

287 4915 484 4978 vitate,
529 4921 964 4991 temporibusque
999 4925 1279 4979 memorati
1315 4929 1540 4999 contigit
1578 4930 1868 4984 venerandi

289 5006 508 5060 abbatis
536 5008 794 5065 Abbonis.
829 5011 978 5067 Unde
1008 5015 1261 5071 nimirum
1303 5016 1543 5086 legiones
1579 5021 1874 5074 monacho-

293 5112 416 5149 rum
445 5099 662 5153 domiuo
684 5118 778 5157 suo
810 5104 1096 5164 Benedicto
1126 5109 1256 5162 illud
1297 5109 1580 5178 cujusdam
1615 5110 1872 5180 sapientis

292 5204 403 5244 non
431 5191 718 5263 incongrue
745 5205 799 5252 et
826 5197 1028 5268 absque
1050 5199 1172 5255 fuco
1195 5200 1372 5255 valent
1399 5214 1591 5274 aptare
1615 5201 1866 5274 elogium,

365 5360 477 5412 (55)
528 5363 581 5412 Ιιί
625 5376 704 5412 ﬂSl
741 5369 791 5412 in
846 5369 1148 5412 Sllhlll‘hflnn
1190 5373 1520 5412 pnricinrrnn

1971 380 2198 451 protulit
2225 381 2467 450 principe
2497 394 2674 433 rerum
2707 378 2778 432 ita
2810 377 3058 446 inquiens
3086 395 3099 429 :

2088 492 2128 538 0
2151 493 2346 540 nlminm
2371 491 2551 540 dllecte
2571 489 2701 549 Deo,
2729 490 2817 538 tibi
2843 489 3020 538 militat
3049 488 3225 549 aether,

2090 553 2150 603 Et
2172 556 2408 616 conjurati
2443 556 2644 603 veniunt
2681 552 2740 600 ad
2767 553 2964 600 classica
2991 556 3145 600 ventl.

2429 635 2537 703 (Ex
2566 635 2859 690 Claudiano
2889 635 2942 687 in
2977 632 3174 704 Paneg.
3209 635 3475 704 Honorii.)

1966 747 2148 803 Liceat
2175 747 2330 803 nobis
2353 747 2455 802 hac
2479 748 2544 802 de
2573 762 2633 802 re
2653 747 2896 816 quatdam
2923 746 3254 816 proludendo
3276 743 3551 816 paululum

1964 838 2164 906 eloqui.
2181 837 2510 907 Congruum,
2525 845 2584 890 ut
2609 851 2749 904 reor,
2771 836 2896 891 huic
2921 846 3105 891 nostro
3126 835 3409 890 videbatur
3429 834 3552 904 legi-

1966 929 2102 994 fero,
2132 929 2182 982 in
2207 928 2572 982 commotione
2592 927 2982 982 elementorum
2998 925 3324 981 venerabilis
3347 927 3552 980 sororis

1965 1036 2076 1074 sua:
2088 1019 2347 1074 adhibere
2360 1019 2633 1084 solatium,
2651 1033 2812 1088 quam
2829 1017 3149 1072 meminerat
3164 1017 3230 1072 ad
3244 1032 3302 1072 se
3316 1017 3552 1071 retinen-

1965 1111 2091 1164 dum
2120 1117 2500 1179 tempestatum
2528 1109 2849 1180 opposuisse
2872 1109 3230 1164 obstaculum.
3262 1108 3415 1164 Unde
3445 1123 3550 1162 ttntt

1965 1201 2282 1272 incongrue,
2331 1200 2504 1254 aereis
2547 1199 2908 1270 potestatibus
2936 1198 3255 1269 complacita
3291 1198 3395 1253 sibi
3435 1197 3550 1254 loca

1965 1299 2210 1346 evertere
2255 1290 2601 1346 molientibus
2649 1300 2871 1346 strenue
2917 1297 3338 1360 repugnaturus,
3373 1303 3402 1340 a
3439 1290 3553 1343 suis

1966 1381 2184 1436 famulis
2213 1381 2459 1437 eamdem
2492 1396 2736 1437 sororem
2775 1395 2928 1435 suam
2963 1393 3146 1434 secum
3187 1379 3425 1432 invocari
3455 1395 3552 1431 vo-

1967 1471 2084 1536 luit,
2112 1473 2267 1542 cujus
2298 1485 2488 1540 preces
2518 1471 2585 1526 ad
2613 1469 2936 1525 obtinendas
2967 1485 2998 1523 a
3028 1467 3258 1523 Domino
3299 1467 3552 1523 imbrium

1965 1559 2306 1631 profusiones
2325 1562 2653 1632 agnoscebat
2674 1559 2789 1614 fore
2813 1559 3055 1614 idoneas.

2565 1669 2791 1726 CAPUT
2833 1669 2951 1724 XX.

2481 1740 2763 1796 Contracta
2793 1742 3032 1812 erigitur.

2035 1834 2128 1889 44.
2170 1833 2407 1890 Puellam
2435 1833 2725 1904 quamdam
2756 1833 3026 1890 nobilibus
3053 1841 3230 1888 ortam
3258 1832 3557 1901 antiquitus

1969 1928 2138 1984 fuisse
2161 1926 2456 1992 natalibus,
2481 1925 2701 1982 nomine
2721 1924 3053 1990 Adelaidem,
3077 1939 3249 1994 nuper
3270 1924 3556 1979 didicimus

1969 2017 2218 2072 cruribus
2242 2023 2604 2070 contractam.
2642 2016 2814 2081 Quam
2854 2014 2980 2069 dum
3018 2026 3171 2084 pater
3197 2028 3315 2083 ejus
3345 2029 3410 2067 ac
3440 2028 3553 2066 ma-

1972 2118 2055 2163 ter
2080 2123 2175 2178 per
2201 2107 2368 2162 multa
2399 2117 2708 2163 sanctorum
2738 2106 2854 2161 loca
2885 2105 3170 2161 duxissent
3223 2103 3298 2158 nil
3330 2104 3554 2159 remedii

1969 2203 2017 2258 ei
2043 2217 2073 2256 a
2099 2201 2304 2258 sanctis
2327 2201 2618 2272 impetrare
2640 2209 2947 2272 potuerunt.
2972 2200 3032 2266 li,
3059 2200 3338 2271 desperata
3361 2199 3552 2262 salute,

1969 2297 2037 2352 ad
2069 2297 2287 2352 domum
2336 2312 2454 2352 eam
2487 2295 2833 2358 reducentes,
2868 2296 3162 2352 manebant
3192 2296 3398 2362 tristes,
3428 2297 3556 2367 quid

1970 2389 2037 2445 de
2064 2404 2128 2444 ea
2159 2397 2384 2459 agerent
2415 2390 2747 2460 ignorantes.
2780 2387 2913 2442 Nam
2944 2387 3184 2443 Parisius
3204 2387 3316 2458 (55)
3339 2403 3459 2443 eam
3488 2387 3554 2440 ad

1971 2482 2030 2538 S.
2067 2482 2310 2552 Dionysii
2339 2481 2678 2550 sepulcrum,
2721 2489 2884 2551 atque
2911 2479 3228 2534 Lemovicas
3258 2480 3324 2532 ad
3351 2478 3556 2533 domini

1973 2570 2231 2625 Martialis
2258 2571 2522 2635 tumbam,
2569 2570 2659 2637 qui
2708 2571 2867 2623 ambo
2912 2579 3040 2624 tunc
3070 2567 3349 2623 miraculis
3393 2583 3556 2622 eoru-

1972 2664 2222 2728 scabaut,
2276 2663 2672 2734 perducentes,
2728 2661 2859 2716 nihil
2911 2661 3133 2717 omnino
3189 2659 3553 2729 profecerant.

1971 2753 2277 2820 Quiescenti
2305 2761 2484 2808 autem
2512 2751 2672 2807 matri
2693 2749 2808 2819 ejus
2830 2766 2931 2806 vox
2956 2751 3171 2806 caelitus
3197 2751 3413 2805 advenit
3439 2767 3558 2819 quae

1973 2849 2178 2903 diceret
2207 2865 2218 2899 :
2249 2846 2507 2913 Quaenam
2530 2885 2544 2912 ,
2577 2846 2682 2910 ait,
2723 2845 2993 2900 dementia
3038 2860 3136 2900 vos
3164 2853 3340 2899 tantas
3379 2843 3430 2898 in
3462 2859 3555 2896 va-

1971 2957 2099 2994 num
2147 2939 2408 3010 compulit
2464 2939 2690 3009 perdere
2733 2953 3032 3008 expensas,
3080 2947 3140 2992 ut
3187 2937 3342 3008 longe
3384 2936 3560 3007 posita

1972 3042 2282 3088 sanctorum
2332 3033 2553 3088 adiretis
2609 3031 2947 3102 patrocinia,
2999 3039 3178 3086 vestro
3231 3031 3321 3085 hic
3371 3030 3560 3084 relicto

1972 3125 2187 3190 vicino,
2239 3125 2589 3180 sanctissimo
2648 3125 2900 3180 videlicet
2967 3123 3291 3193 Dominique
3365 3123 3562 3178 dilecto

1971 3217 2288 3283 Benedicto,
2322 3217 2477 3287 cujus
2521 3217 2887 3273 sacratissima
2944 3230 3091 3281 ossa,
3140 3231 3240 3286 pro
3288 3222 3463 3270 vestra
3493 3215 3560 3283 (si

1974 3321 2151 3363 tamen
2204 3307 2257 3363 id
2310 3323 2376 3363 ex
2443 3306 2546 3362 fide
2596 3305 2960 3376 expetieritis)
3014 3305 3421 3374 multorumque
3474 3319 3562 3358 sa-

1971 3399 2099 3462 lute,
2132 3413 2199 3454 ex
2250 3397 2401 3453 Italia
2450 3397 2727 3468 provincia
2765 3398 2816 3452 in
2847 3399 2987 3452 hanc
3015 3396 3276 3452 divinitus
3301 3396 3561 3451 translata

1971 3500 2097 3546 sunt
2147 3491 2464 3561 regionem?
2500 3490 2651 3546 Unde
2704 3505 2801 3560 pro
2850 3496 3004 3545 certo
3052 3489 3194 3544 scias
3248 3488 3559 3544 nullatenus

1973 3589 2116 3634 tuam
2150 3579 2443 3634 sanandam
2491 3595 2610 3636 esse
2637 3580 2825 3644 filiam,
2875 3580 2977 3634 nisi
3026 3595 3092 3634 eo
3141 3578 3320 3633 delata
3372 3579 3555 3634 fuerit.

1974 3667 2250 3737 Evigilans
2301 3670 2482 3738 itaque
2533 3669 2725 3724 mulier
2767 3670 2884 3723 viro
2932 3669 3034 3724 sibi
3075 3667 3376 3735 conjacenti
3414 3683 3562 3723 som-

1972 3757 2119 3810 nium
2161 3756 2351 3810 refert.
2386 3756 2484 3811 Cui
2533 3756 2622 3811 ille
2651 3774 2662 3809 :
2694 3756 2825 3826 Ego,
2855 3756 3127 3826 inquiens,
3148 3755 3259 3824 jam
3289 3757 3342 3809 id
3379 3757 3559 3825 ipsum

1972 3859 2154 3904 mente
2203 3863 2598 3918 conceperam;
2637 3849 2731 3904 sed
2759 3863 2950 3902 vereor
2978 3855 3036 3901 ut
3081 3856 3300 3902 sanctus
3344 3845 3433 3902 iile
3461 3863 3557 3902 no-

1971 3950 2084 3995 stro
2115 3941 2360 3995 irritatus
2399 3949 2708 4010 contemptu
2743 3940 3028 3994 Dominum
3079 3955 3177 4009 pro
3230 3955 3293 3995 ea
3330 3955 3557 3995 exorare

1971 4030 2121 4085 velit.
2154 4030 2236 4084 Ad
2269 4031 2382 4084 lucc
2431 4029 2517 4084 illa
2549 4031 2881 4100 respondens
2914 4046 2926 4082 :
2957 4030 3216 4096 Ducatur,
3255 4030 3462 4098 inquit,
3491 4031 3560 4086 ad

1971 4117 2140 4172 sancti
2188 4117 2524 4188 sepulcrum;
2574 4127 2629 4172 et
2670 4118 2937 4188 siquidem
2968 4134 3086 4174 eam
3125 4120 3425 4186 sanaverit,
3459 4121 3556 4175 ba-

1973 4209 2101 4263 beat
2128 4209 2298 4278 ipsam
2326 4208 2576 4263 ancillam
2610 4209 2662 4264 in
2708 4210 3126 4278 sempiternum;
3172 4210 3255 4265 sin
3293 4227 3420 4266 vero
3462 4227 3562 4266 no-

1977 4297 2158 4364 luerit,
2192 4298 2516 4364 reducatur;
2551 4313 2671 4354 cum
2723 4299 3002 4355 debilitate
3043 4300 3206 4354 etiam
3253 4300 3557 4356 libertatem

1975 4385 2233 4440 retinens.
2269 4386 2437 4440 Erant
2483 4387 2629 4441 enim
2669 4387 2768 4457 ipsi
2803 4403 2907 4441 non
2946 4388 3119 4443 solum
3164 4389 3344 4457 liberi,
3371 4403 3559 4445 verum

1975 4476 2138 4530 etiam
2165 4491 2364 4546 genere
2391 4476 2711 4544 clarissimi,
2749 4491 2812 4534 ac
2842 4477 3189 4534 facultatibus
3217 4479 3391 4534 ditati.
3427 4479 3559 4536 Orto

1977 4567 2139 4637 igitur
2181 4567 2295 4622 sole
2339 4569 2444 4622 iter
2490 4570 2555 4622 ad
2605 4570 2992 4623 monasterium
3048 4569 3357 4638 arripiunt,
3417 4571 3558 4639 quod

1975 4676 2080 4715 non
2115 4661 2217 4716 nisi
2252 4677 2383 4715 xvttt
2415 4660 2648 4715 millibus
2671 4661 2740 4715 ab
2761 4675 2948 4716 eorum
2975 4659 3211 4715 distabat
3239 4661 3421 4725 domo,
3454 4676 3558 4713 una

1976 4766 2161 4806 secum
2210 4751 2372 4806 ﬁliam
2421 4752 2750 4806 deducentes
2795 4751 3044 4807 debilem.
3103 4751 3347 4805 Instabat
3381 4760 3558 4805 autem

1974 4844 2188 4900 celebre
2217 4842 2418 4898 festum
2464 4843 2702 4910 ejusdem
2742 4843 3068 4898 sanc'aissimi
3101 4841 3396 4903 Benedicti,
3427 4850 3481 4895 et
3507 4840 3560 4892 in

1975 4936 2088 5005 ipsa
2137 4933 2353 5002 quidem
2397 4934 2483 4988 die
2526 4931 2838 4989 festivitatis
2885 4945 3002 4986 eam
3053 4930 3353 4982 sanandam
3380 4936 3564 4982 sancto

1973 5023 2124 5078 Patri
2168 5022 2464 5079 Benedicto
2506 5021 2841 5076 obtulerunt.
2877 5019 2935 5073 ln
2966 5017 3204 5072 crastino
3231 5031 3366 5073 vero
3405 5028 3562 5070 mane

1972 5124 2279 5186 surgentes,
2313 5117 2437 5171 dum
2466 5113 2677 5183 regredi
2705 5119 3001 5181 cuperent,
3027 5107 3190 5161 filiam
3222 5122 3416 5164 sanam
3445 5122 3563 5163 om-

1975 5209 2245 5276 nibusque
2264 5207 2522 5263 membris
2546 5201 2948 5259 benevalentem
2975 5208 3314 5266 repererunt.
3334 5200 3436 5254 Pro
3456 5213 3566 5270 qua

2595 5374 2725 5412 nrlm
2780 5374 2950 5412 Inniiln
2991 5371 3148 5412 citant
3191 5369 3366 5412 fuich
3404 5387 3564 5412 nomn

1982 5380 2206 5412 ,ιε-ηιιάιά
2242 5383 2424 5412 ηηῖηΙΛ
2480 5379 2547 5412 IIII
