4108 5412
520 258 618 319 8M

515 467 834 524 beatissimo
885 467 1179 524 referentes
1236 464 1859 530 Benedicto,"eamdem
1912 477 2099 527 natam

514 572 669 613 suam
699 558 748 613 ei
778 566 1035 630 perpetuo
1064 557 1384 614 servituram
1414 559 1768 621 tradiderunt,
1795 575 1921 629 quae
1946 569 2095 630 post—

513 651 734 707 modum
763 652 965 705 ducens
993 650 1189 715 virum,
1224 649 1362 704 lilios
1394 651 1729 719 procreavit;
1767 665 1832 705 ex
1863 664 2090 719 quorum

513 742 770 812 progenie
798 743 1014 812 quidam
1047 743 1223 798 adhuc
1261 757 1367 798 non
1401 741 1618 798 inutiles
1646 742 1757 813 (54)
1790 744 1842 796 in
1871 743 2092 797 servitio

509 835 807 908 perdurant
843 833 1095 894 fratrum.

1099 928 1326 985 CAPUT
1360 928 1499 984 XXI.

885 1020 1024 1076 Circi
1047 1021 1154 1075 duo
1180 1021 1355 1076 tamen
1384 1030 1701 1086 receperunt.

575 1109 667 1164 ιδ.
707 1109 888 1182 Nuper
916 1127 1128 1182 quoque
1148 1128 1234 1168 res
1260 1122 1345 1168 est
1374 1121 1523 1182 gesta
1546 1127 1707 1182 quam
1737 1128 1918 1168 narro.
1952 1112 2084 1181 Qui-

505 1200 629 1256 dam
660 1216 835 1275 carens
860 1202 1376 1274 Argentomagensis
1401 1204 1565 1260 castri
1600 1204 1797 1270 incola,
1830 1205 1958 1260 dum
1995 1222 2084 1261 re-

501 1288 684 1360 liquiae
739 1290 906 1361 ipsius
955 1293 1433 1361 praecellentissimi
1491 1293 1818 1351 confessoris
1880 1294 2082 1352 Christi

500 1377 789 1435 Benedicti
819 1396 848 1435 a
898 1379 1105 1437 Saiensi
1142 1383 1297 1439 cella
1347 1385 1415 1439 ad
1465 1384 1722 1441 Sanctum
1770 1386 2079 1443 Marcellum

503 1468 942 1547 martyrem'(i~'3)
972 1485 1001 1524 a
1045 1469 1302 1528 fratribus
1348 1474 1703 1540 deferrentur,
1735 1483 1878 1531 tacto
1905 1477 2081 1533 loculo

502 1556 787 1614 confestim
834 1559 1007 1616 visum
1058 1562 1283 1632 recepit.
1334 1563 1646 1633 Requiescit
1696 1581 1829 1621 sane
1880 1582 2079 1638 corpus

499 1649 672 1722 ipsius
697 1653 869 1708 sancti
899 1655 1153 1726 martyris
1180 1654 1235 1711 in
1259 1657 1486 1714 ecclesia
1523 1673 1629 1713 non
1670 1659 1828 1732 longe
1866 1661 1934 1717 ab
1961 1662 2078 1732 ipso

1553 262 1813 322 AIDIOINI
1852 252 2160 325 MONACIII
2196 266 2686 327 FLORIACENSIS

516 391 579 431 re
609 383 901 431 immensas
929 373 1222 448 gratiarum
1250 366 1491 432 actiones
1520 376 1632 432 Deo
1670 393 1734 433 ac
1770 392 1887 447 ejus
1917 392 2096 434 auuco
2122 383 2171 441 Α

3674 262 3780 324 852

2770 378 2998 436 CAPUT
3035 379 3198 437 XXII.

2679 472 2877 528 Auctor
2895 472 3063 527 multa
3090 473 3281 527 omisit.

2263 560 2354 615 46.
2379 558 2506 616 Haec
2538 559 2605 616 de
2629 560 2905 617 miraculis
2930 578 3052 632 qua:
3078 562 3220 617 Deus
3252 576 3349 631 per
3377 571 3573 619 merita
3598 566 3776 621 sancti

2194 650 2276 707 sui
2302 650 2576 707 Benedicti
2601 651 2831 706 diversis
2879 653 2930 705 in
2982 650 3115 706 locis
3137 650 3349 720 operari
3382 651 3640 723 dignatus
3666 665 3776 720 est,

2193 742 2354 799 inerti
2385 741 2526 813 ston
2551 758 2617 797 ac
2651 756 2899 798 sermone
2928 742 3203 797 rusticano
3226 742 3513 799 edidimus.
3543 743 3780 799 Verum-

2192 843 2370 890 tamen
2403 835 2540 889 hanc
2586 834 2906 889 sententiam
2938 832 3238 887 claudendo
3275 833 3424 903 operi
3471 833 3774 889 adnecten-

2192 935 2294 991 tes,
2327 941 2609 981 monemus
2652 925 2907 980 lectorem
2942 924 3107 978 nmita
3142 939 3238 979 nos
3275 925 3511 979 scienter
3548 935 3775 994 prmter-

2094 1056 2097 1061 ς
2189 1017 2334 1077 iisse.
2365 1017 2674 1079 Cavendum
2720 1025 2807 1072 est
2849 1016 2993 1071 enim
3027 1016 3080 1069 in
3121 1015 3390 1069 universis
3418 1015 3582 1071 rebus
3609 1031 3773 1071 omne

2186 1112 2437 1177 nimium,
2479 1121 2531 1168 et
2560 1111 2865 1173 auditorum
2897 1111 3126 1165 intentio
3154 1119 3309 1180 grata
3336 1110 3603 1165 brevitate
3631 1111 3772 1165 invi-

2187 1204 2372 1270 tanda,
2427 1220 2534 1259 non
2581 1202 2861 1265 fastidiosa
2913 1211 2998 1263 est
3044 1202 3369 1272 loquacitate
3417 1204 3769 1259 deterrenda.

2183 1278 2283 1349 llic
2311 1308 2442 1365 ergo
2474 1294 2595 1350 linis
2619 1294 2723 1349 erit
2752 1292 2895 1355 libri.
2923 1292 3190 1362 quamvis,
3222 1293 3265 1346 si
3299 1291 3567 1355 Dominus
3583 1293 3773 1347 volne-

2183 1384 2257 1439 rit
2283 1384 2502 1453 vitaque
2523 1399 2706 1445 comes
2736 1382 2919 1448 fuerit,
2941 1398 3006 1438 ea
3040 1398 3158 1452 quae
3190 1383 3361 1438 ﬁdelis
3391 1383 3536 1445 fama
3568 1386 3623 1446 in
3655 1372 3783 1445 tota

2180 1489 2316 1544 pene
2361 1464 2652 1544 divulgavit
2700 1472 2991 1538 Neustria,
3041 1484 3225 1528 nostra
3270 1489 3613 1544 nequaquam
3657 1476 3769 1535 sint

2180 1564 2383 1621 silenda
2412 1565 2635 1622 desidia.
2668 1564 3006 1635 Compellunt
3036 1564 3201 1619 etiam
3247 1579 3345 1619 nos
3375 1564 3438 1619 ad
3476 1567 3764 1621 tacendum

2179 1654 2339 1710 amici
2392 1654 2481 1728 [[2,
2524 1653 2757 1726 inimici}
2802 1652 3008 1717 nostri,
3059 1653 3151 1725 qui
3182 1653 3474 1709 maximum
3502 1654 3768 1724 deputant

495 1752 681 1800 castro
721 1754 1054 1802 constructa.
1098 1747 1250 1816 Quod
1290 1764 1412 1805 cum
1461 1750 1750 1807 identidem
1794 1768 1823 1806 a
1867 1754 1981 1808 suis
2010 1754 2076 1809 ad
2110 1735 2152 1793 Β
2181 1746 2282 1803 sibi
2312 1744 2530 1800 afﬂuere
2554 1744 2799 1817 ενυιυηι,
2816 1744 2873 1803 Si.
2890 1743 3121 1807 aliorum
3150 1744 3345 1804 studiis
3367 1742 3609 1802 lacerum
3640 1743 3767 1798 inﬁ-

499 1831 725 1888 Salense
753 1836 1138 1891 monasterium
1166 1836 1400 1893 delatum
1443 1839 1671 1906 fuisset,
1715 1840 1853 1897 alter
1897 1859 2075 1900 caecus

495 1920 565 1978 de
591 1921 714 1977 villa
742 1923 913 1999 ipsius
938 1928 1271 1993 monasterii,
1297 1926 1523 1983 Modicia
1548 1929 1783 1997 nomine,
1814 1930 1883 1986 ibi
1914 1932 2075 1988 advec

495 2013 577 2067 nit
618 2014 830 2085 magnis
857 2017 1080 2072 vocibus
1105 2026 1350 2073 sanctum
1388 2018 1647 2075 invocans
1680 2020 2069 2090 Benedictum;

494 2099 639 2155 fama
688 2117 919 2174 namque
964 2106 1226 2175 suprafati
1268 2106 1514 2163 miraculi
1537 2108 1648 2179 jam
1676 2108 1792 2177 ejus
1820 2111 2085 2182 attigerat

491 2206 670 2249 aures.
699 2192 803 2261 Qui
825 2205 881 2251 et
902 2194 1016 2266 ipse
1052 2213 1158 2254 non
1199 2197 1368 2254 multo
1409 2207 1692 2271 postquam
1747 2201 1941 2258 ibidem
1970 2204 2069 2259 ad-

491 2294 718 2341 venerat
756 2293 1026 2358 tempore,
1053 2278 1343 2346 miserante
1367 2290 1477 2346 Deo
1519 2298 1577 2346 et
1605 2285 1815 2347 meritis
1853 2302 2072 2349 sancto-

489 2387 615 2429 rum
660 2370 1058 2443 obtinentibus,
1107 2377 1287 2435 lutnen
1337 2379 1480 2451 quod
1540 2380 1776 2451 petebat,
1829 2383 2070 2454 recipere

488 2465 708 2520 meruit.
758 2466 817 2522 In
868 2483 974 2539 quo
1026 2468 1277 2527 videlicet
1338 2471 1550 2528 Salensi
1595 2474 1845 2529 ctenobio
1903 2475 2068 2531 tantis

488 2568 710 2631 tamque
756 2562 986 2618 assiduis
1021 2562 1163 2618 idem
1208 2571 1320 2619 toto
1363 2565 1496 2620 orbe
1539 2563 1864 2620 venerabilis
1906 2564 2070 2621 Pater

484 2653 877 2708 monachorum
911 2645 1108 2709 renitet
1146 2654 1421 2712 miraculis
1462 2655 1807 2723 Benedictus,
1856 2665 1911 2712 et
1953 2672 2066 2711 ma-

487 2742 636 2797 xime
666 2742 719 2797 in
748 2743 1065 2801 ulciscendis
1091 2745 1344 2812 inimicis,
1372 2755 1432 2802 ut
1475 2747 1521 2803 si
1548 2757 1741 2802 cuncta
1788 2747 1907 2816 quis
1936 2748 2066 2804 velit

484 2831 746 2887 mandare
775 2835 1069 2899 memoriae,
1099 2835 1317 2906 proprio
1343 2836 1617 2908 indigeant
1646 2835 1942 2903 volumine._

563 3107 676 3190 (ξεί)
704 3109 910 3190 Nempe
936 3128 1078 3190 servi
1109 3115 1452 3190 monasteriis
1484 3117 1708 3190 devoti,
1732 3117 1783 3190 si
1808 3133 1945 3188 quos
1982 3119 2059 3190 gi-
2088 3104 2130 3162 (ἶ

482 3179 976 3253 gnehantdiberos,
1018 3184 1052 3239 ii
1083 3186 1425 3242 monasteriis
1451 3188 1616 3247 etiam
1646 3179 1844 3244 addicti
1881 3179 2059 3245 erant.

558 3247 672 3326 (£55)
704 3249 1010 3326 Marcellum
1054 3254 1193 3326 apud
1221 3257 1609 3326 Argentomum
1647 3267 1882 3313 castrum
1919 3274 2063 3314 mar-

481 3319 609 3393 tyrii
658 3320 890 3393 palmam
937 3319 1236 3379 obtinuisse
1280 3319 1474 3393 légitur
1517 3327 1569 3381 in
1612 3326 1729 3381 Vita
1761 3328 1818 3383 S.
1849 3328 2059 3385 Genulli

481 3389 742 3459 episcopi,
788 3400 843 3445 et
893 3400 1072 3448 tamen
1103 3395 1254 3450 vicus
1300 3389 1486 3452 Sancti
1534 3395 1771 3453 Marcelli
1799 3407 1883 3453 est
1920 3398 2060 3455 infra

480 3458 958 3530 Argentomagum.
992 3516 993 3519 η
1507 3517 1510 3521 .

697 3529 897 3619 Desunt
926 3548 1058 3604 ergo
1082 3534 1406 3619 quinquenin,
1424 3536 1686 3619 catalogis
1711 3538 1975 3619 vulgatis,
2009 3540 2060 3594 in

480 3598 679 3669 quibus
711 3598 1029 3675 Catullinus,
1058 3598 1143 3667 cui
1185 3598 1283 3662 bos
1317 3606 1483 3665 libros
1511 3598 1726 3664 dedicat
1752 3598 2058 3675 Ai‘t'noinus,

578 3787 722 3805 ﬁ

741 3791 1025 3809 ῃ

2177 1843 2309 1906 gaut
2358 1835 2603 1897 dentem.
2645 1834 2897 1899 Attamen
2966 1832 3109 1887 nulla
3169 1848 3358 1887 eorum
3422 1833 3766 1887 detractione

2175 1925 2571 1991 deterrebimur
2612 1922 2902 1994 quominus
2950 1922 3134 1977 laudes
3166 1922 3257 1976 Dei
3288 1936 3352 1976 ac
3391 1919 3509 1989 ejus
3551 1922 3759 1986 dilecti,

2174 2016 2351 2073 Patris
2374 2016 2625 2079 videlicet
2668 2015 2839 2071 nostri
2886 2013 3181 2071 beatissimi
3212 2013 3519 2076 Benedicti,
3555 2012 3765 2068 refera-

2174 2125 2315 2164 mus.
2348 2107 2453 2163 Ista
2494 2108 2658 2179 igitur
2681 2107 2893 2169 omnia,
2925 2113 2981 2159 et
3007 2120 3128 2175 qua:
3178 2106 3229 2159 in
3280 2104 3445 2175 priori
3495 2104 3762 2174 opusculo

2172 2199 2239 2253 ab
2277 2198 2398 2254 aliis
2421 2199 2732 2254 auctoribus
2765 2197 3031 2265 descripta
3060 2204 3184 2250 sunt
3220 2194 3499 2256 miracula,
3527 2193 3630 2248 sub
3664 2195 3764 2247 tri.

2171 2291 2314 2359 ginta
2341 2290 2451 2362 (56)
2481 2289 2785 2354 abbatibus,
2816 2288 2906 2357 qui
2955 2287 3079 2341 huic
3122 2285 3457 2347 Floriaeensi
3505 2286 3763 2345 caenoon

2170 2382 2236 2435 ab
2268 2380 2422 2435 initio
2468 2394 2579 2433 suae
2632 2377 2963 2432 laudationis
2986 2418 3000 2440 ,
3034 2391 3132 2445 per
3171 2383 3440 2430 trecentos
3477 2374 3763 2443 octoginta

2169 2470 2407 2541 quinque
2437 2468 2549 2540 (57)
2577 2475 2632 2522 et
2677 2481 2743 2522 eo
2781 2466 3012 2536 amplius
3054 2464 3384 2534 praefuerunt
3429 2478 3602 2519 annos
3626 2504 3643 2527 ,
3673 2462 3763 2517 dia

2168 2552 2339 2626 versis
2370 2561 2422 2615 in
2454 2560 2586 2615 locis
2624 2574 2722 2628 per
2749 2557 2939 2611 merita
2968 2555 3141 2610 sancti
3174 2554 3504 2610 confessoris
3532 2554 3621 2608 sui
3649 2553 3749 2614 De

2167 2648 2370 2710 nedicti
2399 2647 2612 2719 operari
2635 2645 2888 2717 dignatus
2925 2654 3010 2700 est
3031 2642 3189 2699 .Iesns
3216 2641 3464 2698 Christus
3491 2641 3755 2697 Dominus

2166 2748 2385 2805 noster,
2426 2738 2519 2809 qui
2568 2754 2689 2793 cum
2738 2739 2848 2792 Deo
2897 2735 3059 2790 Patre
3100 2743 3156 2790 et
3199 2734 3403 2805 Spiritu
3452 2743 3645 2789 sancto
3699 2734 3753 2786 in

2164 2829 2429 2885 Trinitate
2456 2827 2695 2901 perfecta
2741 2828 2876 2883 vivit
2906 2835 2962 2881 ct
2991 2833 3183 2896 regnat
3225 2823 3391 2892 Deus,
3436 2839 3538 2896 per
3564 2824 3753 2879 omnia

2165 2921 2361 2977 szccula
2390 2920 2731 2979 saeculorum.
2761 2922 2951 2985 Amen.

2161 3100 2477 3201 vicesimum
2508 3110 2759 3201 quintum
2786 3124 3017 3186 occupat
3041 3114 3241 3201 locum:

2231 3189 2342 3259 (57)
2368 3181 2673 3259 Aimoinus,
2709 3196 2764 3244 et
2793 3181 3164 3259 eum'secutus
3190 3181 3514 3259 iielgaudus,
3545 3181 3750 3237 Floria-

2160 3252 2693 3333 cgensismonasterii
2721 3258 3095 3333 _conditionem
3142 3252 3385 3333 referth
3426 3253 3493 3307 ad
3542 3268 3749 3333 annum

2160 3329 2358 3399 Christi
2385 3328 2510 3393 620,
2534 3338 2601 3385 ex
2633 3327 3118 3399 inaleAcomparato
3152 3323 3749 3399 anno_lncarnationis

2161 3394 2284 3455 cum
2320 3414 2463 3454 anno
2498 3392 2738 3454 Secundo
2764 3392 3016 3452 Clodovei
3041 3395 3281 3451 iunioris
3310 3392 3603 3463 Dagoberti
3636 3392 3748 3445 lia-

2161 3471 2251 3541 gni
2288 3469 2415 3543 lilii_;
2441 3483 2717 3543 quo_a_nno
2745 3465 2861 3543 ejus
2890 3466 3201 3543 monasterii
3223 3464 3367 3543 iacta
3392 3461 3521 3526 sunt
3552 3461 3747 3543 funda-

2161 3534 2362 3594 menta.
2388 3534 2529 3608 Lege
2558 3534 3009 3608 Dissertationemg
3026 3534 3471 3608 deﬁtranslatjone
3491 3534 3747 3603 corporis

2161 3608 2223 3675 Β,
2253 3609 2313 3664 Ρ.
2351 3603 2624 3665 Benédicti
2655 3610 2709 3664 in
2747 3607 2974 3664 Galliam
2999 3606 3055 3662 in
3082 3604 3291 3662 Saecula
3317 3603 3382 3658 Il.

1033 3944 1786 4067 AIMOINI
1862 3945 2901 4065 PLORIACEN
2905 3940 3162 4059 818

1930 4176 2264 4255 SERMO

1254 4354 1320 4409 ΙΝ
1352 4351 1923 4412 FESTIYITATIBIJS
1957 4351 2204 4410 SANCTI
2242 4350 2492 4409 PATRIS
2527 4350 2913 4411 BENEDICTI.

716 4533 891 4603 (Apud
923 4532 1187 4591 Joannem
1212 4552 1242 4590 Α
1264 4534 1435 4590 Bosco
1459 4534 1690 4605 primum
1722 4534 1781 4591 in
1808 4534 1981 4592 lucem
2019 4537 2272 4604 emissus,
2304 4535 2628 4597 Bibliotheca
2666 4533 3044 4609 Floria-emis,
3085 4548 3125 4596 t.
3163 4541 3206 4608 i,
3236 4556 3291 4612 ρ..
3320 4541 3477 4614 271.)

1888 4703 2294 4726 m

537 4852 595 4908 In
641 4854 832 4909 annuis
895 4861 1235 4911 terrenorum
1296 4856 1678 4927 imperatorum
1741 4860 1999 4916 natallllis
2024 4903 2040 4926 ,
2069 4847 2120 4905 Ῐ)
2146 4878 2234 4917 ore
2264 4866 2552 4932 peccatoris
2597 4863 2788 4937 (ΕρεΙῆ
2828 4867 2950 4935 xv),
2993 4875 3172 4924 tamen
3210 4870 3586 4940 unusquisque
3629 4887 3733 4926 nos

465 4943 634 4999 moris
659 4945 929 5013 quondam
952 4944 1053 5000 init
1085 4963 1115 5001 a
1151 4944 1410 5014 subjectis
1441 4948 1657 5018 regibus
1694 4950 1927 5004 maxima
1964 4952 2057 5007 eis

469 5036 713 5105 exhiberi
784 5036 1032 5091 donaria.
1104 5036 1368 5094 Studebat
1441 5038 1607 5109 igitur
1673 5042 2045 5113 unusquisque

2148 4960 2321 5007 strum
2352 4953 2569 5009 studere
2607 4956 2768 5017 debet
2793 4965 2871 5021 ut,
2916 4956 3072 5027 juxta
3106 4958 3730 5030 Psalmographimoni-

2148 5050 2294 5109 tttm,
2330 5045 2386 5098 in
2429 5046 2625 5100 sanatis
2673 5045 2788 5119 ejus
2832 5045 3014 5102 laudet
3064 5047 3351 5104 Dominum
3394 5047 3570 5122 (Psal.
3617 5053 3730 5121 CL).

464 5140 563 5196 pro
589 5140 676 5192 se;
702 5135 758 5182 et
782 5142 851 5182 ne
884 5127 1022 5182 alter
1044 5129 1097 5182 in
1119 5127 1407 5182 oli'ereudis
1435 5130 1748 5185 muneribus
1774 5133 1949 5201 potior
1977 5146 2041 5186 eo
2144 5129 3254 5209 Quapropteramantissimipatroninostri
3270 5138 3547 5195 Benedicti
3574 5156 3728 5195 man-
