4108 5412
264 292 365 350 853

1437 296 1670 356 SERMO
1708 298 1796 356 DE
1835 298 1894 357 S.
1937 300 2319 364 BENEDICTO

3404 305 3509 364 854

264 410 586 487 persolvere,
625 414 685 465 ut
706 409 927 481 et.apud
956 409 1303 481 quamplures
1330 410 1449 465 laus
1474 410 1590 479 eius
1611 412 1828 467 dilatata
1861 421 1907 476 Λ
1936 418 2080 472 tione
2104 420 2337 489 aequoris
2358 432 2422 474 ac
2448 418 2743 474 salvatione
2768 417 2954 474 fratris
2973 417 3170 489 duplex
3196 420 3510 490 apparuisse

261 503 502 575 patefiat,
528 513 582 556 et
612 503 706 571 qui
746 501 928 556 omnia
980 500 1249 555 volumina
1300 514 1582 556 auctorum
1630 503 1833 557 habere

260 596 600 666 nequiverit,
632 594 903 663 prarconia
948 593 1148 648 alumni
1186 594 1269 647 sui
1320 594 1373 647 in
1407 610 1571 649 unum
1606 595 1829 649 collecta

259 703 317 743 se
345 686 617 740 invenisse
646 684 970 754 gratuletur.
1007 682 1117 737 lloc
1158 698 1285 753 ergo
1313 684 1591 752 promissae
1623 684 1697 739 rei
1730 684 1833 739 erit

257 778 542 833 exordium
553 816 565 827 .

324 866 590 936 Superne
644 865 884 937 dignatio
929 865 1259 935 maiestatis,
1305 865 1505 919 electos
1553 881 1679 919 suos
1717 880 1829 919 cm-

256 960 484 1012 lestibus
520 972 811 1011 munerans
844 956 1035 1021 donis,
1084 957 1136 1010 in
1175 958 1337 1011 terris
1367 971 1580 1026 quoque
1618 958 1831 1011 eximiis

254 1050 478 1104 laudum
530 1050 668 1102 ditat
734 1049 1039 1117 pmconiis.
1103 1048 1233 1123 Quae
1282 1063 1377 1118 per
1434 1063 1622 1102 servos
1670 1064 1832 1111 suos,

256 1154 485 1196 summa:
530 1139 740 1193 scilicet
781 1139 1104 1208 eloquentiae
1152 1140 1330 1203 viros,
1370 1138 1605 1192 dilatans
1644 1140 1695 1192 in
1732 1155 1831 1208 po-

252 1231 415 1301 pulis,
448 1246 607 1298 quam
642 1230 821 1296 magni
846 1231 986 1298 apud
1016 1244 1074 1283 se
1096 1228 1203 1283 sint
1239 1229 1416 1283 meriti
1455 1227 1701 1283 facundis
1721 1228 1833 1282 elu-

252 1321 424 1376 cidari
455 1330 673 1389 prmstat
704 1320 940 1390 scriptis.
968 1319 1120 1374 Unde
1144 1320 1343 1390 egregii
1374 1320 1549 1374 meriti
1576 1320 1830 1373 famulum

250 1414 602 1469 Benedictum
640 1422 792 1466 tanto
815 1427 922 1482 prae
947 1414 1157 1467 ceteris
1188 1422 1388 1466 sancta:
1430 1412 1683 1467 Ecclesiae
1727 1411 1831 1464 Pa-

254 1505 430 1558 tribus
480 1504 703 1557 donavit
749 1504 1045 1574 privilegio,
1079 1512 1137 1555 ut
1184 1504 1299 1571 ejus
1343 1503 1469 1555 vit:e
1510 1502 1696 1556 laudes
1725 1518 1830 1555 non

253 1596 485 1664 quilibet
529 1595 1005 1660 scholasticorum,
1053 1610 1235 1649 verum
1290 1596 1591 1670 praecipuus
1642 1595 1829 1649 docto-

255 1702 399 1751 rum,
429 1686 749 1757 Gregorius,
791 1696 988 1742 sancta:
1030 1688 1171 1742 sedis
1210 1686 1536 1757 apostolicus
1560 1728 1574 1752 ,
1614 1686 1833 1741 mellitis

1935 518 2275 574 beneficium.
2324 521 2396 575 Ibi
2442 521 2608 575 vestis
2646 531 2934 591 oooperata
2976 529 3058 576 est
3103 521 3374 593 magistri,
3418 522 3507 578 hic

1934 628 2150 689 ereptus
2171 634 2305 689 puer
2334 619 2583 675 melotam
2626 619 2835 673 abbatis
2872 635 3034 689 super
3059 634 3118 674 se
3155 618 3305 687 ferri,
3341 636 3506 691 seque

1934 718 2001 771 ah
2045 732 2107 771 ea
2157 717 2311 785 aquis
2359 717 2492 787 eripi
2534 716 2829 786 conspexit.
2880 716 3192 771 Revertenti
3248 716 3441 786 Elyseo
3478 736 3507 770 a

1936 816 2287 871 translatione
2309 816 2469 880 Elim,
2500 815 2591 869 lilii
2624 816 3011 885 prophetarum
3039 829 3201 870 etiam
3238 815 3305 870 ab
3342 817 3508 870 invito

1934 916 2152 985 exigunt
2204 924 2262 969 ut
2308 916 2583 970 dominum
2624 913 2739 984 ejus
2792 930 3035 984 quaerere
3076 917 3155 970 eis
3216 915 3407 977 liceat,
3438 932 3503 968 ne

1934 1018 2073 1072 forte
2127 1018 2179 1071 in
2218 1032 2378 1071 unam
2422 1017 2673 1081 vallium,
2705 1026 2799 1071 aut
2829 1022 2883 1072 In
2918 1018 3216 1088 quemlibet
3244 1018 3507 1072 montium

1938 1119 2228 1174 translatus
2258 1119 2443 1173 lateat.
2468 1118 2813 1186 Quasierunt
2842 1134 3001 1189 ergo,
3034 1119 3127 1173 sed
3160 1118 3381 1174 minime
3422 1133 3505 1173 re-

1934 1230 2189 1291 pererunt
2217 1220 2321 1290 (IV
2354 1220 2482 1290 Reg.
2506 1238 2577 1286 ιι,
2610 1219 2697 1284 16,
2733 1219 2841 1289 17).
2871 1219 3103 1273 Econtra
3127 1220 3319 1274 beatus
3352 1219 3510 1273 Pater

1934 1320 2278 1385 Benedictus,
2324 1336 2422 1390 pro
2464 1322 2557 1375 Dei
2606 1335 2788 1375 amore
2818 1320 3089 1376 consortia
3133 1319 3383 1385 linquens
3413 1318 3510 1373 ho-

1934 1412 2139 1465 minum
2164 1420 2218 1464 et
2247 1426 2481 1466 concava
2513 1421 2701 1480 petens
2728 1410 2940 1480 rupium
2962 1452 2977 1476 ,
3015 1426 3045 1462 a
3080 1410 3397 1479 presbytero
3428 1409 3508 1462 di-

1934 1504 2136 1559 vinitus
2164 1504 2397 1569 monito,
2424 1518 2519 1573 per
2545 1503 2756 1558 defossa
2789 1513 3053 1557 terrarum
3071 1542 3084 1565 ,
3121 1517 3217 1571 per
3242 1510 3509 1570 prterupta

1934 1596 2192 1665 quaesitus
2218 1594 2501 1657 montium,
2535 1604 2587 1648 et
2618 1604 2893 1663 repertus;
2936 1591 3079 1663 quod
3127 1590 3331 1645 Pascha
3369 1599 3512 1644 esset

1935 1694 2018 1740 cst
2047 1686 2288 1747 edoctus,
2323 1694 2374 1737 et
2404 1684 2676 1738 alimentis
2706 1684 2959 1739 refectus.
3002 1680 3397 1737 Ascendentem
3443 1678 3511 1732 ad

250 1780 497 1836 dilatarit
533 1775 806 1850 eloquiis,
847 1791 901 1835 et
938 1782 1226 1837 uiultorum
1269 1784 1483 1852 quidem
1522 1792 1830 1837 sanctorum
1867 1756 1907 1815 Β
1939 1783 2191 1829 ηὶοηιίιηθ
2240 1773 2472 1827 Eliseum
2528 1774 2676 1843 pueri
2715 1772 3027 1827 €3Villanles
3060 1771 3401 1834 deridebanl,
3432 1769 3513 1822 di-

249 1869 355 1923 duo
378 1880 471 1924 aut
506 1871 611 1924 tria
639 1869 918 1925 defloravit
946 1873 1226 1926 miracula.
1263 1873 1430 1941 Hujus
1455 1882 1633 1927 autem
1658 1874 1834 1943 qualis

250 1962 319 2015 ab
350 1962 577 2017 ineunte
627 1971 789 2017 astate
837 1963 997 2016 fuerit
1042 1966 1169 2027 vita,
1213 1978 1481 2033 quamque
1526 1966 1831 2019 mirandum

251 2051 499 2106 habuerit
524 2054 814 2106 transitum
842 2053 1149 2107 dulcissima
1180 2054 1535 2124 promulgavit
1561 2055 1830 2110 facundia.

250 2150 305 2195 In
332 2142 488 2212 cujus
519 2142 654 2197 Vit-.1:
700 2143 869 2210 libro,
905 2145 1046 2199 inter
1084 2145 1189 2200 alia
1231 2148 1387 2217 hujus
1418 2150 1591 2205 sancti
1631 2166 1832 2220 prmco‘

254 2234 367 2299 nia,
409 2250 535 2289 cum
575 2235 846 2304 aliquibus
898 2238 1133 2307 antiquis
1168 2237 1418 2294 Patribus
1454 2243 1746 2311 :equiparat
1780 2244 1831 2296 in

256 2326 573 2395 quibusdam
602 2328 983 2383 miraculorum
1015 2331 1215 2399 gestis:
1248 2330 1389 2384 inter
1422 2343 1647 2387 cancros
1684 2348 1831 2398 vero,

253 2430 440 2475 sancto
464 2420 739 2489 prophetas
775 2420 949 2476 Eliseo
972 2422 1121 2476 illum
1150 2434 1431 2492 comparat
1463 2426 1512 2477 in
1530 2424 1673 2479 ferro
1694 2429 1835 2495 quod

256 2528 325 2566 ex
360 2511 629 2579 profundo
657 2529 809 2582 aqurc
838 2515 904 2569 ab
940 2516 1185 2585 utrisque
1220 2526 1510 2571 retractum
1548 2527 1832 2573 memorat.

258 2600 455 2657 Verum
490 2619 628 2668 nos,
667 2604 811 2658 salva
866 2606 965 2675 ipsi
1013 2616 1199 2662 sancto
1244 2624 1393 2679 papae
1438 2608 1699 2679 Gregorio
1741 2625 1835 2664 sua

255 2696 606 2760 auctoritate,
656 2695 817 2751 liceat
883 2697 1063 2751 dicere
1118 2698 1286 2768 ipsius
1342 2700 1512 2753 sancti
1564 2700 1837 2769 propheta:

258 2785 426 2841 Elisei
475 2796 626 2857 gesta
688 2789 861 2842 sancti
914 2787 1091 2843 Patris
1136 2791 1303 2843 nostri
1346 2788 1623 2845 Benedicti
1674 2791 1839 2860 gestis

258 2893 395 2947 pene
419 2894 518 2949 per
541 2878 722 2933 omnia
764 2878 877 2933 fore
907 2880 1126 2935 similia.
1156 2880 1341 2935 Liceat
1373 2882 1537 2951 igitur
1563 2882 1719 2935 nobis
1744 2882 1839 2933 ali-

257 2967 387 3036 quid
416 2969 482 3022 de
522 2969 805 3031 ambobus,
836 2970 989 3037 quasi
1021 2970 1417 3035 concionando,
1465 2970 1835 3025 sermocinari.

1936 1875 2149 1919 centes:
2168 1862 2419 1927 Ascende,
2436 1862 2596 1927 calve,
2614 1862 2855 1925 ascende,
2877 1860 3018 1915 calve
3041 1858 3146 1931 (IV
3172 1858 3300 1929 Reg.
3318 1872 3375 1917 ιι.
3394 1856 3508 1926 23).

1935 1956 2288 2012 Benedictum
2329 1956 2542 2009 Patrem
2599 1955 2666 2009 ad
2714 1970 2944 2025 superna
3002 1952 3173 2022 magis
3227 1965 3292 2006 ac
3340 1950 3513 2021 magis

1937 2050 2121 2104 animo
2182 2048 2565 2120 suspirantem,
2616 2049 2910 2117 dmmones,
2930 2048 3023 2121 qui
3057 2049 3242 2121 utique
3272 2050 3323 2103 in
3356 2047 3511 2103 boni-

1942 2154 2049 2202 tate
2075 2144 2312 2201 infantes
2337 2154 2481 2209 sunt,
2511 2143 2814 2200 maledictis
2843 2143 3203 2207 lacessebant,
3230 2142 3508 2197 dicentes:

1938 2239 2237 2303 Maledicta,
2264 2248 2315 2293 et
2346 2252 2452 2292 non
2478 2237 2784 2297 Benedicto,
2834 2234 2959 2306 quid
2999 2234 3277 2289 nobiscum
3310 2230 3517 2287 habes?

1938 2332 2066 2403 quid
2129 2347 2228 2387 nos
2289 2330 2684 2401 persequeris?
2740 2344 2927 2385 verum
2982 2328 3252 2384 derisores
3316 2340 3513 2398 pueros

1938 2423 2143 2493 egressi
2176 2423 2240 2478 de
2276 2423 2408 2477 silva
2450 2422 2560 2476 ursi
2606 2420 3027 2475 devoraverunt.
3074 2419 3361 2474 Maledicos
3406 2418 3514 2472 (lae-

1940 2530 2127 2569 mones
2153 2514 2340 2568 :eterni
2366 2515 2623 2585 gehennae
2651 2513 2803 2582 ignes
2822 2520 3082 2581 perpetuo
3107 2510 3363 2564 adurunt.
3390 2508 3513 2561 Tri-
3566 2526 3569 2533 ’

1939 2604 2041 2659 bus
2069 2605 2309 2675 regibus,
2344 2619 2469 2673 rege
2498 2603 2706 2657 scilicet
2751 2602 2912 2656 Israel
2958 2610 3013 2655 et
3054 2616 3179 2669 rege
3216 2597 3349 2652 Juda
3385 2613 3509 2651 cum
3566 2618 3567 2621 η

1943 2712 2069 2767 rege
2099 2696 2291 2758 Edom,
2318 2695 2581 2748 adversus
2616 2707 2795 2761 regem
2829 2691 3182 2745 Moabitarum
3212 2687 3513 2758 expeditio-

1944 2806 2069 2845 nem
2101 2788 2408 2860 agentibus.
2432 2797 2487 2842 et
2510 2788 2596 2841 siti
2628 2785 3018 2847 laborantibus,
3038 2782 3200 2851 jussit
3226 2780 3432 2835 Eliseus
3460 2780 3511 2833 in

1940 2883 2148 2935 siccato
2198 2878 2451 2932 torrentis
2481 2876 2631 2931 alveo
2663 2876 2842 2930 facere
2869 2874 3061 2938 fossas,
3089 2889 3119 2927 e
3149 2872 3346 2943 quibus
3373 2884 3514 2939 aqua

1941 2972 2313 3044 progrediens,
2348 2972 2627 3041 fatigatum
2659 2969 2877 3025 satiavit
2906 2967 3207 3023 exercitum
3250 2964 3358 3037 (IV
3380 2964 3512 3033 Reg.

256 3056 630 3126 interrogatus
674 3056 725 3109 in
756 3057 1043 3127 Evangelia
1084 3075 1111 3112 a
1157 3060 1440 3130 discipulis
1483 3061 1743 3115 Dominus
1772 3062 1836 3115 de
1866 3100 1908 3161 ε
1943 3081 2025 3127 nr,
2054 3063 2162 3130 18).
2198 3061 2540 3117 Venerabilis
2584 3060 2905 3115 Benedictus
2946 3057 3222 3113 monachis
3247 3071 3312 3111 ex
3346 3054 3514 3110 tribus

256 3148 493 3200 adventu
545 3147 707 3211 Elim,
752 3152 1073 3219 respondit:
1109 3149 1255 3205 Elius
1303 3152 1409 3225 jam
1450 3156 1589 3206 venit
1622 3154 1833 3223 (Matth.

256 3250 393 3300 xvii,
423 3235 545 3307 12);
577 3246 632 3290 et
660 3240 818 3307 paulo
841 3250 987 3309 post:
1024 3240 1081 3294 Si
1107 3242 1259 3295 vultis
1284 3244 1443 3307 scire,
1474 3242 1706 3297 Joannes
1735 3245 1840 3313 ipse

256 3337 329 3381 est
356 3325 509 3379 Elias
537 3325 753 3397 (Matth.
785 3345 867 3392 st,
897 3330 1002 3400 M).
1040 3332 1277 3401 Apparet
1316 3334 1498 3403 itaque
1538 3336 1691 3404 cujus
1729 3350 1840 3389 mc-

256 3418 345 3471 riti
389 3418 538 3472 Elias
584 3418 765 3484 fuerit,
812 3436 934 3475 eum
962 3422 1156 3479 Joanni
1186 3434 1459 3494 :equatur,
1496 3426 1560 3480 de
1590 3440 1694 3494 quo
1728 3426 1840 3493 ipsa

255 3509 475 3567 Veritas
514 3521 745 3566 testatur
784 3516 924 3582 quod
976 3516 1114 3569 inter
1160 3528 1311 3570 natos
1360 3517 1637 3571 mulierum
1682 3534 1842 3573 nemo

255 3602 430 3669 major
459 3617 527 3656 eo
567 3606 790 3657 surrexit
825 3603 1041 3675 (.llatt/t.
1086 3622 1173 3671 XI,
1216 3607 1326 3679 Η).
1364 3607 1413 3661 Is
1443 3622 1569 3678 ergo
1602 3624 1722 3661 cum
1757 3626 1844 3662 ra-

253 3695 487 3764 piendus
524 3705 670 3750 esset
703 3712 731 3749 a
766 3698 986 3752 Domino
1014 3699 1065 3752 in
1096 3700 1293 3755 ctelum
1321 3741 1335 3766 ,
1372 3702 1576 3756 habens
1604 3702 1839 3755 Eliseum

255 3786 607 3857 discipulum,
648 3788 854 3841 monuit
906 3803 1030 3843 eum
1083 3800 1142 3844 ut
1199 3798 1410 3861 peteret
1454 3792 1596 3861 quod
1646 3792 1838 3858 vellet,

253 3881 582 3950 priusquam
627 3881 742 3950 ipse
789 3881 1195 3937 transferretur.
1233 3884 1313 3937 Ad
1354 3885 1467 3938 haec
1502 3884 1589 3938 ille
1623 3902 1635 3938 :
1688 3884 1838 3951 Peto,

255 3971 354 4035 ait,
385 3983 445 4023 ut
467 3970 562 4039 ﬁat
585 3971 796 4040 spiritus
820 3982 940 4027 tuus
976 3973 1169 4039 duplex
1200 3976 1252 4028 in
1280 3992 1359 4030 me
1390 3976 1496 4047 (IV
1518 3976 1644 4048 Reg.
1674 3994 1730 4040 ιι,
1764 3978 1841 4049 9).

254 4063 475 4116 Annuit
532 4063 641 4127 ille,
691 4065 736 4117 si
786 4074 957 4118 tamen
1011 4082 1090 4119 me
1136 4068 1343 4131 videris,
1389 4067 1587 4137 inquit,
1633 4070 1843 4139 quando

256 4153 422 4207 tollar
464 4170 496 4206 a
545 4164 595 4206 te
641 4154 829 4225 (.'ln'd.,
880 4156 985 4226 10).
1035 4158 1177 4212 Vidit
1223 4159 1404 4226 igitur,
1446 4168 1499 4213 et
1528 4176 1647 4229 qua:
1690 4162 1845 4230 petiit

256 4246 597 4315 impetravit.
628 4246 751 4302 llaec
787 4247 991 4302 idcirco
1021 4249 1322 4314 retulimus,
1351 4252 1635 4306 ostendere
1662 4252 1844 4307 volen-

258 4346 341 4391 tes
392 4352 558 4407 quam
612 4339 790 4407 magni
836 4340 1016 4394 meriti
1059 4349 1281 4395 sanctus
1326 4342 1428 4396 iste
1474 4342 1635 4396 Pater
1662 4352 1845 4399 uoster

1942 3156 2289 3211 monasteriis
2336 3170 2365 3207 a
2416 3169 2474 3209 se
2521 3153 3084 3221 constitutis,.atquc
3140 3165 3240 3221 pro
3288 3147 3513 3219 penuria

1941 3265 2093 3319 aqua:
2130 3252 2196 3303 ad
2249 3263 2308 3303 se
2348 3246 2686 3301 venientibus
2756 3245 3013 3315 praecepit
3061 3256 3256 3298 cavare
3328 3254 3514 3310 rupem

1942 3354 2103 3409 super
2132 3353 2291 3407 quam
2321 3345 2430 3391 tres
2462 3351 2490 3389 a
2525 3351 2583 3391 se
2611 3335 2893 3405 impositos
2921 3333 3254 3389 invenissent
3284 3331 3512 3401 lapides.

1943 3430 2058 3497 Quo
2100 3430 2245 3486 facto
2288 3432 2409 3484 fons
2451 3428 2706 3483 continuo
2752 3427 2970 3497 prodiit,
3026 3426 3116 3497 qui
3161 3425 3429 3495 hodieque
3461 3423 3515 3478 in

1942 3527 2118 3580 rivum
2158 3524 2274 3579 fluit
2318 3524 2377 3592 (tt
2408 3522 2616 3593 Dialog.
2643 3538 2692 3577 c.
2726 3521 2804 3593 5).
2836 3521 3023 3575 Mulier
3054 3519 3317 3590 quzedam,
3347 3533 3375 3572 a
3402 3531 3517 3571 cre-

1942 3614 2117 3670 ditore
2166 3615 2269 3668 viri
2320 3613 2402 3667 sui
2443 3612 2556 3681 jam
2631 3611 2868 3667 defuncti
2915 3610 3239 3665 calumniam
3282 3608 3513 3678 patiens,

1943 3707 2118 3760 virum
2160 3704 2251 3760 Dei
2293 3703 2428 3758 adiit
2462 3702 2722 3767 Eliseum,
2760 3702 3043 3756 consilium
3071 3700 3137 3754 ab
3163 3714 3227 3754 co
3248 3697 3519 3766 simulque

1946 3799 2206 3853 auxilium
2235 3809 2513 3866 expetens.
2547 3797 2709 3867 Cujus
2742 3796 2951 3851 meritis
2985 3795 3162 3849 oleum
3208 3792 3349 3862 quod
3392 3806 3515 3845 mu-

1944 3888 2045 3943 lier
2074 3904 2132 3942 se
2163 3888 2405 3957 professa
2444 3888 2618 3942 fuerat
2663 3888 2863 3942 habere
2913 3887 2963 3940 in
3013 3895 3219 3938 tantum
3271 3880 3514 3936 excrevit

1944 3985 2080 4032 utet
2109 3977 2344 4032 debitum
2370 3977 2625 4032 creditori
2653 3977 2922 4037 redderet,
2961 3983 3011 4028 et
3051 3973 3172 4042 ipsi,
3213 3971 3352 4024 unde
3391 3985 3513 4025 cum

1944 4068 2068 4122 filiis
2104 4068 2334 4132 viveret,
2358 4067 2698 4122 abundanter
2719 4074 3021 4122 remaneret
3045 4063 3152 4134 (IV
3182 4064 3304 4134 Reg.
3334 4078 3406 4124 tv,
3435 4060 3512 4127 6).

1946 4159 2145 4215 Eodem
2183 4162 2342 4214 modo
2373 4159 2625 4215 dilectum
2660 4159 2887 4213 Domino
2910 4158 3259 4212 Benedictum
3291 4154 3508 4224 quidam

1946 4251 2097 4315 adiit,
2143 4264 2248 4304 aere
2292 4265 2512 4318 pressus
2553 4249 2753 4315 alieno,
2787 4248 3033 4303 duodeno
3073 4246 3279 4301 scilicet
3321 4244 3516 4299 solido-

1946 4361 2066 4400 rum
2112 4360 2360 4399 numero.
2422 4342 2518 4398 Cui
2564 4344 2684 4413 pius
2732 4341 2894 4396 Pater
2940 4340 3214 4404 subvenit,
3257 4336 3512 4392 tredecim

255 4429 453 4484 beatus
487 4430 684 4484 existat
711 4430 1065 4495 Benedictus,
1094 4433 1247 4503 cujus
1280 4450 1441 4503 opera
1478 4434 1550 4487 illi
1587 4445 1711 4489 sunt
1748 4450 1843 4505 per
1875 4455 1920 4514 ι)
1945 4436 2147 4490 solidos
2188 4435 2235 4488 ei
2268 4434 2620 4497 conferendo,
2666 4449 2803 4504 quos
2852 4433 3111 4488 divinitus
3156 4439 3512 4499 susceperat;

254 4521 444 4574 omnia
485 4520 703 4587 similia,
752 4522 841 4591 qui
874 4522 1121 4590 spiritum
1154 4523 1315 4587 Elite,
1346 4540 1409 4578 ac
1445 4540 1541 4593 per
1571 4526 1735 4581 Elisei
1765 4527 1843 4580 vi-

257 4610 489 4673 deliCet,
522 4625 642 4664 cum
681 4613 889 4667 actibus
930 4614 1257 4668 venerabilis
1302 4615 1577 4671 Benedicti
1628 4632 1847 4687 compa—

258 4709 405 4763 rata,
437 4700 492 4753 in
520 4701 662 4753 hunc
696 4703 911 4756 modum
936 4704 1189 4757 visuntur
1214 4719 1273 4759 se
1300 4706 1579 4760 habentia.
1605 4707 1843 4772 Eliseus,

258 4801 383 4860 post
416 4793 827 4849 translationem
876 4797 1165 4866 magistri,
1205 4799 1371 4867 pallio
1404 4801 1545 4867 quod
1589 4800 1659 4854 illi
1707 4802 1850 4855 ceci-

260 4884 418 4937 derat
441 4882 731 4939 Jordanem
758 4887 957 4954 divisit,
987 4898 1040 4941 et
1065 4890 1277 4943 transiit
1312 4890 1489 4958 (ibid,
1513 4890 1618 4959 14).
1651 4889 1847 4946 Beatus

261 4970 428 5026 Pater
471 4972 826 5041 Benedictus,
863 4977 1118 5032 dilectum
1151 4979 1471 5049 discipulum
1500 4998 1656 5037 suum
1698 4982 1849 5036 Man-

262 5080 382 5117 rum
410 5080 580 5133 super
600 5080 764 5134 aquas
791 5069 870 5121 sui
898 5069 1074 5123 meriti
1099 5070 1297 5124 virtute
1321 5073 1596 5127 ambulare
1621 5073 1845 5140 faciens,

265 5153 547 5182 Dlan:.lncui\
582 5170 797 5182 “anno.-an
830 5157 931 5182 :..--.
975 5159 1270 5182 J--..-....-._.-
1314 5179 1331 5181 η
1365 5162 1376 5182 Ι
1404 5166 1499 5182 ..-σιγ

1946 4527 2083 4581 dans
2121 4528 2171 4580 in
2205 4527 2473 4581 mandatis
2498 4533 2554 4579 ut
2589 4527 2868 4581 duodecim
2896 4525 3213 4581 faeneratori
3245 4524 3514 4585 redderet,

1950 4617 2169 4673 tertium
2194 4618 2462 4671 decimum
2490 4616 2553 4670 ad
2585 4633 2714 4671 usus
2736 4617 2984 4687 proprios
3012 4616 3271 4670 retineret
3294 4615 3354 4686 (ιι
3373 4612 3517 4667 Dial.

1949 4723 1999 4761 c.
2029 4707 2142 4775 27).
2196 4707 2458 4776 Itemque,
2506 4721 2634 4761 vase
2666 4708 2838 4761 vitreo
2885 4707 3085 4776 petenti
3133 4705 3359 4769 clerico,
3398 4718 3521 4756 cum

1947 4798 2066 4853 oleo
2114 4804 2262 4863 dato,
2296 4798 2361 4852 ad
2410 4797 2528 4866 ejus
2577 4798 2901 4862 orationem,
2953 4797 3154 4851 dolium
3187 4810 3412 4849 vacuum
3452 4793 3527 4844 ita

1949 4889 2201 4959 replevit,
2255 4898 2315 4943 ut
2364 4890 2810 4960 superexundans
2878 4888 3239 4958 pavimentum
3295 4880 3528 4939 madefa-

1920 4988 2117 5036 ceret.
2176 4979 2336 5035 Elisei
2399 4982 2572 5034 virtus
2640 4978 2943 5033 Sunamitis
3004 4976 3171 5029 lilium
3217 4972 3289 5025 ab
3346 4969 3535 5027 inferis

1947 5069 2177 5134 orando,
2212 5072 2493 5125 revocavit
2542 5070 2608 5124 ad
2656 5068 2848 5122 vitam.
2888 5062 3227 5120 Venerabilis
3254 5055 3540 5118 Benedicti

2903 5158 2948 5182 ξο-
2972 5153 3217 5182 η-Ληῖιιιια
3243 5152 3389 5182 ἥλιε-ἶ
3417 5147 3539 5182 11011.-
3570 5162 3573 5167 ”

2018 5169 2199 5182 -M!a-_,.
2254 5169 2437 5182 77.7-1‘7'
2475 5174 2706 5182 _---__.---.A
2740 5169 2915 5182 ιαμ--.ὲ
