4108 5412
509 335 614 392 855

1537 330 1794 388 ΑΙΜΟΙΝΙ
1834 329 2136 388 MONACIII
2176 327 2659 386 FLORlACENSIS

3667 321 3770 378 856

511 451 720 525 redegit
777 449 830 504 in
881 446 1122 505 nihilum.
1196 446 1428 501 Puerum
1473 460 1688 514 quoque
1744 446 1837 516 qui
1895 444 2089 499 ﬂasco—
2114 451 2161 505 Α
2190 457 2379 497 verum
2418 441 2657 512 pristino
2702 439 2843 496 visui
2881 437 3141 503 restituit,
3179 451 3317 507 pane
3345 443 3398 491 et
3425 437 3770 507 aquapavit,

508 557 637 600 nem
686 557 716 596 a
771 540 914 596 fideli
968 539 1087 594 viro
1145 537 1491 592 submissum'
1535 535 1723 591 furtim
1785 535 2087 591 absconde-

510 645 630 699 rat,
665 631 986 703 prophetico
1037 627 1260 698 spiritu,
1293 635 1499 697 pestem
1541 627 1811 696 serpentis
1846 626 1936 696 qui
1974 625 2088 695 jam

511 724 644 779 illud
683 737 779 777 vas
818 722 1133 784 intraverat,
1165 719 1368 774 vitaret
1407 718 1624 773 edocuit
1669 717 1728 789 (ιι
1757 716 1966 788 Dialog.
1992 733 2086 786 per

513 813 724 884 totum).
771 812 978 876 Tertia,
1013 811 1064 864 in
1099 811 1201 864 hoc
1239 822 1348 862 uno
1388 808 1552 862 Elisei
1585 806 1748 874 facto,
1783 807 1957 862 sancti
1985 806 2087 860 Pa-

512 905 616 959 tris
644 903 813 958 nostri
841 900 1112 956 Benedicti
1140 899 1313 954 virtus
1337 898 1550 960 enituit,
1581 897 1798 967 quando
1829 895 2088 951 infectum

509 1011 721 1052 veneno
764 1009 981 1064 panem,
1032 1008 1100 1048 ne
1144 992 1315 1062 pestis
1357 991 1422 1046 ad
1467 993 1652 1063 plures
1690 1000 1959 1061 serperet,
1992 1005 2092 1059 per

511 1101 733 1141 corvum
759 1084 916 1154 longe
941 1081 1187 1153 proiecit.

580 1175 722 1229 Ecce
757 1173 948 1244 quanti
996 1173 1138 1242 apud
1172 1171 1460 1226 Dominum
1491 1171 1668 1225 meriti
1707 1169 1936 1225 rutilans
1975 1183 2091 1223 mo-

508 1264 807 1319 nachorum
829 1276 1038 1333 gemma
1060 1262 1258 1317 existat
1279 1259 1619 1324 Benedictus,
1643 1259 1764 1316 luce
1780 1258 1982 1314 clarius
2001 1273 2091 1328 pa-

511 1365 608 1419 tet,
635 1356 728 1424 qui
759 1355 810 1408 in
833 1369 941 1409 uno
973 1353 1115 1408 illius
1136 1361 1281 1418 actu,
1303 1367 1464 1422 quem
1490 1361 1709 1408 sanctus
1731 1350 1966 1421 Spiritus
1992 1349 2091 1405 du-

508 1445 633 1515 plici
668 1444 931 1500 vestierat
965 1444 1131 1509 dono,
1173 1441 1511 1515 quadruplici
1559 1440 2086 1498 effulsitmiraculo:

509 1534 572 1590 in.
597 1531 769 1589 eﬂ‘uso
803 1533 1012 1589 scilicet
1039 1547 1249 1588 veneno
1283 1570 1299 1595 ,
1327 1531 1380 1585 in
1410 1531 1649 1588 ﬂascone
1678 1545 1801 1587 eum
1837 1539 2090 1601 serpente

510 1623 749 1690 detecto,
795 1622 853 1676 in
890 1622 1181 1678 obediente
1207 1637 1392 1687 corvo,
1422 1622 1476 1676 in
1503 1635 1640 1691 pane
1666 1619 1948 1676 mortifero
1974 1619 2092 1674 lon-

509 1711 634 1781 gius
681 1711 944 1787 proiecto.
989 1711 1048 1766 ιη
1097 1711 1294 1781 quibus
1335 1711 1672 1766 mirabilibus
1734 1711 1984 1781 quamvis
2033 1721 2089 1764 et

2191 541 2354 603 atque
2415 533 2482 586 ad
2543 546 2639 586 sua
2712 529 2893 586 redire
2950 527 3214 598 permisit.
3279 525 3620 582 Venerabilis
3676 526 3774 582 Be-

2191 623 2440 678 nedictus
2507 622 2819 677 saevientem
2885 619 3088 674 Zallam
3117 660 3132 685 ,
3204 619 3417 693 sibique
3481 618 3774 688 pertinaci-

2194 724 2274 769 ter
2318 715 2693 778 minitantem,
2757 713 2872 768 solo
2911 713 3030 768 visu
3088 710 3305 774 terruit,
3359 709 3487 764 cibo
3540 708 3773 772 refecit;

2190 813 2245 860 et
2296 813 2358 858 ut
2413 805 2666 873 deinceps
2727 805 2907 860 minus
2971 802 3208 859 crudelis
3256 810 3402 856 esset
3446 799 3563 856 solo
3620 799 3775 854 verbi

2189 906 2460 968 praecepto
2503 895 2698 951 etl‘eeit.
2739 894 2916 950 Eliseo
2954 894 3284 966 praedicente
3329 892 3438 960 regi
3478 891 3649 947 Israel
3691 890 3774 943 fa-

2193 1004 2356 1055 mem,
2390 1002 2531 1058 qum,
2568 986 2722 1058 Syris
2748 985 3121 1041 obsidentibus
3154 983 3481 1048 Samariam,
3513 984 3774 1053 populum

2189 1089 2492 1150 presserat,
2525 1077 2908 1134 abundantiam
2951 1076 3206 1131 frumenti
3252 1082 3562 1129 secuturam
3587 1112 3601 1135 ,
3649 1087 3775 1125 εικῆ

2192 1187 2330 1226 unus
2358 1172 2576 1233 ducum,
2622 1183 2787 1239 super
2816 1167 2970 1235 cujus
3006 1181 3226 1222 manum
3262 1181 3357 1218 rex
3400 1163 3772 1224 incumbebat,

2192 1261 2502 1317 incredulus
2541 1275 2605 1316 ac
2642 1258 2861 1315 rebellis
2897 1258 3172 1327 prophetae
3211 1256 3488 1317 existeret,
3538 1254 3656 1307 haec
3706 1253 3776 1306 ab

2189 1351 2382 1406 eodem
2411 1350 2528 1404 viro
2566 1348 2658 1404 Dei
2700 1347 2904 1404 audivit
2942 1365 2955 1399 :
3002 1344 3236 1408 Videbis,
3273 1343 3463 1413 inquit,
3496 1353 3544 1396 et
3586 1343 3777 1396 exinde

2193 1459 2296 1497 non
2334 1445 2570 1497 concedes
2599 1439 2705 1510 (IV
2736 1439 2860 1510 Reg.
2887 1455 2984 1504 vn,
3019 1439 3142 1508 l9).
3174 1437 3274 1504 Qui
3305 1437 3357 1490 in
3390 1435 3777 1490 incredulitate

2193 1546 2521 1602 permanens
2543 1569 2560 1595 ,
2592 1529 2746 1598 juxta
2787 1529 3013 1584 verbum
3054 1527 3300 1584 hominis
3333 1525 3456 1591 Dei,
3499 1524 3777 1582 sufficim-

2197 1625 2327 1678 tiam
2359 1623 2734 1678 alimentorum
2759 1620 2914 1684 vidit,
2943 1628 3000 1674 et
3029 1619 3081 1674 in
3107 1619 3334 1679 introitu
3365 1627 3649 1687 portarum
3680 1631 3778 1686 op-

2193 1728 2413 1782 pressus
2447 1728 2476 1766 a
2519 1712 2713 1782 pepulo
2750 1711 2959 1768 interiit
2995 1711 3168 1780 (ibid.,
3193 1710 3309 1779 20).
3351 1709 3504 1764 llaud
3543 1707 3774 1762 multum

513 1801 636 1857 aliis
663 1803 834 1873 possit
855 1802 1058 1873 aequari
1083 1801 1357 1868 Patribus,
1383 1801 1650 1871 prmeipue
1675 1810 1864 1856 sancto
1889 1799 2086 1862 Eliseo,
2121 1795 2170 1856 Β
2195 1806 2380 1876 dispar
2409 1805 2535 1860 huic
2571 1818 2737 1860 causa
2769 1803 2998 1866 exstitit,
3038 1817 3160 1857 cum
3208 1801 3426 1869 quidam
3455 1799 3709 1865 clericus,
3742 1814 3776 1852 a

512 1895 690 1950 nostri
755 1903 932 1950 tamen
982 1894 1086 1950 hoc
1141 1893 1316 1949 solum
1375 1893 1588 1949 exstitit
1639 1891 1942 1964 propositio
2005 1893 2088 1944 vi-

513 1992 634 2041 tam
690 1983 860 2052 hujus
902 1984 1077 2040 sancti
1125 1984 1335 2040 actibus
1399 1982 1652 2039 conferre
1706 1981 1839 2052 justi
1900 1982 2084 2038 Elisei.

508 2072 717 2145 Nempe
754 2063 966 2131 Eliseus
995 2077 1064 2131 de
1093 2077 1281 2145 viginti
1320 2077 1559 2146 panibus
1581 2092 1734 2131 esum
1765 2085 1982 2132 centum
2011 2076 2090 2129 vi-

516 2166 594 2220 ris
646 2165 908 2235 praebuit,
975 2166 1238 2237 panisque
1303 2165 1570 2236 superfuit
1619 2164 1750 2236 (IV
1805 2165 1929 2235 Reg.
1998 2181 2084 2232 ιν,

513 2254 606 2318 42,
637 2255 752 2327 44).
782 2256 1115 2312 Benedictus
1153 2256 1248 2311 Dei
1300 2255 1564 2322 famulus,
1608 2256 1867 2311 fratribus
1908 2256 2089 2325 inopia

507 2346 909 2410 laborantibus,
958 2347 1247 2403 collatione
1278 2348 1632 2403 ducentorum
1670 2348 1975 2404 modiorum
2011 2347 2092 2400 ra-

514 2439 670 2502 rime,
707 2440 973 2495 incertum
1016 2441 1158 2494 unde
1184 2440 1446 2505 advecta,
1498 2440 1760 2494 divinitus
1809 2439 2088 2496 subveniri

509 2531 766 2586 obtinuit.
816 2531 1112 2588 Laboranti
1157 2531 1395 2587 Naaman
1438 2532 1574 2604 Syro
1628 2532 1884 2600 pestifera
1927 2533 2090 2602 leprze

509 2621 854 2690 contagione,
887 2621 955 2676 ab
984 2621 1165 2678 Eliseo
1207 2635 1542 2693 praeceptum
1580 2632 1668 2680 est
1715 2633 1775 2678 ut
1816 2624 2090 2682 lavaretur

510 2711 718 2782 septies
753 2710 806 2766 in
843 2709 1100 2768 Jordane.
1142 2711 1246 2767 [vit
1290 2713 1477 2784 igitur,
1517 2713 1670 2779 lavit,
1714 2724 1770 2769 et
1800 2714 2090 2770 mundatus

509 2800 578 2855 ad
610 2799 783 2875 Syriae
830 2815 998 2873 regna
1039 2817 1315 2874 regressus
1354 2813 1439 2858 est
1483 2803 1534 2873 (Ι
1553 2802 1590 2856 ν
1635 2803 1764 2874 Reg.
1789 2819 1843 2872 v,
1880 2804 2088 2875 10-19).

508 2891 654 2948 Puer
699 2900 882 2949 autem
932 2895 1150 2963 quidam
1190 2895 1469 2965 parvulus,
1517 2895 1869 2966 elephantine
1899 2896 2090 2952 morbo

511 2999 835 3058 percussus,
893 2987 960 3041 ad
1012 2986 1106 3042 Dei
1157 2987 1428 3042 hominem
1467 2987 1815 3043 Benedictum
1871 2997 1956 3044 est
1990 2989 2087 3042 ad-

515 3075 742 3144 ductus;
791 3078 906 3148 qui,
945 3079 1175 3148 pristina
1223 3080 1456 3135 sanitate
1505 3089 1752 3151 recepta,
1806 3080 2091 3138 incolumis

518 3169 783 3223 remeavit
819 3169 886 3224 ad
916 3169 1156 3240 propria.
1189 3170 1339 3226 Alter
1377 3186 1616 3241 quoque,
1653 3172 1744 3242 qui
1773 3173 1968 3229 haustu
1996 3189 2085 3228 vc-

516 3260 647 3318 ueni
689 3261 1011 3316 varietatem
1054 3263 1357 3318 incurrerat
1399 3263 1573 3328 cutis.
1615 3279 1712 3337 per
1739 3264 1986 3319 eumdem
2016 3264 2093 3317 vi-

519 3365 643 3404 rum
694 3351 790 3406 Dei
832 3351 1187 3408 Benedictum
1231 3353 1468 3423 antiqua:
1500 3355 1743 3410 redditus
1769 3364 1852 3411 est
1878 3355 2092 3410 fornae.

521 3437 675 3494 Giczi
725 3455 859 3512 puer
901 3442 1003 3496 viri
1045 3442 1137 3497 Dei
1181 3442 1369 3507 Elisci,
1401 3459 1498 3511 per
1525 3445 1776 3514 spiritum
1799 3446 2094 3518 prophetiae

519 3529 893 3600 deprehensus
943 3535 1247 3604 suscepisse
1288 3549 1319 3589 a
1365 3535 1606 3590 Naaman
1664 3544 1844 3593 vestes
1880 3547 1935 3592 et
1971 3554 2092 3594 mu-

518 3618 672 3687 nera,
705 3623 872 3692 ipsius
902 3624 1062 3679 etiam
1087 3625 1318 3680 donatus
1344 3635 1428 3681 est
1458 3626 1609 3697 lepra.
1636 3626 1812 3698 (ibid.,
1841 3627 1933 3692 22,
1976 3629 2091 3700 27).

521 3709 820 3769 Monachus
875 3728 1115 3784 quoque,
1165 3715 1402 3781 hominis
1457 3717 1550 3771 Dei
1592 3716 1867 3775 BenediCti
1907 3718 2093 3773 itidem

521 3803 719 3873 spiritu
780 3806 1098 3876 prophetico
1135 3809 1352 3878 agnitus
1397 3811 1906 3868 sanctimonialibus
1949 3828 2095 3884 map-

518 3897 673 3968 pulas
686 3900 960 3969 accepisse
975 3900 993 3972 (
1010 3899 1134 3955 Vide
1152 3912 1316 3956 totum
1337 3901 1529 3957 librant
1547 3903 1886 3974 Dialogorum
1904 3904 2096 3975 Grego-

517 3987 629 4059 rii),
645 3987 860 4059 sibique
877 4003 969 4044 eas
982 3989 1034 4043 in
1051 3990 1225 4045 sinum
1243 3991 1481 4058 misisse;
1502 4008 1622 4048 mox
1634 4033 1648 4058 ,
1661 3992 1907 4049 confessa
1919 3993 2092 4062 culpa,

520 4094 629 4134 non
671 4093 854 4148 paena,
896 4082 989 4136 sed
1023 4081 1486 4154 indulgentissima
1527 4085 1754 4140 donatus
1796 4095 1879 4141 est
1918 4086 2094 4141 venia.

517 4171 594 4227 De
616 4171 780 4236 (erro,
802 4175 942 4241 quod
960 4188 1031 4230 ex
1053 4175 1320 4244 profundo
1335 4191 1490 4246 aquae
1519 4178 1697 4242 rediit,
1725 4179 1880 4234 nobis
1912 4189 2097 4236 tacen-

517 4259 674 4324 dum,
708 4271 1002 4316 utsummo
1036 4265 1249 4333 prmsuli
1301 4265 1562 4335 Gregorio
1607 4282 1878 4336 congruos
1923 4270 2098 4324 honor

519 4352 863 4418 exl'iibeatur,
895 4357 984 4424 qui
1027 4358 1171 4412 hunc
1204 4357 1574 4416 beatissimum
1604 4361 1821 4417 Patrem
1855 4373 2095 4418 nostrum

2191 1896 2458 1953 daemonio
2494 1910 2590 1966 per
2636 1894 2988 1950 Benedictum
3031 1892 3158 1950 Jesu
3187 1892 3391 1948 Christi
3439 1891 3653 1946 Domini
3695 1892 3778 1946 fa-

2191 1989 2394 2044 mulum
2437 1987 2728 2052 liberatus,
2770 1987 3092 2042 mandatum
3127 1986 3197 2041 ab
3223 2001 3289 2042 eo
3313 1985 3525 2054 accepit
3552 1999 3624 2039 ne
3647 1999 3776 2040 caro

2192 2093 2314 2134 nem
2362 2078 2701 2143 comederet,
2743 2091 2883 2132 neve
2923 2077 2991 2131 ad
3032 2091 3219 2133 sacros
3249 2077 3471 2132 ordines
3516 2075 3780 2130 accedere

2191 2172 2448 2235 auderet;
2498 2169 2640 2240 quod
2685 2169 2729 2223 si
2773 2178 3158 2239 praesumeret,
3204 2169 3386 2224 statim
3420 2166 3529 2236 juri
3573 2167 3779 2221 diaboli

2191 2261 2613 2332 manciparetur.
2643 2258 2745 2327 Qui
2769 2259 2822 2313 in
2846 2268 3108 2330 quantum
3129 2258 3248 2327 ejus
3273 2258 3426 2328 jussa
3456 2258 3779 2322 custodiuit,

2193 2353 2484 2410 incolumis
2527 2352 2749 2408 mansit.
2797 2353 2869 2408 At
2908 2352 2999 2407 ubi
3047 2353 3365 2408 inobediens
3405 2360 3460 2407 et
3497 2351 3663 2420 quasi
3694 2351 3786 2406 ori

2193 2443 2286 2498 Dei
2337 2442 2667 2510 incredulus,
2702 2443 2879 2497 sacris
2917 2458 2976 2498 se
3026 2443 3253 2513 ingessit
3298 2441 3610 2506 ordinibus;
3652 2457 3778 2496 mox

2191 2551 2484 2606 persuasus
2532 2551 2565 2590 a
2615 2534 2861 2590 darmone
2910 2535 2964 2590 in
3015 2537 3204 2590 eadem
3254 2549 3413 2605 poena
3473 2534 3780 2602 permansit

2193 2642 2364 2697 usque
2393 2627 2460 2682 ad
2494 2627 2700 2682 exitum
2729 2629 2874 2683 vitaz.
2906 2629 3122 2691 Azaele.
3152 2630 3242 2698 qui
3282 2639 3404 2698 post
3433 2630 3683 2699 regnavit
3724 2630 3779 2682 in

2194 2717 2371 2787 Syria,
2425 2717 2740 2774 consulente
2779 2719 3017 2774 Eliseum
3063 2734 3162 2789 pro
3188 2719 3360 2774 salute
3391 2720 3645 2773 Bcnadad
3677 2721 3775 2771 do-

2193 2810 2324 2864 mini
2354 2811 2459 2875 sui,
2489 2810 2638 2864 inter
2663 2811 2767 2865 alia
2803 2813 2940 2866 dixit
2988 2813 3074 2870 vir
3103 2812 3201 2866 Dei
3226 2812 3292 2866 ad
3320 2827 3442 2866 eum
3475 2829 3487 2864 :
3521 2809 3670 2873 Scio,
3698 2811 3776 2867 in-

2191 2905 2402 2974 quiens,
2435 2921 2553 2974 qua:
2589 2905 2732 2960 mala
2769 2905 3006 2975 facturus
3039 2908 3112 2960 sis
3137 2905 3265 2974 ﬁliis
3293 2904 3466 2962 Israel
3491 2919 3511 2957 :
3539 2905 3777 2957 civitates

2191 3008 2372 3046 eorum
2408 2993 2638 3047 munitas
2676 2992 2872 3062 capies,
2920 3001 3248 3062 prtegnantes
3283 2992 3510 3055 divides,
3545 2991 3778 3058 infantes

2120 3132 2164 3194 Ο
2196 3083 2374 3154 gladio
2413 3084 2693 3153 inter-ficia
2721 3084 2782 3156 (ι
2801 3082 2840 3137 γ
2875 3084 3003 3154 Reg.
3034 3101 3152 3151 vui,
3185 3084 3298 3154 i2).
3334 3084 3456 3138 Pari
3490 3084 3652 3137 modo
3685 3096 3778 3136 rex

2196 3174 2518 3239 Gothorum,
2550 3175 2746 3241 Totila,
2779 3177 2848 3232 ad
2875 3176 2968 3232 Dei
2997 3176 3267 3232 hominem
3298 3174 3652 3231 Benedictum
3681 3189 3776 3230 ve-

2195 3265 2371 3332 niens,
2399 3274 2560 3335 atque
2577 3271 2766 3322 coram
2789 3282 2854 3322 co
2881 3275 3184 3338 prostratus
3215 3267 3366 3326 etab
3395 3268 3507 3336 ipso
3535 3265 3603 3320 de
3633 3278 3780 3319 terra

2193 3356 2451 3419 elevatus,
2485 3355 2600 3411 lucc
2646 3356 2750 3411 sibi
2795 3356 3062 3414 dicentem
3104 3357 3352 3412 audivit:
3386 3375 3401 3407 ι
3437 3355 3603 3408 Multa
3637 3354 3778 3421 mala

2195 3446 2350 3509 iacis,
2385 3445 2553 3500 multa
2587 3446 2727 3500 mala
2759 3445 2960 3513 fecisti,
2981 3446 3096 3514 jam
3135 3448 3347 3504 tandem
3383 3448 3451 3508 ab
3489 3447 3780 3515 iniquitate

2195 3553 2559 3609 compescere.
2601 3539 2668 3593 Et
2730 3540 2948 3610 quidem
3008 3539 3233 3595 Romam
3292 3541 3638 3611 ingressurus
3695 3556 3775 3603 es,

2197 3647 2347 3687 mare
2403 3633 2752 3698 transiturus,
2805 3649 2998 3688 novem
3037 3634 3198 3689 annis
3233 3634 3507 3705 regnabis,
3565 3634 3778 3690 decimo

2197 3723 2462 3777 morieris.
2499 3743 2517 3776 ι

2268 3815 2334 3869 Ει
2365 3814 2512 3880 licet,
2545 3823 2602 3868 ut
2626 3813 2735 3883 jam
2764 3815 3082 3885 praedictum
3113 3822 3218 3879 est,
3248 3821 3448 3869 nostra:
3477 3827 3586 3867 non
3618 3812 3780 3868 fuerit

2198 3907 2516 3960 intentionis
2546 3906 2649 3961 nisi
2689 3915 2747 3960 ut
2781 3916 2936 3962 actus
2967 3907 3140 3962 sancti
3180 3905 3360 3960 Patris
3400 3905 3568 3960 nostri
3600 3905 3778 3960 Bene-

2198 3997 2327 4052 dicti
2376 4012 2498 4052 cum
2547 3997 2755 4052 actibus
2804 3996 3143 4053 solummodo
3208 3996 3348 4050 beati
3403 3993 3783 4051 conferremus

2198 4090 2398 4153 Elisaai,
2425 4099 2624 4152 tamen,
2647 4090 2772 4158 quia
2801 4093 3002 4144 mentio
3033 4089 3174 4159 regis
3201 4088 3390 4143 Totila:
3418 4097 3779 4157 opportunam

2197 4181 2429 4250 praebuit
2503 4181 2888 4244 occasionem,
2954 4195 3254 4250 congruum
3319 4179 3494 4232 visum
3555 4187 3644 4232 est
3714 4178 3784 4238 de

2198 4273 2432 4344 quodam
2495 4272 2600 4327 alio
2663 4281 2854 4328 sancto
2903 4273 3162 4342 propheta
3229 4272 3447 4340 dignum
3514 4270 3779 4323 memoria

2199 4373 2446 4420 retexere
2474 4363 2723 4429 verbum,
2773 4363 2914 4431 quod
2966 4363 3220 4417 collatmn
3268 4361 3557 4417 assimilari
3608 4363 3784 4430 possit

520 4442 899 4513 Benedictum,
941 4447 993 4500 in
1035 4448 1138 4503 hoc
1165 4450 1353 4522 signo,
1387 4451 1514 4506 huic
1560 4462 1750 4507 sancto
1793 4456 2094 4523 exaequavit
2125 4471 2174 4530 ι)
2201 4454 2291 4508 ιιιιί
2323 4467 2547 4524 ορειίιιιι
2581 4453 2740 4523 hujus
2767 4453 2950 4524 inclyti
2984 4451 3332 4508 confessoris.
3372 4451 3616 4519 Denique
3644 4467 3782 4504 uxor

523 4533 723 4589 Eliseo.
776 4534 964 4598 Porro,
1011 4541 1153 4607 quod
1209 4541 1418 4596 Eliseus
1465 4542 1690 4596 consilia
1743 4544 1884 4613 regis
1927 4544 2096 4615 Syria:

523 4626 846 4696 prophetico
911 4629 1100 4699 spiritu
1167 4633 1277 4704 regi
1341 4631 1505 4688 lsrael
1576 4648 1673 4704 per
1737 4635 2096 4690 internuntios

525 4719 887 4786 denuntiavit,
940 4722 1272 4778 assimilatur
1322 4725 1372 4779 ei
1431 4725 1530 4790 rei,
1586 4741 1709 4780 cum
1767 4725 2095 4781 venerabilis

527 4810 871 4879 Benedictus,
910 4816 975 4869 ad
1018 4817 1214 4869 fratres
1260 4817 1348 4885 qui
1392 4817 1655 4885 parietem
1705 4817 2098 4872 construebant

524 4901 767 4968 mittens,
804 4906 1012 4960 monuit
1063 4913 1122 4960 ut
1163 4907 1267 4961 sibi
1319 4917 1598 4972 caverent,
1651 4909 1780 4977 quia
1829 4908 2097 4978 malignus

529 4994 754 5064 Spiritus
781 4996 1044 5052 insidians
1070 4998 1136 5052 ad
1159 5014 1252 5053 cos
1281 5000 1509 5054 veniret.

601 5087 744 5144 Sane
773 5089 983 5147 Eliseus
1009 5107 1039 5146 a
1071 5091 1224 5162 Syris
1275 5091 1530 5149 obsessus
1575 5094 1892 5163 angelorum
1939 5111 2096 5151 exer-

531 5179 715 5224 ritum-
751 5181 853 5224 eihi
877 5183 1090 5224 Nhlilng
1121 5184 1172 5224 in
1199 5185 1458 5224 mutilinm
1486 5185 1708 5224 miecnm
1765 5201 1868 5224 nnn
1892 5188 2093 5224 virlanli

2198 4546 2508 4610 Jeroboam,
2544 4546 2633 4615 qui
2681 4561 2910 4616 peccare
2954 4546 3079 4600 fecit
3111 4544 3294 4609 Israel,
3325 4543 3636 4598 consultura
3684 4559 3782 4612 pro

2198 4637 2310 4692 ﬁlio
2338 4649 2436 4690 suo
2465 4643 2761 4705 aegrotante
2787 4635 3013 4690 Achiam
3041 4635 3382 4705 prophetam,
3415 4633 3504 4700 qui
3538 4633 3780 4699 caligan-

2200 4727 2341 4783 tibus
2368 4741 2478 4796 prae
2504 4733 2781 4782 senectute
2817 4725 2987 4780 oculis
3019 4724 3202 4778 videre
3229 4739 3333 4776 non
3361 4731 3597 4791 poterat,
3627 4720 3784 4782 adiit,

2198 4830 2406 4877 mutato
2447 4822 2662 4885 habitu,
2706 4834 2774 4873 ne
2811 4823 3202 4888 agnosceretur
3244 4829 3363 4883 qum
3405 4821 3566 4868 esset.
3605 4812 3782 4878 Quam

2197 4913 2501 4968 venientem
2557 4909 2885 4966 venerabilis
2948 4907 3212 4978 propheta
3265 4921 3369 4959 non
3429 4903 3777 4964 carnalibus.

2162 5035 2163 5038 η
2198 5007 2291 5062 sed
2321 5004 2688 5075 spiritualibus
2721 5003 2935 5056 intuens
2970 4999 3171 5062 oculis,
3203 4999 3278 5051 ait
3305 4998 3370 5051 ad
3401 5012 3518 5050 eam
3547 5010 3568 5047 εν
3591 4994 3778 5064 Ingre-

2198 5097 2340 5159 dere,
2382 5111 2514 5148 uxor
2545 5093 2865 5156 Jeroboam;
2902 5107 3065 5162 quare
3109 5099 3156 5143 te
3181 5105 3290 5143 esse
3334 5087 3494 5140 aliam
3521 5084 3786 5139 simulas?

2200 5186 2318 5224 1111
2350 5186 2452 5224 ηοη
2508 5201 2600 5224 τιν
2653 5185 2685 5224 Ω
2714 5185 2732 5224 ‘.
2761 5183 2894 5224 "uin
2927 5183 3000 5224 ιιιιί
3031 5182 3157 5224 illud
3185 5192 3260 5224 ρει
3284 5180 3616 5224 simillimum
3638 5177 3782 5224 (111οἀ
