4108 5412
283 257 382 319 85⁷1

1463 254 1697 310 SERMO
1741 255 1827 310 DE
1868 257 1924 312 S.
1964 255 2369 314 BENEDICTO.

3446 253 3549 312 858

285 401 348 439 ex
391 380 588 438 ducum
630 373 906 444 obsequiis
943 387 1036 427 rex
1070 378 1370 443 putaretur.
1413 369 1510 423 Cui
1562 369 1866 424 advenienti
1898 373 1940 430 Α
1972 368 2132 425 Patre
2175 371 2505 436 ubicunque,
2553 386 2651 440 per
2678 373 2870 433 tribus,
2915 387 3010 441 per
3060 370 3289 440 linguas,
3332 384 3427 440 per
3459 387 3554 423 ua-

286 488 581 532 ccenrrens
627 470 722 524 Dei
773 465 1024 528 famulus,
1073 464 1248 518 adhuc
1296 462 1508 529 longius
1550 462 1865 522 constituto,

288 571 534 624 clamans
586 559 919 634 imperavit:
959 576 976 608 ι
1011 557 1175 616 Pone,
1229 555 1322 618 fili,
1375 569 1510 624 pone
1570 554 1671 607 hoc
1727 551 1868 622 quod

290 666 502 730 portas;
549 671 652 708 non
695 660 778 706 est
828 659 997 703 tuum.
1033 667 1050 698 ›
1079 647 1196 712 Quo
1225 661 1348 700 cum
1382 646 1576 699 rubore
1600 644 1666 697 ad
1701 644 1871 699 domi-

292 767 420 806 num
459 764 617 804 suum
649 760 886 806 reverso,
921 743 1034 812 ipse
1071 738 1267 804 Totila,
1298 754 1393 808 per
1419 737 1769 807 semetipsum
1805 736 1871 790 ad

292 842 386 896 Dei
418 839 696 894 hominem
743 833 990 894 accessit,
1039 840 1095 886 et
1133 847 1252 899 quae
1284 829 1537 901 praedicta
1575 838 1701 884 sunt
1745 842 1872 897 pro-

291 935 470 1006 pheta:
503 931 666 984 verba
696 926 762 980 ab
783 941 849 981 eo
876 925 1099 978 audivit.

327 1023 565 1088 ,\'crum
608 1035 708 1074 nos
753 1019 820 1071 ad
862 1024 1104 1071 nostrum
1155 1013 1439 1069 redeamus
1482 1011 1740 1074 Eliseum,
1778 1026 1877 1064 no-

293 1127 468 1171 strum
501 1113 710 1182 utique,
740 1111 863 1180 quia
897 1108 1052 1178 cujus
1080 1121 1242 1176 opera
1284 1107 1456 1160 sancti
1493 1103 1670 1158 Patris
1708 1101 1878 1156 nostri

293 1203 574 1260 Benedicti
607 1201 862 1272 operibus
888 1207 1015 1254 sunt
1049 1197 1247 1251 similia
1279 1197 1422 1250 hunc
1454 1209 1553 1248 nos
1578 1207 1688 1262 prae
1721 1200 1879 1245 (aete-

295 1299 372 1351 ris
401 1295 685 1366 prophetis
719 1293 940 1364 dignum
971 1289 1220 1344 ducimus
1259 1288 1549 1343 dilectione
1586 1285 1878 1357 pra'cipua.

298 1387 566 1443 Ultimum
593 1401 726 1457 ergo
753 1383 870 1454 ejus
915 1382 1299 1438 miraculorum
1334 1397 1458 1435 cum
1500 1395 1626 1443 uno,
1659 1377 1752 1433 sed
1785 1390 1879 1430 ne-

296 1492 576 1546 quaquam
603 1487 868 1537 extremo,
901 1473 1228 1528 mirabilinm
1260 1470 1584 1526 venerabilis
1609 1467 1882 1523 Benedicti

298 1580 700 1635 comparemus.
727 1564 860 1619 Nam
885 1579 1006 1618 cum
1035 1563 1176 1618 idem
1203 1577 1394 1616 servus
1419 1561 1546 1625 Dei,
1578 1574 1609 1613 e
1635 1556 1884 1630 priescnti

300 1658 632 1712 excessisset
679 1656 812 1720 vita,
845 1663 965 1724 post
1013 1669 1118 1708 non
1159 1653 1374 1724 longum
1405 1661 1636 1722 tempus.
1667 1648 1884 1718 quidam

1973 459 2147 513 tiones
2172 461 2326 514 electi
2356 462 2447 515 Dei
2481 461 2710 526 dilatati,
2737 470 2865 515 sunt
2891 470 3112 530 paterna
3140 460 3552 514 mansuetudine

1977 548 2071 603 filii
2099 550 2378 620 appellati,
2415 561 2470 605 ut
2494 553 2643 606 suavi
2674 550 2798 620 iuqo
2826 551 3030 606 Christi
3061 549 3198 606 colla
3230 549 3555 604 submittant

1975 643 2361 697 admouentur.

2048 735 2114 789 Et
2136 737 2252 790 lucc
2276 735 2496 806 quidam
2521 753 2550 789 a
2576 737 2730 792 nobis
2761 736 3078 792 abbreviato
3122 735 3281 790 modo
3305 733 3556 804 loquendi

1976 828 2119 881 dicta
2168 827 2469 882 fautoribus
2519 837 2624 882 tam
2677 829 2862 900 inclyti
2916 827 3262 890 confessoris,
3315 841 3557 887 oramus,

1978 919 2124 973 haud
2148 934 2420 990 quaquam
2445 921 2790 990 displiceant.
2823 922 3090 975 Cazterum
3113 935 3174 973 ea
3198 934 3316 988 qua:
3342 933 3371 972 a
3403 919 3560 971 beato

1981 1010 2248 1082 Gregorio
2283 1011 2554 1082 descripta
2587 1022 2732 1076 sunt,
2761 1012 2878 1084 ejus
2902 1011 3259 1081 relinquimus
3290 1008 3561 1064 excellen-

1983 1102 2092 1155 tiae.
2128 1101 2241 1157 lloc
2265 1101 2333 1156 de
2361 1101 2538 1167 nobis,
2583 1103 2768 1172 procul
2809 1103 2971 1157 dubio
3018 1103 3334 1173 profitentes
3360 1115 3566 1169 nequa-

1986 1209 2149 1263 quam
2183 1193 2409 1264 gloriam
2441 1194 2581 1250 santi
2614 1193 2793 1249 Patris
2825 1194 3024 1248 nostris
3060 1191 3311 1247 laudibus
3339 1206 3405 1246 eo
3434 1205 3562 1260 pro-

1983 1284 2168 1353 pagari
2203 1300 2312 1354 quo
2333 1300 2453 1338 eam
2487 1285 2845 1354 promulgavit
2871 1284 3044 1339 dulcis
3069 1283 3378 1353 eloquentia
3407 1280 3565 1351 hujus

1989 1375 2259 1444 prmsulis.
2293 1375 2396 1443 Qui
2430 1376 2682 1442 videlicet
2717 1377 2909 1432 beatus
2937 1391 3072 1448 papa
3111 1376 3190 1444 (S.
3222 1374 3568 1445 Gregorius),

1988 1467 2064 1519 uti
2105 1464 2361 1531 Joannes,
2398 1467 2621 1536 majoris
2650 1468 2769 1539 ejus
2801 1467 3274 1536 Vitaedescriptor,
3317 1474 3566 1528 testatur,

1989 1560 2170 1615 missis
2202 1559 2498 1631 Anglorum
2532 1561 2676 1632 genti
2716 1560 3187 1630 praedicatoribus,
3219 1556 3376 1626 hujus
3419 1573 3572 1611 mau-

1991 1648 2289 1704 suetissimi
2325 1649 2652 1722 legislatoris
2699 1650 3126 1713 institutionem,
3170 1656 3292 1717 post
3324 1653 3575 1701 sanctum

301 1745 632 1816 sepelientes
677 1745 969 1808 hominem,
1018 1743 1150 1798 visis
1190 1719 1890 1811 latronibus,projecerunt
1919 1719 1962 1778 Β
1997 1741 2357 1810 evangelium,
2381 1719 2653 1812 praecipue
2675 1741 3071 1797 observandqu
3096 1739 3339 1794 tradidit.
3364 1737 3575 1806 Quique

303 1838 542 1893 cadaver
581 1839 634 1890 in
673 1834 920 1905 sepulcro
963 1833 1146 1889 Elisei.
1179 1833 1345 1902 Cujus
1386 1841 1528 1887 tactu
1576 1846 1695 1886 mox
1746 1844 1894 1884 mor-

307 1939 430 1984 tuus
479 1944 727 1998 surgens,
776 1927 844 1981 ad
891 1927 1106 2000 propria
1151 1927 1329 1982 rediit.
1365 1925 1482 1982 Per
1521 1924 1894 1980 beatissimum

305 2032 526 2090 quoque
573 2016 953 2082 Benedictum,
983 2033 1049 2072 ac
1089 2016 1207 2085 ejus
1237 2016 1602 2071 venerabilem
1653 2028 1895 2069 sororem

309 2108 732 2175 Scholasticam,
764 2108 889 2163 dum
916 2108 984 2162 ab
1010 2107 1172 2162 Italiae
1200 2107 1472 2177 partibus,
1497 2121 1684 2162 eorum
1716 2118 1901 2159 saera-

313 2200 525 2254 tissima
585 2213 709 2254 ossa
761 2199 1015 2269 gaudenti
1085 2198 1474 2253 inveherentur
1527 2195 1738 2260 Galliae,
1795 2196 1900 2251 duo

311 2289 513 2347 mortui
546 2290 667 2344 vita:
698 2299 825 2344 sunt
858 2289 1072 2345 redditi.
1103 2291 1169 2344 Et
1213 2290 1327 2345 lucc
1355 2289 1572 2360 quidem
1606 2303 1724 2358 ane
1755 2294 1901 2342 retu-

313 2381 474 2435 limus
505 2381 664 2436 beato
700 2380 844 2435 Patri
875 2390 1062 2437 nostro
1090 2381 1406 2447 Benedicto,
1452 2388 1506 2433 et
1541 2388 1732 2432 sancto
1776 2391 1901 2447 pro-

314 2473 490 2542 pheta:
521 2472 699 2526 Eliseo
726 2473 1035 2527 communia
1069 2483 1216 2528 sunt.
1251 2471 1514 2527 Veremur
1534 2471 1786 2541 equidem
1834 2484 1904 2524 ne

316 2578 344 2618 a
375 2561 618 2632 quolibet
645 2571 948 2617 amatorqu
975 2561 1134 2632 hujus
1162 2563 1361 2634 egregii
1393 2562 1724 2618 confessoris
1746 2561 1903 2616 nobis

315 2653 610 2722 objiciatur
638 2655 801 2722 quod,
841 2656 966 2707 dum
999 2669 1120 2708 eum
1170 2654 1416 2709 laudibus
1447 2653 1708 2708 extollere
1755 2652 1902 2721 cupi-

317 2759 460 2805 mus,
495 2751 823 2798 exteunasse
869 2745 967 2799 visi
1023 2746 1213 2810 simus,
1243 2761 1366 2799 cum
1407 2760 1528 2798 eum
1578 2745 1667 2798 uni
1707 2743 1904 2798 solum-

319 2836 493 2888 modo
549 2838 826 2906 prophetae
879 2839 1339 2908 comparavimus.
1391 2837 1609 2903 Verum,
1659 2837 1906 2907 quisquis

318 2924 408 2979 ille
435 2925 564 2992 erit,
598 2927 751 2992 sciat,
784 2935 838 2982 et
877 2928 978 2982 hoc
1018 2927 1119 2982 sibi
1160 2944 1476 2998 responsum
1507 2943 1628 2983 esse
1663 2929 1902 2992 deputet,

319 3030 429 3069 non
463 3031 566 3070 nos
603 3016 747 3069 illum
774 3018 995 3071 cuilibet
1035 3033 1103 3072 ex
1132 3018 1433 3088 prophetis,
1479 3019 1572 3072 sed
1623 3017 1696 3071 illi
1730 3018 1903 3086 ipSum

1999 1831 2055 1886 in
2115 1831 2342 1903 Dialogo
2390 1849 2511 1898 suo,
2566 1843 2692 1904 pOSt
2745 1832 3182 1904 explanationem
3226 1829 3362 1884 Vita:
3403 1827 3576 1898 ipsius

1997 1925 2336 1980 sanctissimi
2380 1925 2581 1993 Patris,
2633 1941 2796 1998 quam
2845 1924 3085 1981 secundo
3124 1921 3468 1994 posuitloco,
3519 1921 3572 1975 in

2001 2017 2162 2072 tertio
2193 2017 2488 2083 volumine,
2546 2018 2790 2089 capitulo
2816 2033 2926 2083 va,
2955 2017 3108 2086 quasi
3153 2032 3275 2086 qua:
3310 2014 3578 2070 memoria

1998 2109 2354 2173 excessisent,
2377 2109 2623 2178 quaedam
2665 2109 2730 2164 de
2761 2107 2878 2178 ipso
2904 2107 3102 2163 intulit.
3133 2107 3267 2162 Dum
3320 2105 3387 2159 de
3444 2120 3580 2174 quo-

2000 2199 2123 2254 dam
2147 2209 2335 2254 sancto
2348 2200 2485 2265 viro,
2507 2199 2737 2255 Martino
2763 2197 3000 2264 nomine,
3028 2197 3366 2268 loqueretur,
3395 2196 3469 2251 ita
3498 2195 3580 2250 in-

2003 2292 2228 2362 quiens:
2263 2309 2280 2342 ι
2311 2291 2410 2346 Hic
2437 2293 2522 2346 vir
2546 2291 2781 2356 Domini,
2806 2290 2953 2346 haud
2976 2289 3199 2345 dubium
3232 2289 3360 2359 quin
3385 2286 3578 2342 Marti-

2004 2399 2128 2450 nus,
2159 2399 2280 2438 cum
2307 2383 2457 2454 prius
2484 2384 2537 2438 in
2563 2383 2752 2439 eodem
2783 2392 2968 2437 monte
2991 2397 3049 2438 se
3072 2380 3324 2445 contulit,
3352 2379 3580 2435 necdum

2003 2479 2190 2533 clauso
2239 2494 2399 2548 specu
2449 2479 2720 2542 habitans,
2761 2487 2951 2532 catena
3008 2475 3109 2530 sibi
3163 2473 3339 2528 ferrea
3391 2472 3580 2541 pedem

2003 2572 2208 2642 ligavit,
2240 2585 2470 2640 eamque
2491 2585 2623 2624 saxo
2643 2584 2708 2623 ex
2733 2577 2885 2639 parte
2913 2567 3078 2620 altera
3099 2564 3299 2628 aﬂixit;
3330 2579 3398 2618 ne
3443 2562 3585 2615 ultra

2004 2665 2052 2718 ei
2084 2663 2268 2717 liceret
2308 2660 2557 2731 progredi
2607 2675 2769 2728 quam
2801 2667 3007 2713 catena:
3035 2655 3274 2725 ejusdem
3308 2653 3586 2724 quantitas

2007 2752 2351 2807 tendebatur.
2383 2749 2536 2817 Quod
2563 2749 2649 2804 vir
2702 2748 2826 2802 vita:
2874 2746 3204 2802 venerabilis
3253 2742 3586 2798 Benedictus

2008 2844 2251 2906 audiens,
2283 2840 2435 2910 cujus
2463 2840 2712 2910 superius
2727 2839 3044 2893 memoriam
3070 2837 3192 2901 feci,
3226 2836 3274 2891 ei
3307 2833 3588 2906 perdisci-

2010 2933 2196 3003 pulum
2214 2947 2370 2986 suum
2395 2929 2654 2984 mandare
2682 2929 2922 2983 curavit:
2956 2927 3011 2982 Si
3042 2942 3232 2981 servus
3254 2926 3349 2979 Dei
3375 2940 3454 2989 es,
3483 2938 3590 2977 non

2016 3033 2069 3078 te
2101 3031 2282 3077 teneat
2334 3031 2528 3076 catena
2589 3018 2788 3084 ferrea,
2847 3019 2940 3073 sed
2995 3025 3188 3072 catena
3235 3015 3463 3071 Christi.
3503 3013 3591 3070 Ad

319 3121 642 3176 exmquasse
673 3109 726 3163 in
753 3124 858 3178 quo
883 3109 1076 3179 duplex
1119 3110 1247 3166 Elia:
1285 3111 1550 3180 requievit
1577 3111 1818 3180 spiritus.
1847 3109 1912 3164 Et
1936 3081 1984 3146 ο
2014 3129 2176 3182 quam
2203 3126 2392 3167 vocem
2427 3111 2674 3180 protinus
2714 3109 2980 3163 Martinus
2998 3109 3244 3162 eamdem
3276 3103 3595 3174 compedem

322 3211 392 3251 ne
423 3196 661 3266 obiectio
709 3199 810 3254 ista
857 3201 1176 3270 praevaleat,
1224 3202 1562 3266 succinctim,
1608 3203 1652 3256 si
1708 3202 1908 3272 placet,

323 3297 641 3357 coaequetur
687 3299 794 3342 tam
857 3291 1010 3346 novis
1069 3304 1232 3358 quam
1291 3291 1527 3360 antiquis
1587 3290 1838 3347 Patribus
1895 3311 1908 3347 :

326 3380 380 3436 in
440 3378 839 3434 restauratione
905 3378 1156 3434 videlicet
1209 3380 1515 3449 capisterii,
1583 3379 1776 3436 Joanni
1828 3383 1914 3437 di-

328 3469 470 3524 lecto
550 3468 802 3533 Domini,
865 3469 956 3539 qui
1021 3470 1323 3541 fragmenta
1391 3487 1727 3542 gemmarum
1787 3489 1915 3528 eon-

321 3561 506 3632 junxit
555 3561 608 3616 in
652 3559 912 3624 solidum;
947 3562 1001 3617 in
1047 3563 1466 3618 conversatione
1511 3565 1677 3619 eremi
1719 3579 1748 3618 a
1779 3579 1913 3634 pue-

330 3658 454 3718 ritia
484 3697 500 3721 ,
550 3656 716 3722 Elite,
777 3656 862 3711 vel
912 3656 1164 3726 Baptistae
1217 3655 1439 3720 Joanni;
1496 3658 1549 3712 in
1601 3657 1916 3714 dimissione

328 3748 704 3820 przclationis,
763 3746 1019 3812 Samueli,
1077 3764 1172 3803 seu
1237 3749 1338 3820 ipsi
1385 3750 1641 3820 Baptista:
1684 3747 1914 3815 Joanni,

330 3839 462 3908 qui,
520 3853 733 3893 summo
768 3840 1081 3909 progenitus
1133 3841 1450 3906 sacerdote,
1508 3841 1699 3896 maluit
1749 3840 1916 3896 eremi

333 3932 558 3984 deserta
603 3929 836 3985 incolere
882 3945 1043 4000 quam
1088 3933 1380 3987 sacerdotii
1426 3932 1789 4002 principatum
1843 3942 1921 3986 te-

332 4035 502 4085 nere;
536 4020 586 4073 iu
623 4021 904 4090 prophetia
931 4022 1311 4079 destructionis
1340 4025 1655 4080 monasterii
1692 4027 1799 4089 sui,
1825 4040 1918 4078 seu

334 4109 708 4164 snbversionis
761 4111 1017 4166 Romanas
1069 4112 1218 4167 urbis
1249 4152 1264 4178 ,
1339 4112 1534 4178 Isaizc,
1593 4111 1677 4168 vel
1741 4114 1922 4183 potius

333 4199 620 4266 Jeremize,
679 4201 769 4270 qui
817 4202 1024 4256 ruinam
1073 4203 1222 4258 urbis
1272 4203 1766 4276 llierosolymarum
1819 4205 1922 4259 (Ιιι⁴

334 4292 468 4360 plici
493 4291 699 4362 planxit
730 4293 1038 4363 alphabeto.
1072 4294 1285 4350 Domini
1311 4311 1530 4366 quoque
1559 4296 1642 4351 sui
1671 4297 1923 4351 videlicet

2015 3203 2197 3258 solvit.
2244 3203 2350 3257 Sed
2389 3216 2666 3270 nunquam
2710 3199 3049 3270 postmodum
3093 3199 3328 3254 solutum
3365 3194 3598 3252 tetendit

2017 3294 2207 3364 pedem
2244 3293 2386 3348 ultra
2428 3292 2604 3348 locum
2638 3307 2746 3362 quo
2773 3291 2919 3346 hunc
2965 3291 3188 3346 tendere
3216 3286 3438 3359 ligatum
3462 3302 3594 3342 con-

2017 3389 2285 3438 sueverat.
2307 3401 2326 3434 ι
2357 3381 2414 3436 ln
2437 3391 2636 3452 quarto
2661 3396 2876 3452 quoque
2899 3379 3193 3446 volumine,
3212 3380 3336 3435 dum
3361 3380 3426 3434 de
3448 3378 3598 3432 exitu

2018 3475 2331 3545 loqueretur
2351 3475 2680 3538 animarum,
2701 3473 3025 3528 miraculum
3046 3473 3261 3542 quodin
3289 3471 3407 3525 Vita
3432 3471 3600 3540 ipsius

2021 3568 2351 3638 legislatoris
2397 3567 2567 3622 nostri
2599 3565 2872 3621 Benedicti
2933 3565 3318 3635 descripserat,
3351 3563 3602 3632 quodque

2018 3673 2117 3728 pro
2164 3658 2248 3713 sui
2281 3657 2650 3726 magnitudine
2697 3657 2836 3726 apud
2891 3656 3229 3710 infirmorum
3278 3663 3487 3708 mentes
3541 3655 3597 3706 in

2020 3751 2242 3805 dubium
2299 3747 2550 3802 fortassis
2605 3747 2860 3802 devenire
2902 3755 3151 3817 poterat,
3192 3744 3608 3813 rccapitulando

2021 3839 2260 3895 inferens
2325 3838 2466 3892 aliud
2505 3838 2648 3908 quod
2691 3837 2911 3892 minime
2963 3836 3244 3899 retulerat,
3295 3834 3596 3904 subjunxit.

2019 3929 2110 3985 Ait
2133 3930 2275 3984 enim
2326 3929 2564 3998 capitulo
2605 3936 2798 3983 octavo
2823 3927 2894 3980 ita
2930 3945 2943 3981 :
2987 3945 3006 3978 ι
3065 3927 3118 3980 lu
3163 3925 3400 3980 secundo
3446 3924 3604 3994 hujus

2021 4015 2201 4086 operis
2230 4014 2366 4068 libro
2389 4013 2500 4082 jam
2549 4012 2806 4082 praefatus
2835 4027 2954 4066 sum
2984 4010 3126 4080 quod
3167 4012 3248 4065 vir
3280 4009 3609 4063 venerabilis

2026 4113 2371 4176 Benedictus,
2419 4112 2562 4166 sicut
2585 4128 2612 4165 a
2645 4110 2896 4172 fidelibus
2918 4109 3035 4177 ejus
3065 4109 3342 4177 discipulis
3385 4109 3602 4179 agnovi,

2025 4203 2182 4273 longe
2210 4219 2241 4258 a
2289 4202 2543 4272 Gapuaua
2589 4202 2722 4256 urbe
2773 4203 3002 4271 positus,
3048 4201 3306 4257 Germani
3363 4199 3614 4268 ejusdent

2027 4296 2179 4350 urbis
2206 4295 2442 4365 episcopi
2474 4296 2710 4349 animam
2744 4303 2903 4349 nocte
2953 4295 3128 4348 media
3183 4293 3234 4346 in
3260 4292 3418 4363 globo
3451 4292 3608 4365 igneo

339 4381 722 4450 Redemptoris
759 4384 1001 4436 oiunium
1030 4381 1156 4437 .lesu
1211 4384 1416 4440 Christi
1463 4385 1706 4440 imitatus
1736 4399 1921 4440 exem-
1955 4427 2001 4483 Β
2029 4388 2094 4442 ad
2145 4387 2342 4441 cmlum
2383 4387 2511 4441 ferri
2551 4388 2620 4442 ab
2677 4387 2882 4457 angelis
2922 4387 3148 4454 aspexit.
3201 4386 3301 4452 Qui
3359 4397 3608 4440 eamuem

338 4474 491 4544 plum
521 4473 573 4526 in
598 4474 698 4528 hoc
727 4474 867 4528 facto
887 4487 970 4529 est
998 4493 1011 4528 :
1037 4477 1239 4532 etenim
1261 4477 1528 4547 benignus
1552 4476 1708 4533 Jesus
1735 4479 1922 4532 odicn-

343 4569 414 4621 tis
447 4581 507 4620 se
537 4567 920 4637 Hierosolyma:
946 4569 1184 4624 civitatis
1226 4571 1588 4624 eversionem
1623 4571 1928 4640 lacrymans

342 4657 616 4729 prmdixit.
662 4657 792 4726 Ejus
846 4667 1027 4712 autem
1075 4675 1238 4714 verus
1291 4658 1525 4714 famulus
1581 4659 1925 4725 Benedictus,

344 4748 556 4802 dilecta:
575 4748 678 4802 sibi
695 4747 1042 4805 habitationis
1055 4749 1350 4818 domicilia,
1372 4750 1635 4804 divinitus
1655 4749 1926 4807 eversioni

346 4839 591 4908 gentium
651 4839 874 4906 tradita,
927 4839 1127 4896 deflens
1157 4856 1222 4898 ac
1262 4841 1624 4912 ingemiscens
1679 4858 1930 4913 praznun~

348 4931 520 4985 tiavit.

416 5020 738 5085 Enimvero,
778 5020 950 5074 Eliam
972 5023 1116 5078 corvi
1141 5024 1414 5094 quondam
1439 5038 1638 5093 pavere
1669 5023 1928 5089 ministri,

2030 4493 2246 4549 quoque
2268 4479 2650 4533 ascendentem
2681 4477 2916 4531 animam
2955 4477 3187 4538 intuens,
3225 4477 3421 4531 mentis
3453 4475 3610 4530 [ειμι-

2033 4580 2086 4625 to
2107 4570 2250 4636 sinu,
2275 4571 2430 4638 quasi
2458 4570 2558 4624 sub
2589 4584 2696 4623 uno
2718 4567 2850 4622 solis
2891 4567 3066 4633 radio,
3117 4576 3376 4622 cunctum
3416 4567 3468 4620 in
3498 4564 3618 4618 suis

2033 4662 2207 4718 oculis
2236 4663 2495 4717 mundum
2519 4661 2803 4716 collectum
2836 4660 2988 4714 vidit.
3023 4659 3240 4714 Eisdem
3264 4673 3481 4727 quoque
3506 4656 3615 4708 dis.

2031 4753 2224 4822 cipnbs
2247 4754 2395 4807 beati
2427 4749 2699 4805 Benedicti
2733 4749 3101 4808 narrantibus,
3151 4746 3314 4800 didici
3350 4745 3475 4816 quia
3513 4742 3630 4794 duo:

2032 4843 2242 4901 nobiles
2271 4844 2369 4897 viri
2395 4853 2556 4911 atque
2603 4840 2964 4894 exterioribus
2998 4838 3196 4892 studiis
3232 4835 3463 4896 eruditi,
3511 4845 3630 4897 ger-

2033 4937 2180 4992 mani
2231 4937 2451 4999 fratres,
2483 4949 2714 5003 quorum
2760 4947 2903 4986 unus
2953 4931 3266 4998 Speciosus,
3319 4931 3465 4983 alter
3499 4934 3642 4971 vero.

2033 5028 2335 5095 Gregorius
2365 5027 2665 5087 dicebatur,
2705 5022 2823 5092 ejus
2853 5037 2912 5075 se
2946 5019 3142 5088 regula:
3191 5018 3242 5070 in
3274 5025 3485 5076 sancta
3518 5022 3646 5095 cou-

3470 5092 3649 5122 _...L”:.-
