4108 5412
478 302 584 362 859

1515 303 1777 360 AIMOINI
1811 300 2117 361 MONACHI
2156 298 2649 358 FLORIACENSIS

3642 303 3746 361 860

476 416 713 472 utilitate
767 417 1080 472 monasterii
1106 415 1261 485 juxta
1296 415 1606 487 Capuanam
1631 419 1819 472 urbem
1853 418 2052 472 missus
2084 418 2127 476 Α
2157 413 2374 484 Templa
2418 416 2652 471 ruinosis
2673 415 2756 470 his
2779 417 2906 473 olim
2926 425 3203 476 struxerat
3238 421 3350 476 aris

478 507 688 572 fuisset,
720 508 806 563 die
843 508 1075 578 quadarn
1111 508 1278 562 frater
1307 506 1422 574 ejus
1445 507 1761 577 Gregorius.
1793 523 1914 562 eum
1945 506 2054 561 fra-

480 601 656 655 tribus
699 601 766 656 ad
805 616 1045 655 mensam
1100 601 1294 655 sedens
1346 609 1506 670 atque
1557 617 1909 665 convescens,
1959 616 2056 671 per

476 693 730 762 spiritum
760 692 1071 746 sublevatus
1092 694 1369 763 aspexitet
1394 693 1780 762 viditSpeciosi
1809 693 2052 765 germani

479 785 562 839 sui
591 785 852 846 animam,
882 793 988 838 tam
1022 783 1178 854 longe
1207 801 1235 838 a
1264 786 1526 854 sepositi,
1553 787 1617 840 de
1631 802 1858 855 corpore
1880 786 2052 840 exire.

482 876 636 942 Quod
669 891 791 930 mox
827 875 1086 929 fratribus
1115 876 1394 938 indicavit.
1426 885 1479 931 et
1503 877 1766 932 cucurrit.
1801 876 2052 946 Jamque,

475 967 724 1021 eumdem
754 966 976 1021 fratrem
1009 982 1166 1020 suum
1203 967 1476 1037 sepultum
1518 969 1738 1037 reperit,
1769 983 1928 1035 quem
1979 977 2055 1021 ta—

476 1070 600 1110 men
626 1070 687 1110 ea
719 1056 850 1110 hora
874 1072 977 1126 qua
1003 1057 1212 1112 viderat
1238 1059 1437 1113 exiisse
1461 1059 1528 1112 de
1541 1059 2007 1128 corporeinvenit.
2032 1077 2050 1110 ›

476 1144 863 1201 Verumtamen
916 1162 944 1200 a
975 1147 1206 1217 quodam
1241 1149 1401 1217 hujus
1451 1149 1550 1204 loci
1591 1151 1936 1220 sapientium,
1969 1150 2057 1204 cui

475 1235 814 1292 Gaushertus
849 1254 1066 1300 nomen.
1103 1239 1242 1294 haud
1267 1241 1610 1295 mediocriter
1639 1240 1832 1296 studiis
1862 1257 1890 1294 a
1922 1257 2055 1310 pue-

477 1329 601 1383 ritia
634 1328 932 1384 liberaliter
982 1331 1187 1386 imbuto
1231 1332 1451 1396 artiunt,
1483 1331 1642 1401 hujus
1692 1332 1834 1386 modi
1862 1331 2058 1401 praefa-

475 1419 717 1475 tiuncula
788 1421 923 1476 Viue
981 1420 1139 1490 hujus
1193 1422 1378 1477 eximii
1438 1422 1638 1490 Patris,
1707 1422 2053 1493 superaddita

476 1522 589 1567 est:

475 1603 752 1670 Germiue,
780 1607 1026 1662 doctrina
1053 1649 1068 1672 ,
1103 1610 1313 1664 meritis
1339 1625 1401 1663 ac
1430 1610 1648 1666 nomine
1673 1609 1806 1665 clari

547 1697 774 1753 Abbatis
800 1699 964 1754 vitam
991 1701 1230 1755 continet
1263 1703 1365 1756 iste
1398 1702 1553 1756 liber.

477 1786 652 1854 Quem
694 1789 854 1858 Deus,
881 1800 1084 1847 aeterna
1112 1793 1314 1847 faciens
1337 1794 1387 1848 in
1418 1793 1547 1848 sede
1575 1801 1874 1863 potentem.

552 1878 832 1936 Ha-redem
873 1882 1076 1951 preprii
1101 1883 1338 1937 nominis
1365 1898 1488 1938 esse
1528 1883 1696 1940 dedit.

477 1968 613 2025 Nam
655 1973 775 2036 fuit,
803 1983 906 2036 est.
935 1982 988 2027 et
1015 1975 1120 2029 erit
1141 1975 1463 2032 Benedictus
1483 1976 1604 2042 jure
1634 1985 1891 2032 vocatus:

557 2060 626 2116 Ut
654 2063 899 2132 relegens
925 2064 1042 2134 ejus
1063 2078 1235 2135 gesta,
1269 2067 1502 2136 probare
1525 2068 1695 2122 vales.

477 2151 555 2208 De
594 2154 810 2222 quibus,
855 2166 912 2210 ut
943 2156 1074 2210 nulli
1107 2157 1356 2213 dubitare
1379 2158 1567 2214 liceret
1602 2161 1932 2225 homouum;

547 2247 819 2302 Eximium
852 2256 1041 2305 testem
1070 2265 1419 2320 promeruere
1446 2253 1554 2306 sui.

479 2339 756 2394 Romanus
785 2341 879 2396 sed
911 2342 1055 2396 enim
1085 2343 1281 2412 praesul
1303 2359 1464 2413 super
1501 2345 1701 2400 arthera
1733 2356 1912 2409 notus,

549 2431 863 2501 Gregorius,
888 2436 1090 2490 mundo
1118 2437 1231 2490 hzec
1263 2437 1687 2506 compublicavit
1715 2453 1909 2492 ovans.

481 2522 769 2580 Schemate
793 2541 915 2596 qua:
941 2528 1207 2599 dialogico
1239 2530 1470 2584 variavit
1497 2531 1742 2595 honeste,

548 2615 760 2672 Lectori
787 2633 967 2674 sermo
989 2621 1192 2691 gratior
1224 2622 1364 2676 unde.
1391 2622 1552 2676 foret.

485 2704 620 2762 Tum
652 2711 897 2779 sequitur
924 2728 1117 2766 munus
1147 2712 1301 2767 nobis
1321 2712 1581 2768 divinitus
1617 2722 1798 2767 actum

549 2799 804 2870 Corporis
830 2803 1071 2872 ejusdem
1100 2806 1300 2871 Patris,
1327 2815 1380 2861 et
1404 2822 1498 2862 ore
1521 2807 1691 2861 ducis.

477 2887 644 2956 Cujus
685 2891 753 2945 ab
785 2903 973 2948 exortu
1003 2894 1292 2950 decoratur
1321 2895 1514 2949 Nursia
1544 2906 1750 2962 mater;

548 2981 777 3038 Miratur
800 3000 1023 3054 puerum
1047 3002 1204 3056 quem
1229 2988 1315 3058 pie
1340 2987 1504 3042 Roma
1541 2989 1757 3052 nutrix;

479 3069 744 3128 Provecta
775 3073 929 3143 cujus
950 3086 1242 3131 veneratur
1271 3076 1536 3132 Sublacus
1576 3087 1814 3140 antrum,

557 3161 795 3218 Pastoris
821 3162 1050 3230 fructus,
1083 3167 1178 3221 sed
1210 3165 1550 3222 Beneventus
1579 3169 1760 3222 habet.

482 3250 696 3306 Florida
721 3253 1001 3310 Floriacus
1030 3257 1295 3321 membra,
1322 3259 1387 3311 de
1418 3258 1653 3323 nomine,
1687 3259 1884 3312 fundus

554 3343 988 3408 Aurelianensis,
1011 3356 1097 3401 ast
1129 3347 1260 3417 tegit
1288 3363 1418 3402 ecce
1454 3349 1592 3404 solo.

484 3432 679 3500 Gallia,
719 3435 912 3505 plaude
939 3437 1093 3499 satis,
1133 3446 1286 3492 tanto
1315 3439 1510 3493 donata
1539 3448 1791 3509 patrono.

560 3527 684 3595 Ejus
711 3537 768 3582 et
799 3531 1060 3601 exemplis
1089 3541 1140 3587 te
1170 3549 1334 3601 super
1357 3541 1501 3587 astra
1531 3532 1670 3587 leva.

488 3617 951 3690 Gluria,Christe,
980 3625 1100 3689 tibi,
1132 3625 1218 3680 tali
1245 3625 1337 3695 qui
1363 3634 1650 3680 stemmate
1674 3641 1860 3680 servos

563 3710 826 3769 Nobilitas
851 3716 1118 3785 pmprios,
1152 3716 1336 3786 sicque
1365 3723 1587 3785 paterne
1615 3713 1780 3770 foves.

556 3821 702 3879 Sane
728 3837 850 3896 post
878 3827 1092 3882 beatum
1116 3827 1459 3899 Gregorium,
1493 3809 1723 3882 Faustus
1751 3828 1872 3881 vitae
1897 3827 2066 3882 sancti

484 3915 654 3970 Mauri
695 3919 1055 3988 conscriptor,
1107 3919 1426 3974 miraculum
1470 3919 1739 3989 quoddam
1768 3935 1795 3972 a
1839 3919 2072 3989 benigno

485 4008 648 4065 Patre
700 4021 886 4066 nostro
933 4012 1227 4068 Benedicto
1266 4021 1582 4083 patratum,
1633 4011 1724 4065 sed
1777 4011 1844 4065 ab
1878 4012 2066 4065 eodem

483 4101 740 4169 pontifice
770 4103 1212 4171 przetermissum,
1253 4103 1353 4157 hoe
1388 4102 1546 4157 modo
1578 4100 1786 4154 refert:
1825 4099 2068 4167 Quodam

487 4199 730 4261 tempore
751 4191 810 4246 S.
841 4191 1163 4248 Benedictus
1184 4208 1212 4247 a
1254 4193 1485 4262 quodam
1509 4191 1843 4246 nobilissimo
1871 4206 2065 4245 secun-

488 4282 614 4336 durn
645 4282 825 4338 smculi
851 4284 1168 4353 dignitatem
1201 4285 1317 4339 viro
1348 4292 1604 4338 exoratus
1644 4291 1728 4336 est
1756 4290 1816 4336 ut
1859 4283 1924 4336 ad
1970 4282 2067 4336 do-

489 4389 635 4426 mum
671 4373 786 4440 ejus
805 4375 1116 4443 dignaretur
1145 4392 1242 4445 per
1271 4377 1617 4445 semetipsum
1646 4375 1925 4440 accedere,
1956 4390 2064 4445 quo

489 4478 713 4518 uxorem
741 4464 857 4532 ejus
880 4482 942 4521 ac
975 4467 1161 4530 filium,
1202 4483 1360 4537 quem
1396 4484 1567 4539 nuper
1606 4468 1762 4522 enixa
1806 4467 2000 4532 fuerat,
2032 4484 2060 4522 a

493 4555 759 4610 dtetnouio
815 4572 922 4625 quo
977 4559 1292 4627 gravissime
1346 4561 1552 4628 pariter
1576 4560 1914 4614 vexabantur
1952 4559 2066 4612 suis

493 4646 696 4701 sanctis
732 4648 936 4702 meritis
966 4657 1019 4703 et
1049 4651 1383 4705 orationibus
1431 4651 1706 4706 liberaret.
1747 4652 1816 4704 At
1845 4659 2067 4705 sanctus

490 4735 728 4797 Domini.
760 4754 857 4808 pro
885 4753 950 4793 eo
972 4741 1112 4808 quod
1152 4742 1200 4795 ei
1229 4740 1508 4795 familiaris
1536 4758 1632 4811 pro
1650 4741 1919 4812 aliquibus
1941 4755 2070 4809 ope-

492 4827 644 4882 ribus
681 4831 747 4884 ab
775 4844 840 4884 eo
872 4831 1117 4899 religiose
1144 4833 1310 4902 gestis
1333 4833 1614 4897 existeret,
1655 4833 1736 4889 ire
1766 4848 1870 4886 non
1899 4833 2069 4887 distu-

491 4921 574 4989 lit,
597 4937 796 4994 eosque
823 4925 1166 4996 integerrime
1193 4929 1410 4982 sanitati
1439 4929 1690 4984 restituit.

564 5013 997 5038 n-t.2-.-as-_-_--
1035 5019 1116 5038 μ)
1141 5020 1174 5038 I-
1381 5033 1390 5038 .
1531 5022 1543 5038 l

2228 505 2405 572 Quaeis
2432 507 2594 561 dabat
2617 505 2851 564 obsceno
2872 524 3024 564 sacra
3053 518 3277 566 eruenta
3301 509 3438 566 Jovi.

2159 594 2461 664 Sedjussus
2495 597 2737 661 veniens,
2769 607 2824 652 et
2851 613 3034 654 eremo
3055 599 3271 654 sistitur
3295 600 3422 661 alta,

2225 688 2482 759 Purgavit
2505 697 2724 743 sanctus
2753 689 2896 744 hunc
2931 689 3253 746 Benedictus
3284 692 3533 759 humum,

2159 781 2482 852 Sculptaque
2503 781 2795 837 confractis
2817 781 3011 850 dejecit
3035 797 3306 838 marmora
3335 782 3525 854 signis,

2228 874 2295 928 Et
2319 873 2572 944 templum
2602 874 2724 929 vivo
2753 875 2978 943 praebuit
3008 890 3129 930 esse
3156 876 3286 930 Deo.

2159 962 2274 1017 Huc
2299 972 2547 1033 properet
2571 963 2739 1018 caelos
2761 972 2914 1033 optat
2954 964 3043 1035 qui
3067 979 3288 1020 cernere
3310 974 3549 1034 apertos,

2231 1053 2295 1108 Et
2329 1053 2417 1108 hie
2447 1068 2654 1107 memor
2699 1061 2755 1108 et
2791 1063 2972 1108 votmn
3016 1053 3216 1125 [servet
3265 1053 3494 1126 votum].
3546 1055 3739 1110 semita

3311 1145 3468 1216 [dura
3497 1145 3668 1215 pium.

2160 1233 2387 1304 Semper
2418 1234 2616 1291 difficili
2647 1245 2964 1306 quaeruntur
2991 1251 3182 1307 magna
3211 1235 3417 1301 labore,

2228 1325 2449 1379 Arctam
2477 1341 2690 1396 semper
2718 1325 2880 1380 habet
2905 1325 3015 1380 vita
3048 1327 3204 1382 beata
3233 1327 3394 1380 viam.

2161 1415 2313 1470 lliinc
2353 1432 2454 1488 ego
2484 1418 2609 1471 dum
2645 1433 2886 1487 pressus,
2908 1433 3228 1490 progressus
3266 1418 3410 1472 fasce
3443 1417 3734 1479 subissem,

2229 1508 2539 1577 Depositum
2569 1506 2710 1562 sensi
2739 1507 2948 1578 pondus
2970 1508 3160 1564 abesse
3185 1507 3336 1560 mihi.

2159 1597 2333 1652 Credo
2352 1600 2492 1669 quod
2517 1608 2572 1654 et
2595 1599 2720 1654 felix
2745 1599 2853 1653 vita
2887 1600 3038 1653 fruar
3065 1600 3281 1668 insuper
3311 1596 3410 1666 illa,

2229 1688 2364 1751 Ores
2388 1705 2485 1760 pro
2502 1689 2681 1745 Marco
2704 1691 2770 1755 si,
2796 1690 3101 1753 Benedicte,
3130 1698 3239 1744 tuo.

2079 1756 2128 1816 Β
2159 1779 2310 1834 llunc
2337 1756 2486 1849 plebs
2513 1781 2676 1835 stulta
2705 1779 3510 1851 locumquondamvocitaverat
3530 1792 3739 1841 arcem,

2191 1905 2194 1908 ~
2229 1872 2652 1942 Marmoreisque
2677 1889 2892 1928 sacrum
2925 1873 3126 1927 fecerat
3157 1887 3276 1927 esse
3313 1871 3448 1925 deis.

2157 1963 2325 2030 Quem
2357 1972 2485 2018 tunc
2514 1964 2559 2018 si
2590 1980 2717 2019 vero
2742 1964 3010 2034 signasset
3039 1963 3252 2017 nomine
3283 1961 3595 2031 quisquam,

2230 2055 2550 2110 Tartareum
2574 2056 2750 2126 potuit
2765 2053 2890 2123 jure
2913 2069 3110 2110 vocare
3131 2055 3316 2109 chaos.

2156 2147 2237 2202 Ad
2260 2163 2418 2217 quem
2449 2148 2663 2202 caecatis
2687 2157 2934 2202 errantes
2963 2147 3233 2200 mentibus
3265 2146 3435 2209 ibant,

2227 2241 2472 2310 lmproba
2500 2239 2779 2294 mortifero
2802 2239 3028 2295 reddere
3051 2248 3172 2293 vota
3209 2237 3348 2292 Jovi.

2160 2330 2288 2394 Sed,
2313 2340 2462 2399 puto,
2499 2345 2766 2399 perversa:
2795 2328 3003 2383 culmen
3036 2329 3343 2400 signaverat
3363 2329 3512 2387 aulae.

2229 2420 2458 2476 Nomine
2488 2436 2630 2475 nunc
2659 2421 2822 2484 arcis,
2853 2421 3049 2489 templa
3077 2420 3332 2474 ntoderua
3364 2429 3575 2479 vocant.

2158 2513 2214 2567 lu
2240 2513 2438 2583 quibus
2462 2521 2677 2568 aeterna:
2703 2513 3018 2568 damnorum
3049 2519 3203 2581 porta
3232 2511 3512 2582 gehennae,

2227 2607 2447 2674 Arxque
2479 2604 2636 2658 modo
2660 2604 2784 2658 vitae
2808 2615 2892 2659 est
2925 2620 3044 2674 qua:
3075 2605 3175 2660 fuit
3195 2615 3320 2660 ante
3345 2607 3514 2660 necis.

2161 2700 2236 2753 De
2257 2714 2360 2766 qua
2385 2696 2640 2765 stelligeri
2670 2696 2914 2766 pulsatur
2936 2696 3102 2766 jauua
3132 2698 3283 2764 cmli,

2231 2792 2365 2845 Dum
2391 2790 2537 2844 canit
2561 2788 2820 2860 angelicis
2843 2789 2995 2842 turba
3025 2790 3183 2844 beata
3211 2790 3407 2844 modis.

2161 2881 2236 2936 De
2260 2896 2364 2950 qua
2393 2879 2715 2948 colloqueris
2737 2879 2838 2943 vir,
2870 2894 2903 2933 ο
2931 2877 3244 2943 Benedicte,
3275 2879 3531 2946 Tonanti,

2233 2971 2536 3036 Miittticola,
2567 2979 2623 3025 el.
2643 2969 2783 3025 sacri
2810 2969 2914 3022 dux
2948 2970 3175 3022 cretuita
3203 2970 3376 3025 chori.

2093 3097 2134 3152 θ
2167 3109 2294 3166 Car.
2330 3107 2392 3163 ll.
2420 3139 2490 3148 —
2518 3107 2594 3161 De
2627 3105 2825 3176 angelis
2869 3105 2960 3175 qui
3009 3107 3339 3160 ostenderunt
3385 3106 3432 3159 ei
3478 3105 3613 3160 viam
3641 3121 3744 3175 qua

2725 3192 2934 3247 pergere
2954 3176 3173 3230 deberet.

2165 3293 2245 3347 Ad
2285 3308 2443 3363 quam
2471 3302 2524 3347 tu
2548 3307 2613 3346 ex
2641 3292 2746 3346 alio
2782 3293 3017 3347 munitus
3039 3307 3159 3345 eum
3193 3300 3374 3345 monte
3399 3289 3637 3353 venires,

2241 3385 2341 3439 Per
2368 3385 2574 3440 deserta
2615 3385 2705 3440 tibi
2735 3385 2839 3437 dux
2871 3383 2968 3438 fuit
2995 3383 3107 3452 ipse
3137 3382 3297 3438 Deus.

2168 3474 2409 3545 Namque
2446 3477 2579 3530 duos
2601 3474 2828 3543 juvenes
2853 3473 3054 3529 bivium
3081 3473 3332 3543 perduxit
3361 3473 3426 3527 ad
3457 3486 3643 3534 omne,

2241 3566 2338 3632 Qui
2378 3576 2427 3620 te
2457 3566 2737 3620 firmarent
2765 3563 2907 3634 quod
2935 3561 3249 3632 sequereris
3279 3562 3400 3616 iter.

2170 3657 2266 3712 llic
2296 3671 2509 3725 quoque
2539 3655 2738 3709 viventi
2771 3655 3040 3726 justorum
3076 3653 3288 3708 dixerat
3314 3653 3434 3716 uni,

2242 3746 2357 3812 litis,
2399 3756 2475 3810 tu,
2508 3760 2669 3816 pirce
2696 3745 2848 3810 locis,
2879 3745 3018 3799 alter
3040 3743 3249 3798 amicus
3271 3743 3440 3797 adest.

2171 3861 2352 3916 Cum
2403 3859 2488 3914 Ill.
2538 3889 2609 3899 —
2651 3858 2728 3912 De
2772 3859 2938 3912 tribus
2979 3856 3142 3910 corvis
3205 3871 3336 3920 quos
3377 3852 3517 3906 alere
3561 3851 3749 3905 solitus

2240 3941 2372 3994 erat,
2403 3933 2490 4001 qui
2534 3947 2674 4001 eum,
2698 3947 2728 3982 a
2757 3927 3011 4001 Snbl‘qcu‘
3034 3942 3196 3996 usque
3227 3925 3605 4001 Beneventum,
3657 3937 3749 3989 per

2243 3995 2618 4073 quinquaginta
2648 3999 2755 4069 fere
2798 3997 3068 4061 milliaria,
3099 3995 3216 4048 sunt
3248 3995 3431 4049 secuti.

2171 4116 2451 4183 Credeque
2476 4114 2595 4168 ficta
2627 4112 2794 4182 loqui,
2832 4111 2931 4166 nisi
2961 4110 3128 4164 ternis
3158 4109 3303 4163 solus
3331 4109 3524 4162 abiret.

2241 4207 2375 4261 Tres
2410 4206 2590 4262 Subito
2616 4203 2764 4257 corvi
2793 4215 3140 4272 promeruere
3169 4200 3342 4269 sequi.

2171 4297 2270 4352 llic
2298 4312 2509 4367 quoque
2535 4307 2587 4351 te
2617 4296 2850 4350 clamant
2887 4293 3109 4365 populos
3135 4293 3226 4362 qui
3263 4300 3398 4347 teste
3439 4289 3747 4360 requirunt,

2243 4389 2538 4456 Exspectas
2566 4387 2739 4440 noctis
2767 4401 2889 4439 cum
2921 4385 3004 4454 pia
3032 4383 3166 4437 festa
3199 4397 3387 4436 sacrm.

2170 4481 2269 4548 Qui
2301 4481 2442 4534 velut
2465 4479 2664 4544 orbati,
2696 4478 2894 4539 raucis,
2929 4477 3020 4530 tibi
3051 4476 3178 4530 flere
3207 4473 3423 4544 loquelis

2239 4571 2442 4625 lustaut
2476 4569 2727 4624 convictu
2755 4569 2897 4638 quod
2928 4580 3154 4620 caruere
3185 4574 3298 4618 tuo.
3400 4565 3419 4635 ι

2166 4662 2242 4717 Te
2271 4662 2370 4716 sibi
2401 4659 2610 4714 sublato
2639 4660 2875 4713 tenebris
2906 4671 3061 4711 nmns
3085 4654 3281 4710 Coelius
3313 4655 3520 4718 horret,

2239 4756 2305 4810 Et
2327 4755 2491 4826 pollet
2515 4752 2724 4808 nebulis
2754 4750 3007 4806 concolor
3037 4749 3149 4818 ipse
3176 4749 3308 4802 suis.

2170 4893 2354 4951 Carm
2413 4893 2476 4949 ν.
2505 4923 2576 4934 —-
2617 4892 2694 4947 De
2723 4890 2990 4944 monachis
3028 4888 3138 4957 qui,
3170 4903 3234 4940 ea:
3267 4885 3433 4957 tribus
3481 4892 3744 4957 monaste-

2241 4967 2385 5019 teriis
2416 4981 2510 5032 pro
2541 4963 2841 5017 necessitate
2869 4977 3015 5026 aqua?
3043 4953 3111 5010 nd
3140 4973 3256 5010 eum
3291 4953 3514 5014 collecti,
3541 4969 3742 5006 merue-
