4108 5412
302 256 396 316 861

1485 253 1714 309 SEIUlO
1757 252 1841 305 DE
1879 251 1936 305 S.
1976 249 2369 310 BENEDICTO.

3446 246 3551 305 862

304 370 377 427 Ut
397 385 693 435 summum,
713 380 767 426 tu
784 377 974 427 sancte
998 368 1570 439 Pater,vegetere(58)
1594 380 1875 427 cacumen,
1908 363 1957 421 Δ
2052 367 2299 437 Cognita,
2330 366 2563 428 Christe,
2608 364 2723 428 tibi,
2764 364 3013 421 laudibus
3046 373 3199 419 antra
3229 372 3443 419 sonant.

378 460 661 516 Submisso
694 462 951 515 tumidam
976 460 1176 514 vertice
1211 458 1397 529 planat
1424 459 1672 519 humum,

305 547 451 603 Neve
479 547 778 619 fatigentur
807 549 898 617 qui
929 557 1001 613 te,
1031 548 1340 612 Benediete,
1367 545 1676 615 requirunt,

378 642 613 696 Molliter
644 643 923 711 obliquum
957 643 1109 711 ponit
1138 641 1337 710 ubique
1365 641 1527 695 latus.

304 733 458 788 Nunc
485 749 642 787 mons
668 734 782 801 ipse
809 743 986 788 tamen
1010 732 1151 801 jnste
1178 732 1273 786 tibi
1298 732 1473 785 reddit
1500 731 1780 793 honorem,

378 823 478 889 Qui
506 824 710 877 meruit
738 832 966 884 tantum,
997 832 1047 875 te
1077 824 1391 885 decorante,
1424 820 1643 873 bonum.

302 916 468 970 Arida
499 925 555 969 tu
582 915 757 983 cujus,
787 915 959 969 hortis
984 914 1267 984 componis
1291 912 1544 978 amoenis,

376 1005 639 1077 Nudaque
667 1006 898 1062 fecundo
926 1006 1144 1076 palmite
1169 1021 1301 1059 saxa
1334 1004 1493 1073 tegis.

306 1097 575 1152 Mirantur
605 1108 838 1163 montes,
870 1096 1084 1167 scopula
1120 1094 1397 1169 [scopuli],
1431 1094 1568 1149 freta
1598 1109 1741 1149 nunc
1781 1108 1879 1147 sua

1672 1185 1806 1239 dona
1819 1223 1832 1248 ,

378 1280 770 1352 Pomiferisque
794 1282 932 1337 viret
958 1281 1088 1336 silva
1120 1282 1314 1336 decora
1342 1281 1532 1336 comis.

307 1370 400 1426 Sic
428 1373 706 1426 hominum
730 1373 934 1428 celeres
968 1374 1020 1429 in
1051 1372 1284 1429 fructum
1318 1372 1505 1441 dirigis
1530 1378 1702 1433 artus,

381 1462 533 1518 Sicca
568 1463 848 1520 salutifero
874 1464 1092 1519 ﬂmnine
1127 1466 1289 1519 corda
1319 1463 1522 1533 rigans.

308 1556 420 1621 Sic,
465 1571 613 1626 rogo.
640 1572 784 1611 nunc
814 1558 1019 1626 spinas,
1049 1556 1100 1611 in
1133 1555 1340 1626 frugem
1365 1564 1514 1608 verte
1540 1551 1823 1620 malignas,

379 1644 510 1711 Quae
542 1655 819 1700 macerant
840 1645 1002 1699 Marci
1031 1655 1247 1715 pectora
1276 1644 1430 1697 bruta
1463 1642 1559 1696 tui.

388 1738 453 1790 Et
486 1740 600 1792 haec
623 1737 840 1806 quidem
869 1736 1082 1792 Marcus
1124 1738 1175 1790 in
1198 1736 1479 1792 Przeeonio
1502 1730 1760 1803 spiritalis
1788 1730 1883 1784 do-

304 1832 476 1889 ctoris
503 1830 585 1885 sui
614 1828 840 1883 metrice
868 1827 1013 1881 lusit.
1043 1827 1172 1881 Post
1214 1840 1337 1880 eum
1374 1824 1574 1878 Paulus
1600 1822 1739 1878 sacri
1769 1835 1882 1874 co:-

306 1924 453 1978 nobii
504 1918 846 1976 Cassinensis
891 1920 1210 1982 monachus,
1262 1918 1315 1971 in
1367 1916 1601 1971 Historia
1639 1915 1884 1967 Romana

307 2014 446 2068 libro
476 2012 689 2067 decimo
712 2020 888 2073 sexto,
915 2009 1100 2063 taliter
1123 2008 1281 2077 hujus
1310 2008 1482 2062 sancti
1512 2007 1687 2060 Patris
1710 2003 1883 2059 nostri

306 2104 440 2158 facit
484 2103 851 2158 mentionem:
907 2122 923 2153 ι
976 2102 1069 2155 llis
1116 2101 1248 2170 ipsis
1296 2099 1655 2169 temporibus,
1700 2094 1885 2161 procul

307 2196 471 2252 dubio
536 2196 731 2264 quibus
795 2193 1088 2248 Belisarius
1145 2193 1408 2252 patricius
1496 2188 1770 2244 Vandalos
1832 2188 1885 2241 in

306 2288 489 2343 Africa
523 2287 663 2343 bello
699 2287 928 2353 domuit,
969 2288 1108 2358 apud
1149 2285 1398 2341 Castrum
1426 2283 1735 2348 Cassinum,
1764 2291 1887 2352 post

307 2379 613 2434 solitariam
644 2378 832 2442 vitam,
855 2387 1047 2431 sancto
1072 2377 1270 2445 degens
1299 2373 1572 2438 cmuobio,
1601 2371 1885 2441 stnpendis

307 2469 659 2525 beatissimus
678 2469 839 2523 Pater
864 2467 1206 2532 Benedictus,
1235 2482 1335 2521 nec
1369 2465 1545 2520 minus
1582 2465 1883 2517 futurorum

308 2563 601 2631 praescius,
653 2560 899 2615 radiabat
952 2558 1263 2613 virtutibus.
1315 2556 1483 2612 Porro
1534 2556 1586 2609 in
1649 2552 1887 2608 llistoria

310 2652 488 2721 gentis
513 2667 641 2715 suae,
669 2650 769 2705 hoc
797 2660 879 2704 est
912 2647 1415 2720 Lnngobardorum,
1449 2646 1615 2699 vitam
1647 2644 1886 2713 ejusdem

311 2745 484 2797 nostri
530 2752 650 2812 post
698 2741 980 2795 Dominum
1035 2738 1362 2812 protectoris
1418 2738 1657 2808 elegiaco
1712 2744 1890 2789 metro

313 2836 626 2895 describere
651 2835 961 2906 disponens,
994 2836 1097 2889 hoc
1119 2833 1347 2903 sumpsit
1374 2830 1679 2886 exordium.
1717 2846 1734 2878 ι
1767 2826 1890 2880 Jus-

314 2924 503 2977 tiniani
529 2924 1131 2995 Augusti‘temporibus,
1158 2924 1247 2994 qui
1274 2923 1574 2977 ltomanum
1605 2921 1888 2990 imperium

1982 456 2221 527 Frigora,
2256 458 2443 525 ﬂabra,
2478 461 2628 515 nives
2652 459 2853 529 perfert
2882 458 3052 511 tribus
3082 456 3309 525 impiger
3338 455 3515 521 annis,

2050 548 2269 605 Temnis
2298 567 2481 605 amore
2511 552 2624 615 Dei,
2659 551 2883 619 frigora,
2912 549 3098 611 ﬂabra,
3131 549 3301 602 nives.

1979 639 2150 695 Fraus
2174 644 2476 696 veneranda
2515 642 2707 713 placet,
2736 643 2955 711 pietatis
2989 642 3129 695 furta
3163 641 3482 709 probantur,

2050 732 2165 799 Qua
2200 749 2354 788 sacer
2380 734 2518 788 altus
2539 744 2676 798 erat,
2708 734 2855 789 fraus
2878 734 3179 788 veneranda
3212 734 3403 802 placet.

1980 824 2169 896 Signat
2199 827 2388 880 adesse
2425 826 2591 895 dapes
2614 840 2833 896 agapes,
2861 828 2954 881 sed
2975 825 3166 879 lividus
3196 825 3378 878 obstat

2052 914 2319 971 Nilminus
2344 916 2483 969 alma
2519 918 2881 985 lidcstsignat
2912 918 3101 970 adesse
3124 916 3309 983 dapes.

1980 1006 2139 1077 Orgia
2171 1007 2273 1063 rite
2302 1008 2450 1073 colit,
2481 1006 2696 1062 Christo
2718 1008 2807 1077 qui
2834 1006 3208 1062 accommodat
3236 1021 3445 1071 aurem,

2050 1100 2383 1153 Abstemium
2414 1114 2671 1168 pascens,
2700 1102 2848 1169 orgia
2878 1100 2979 1153 rite
3008 1100 3157 1153 colit.

1980 1192 2177 1247 Pabula
2210 1201 2357 1261 grata
2391 1192 2568 1246 ferunt
2594 1192 2733 1245 avidi
2762 1194 2827 1245 ad
2856 1190 3047 1260 spelaea
3078 1190 3311 1253 subulci,

2050 1283 2363 1337 Pectoribus
2386 1282 2542 1347 laetis,
2574 1283 2766 1352 pabula
2798 1293 2947 1351 grata
2978 1282 3193 1346 ferunt;

1982 1374 2122 1446 Ignis
2150 1375 2217 1427 ab
2246 1374 2365 1441 igne
2390 1376 2550 1442 perit,
2576 1373 2816 1428 lacerant
2841 1372 2966 1426 dum
2994 1373 3200 1427 viscera
3231 1382 3428 1435 sentes,

2051 1464 2292 1519 Carneus
2322 1466 2579 1531 :etliereo,
2606 1466 2746 1536 ignis
2772 1455 2838 1520 ab
2865 1465 2983 1535 igne
3010 1465 3168 1533 perit.

1983 1557 2159 1612 Pestis
2189 1556 2373 1625 iniqua
2406 1557 2600 1623 latens,
2630 1558 2785 1612 oculo
2820 1570 2901 1610 cst
2933 1556 3264 1625 deprehensa
3290 1555 3491 1624 sagaci,

2054 1647 2171 1702 Non
2205 1646 2325 1702 tulit
2353 1665 2504 1704 arma
2530 1650 2727 1713 crucis,
2758 1651 2927 1719 pestis
2958 1648 3138 1717 iniqua
3170 1646 3361 1699 latens.

1986 1740 2150 1797 Lenia
2165 1741 2326 1812 ﬂagra
2340 1757 2531 1812 vagam
2550 1741 2746 1796 sistunt
2765 1739 3136 1793 modestimine
3150 1732 3560 1809 [moderamine]

3218 1826 3477 1898 [mentem

2057 1928 2365 1984 Excludunt
2393 1936 2619 1999 pestem,
2653 1924 2793 1979 lenia
2822 1923 2984 1993 ﬂagra
3007 1936 3216 1990 vagam.

1992 2020 2139 2077 Unda
2171 2020 2424 2090 perennis
2447 2035 2620 2090 aqum,
2647 2017 2830 2071 nativo
2855 2031 2885 2069 e
2920 2027 3189 2068 marmore
3216 2018 3419 2071 manat,

2056 2111 2222 2167 Arida
2252 2112 2411 2166 corda
2438 2111 2577 2180 rigat
2597 2108 2740 2162 unda
2768 2106 3021 2177 perennis
3048 2119 3219 2173 aquae.

1987 2205 2229 2275 Gurgitis
2259 2205 2367 2259 ima
2392 2201 2626 2273 Chalybs
2654 2199 2845 2269 capqu
2869 2196 3073 2252 divulse
3104 2194 3307 2263 petisti,

2060 2296 2277 2352 Deseris
2306 2294 2411 2349 alta
2444 2303 2650 2363 petens,
2677 2290 2904 2361 gurgitis
2935 2289 3039 2343 ima
3061 2286 3277 2357 Calybs.

1988 2388 2143 2445 Jussa
2171 2397 2395 2459 paterna
2426 2400 2620 2456 gerens
2647 2383 2883 2453 dilapsus
2912 2380 3080 2435 currit
3105 2379 3157 2433 in
3189 2390 3394 2445 azquor,

2059 2482 2243 2537 Currit
2266 2488 2449 2534 vectus
2480 2477 2655 2546 aquis,
2679 2476 2827 2545 jnssa
2853 2482 3078 2543 paterna
3109 2483 3324 2539 gerens.

1992 2572 2231 2626 Prmbnit
2257 2571 2396 2625 unda
2437 2568 2598 2631 viam,
2636 2574 2882 2635 prompto
2917 2565 2982 2616 ad
3014 2569 3278 2630 praecepta
3304 2557 3569 2625 magistri,

2066 2665 2315 2720 Cursoris
2345 2664 2557 2732 ignaro,
2590 2659 2819 2729 pra-buit
2846 2658 2987 2710 unda
3014 2656 3177 2710 viam.

1993 2756 2073 2810 Tu
2112 2770 2345 2825 quoque,
2391 2766 2555 2822 parve
2603 2766 2758 2820 puer,
2811 2748 3017 2817 raperis
3046 2760 3145 2800 nec
3172 2742 3373 2799 occidis
3404 2740 3571 2810 (mer-

3096 2834 3285 2907 [geris)
3316 2830 3491 2896 undis,

2065 2935 2240 2990 Testis
2268 2934 2397 2988 ades
2433 2948 2617 2997 verax,
2644 2940 2715 2985 «tu
2747 2944 2979 3000 quoque,
3014 2942 3174 2997 parve
3214 2939 3365 2994 puer.

312 3008 456 3067 felici
503 3023 650 3067 sorte
680 3014 847 3079 rexit,
876 3015 968 3083 qui
995 3028 1047 3070 et
1078 3015 1215 3069 bella
1243 3028 1503 3084 pI‘OSpel‘e
1529 3012 1716 3080 gessit,
1746 3021 1799 3065 ct
1835 3009 1887 3062 in

1996 3027 2207 3082 Perﬁda
2239 3026 2403 3079 corda
2442 3032 2664 3093 gemunt
2694 3019 2928 3076 stimulis
2957 3019 3159 3087 agitata
3190 3014 3440 3084 malignis

313 3102 497 3157 causis
528 3103 779 3159 civilibus
811 3105 1073 3158 miriﬁcus
1122 3103 1359 3165 exstitit,
1404 3102 1752 3156 beatissimus
1800 3099 1894 3154 De-

315 3196 563 3251 nedictus
589 3197 738 3267 prius
766 3197 820 3252 in
855 3202 971 3252 loco
1000 3198 1092 3271 qui
1120 3195 1383 3253 Sublacus
1427 3195 1649 3257 dicitur,
1704 3193 1795 3262 qui
1826 3195 1894 3248 ab

315 3290 451 3351 urbe
482 3288 650 3343 Roma
678 3290 1035 3361 quadraginta
1062 3289 1297 3343 millibus
1327 3287 1502 3352 abest,
1535 3298 1587 3341 et
1619 3297 1808 3356 postea
1842 3287 1891 3339 in

316 3380 510 3436 Castro
555 3382 784 3437 Cassino
814 3383 957 3452 quod
997 3381 1199 3435 llarum
1233 3380 1553 3449 appellatur,
1594 3387 1647 3433 et
1689 3394 1897 3447 magna:

317 3474 447 3526 vita:
473 3473 701 3537 meritis,
734 3482 788 3527 et
819 3471 1128 3533 apostolicis
1163 3470 1455 3523 virtutibus
1485 3467 1700 3521 effulsit.
1730 3466 1895 3535 anus

316 3563 513 3630 vitam,
558 3565 698 3619 sicut
741 3572 925 3619 notum
971 3575 1075 3628 cst,
1121 3563 1311 3616 beatus
1346 3579 1479 3632 papa
1508 3560 1801 3630 Gregorius
1843 3558 1895 3613 in

318 3654 434 3707 suis
475 3652 713 3722 Dialogis
733 3652 882 3705 suavi
910 3666 1157 3704 sermone
1187 3651 1510 3719 composuit.
1538 3650 1647 3719 Ego
1679 3662 1896 3719 quoque

320 3743 553 3809 Paulus,
606 3744 775 3813 ipsius
827 3741 1156 3801 sanctissimi
1214 3741 1389 3796 Patris
1444 3741 1755 3803 monachus,
1799 3753 1896 3807 pro

319 3835 591 3907 parvitate
624 3832 822 3902 ingenii
854 3832 981 3895 mei,
1014 3832 1081 3884 ad
1112 3832 1369 3884 honorem
1411 3829 1545 3883 tanti
1573 3828 1751 3882 Patris
1793 3826 1895 3881 sin-

318 3926 441 3996 gula
470 3926 587 3994 ejus
616 3923 896 3990 miracula,
943 3939 1039 3992 per
1086 3924 1297 3995 singula
1348 3922 1607 3988 disticha,
1657 3922 1899 3992 elegiaco

320 4025 498 4071 metro
526 4017 627 4071 hoc
656 4016 815 4071 modo
843 4015 1097 4070 contexui
1123 4033 1138 4075 ς

319 4109 522 4165 Ordiar
550 4109 692 4164 unde
722 4117 863 4175 tuos,
895 4123 1049 4164 sacer
1076 4123 1107 4162 ο
1137 4106 1445 4173 Benedicte,
1491 4105 1829 4177 triumphos?

395 4200 667 4264 Virtutum
702 4200 945 4256 cumulos
986 4200 1171 4255 ordiar
1203 4199 1344 4254 unde
1378 4198 1537 4253 tuos?

320 4293 491 4363 Euge,
530 4292 686 4347 beate
714 4292 893 4356 Pater,
925 4291 1174 4346 meritum
1210 4290 1303 4360 qui
1330 4290 1546 4344 nomine
1572 4288 1789 4359 prodis!

392 4381 615 4453 Fulgida
644 4382 733 4436 lux
769 4381 932 4447 szecli,
969 4397 1126 4452 euge,
1152 4382 1307 4435 beate
1340 4379 1526 4435 Pater!

320 4473 540 4541 Nursia,
570 4472 763 4544 plaude
790 4475 945 4537 satis,
978 4482 1127 4527 tanto
1162 4472 1407 4527 sublimis
1434 4471 1671 4535 alumno,

392 4568 553 4621 Astra
582 4565 762 4622 ferens
794 4567 1013 4633 mundo,
1046 4566 1262 4632 Nursia,
1304 4566 1493 4636 plaude
1521 4566 1683 4621 satis!

323 4660 366 4716 Ο
409 4661 617 4730 puerile
647 4662 813 4716 decus
838 4648 1222 4721 transcenderis
1247 4660 1488 4715 moribus
1520 4673 1687 4712 annos
1708 4697 1722 4722 ,

390 4755 845 4825 Exsuperansque
874 4767 1052 4816 senes,
1088 4768 1120 4806 o
1150 4751 1350 4823 puerile
1386 4752 1579 4806 decus!

325 4846 462 4909 Flos,
490 4846 764 4917 paradise,
800 4857 922 4899 tuus
951 4846 1196 4914 despexit
1222 4842 1409 4898 ﬂorida
1440 4843 1645 4905 mundi,

392 4940 613 5011 Sprevit
639 4956 768 5011 opes
792 4939 978 5002 Romae
1005 4936 1124 5003 ﬂos,
1155 4936 1419 5007 paradise,
1458 4948 1604 4994 tuus.

324 5033 429 5087 Vas
458 5032 734 5103 pedagnga
762 5028 875 5100 (59)
909 5028 1028 5083 tulit
1053 5026 1406 5091 confractum,
1433 5038 1657 5100 pectore
1689 5025 1821 5079 tristi

391 5124 410 5158 1
436 5134 537 5158 mlo
567 5124 919 5158 portu-malum
948 5136 1041 5158 ναξ
1069 5121 1336 5158 nmloanaa
1372 5124 1485 5158 ΙιιΙὲι

2068 3113 2343 3169 Tartareis
2368 3112 2596 3166 ﬂammis
2620 3110 2821 3179 perﬁda
2853 3109 3013 3163 corda
3041 3112 3279 3176 gemunt.

1997 3205 2125 3260 Fert
2154 3203 2407 3257 alimenta
2439 3200 2611 3255 Corax
2639 3200 2820 3269 digitis
2849 3199 3025 3253 oblata
3060 3193 3338 3263 malignis;

2071 3294 2196 3349 Dira
2224 3292 2408 3363 procul
2429 3291 2632 3360 jussus,
2668 3290 2771 3345 fert
2803 3290 3054 3343 alimenta
3077 3286 3273 3340 Corax.

1999 3384 2225 3439 Pectora
2256 3398 2410 3437 sacra
2449 3381 2629 3435 dolent
2657 3379 2933 3433 inimicum
2962 3377 3081 3430 labe
3110 3379 3465 3445 peremptum.

2072 3476 2323 3546 Discipuli
2351 3490 2629 3529 excessum
2660 3481 2877 3543 pectora
2914 3485 3068 3524 Sacra
3094 3467 3295 3522 dolent.

2001 3568 2141 3623 Liris
2184 3581 2396 3621 ammna
2425 3573 2613 3634 petens
2643 3564 2869 3617 ducibus
2896 3559 3171 3615 comitaris
3196 3554 3410 3626 epimis,

2073 3658 2299 3714 Coelitns
2329 3656 2640 3717 attralieris,
2673 3655 2803 3725 lyris
2829 3666 3040 3706 amunia
3071 3658 3274 3719 petens.

2000 3750 2202 3820 Anguis
2231 3749 2412 3816 inique
2443 3745 2576 3800 furis
2606 3745 2721 3797 loco
2757 3740 2922 3812 [luco]
2953 3739 3213 3809 spoliatus
3233 3747 3286 3793 et
3308 3735 3449 3799 aris;

2072 3838 2302 3892 Amissis
2332 3834 2560 3905 populis,
2586 3832 2776 3902 anguis
2803 3831 2982 3896 inique
3006 3827 3165 3881 furis.

2004 3927 2251 3999 Improbe
2277 3941 2457 3979 sessor
2485 3923 2597 3987 abi,
2626 3923 2742 3976 sine
2770 3921 2962 3975 dentur
3000 3929 3271 3970 marmora
3303 3911 3503 3975 muris;

2075 4019 2296 4089 Cogcris
2338 4015 2585 4085 imperio,
2618 4010 2857 4081 improbe
2890 4023 3067 4063 sessor
3097 4006 3205 4060 abi.

2003 4114 2260 4171 Cernitur
2286 4110 2424 4180 ignis
2454 4106 2588 4161 edax
2620 4103 2769 4159 falsis
2796 4104 3073 4169 insurgere
3102 4095 3355 4158 ﬂammis,

2074 4205 2186 4259 Nec
2216 4203 2331 4267 tibi,
2359 4214 2567 4271 gemma
2590 4196 2816 4260 micans,
2860 4193 3100 4248 cernitur
3129 4190 3266 4258 ignis
3296 4186 3450 4240 edax.

2009 4300 2143 4353 Dum
2176 4293 2402 4349 struitur
2433 4290 2636 4362 paries,
2665 4287 2977 4342 lacerantur
3004 4283 3210 4337 viscera
3236 4278 3439 4342 fratris,

1930 4377 1982 4437 D
2079 4388 2277 4457 Sospes
2304 4384 2454 4439 adest
2484 4382 2672 4447 frater,
2705 4381 2830 4434 dum
2859 4378 3087 4432 struitur
3111 4373 3309 4443 paries.

2005 4480 2199 4536 Abdita
2230 4477 2374 4532 facta
2400 4481 2605 4545 patent,
2635 4472 2818 4542 patqu
2842 4470 3142 4538 produntur
3168 4466 3385 4527 edaces,

2078 4571 2314 4627 Muneris
2340 4566 2571 4636 accepti,
2602 4564 2782 4619 abdita
2809 4561 2948 4615 facta
2980 4567 3185 4629 patent.

2007 4665 2159 4719 Saeve
2193 4669 2449 4731 tyranne,
2480 4666 2585 4708 tua:
2610 4654 2941 4707 frustrantur
2967 4649 3100 4702 retia
3132 4645 3363 4712 fraudis,

2075 4752 2251 4807 Frena
2275 4748 2421 4817 capis
2446 4747 2588 4811 vitaz,
2625 4756 2764 4798 sazve
2796 4751 3042 4813 tyranne,
3078 4747 3201 4792 tuae.

2009 4844 2208 4902 Moenia
2247 4841 2390 4897 celsa
2415 4839 2632 4893 Neuma‘.
2656 4835 2801 4890 nullo
2830 4833 3155 4888 subruentur
3182 4826 3248 4880 ab
3288 4826 3483 4885 hoste,

2086 4934 2269 4989 Turbo
2310 4931 2401 4993 ait,
2436 4936 2665 4993 evertet,
2695 4925 2892 4980 moenia
2920 4920 3063 4975 celsa
3091 4918 3328 4973 Neumae

2014 5027 2280 5087 Plecteris
2306 5026 2460 5079 hoste
2483 5021 2630 5091 gravi
2659 5034 2724 5071 ne
2748 5017 2872 5069 lites
2898 5026 3094 5066 munus
3118 5007 3184 5060 ad
3214 5018 3425 5067 aram,

2091 5118 2280 5158 Μιιηιις
2305 5115 2413 5158 fare
2441 5114 2565 5158 llllm
2596 5108 2726 5158 aris.
2754 5100 3004 5158 υιεεῑθΐὶδ
3032 5100 3186 5153 1108ιο
3206 5108 3333 5158 gl'a
3349 5096 3423 5150 Vi-
