4108 5412
291 313 385 373 865
1467 306 1701 364 SERMO
1743 305 1830 362 DE
1869 304 1928 360 S.
1971 304 2376 362 BENEDICTO.
3443 302 3550 360 866

558 421 694 478 Vitae
722 436 893 477 sacra:
922 420 1260 490 sequacibus.
1884 418 1927 477 Λ
1961 414 2225 471 Omnibus
2254 426 2341 471 est
2379 417 2526 489 virga
2555 419 2794 490 gracilis,
2818 415 3121 473 moderatio
3139 414 3308 484 justa,

626 515 744 570 Jam
773 515 880 568 dux
919 513 1121 567 alumni
1158 522 1241 566 sat
1273 519 1478 582 potens,
2033 506 2186 560 Lima
2219 510 2300 578 pia
2335 508 2467 581 {pie}
2498 512 2742 580 capiens,
2769 526 2933 581 regna
2959 509 3115 562 beata
3143 521 3365 578 parans.

556 606 914 677 Adsisgrcgis
943 604 1215 674 suspiriis,
1966 596 2172 668 Arguit,
2227 600 2502 666 obsecrat,
2557 603 2822 671 increpat,
2854 610 3020 670 atque
3080 598 3311 654 libenter
3363 609 3550 650 emen~

555 697 760 753 Gliscat
795 697 971 760 bonis,
1009 697 1238 768 hydrum
1265 709 1485 757 cavens,
3343 688 3478 760 [dat.

560 787 644 842 Si;
667 788 824 843 callis
853 796 910 842 ιιι
945 803 1151 856 sequax
1186 788 1284 842 ιυῑ,
2031 776 2177 844 Quos
2211 780 2310 834 sibi
2343 796 2600 849 germano
2629 782 2832 838 findere
2855 781 3154 838 consociat.

362 882 518 936 Porro
577 881 968 936 desolationem
1030 880 1198 951 ipsius
1257 878 1613 934 sacratissimi
1663 875 1858 932 Montis
1961 866 2119 922 Νυνίι
2139 871 2206 924 ad
2229 881 2492 926 mlernum
2519 876 2810 929 monachos
2837 874 3135 945 perducere
3163 887 3390 943 regnum

295 973 512 1036 Cassini,
543 986 707 1041 quam
748 971 939 1025 beatus
966 970 1126 1025 Pater
1152 971 1496 1032 Benedictus,
1526 969 1694 1022 multo
1733 979 1860 1021 ante
2033 961 2099 1014 Et
2125 963 2334 1017 sociare
2366 978 2534 1018 cnoro
2563 966 2798 1018 dulciter
2827 965 3091 1035 angelico.

295 1065 616 1135 spirimlibus
649 1063 975 1132 praeviderat
1029 1061 1224 1126 oculis,
1271 1075 1371 1116 nec
1423 1075 1531 1117 non
1583 1069 1860 1114 restaura-
1961 1054 2222 1122 Quamvis
2256 1057 2370 1112 lucc
2395 1059 2573 1112 socios
2594 1058 2717 1111 (ςαξιί
2745 1059 2975 1112 deducat
3006 1058 3071 1110 ad
3114 1056 3244 1121 alta,

299 1159 482 1211 tionem
534 1155 674 1222 ejus,
729 1155 1052 1209 brevissimo
1089 1153 1343 1208 narrandi
1401 1165 1602 1224 genere
1650 1153 1857 1207 cnravit
2034 1149 2131 1202 Est
2169 1158 2346 1204 tamen
2376 1161 2637 1222 angustus
2661 1150 2830 1212 callis,
2867 1159 2921 1204 et
2959 1163 3111 1203 areta
3135 1151 3243 1215 via,

295 1249 650 1303 manifestare.
680 1248 750 1302 At
792 1262 923 1302 vero
957 1247 1298 1302 translationi
1350 1246 1705 1300 sacratissimi
1741 1260 1862 1300 cor-
1965 1240 2128 1294 Ατοῑτι
2163 1240 2282 1309 pios
2311 1241 2438 1294 θριξὶ
2479 1241 2700 1294 dcdt'Cil
2725 1241 2791 1293 ad
2825 1239 2960 1293 allia
2995 1241 3168 1310 regni.

294 1339 427 1408 poris
455 1339 698 1410 ejusdem
737 1339 910 1394 sancti
946 1338 1122 1393 Patris
1173 1354 1237 1394 ac
1287 1338 1491 1393 sororis
1521 1337 1638 1406 cjus
1694 1335 1864 1390 Seho-
2035 1334 2224 1403 Ampla
2252 1333 2425 1388 malos
2460 1335 2607 1404 putei
2641 1334 2835 1404 mergit
2865 1333 2916 1387 iu
2950 1334 3054 1386 ima
3096 1332 3257 1404 nigri;

295 1431 502 1496 laslicae,
552 1432 621 1486 ad
672 1431 816 1486 hunc
869 1431 1232 1486 venerabilem
1290 1429 1469 1484 locum
1519 1429 1858 1492 Floriacum,
1965 1424 2137 1481 Nemo
2169 1427 2308 1480 viam
2331 1426 2516 1481 timeat
2549 1428 2940 1480 monachorum
2974 1425 3179 1479 intrare
3208 1440 3304 1494 per
3325 1434 3552 1488 arctam,

295 1521 410 1577 licet
431 1523 652 1586 invitus,
686 1524 738 1576 in
773 1524 888 1594 ipsa
919 1521 1396 1593 Longobardornm
1445 1521 1681 1575 Historia
1715 1521 1866 1574 testi-
2037 1519 2250 1572 Ducunt
2274 1520 2338 1572 ad
2371 1519 2696 1591 astrigerum
2723 1527 2902 1574 castra
2934 1519 3090 1571 beata
3121 1516 3324 1588 polum.

298 1614 516 1666 monium
547 1613 781 1681 praebuit
819 1613 1040 1680 (Paulus
1089 1611 1476 1682 Cassincnsis).
1509 1613 1642 1679 ane
1682 1611 1862 1666 omnia
2037 1608 2341 1681 [Astrigero
2366 1610 2630 1664 inducunt
2656 1619 2837 1664 castra
2864 1610 3020 1663 beata
3052 1606 3202 1679 polo]

297 1707 408 1774 quia
447 1706 497 1759 in
537 1707 716 1774 primo
752 1706 891 1760 libro
924 1705 1307 1760 Miraculorum
1350 1721 1490 1776 pene
1522 1706 1693 1776 ipsius
1737 1719 1864 1758 vcr-
1967 1701 2057 1757 Ille
2086 1701 2191 1772 poli
2219 1702 2418 1771 poterit
2445 1701 2636 1756 leviter
2658 1701 3026 1756 conscendere
3057 1700 3202 1755 celsa

297 1795 370 1848 bis
389 1805 605 1849 exarata
632 1805 779 1861 sunt,
814 1811 913 1850 nos
943 1795 1160 1851 interim
1211 1798 1491 1851 succincto
1517 1811 1716 1867 genere
1743 1811 1869 1848 nar-
1900 1786 1942 1845 Β
2042 1795 2212 1861 Quem
2242 1809 2416 1848 nocuo
2444 1793 2584 1847 nulla
2617 1793 2855 1863 pondere
2884 1791 3039 1861 culpa
3068 1782 3280 1862 gravat,

300 1885 436 1938 randi
482 1885 804 1953 pra-libasse
857 1885 1108 1941 suﬂiciat.
1141 1887 1274 1941 Illud
1314 1903 1444 1942 sane
1481 1903 1588 1941 non
1639 1887 1871 1941 reticen—
2046 1885 2238 1958 [Noxia
2265 1899 2426 1954 quem
2465 1884 2612 1939 nullo
2638 1884 2876 1955 pondere
2907 1884 3063 1951 culpa
3094 1880 3330 1952 gravat]

299 1974 409 2027 dum
435 1975 557 2043 quia
598 1975 712 2030 Deo
736 1977 984 2032 amabilis
1024 1979 1192 2034 abbas
1223 1979 1339 2035 Odo
1367 1981 1419 2034 in
1450 1979 1607 2032 laude
1629 1979 1870 2049 ejusdem
1973 1977 2160 2046 Aliger
2195 1979 2464 2031 :ethereus
2494 1975 2718 2046 gravido
2739 1990 2863 2028 cum
2888 1988 3118 2043 corpore
3146 1972 3326 2026 nullus

303 2064 462 2118 Patris
502 2079 814 2122 sermonem
845 2066 1076 2122 facunda
1129 2069 1298 2124 edidit
1344 2069 1678 2138 eloquentia,
1718 2081 1772 2123 et
1818 2069 1870 2122 in
2048 2067 2332 2134 Verberat,
2363 2066 2630 2122 aethereus
2653 2081 2796 2136 saepe
2827 2065 3058 2119 volando
3086 2068 3224 2118 vias.

301 2169 530 2209 sermone
573 2172 740 2226 quem
777 2158 844 2212 de
874 2168 1062 2214 sancto
1099 2161 1426 2230 conscripsit
1459 2160 1692 2216 Martino
1715 2162 1874 2232 hujus
1976 2158 2162 2213 Nullus
2199 2159 2343 2214 enim
2377 2159 2674 2213 monachus
2707 2157 2912 2227 peccati
2947 2157 3187 2227 pondere
3215 2168 3435 2226 pressus

302 2261 397 2300 non
430 2248 577 2302 siluit
603 2252 901 2318 przeconia.
932 2251 1056 2306 Sma
1069 2253 1266 2323 ragdus
1306 2268 1542 2323 quoque,
1579 2256 1874 2325 expositio-
2047 2252 2319 2322 Stelligeri
2346 2252 2548 2320 poterit
2570 2265 2734 2320 regna
2756 2249 2938 2304 subire
2968 2248 3096 2318 poli.

304 2353 410 2391 nem
471 2339 521 2393 in
573 2340 750 2410 ipsius
795 2341 1033 2412 regulam
1094 2354 1533 2411 commentatus,
1584 2346 1684 2401 hos
1738 2361 1875 2415 prac-
1979 2344 2172 2402 Omnis
2196 2347 2343 2400 enim
2373 2344 2672 2399 monachus
2705 2340 3266 2413 lacrymiscommissa
3295 2338 3475 2394 lavare

303 2426 434 2481 misit
468 2430 772 2487 versiculos
801 2447 816 2486 :
2049 2437 2242 2503 Debet,
2267 2445 2323 2493 et
2352 2436 2581 2491 ulterius
2610 2435 2756 2490 nulla
2781 2434 3006 2488 lavanda
3029 2435 3160 2503 pati.

302 2517 538 2586 Quisquis
564 2520 634 2573 ad
656 2531 921 2576 aeternum
950 2522 1155 2579 mavult
1176 2526 1548 2580 conscendere
1572 2542 1821 2595 regnum,
1978 2531 2270 2600 Temperet
2293 2529 2501 2584 interea
2528 2527 2777 2582 monachi
2806 2526 3067 2581 discretio
3096 2531 3358 2591 mentem,

367 2609 522 2665 Debet
555 2611 625 2666 ad
659 2613 986 2684 astrigerum
1018 2625 1198 2670 mente
1219 2616 1402 2672 subire
1433 2618 1638 2688 polum,
2051 2622 2119 2676 Et
2154 2622 2236 2676 via
2267 2636 2366 2692 per
2389 2621 2627 2676 medium
2662 2618 2807 2689 regia
2837 2619 2999 2671 ducat
3019 2632 3170 2672 eum.

303 2699 582 2772 Belligione
608 2705 723 2776 pia,
751 2707 1207 2778 vitm-perquirere
1235 2709 1450 2773 callem,
1983 2714 2052 2770 Ut
2082 2722 2272 2769 caveat
2304 2714 2553 2768 dextram
2592 2712 2789 2776 soleis,
2822 2709 3127 2779 timeatque
3157 2708 3458 2773 sinistram,

364 2795 630 2854 Scandere
656 2815 764 2870 quo
798 2799 972 2854 valeat
999 2815 1164 2856 aurea
1196 2815 1361 2873 regna
1400 2801 1568 2866 celer,
2052 2805 2351 2860 llortantur
2376 2819 2547 2860 sacrae
2575 2803 2759 2857 munia
2793 2802 2928 2873 legis
2956 2816 3103 2856 eum.

303 2887 389 2942 Est
415 2890 693 2945 monachis
719 2891 896 2946 sancti
926 2890 1204 2948 Benedicti
1229 2891 1414 2962 regula
1453 2892 1633 2947 Patris
1982 2898 2184 2953 Tristia
2215 2912 2320 2952 non
2345 2897 2672 2951 timeat......
2701 2895 2796 2950 sed
2824 2908 3082 2965 prospera
3105 2892 3306 2956 mundi,

364 2978 641 3047 Perlectis,
676 2981 858 3051 plana,
888 2997 1096 3044 suaws,
1131 2992 1188 3037 et
1215 2983 1390 3053 ampla
1415 2985 1523 3048 via,
2029 2989 2330 3045 ,Scandere
2352 2997 2466 3044 tum
2504 2987 2726 3059 poterit,
2758 3001 2923 3057 regna
2954 2986 3112 3040 beata
3135 2985 3264 3056 poli.

304 3069 516 3140 Aspera,
544 3073 641 3128 sed
670 3074 874 3143 pueris,
901 3088 1003 3128 nec
1025 3089 1129 3128 non
1159 3076 1441 3146 tyronibus
1468 3083 1620 3130 arcta
1910 3134 1926 3151 Α

1910 3133 1954 3151 η
1983 3080 2240 3151 Quisquis
2273 3089 2418 3136 amat
2446 3080 2638 3135 rutilos
2667 3088 2979 3134 sanctorum
3019 3091 3242 3147 carpere
3267 3075 3504 3142 fructus,

369 3166 510 3230 Quos
545 3164 683 3218 aluit
707 3166 915 3234 gremio
943 3166 1121 3222 lactea
1146 3167 1256 3221 vita
1289 3167 1403 3222 diu.
1907 3133 1954 3197 Ο
2054 3175 2277 3230 Actibus
2309 3175 2362 3228 in
2389 3173 2604 3229 cunctis
2627 3171 2979 3227 consocietur
3002 3171 3100 3225 eis.

307 3257 418 3313 ΙΙωο
437 3269 517 3314 est
538 3268 729 3314 sancta
763 3260 867 3325 via,
893 3260 1180 3330 pra:lucida
1203 3260 1396 3316 semita
1427 3259 1552 3316 coeli
1582 3277 1596 3324 ;

1985 3266 2224 3323 Moribus
2245 3274 2491 3330 ornatus,
2521 3273 2576 3320 et
2600 3272 2754 3320 casto
2793 3277 3018 3334 corpore
3049 3271 3319 3333 comptus,

367 3349 598 3418 Carpere
620 3365 791 3421 quam
817 3351 1045 3422 cupiunt
1076 3353 1459 3408 castrasheata
1488 3351 1604 3406 Dei.
2063 3361 2243 3425 Vivat,
2273 3367 2330 3415 ει
2357 3374 2386 3413 a
2415 3358 2643 3414 Domino
2677 3373 2893 3428 semper
2920 3364 3132 3411 amatus
3160 3355 3285 3411 erit.

307 3440 558 3496 Admonet
580 3442 700 3497 haec
731 3445 1028 3499 monachos
1053 3442 1302 3499 sublimis
1327 3451 1514 3514 regula
1539 3451 1786 3508 cunctos,
1988 3452 2081 3510 Sic
2108 3451 2224 3526 [εει]
2280 3452 2499 3518 laeuus,
2549 3450 2792 3515 humilis,
2825 3449 3169 3516 mitissimus,
3214 3455 3378 3519 atque
3419 3447 3580 3501 ιιρηί..

374 3528 438 3583 Ut
474 3531 638 3587 rebus
669 3541 914 3599 careant,
944 3547 1110 3604 regna
1150 3547 1385 3603 superna
1417 3542 1624 3603 petant,
3305 3540 3465 3613 [guns
3487 3555 3500 3568 °

310 3619 518 3692 Propria
550 3623 852 3691 dimittant,
886 3626 1122 3680 habeant
1149 3640 1209 3682 ut
1236 3641 1456 3696 propria
1485 3635 1704 3690 cuncta,
2059 3638 2140 3695 Si;
2172 3638 2402 3710 pauens,
2437 3636 2670 3702 sobrius,
2698 3633 2978 3706 providus,
3006 3643 3168 3704 atque
3205 3635 3348 3704 pius,

371 3713 631 3785 Ρτοεροτει
669 3733 788 3788 qm”
817 3719 981 3774 θοοίίε
1009 3718 1197 3774 “mica
1225 3734 1392 3790 τεςηδ
1431 3727 1670 3782 manem»
1989 3731 2188 3786 lndolis
2214 3739 2268 3785 et
2290 3729 2505 3795 docilis,
2538 3729 2775 3798 sapiens,
2799 3743 2863 3782 ac
2894 3735 3074 3781 mente
3101 3727 3327 3796 pusillus

315 3809 548 3868 Patribus
580 3828 612 3867 a
655 3815 874 3878 nostris,
907 3813 960 3868 in
989 3830 1149 3870 sacro
1174 3814 1419 3870 carmine
1443 3812 1601 3885 legis,
2059 3818 2394 3890 Conceptus,
2423 3820 2692 3890 placidus,
2717 3829 2772 3874 et
2797 3820 2932 3873 bene
2963 3831 3154 3873 cautus
3181 3827 3290 3873 cat.

374 3901 535 3974 Regia
563 3905 898 3976 rectogradis
918 3905 1118 3962 dicitur
1139 3907 1239 3962 ista
1263 3905 1372 3960 via.
1991 3915 2205 3970 Excitet
2226 3914 2432 3967 interea
2481 3911 2660 3966 cordis
2687 3910 3033 3980 compunctio
3059 3919 3294 3975 sontem,

315 3989 428 4047 “330
450 4003 532 4048 εει
557 3994 671 4048 Vim
703 3991 878 4063 bonis.
904 4010 1002 4052 nec
1035 4011 1139 4051 ηοη
1163 4006 1218 4052 el
1246 4011 1438 4051 "0mm
1461 3994 1674 4064 δθιυιίει
2061 4006 2165 4075 Qui
2195 4006 2384 4061 sordes
2412 4005 2607 4059 animae
2641 4002 2862 4058 lmentis
2889 4018 2981 4072 qui
3013 3999 3225 4073 sordes]
3260 3999 3586 4069 illuvicsque

375 4090 545 4142 Arcus
573 4097 629 4142 et
660 4102 813 4142 arma
843 4089 966 4159 piis,
998 4088 1191 4160 frigida
1216 4089 1322 4144 tela
1353 4088 1532 4145 malis.
3321 4091 3508 4166 [laveL

317 4175 456 4234 Hane
485 4180 666 4234 nullus
693 4179 904 4246 nolens,
932 4180 1157 4251 cupiens
1183 4180 1427 4251 implebit
1449 4189 1504 4236 et
1526 4180 1705 4235 omnis
1730 4196 1743 4232 :

1643 4180 1705 4234 lis
1730 4196 1743 4232 ε
1992 4188 2302 4246 Chrismale
2327 4184 2547 4259 perfuso
2573 4186 2934 4257 lacrymarmn
2964 4184 3106 4240 fusio
3130 4184 3265 4239 l'onti

381 4270 578 4342 Estque
605 4273 788 4344 gravis
807 4275 1082 4344 gravibus,
1109 4275 1294 4330 suavis
1323 4284 1378 4330 et
1407 4283 1532 4345 apta
1560 4273 1734 4327 bonis.
2063 4279 2406 4349 IEquiparat,
2438 4276 2679 4331 maculas
2705 4277 2864 4348 tergit
2891 4286 2947 4330 ut
2972 4275 3060 4331 ille
3089 4275 3293 4346 nigras.

318 4359 576 4434 Florigeri
608 4366 893 4422 monachis
926 4365 1072 4438 [caeli
1093 4366 1248 4436 jubet
1273 4368 1376 4423 ista
1397 4364 1686 4437 docetque]
1710 4372 1892 4420 osten-
1995 4370 2180 4442 Tergit
2205 4369 2486 4424 ctablutos
2515 4369 2749 4439 paradisi
2785 4368 2885 4423 rite
2908 4368 3152 4434 colonos,

1327 4457 1562 4531 [dithzec
1583 4456 1818 4526 paradisi
1928 4479 1973 4535 ι)
2071 4459 2244 4515 Ellicit
2274 4469 2329 4515 ut
2358 4461 2503 4515 cives
2525 4459 2636 4529 jam
2659 4460 2775 4512 sine
2808 4457 2915 4512 line
2942 4467 3113 4528 petat.

385 4545 610 4618 Regula,
645 4546 920 4604 lueiﬂuum
975 4548 1286 4605 desiderare
1320 4548 1496 4605 locum
1547 4547 1891 4621 (concupisce
1995 4551 2093 4619 Qui
2119 4551 2323 4622 jngitcr
2350 4549 2537 4604 laudes
2563 4547 2783 4621 [lautas]
2807 4550 3015 4618 possint
3042 4547 3353 4618 persolvere
3382 4557 3592 4621 grates,

1571 4639 1816 4712 [locum).
2068 4643 2260 4699 Vivere
2288 4659 2412 4698 cum
2447 4642 2674 4697 Domino
2698 4656 2910 4712 semper
2930 4651 2985 4697 et
3011 4657 3131 4698 esse
3149 4658 3268 4698 suo.

323 4729 436 4787 llzec
457 4734 592 4788 bene
616 4745 863 4790 materno
885 4744 1041 4790 natos
1066 4736 1296 4806 castigat
1327 4748 1536 4799 amore,
2070 4735 2432 4789 Nihilominus
2487 4733 2784 4788 Adhchnus
2835 4733 3059 4804 Anglus,
3106 4735 3340 4805 primum
3396 4734 3601 4793 abbas,

388 4825 576 4894 Arguit
605 4826 882 4892 erudiens,
912 4836 964 4882 et
998 4827 1116 4881 sine
1140 4825 1265 4881 felle
1291 4840 1536 4880 monens.
1890 4851 1895 4860 τ
1998 4838 2125 4901 post
2168 4829 2454 4898 episcopus
2503 4826 2703 4888 factus,
2738 4826 2792 4880 in
2843 4826 2982 4881 libro
3038 4825 3114 4881 De
3162 4825 3320 4879 laude
3372 4834 3599 4878 sancto~

325 4913 438 4970 “ille
476 4918 743 4985 l’alielllcr
773 4933 866 4974 00$
897 4928 1085 4972 ιθηετο
1123 4933 1248 4974 cum
1274 4917 1503 4972 verbere
1525 4915 1718 4978 nllll'il.
2002 4936 2176 4976 ruma
2223 4937 2281 4976 se
2321 4921 2491 4986 edito,
2540 4917 2702 4986 hujus
2753 4919 2812 4972 S.
2867 4919 3042 4972 Patris
3070 4919 3171 4995 hoc
3203 4916 3365 4970 modo
3405 4913 3609 4970 meruit

390 5009 629 5062 Candida
668 5019 787 5079 post
816 5011 1027 5066 obitum
1060 5011 1281 5080 praemia
1315 5007 1479 5064 multa
1509 5008 1682 5064 dabit.
1893 5039 1896 5042 ν
2003 5017 2102 5071 nit.

328 5098 510 5156 l’nndil.
542 5103 650 5156 iter
671 5105 855 5168 rectis,
879 5103 1335 5175 cmlestia‘pandit
1365 5102 1574 5170 amicis,
2078 5106 2365 5156 Imperium
2394 5104 2577 5152 mundi
2613 5102 2811 5148 lim-nne
2849 5116 2970 5146 rum
3008 5101 3173 5144 linum
3209 5108 3418 5142 Innprn'

391 5189 621 5238 Currere.
660 5210 723 5238 me
746 5196 943 5238 ninrnat-
981 5194 1071 5228 carl
1097 5211 1150 5228 νυ
1170 5199 1201 5216 -*
1225 5212 1232 5213 κ
1265 5211 1267 5213 ι
