4108 5412
521 379 615 436 86Ἱ
1589 376 1846 432 AlMOlNl
1888 375 2191 432 MONACHI
2233 373 2722 431 FLOIlIACENSIS

2129 501 2171 555 Α
2210 489 2269 542 Ει
2301 489 2518 542 tremuit
2552 487 2706 542 tellus
2736 503 2930 559 magno
2961 488 3312 544 tremebunda
3334 491 3571 562 fragore.

525 489 682 566 Saepe
713 501 1068 566 tyrannorum
1105 500 1363 547 contrth
1395 492 1591 562 templa
1627 493 1889 561 priorum,

525 588 625 654 Qui
654 587 936 640 Dominum
970 584 1106 638 lucis
1130 581 1418 637 tenebroso
1449 583 1616 637 corde
1642 582 1934 651 negabant,

526 679 646 733 Mox
678 678 786 732 illic
813 679 980 747 figens
1006 676 1251 730 victricia
1274 675 1428 744 signa
1460 674 1650 729 salutis

527 767 619 822 Sic
645 769 802 822 miles
832 767 1054 830 Christi,
1081 765 1292 819 devicto
1323 765 1437 838 [ex]
1467 766 1622 821 hoste
1651 764 1971 833 triumphat.

527 859 812 913 Basilicam
844 858 1070 913 Domino
1099 867 1413 911 restaurans
1438 857 1553 911 aede
1587 864 1800 917 renata,

526 950 657 1017 Quis
693 952 884 1004 modus
908 958 1001 1002 aut
1029 964 1308 1012 numerus,
1343 946 1426 1002 vel
1445 957 1593 1002 certe
1613 945 1853 1001 calculus
1873 943 2030 1000 index

527 1041 829 1110 Explanare
851 1040 995 1094 valet
1023 1039 1246 1094 virtutes
1266 1039 1408 1094 illius
1429 1038 1677 1110 amplas?

525 1130 656 1198 Qua:
681 1129 954 1186 modulum
985 1137 1040 1183 et
1071 1143 1357 1183 numerum
1386 1129 1656 1184 excedunt
1687 1142 1784 1198 pro
1815 1126 1954 1182 mole
1980 1141 2105 1181 suo-

1867 1218 2033 1293 [ruin,

525 1313 769 1383 Namque
793 1313 1148 1368 cadaveribus
1177 1311 1441 1367 reddebat
1466 1311 1668 1366 lumina
1701 1309 1924 1376 functis,

523 1405 652 1473 Qum
677 1404 867 1476 gelidae
891 1405 1084 1459 mortis
1113 1418 1210 1474 per
1245 1403 1352 1456 vim
1382 1401 1596 1456 fortuna
1643 1411 1868 1456 necarat
1898 1399 2104 1472 (melius

1759 1491 1916 1563 [nega
1924 1485 1980 1545 ra
1990 1492 2029 1562 t)

519 1587 720 1640 Anditu
749 1586 944 1641 surdos
970 1594 1026 1640 et
1047 1583 1270 1640 claudos
1295 1586 1570 1655 gressibus
1599 1596 1775 1650 ornat,

519 1675 778 1746 Aigrotos
802 1683 1035 1744 vegetat,
1066 1674 1429 1729 membrorum
1463 1675 1670 1730 viribus
1699 1691 1922 1746 angens,

520 1768 800 1822 Dcemonis
823 1782 974 1822 arma
1000 1766 1218 1836 fugans,
1250 1782 1459 1822 necnon
1495 1776 1548 1821 et
1591 1767 1796 1836 spicula
1820 1766 2097 1837 frangens,

519 1856 775 1912 Hostibus
800 1856 1058 1928 expiosis,
1084 1866 1354 1912 restaurat
1378 1857 1561 1912 saucia
1593 1859 1778 1922 corda,

516 1950 623 2005 Iste
643 1951 988 2022 capisterium
1024 1952 1282 2004 rimarum
1316 1950 1582 2021 fragmine
1612 1960 1827 2021 raptum

516 2041 760 2107 lnnovat,
791 2053 850 2097 ut
893 2044 1076 2097 nutrix
1099 2043 1461 2113 lacrymarum
1490 2043 1713 2096 illiniina
1757 2044 1913 2109 fudit,

514 2134 835 2191 Pestiferum
867 2135 1092 2191 calicem
1124 2136 1213 2206 qui
1246 2135 1439 2189 mortis
1469 2135 1664 2204 pocula
1694 2135 1862 2188 cinxit

517 2225 798 2294 Porrecta,
840 2227 984 2298 rupit
1015 2228 1202 2282 dextra
1230 2241 1326 2297 per
1352 2227 1505 2294 signa
1533 2227 1744 2281 salutis.

516 2319 608 2375 Sic
635 2321 799 2373 etiam
830 2319 1124 2390 Chalybem
1149 2317 1457 2388 prolapsum
1495 2318 1707 2387 gurgite
1737 2316 1919 2382 Gothi,

513 2411 594 2466 Ad
619 2410 868 2480 proprios
899 2409 1096 2463 iterum
1118 2407 1285 2478 jussit
1317 2423 1564 2462 remeare
1591 2408 1843 2464 lacertos.

511 2500 694 2555 Primo
715 2500 807 2570 qui
829 2500 1018 2562 statuit
1044 2509 1242 2554 nostrae
1267 2501 1567 2555 certamina
1597 2501 1741 2566 vitat;

510 2593 758 2662 Qualiter
779 2601 1020 2664 optatam
1047 2602 1260 2648 tentant
1293 2595 1544 2648 cinnobia
1573 2609 1846 2649 normam.

511 2687 739 2756 Quoque
771 2687 932 2741 modo
955 2694 1208 2757 properet
1230 2685 1437 2740 directo
1470 2687 1686 2740 tramite
1709 2695 1955 2741 sanctus.

512 2779 597 2834 Ad
623 2793 875 2850 superum
900 2780 1170 2834 scandens
1198 2778 1459 2833 calorum
1484 2779 1721 2834 culmina
1753 2779 1956 2844 cultor,

511 2867 676 2938 Cujus
715 2867 1029 2938 prazclaram
1057 2868 1298 2937 pandens
1347 2868 1414 2922 ab
1449 2868 1658 2938 origine
1698 2869 1883 2936 vitam,

514 2961 810 3033 Gregorius
835 2959 1030 3031 praesul
1070 2961 1276 3014 chartis
1303 2960 1668 3030 descripserat
1689 2959 1840 3014 olim.

514 3051 693 3107 Donec
713 3051 1006 3106 :etbeream
1036 3049 1375 3123 [/Etheream
1399 3051 1590 3125 donec]
1616 3051 1740 3107 felix
1770 3053 2024 3124 migraret
2048 3054 2096 3108 in

2126 1839 2173 1900 Β

3685 372 3788 434 868

2208 577 2437 632 lliimida
2463 577 2695 632 roriiluis
2723 579 3039 635 humectant
3065 580 3263 636 vellera
3294 590 3478 651 guttis,

2206 668 2399 738 Irrigat
2430 679 2485 724 et
2513 679 2708 723 terram
2737 669 3042 725 tenebrosis
3069 669 3333 726 imbribus
3358 686 3473 726 aer.

2207 757 2559 830 Complentur
2585 761 2766 826 valles,
2801 773 2856 817 et
2881 761 3027 832 larga
3057 761 3255 816 fluenta
3291 762 3616 828 redundant,

2209 850 2361 907 Tunc
2392 853 2592 908 mansit
2615 855 2803 910 nolens
2837 855 2928 924 qui
2965 855 3169 924 pridem
3202 865 3392 923 sponte
3426 855 3619 927 negavi

2207 942 2359 1010 Quod
2381 958 2634 1013 germana
2668 945 2821 1014 petit,
2857 945 3140 1016 deplorans
3169 945 3328 999 anxia
3363 945 3531 1000 euris.

2209 1033 2298 1090 Sic
2323 1035 2463 1090 Dens
2491 1040 2763 1091 auscultat
2795 1037 2984 1110 devota
3008 1047 3185 1093 mente
3207 1047 3484 1107 rogantes,

2207 1127 2515 1194 Quamlibet
2543 1144 2572 1182 a
2601 1129 2746 1183 nullo
2762 1129 2970 1184 solandi
2999 1131 3161 1185 verba
3185 1138 3496 1201 capessant,

2279 1217 2345 1272 Et
2371 1218 2485 1273 inec
2512 1217 2734 1288 quidam
2761 1219 3081 1275 Adhelmus.
3589 1267 3597 1274 .

2278 1308 2359 1362 Ad
2398 1319 2698 1364 extremum
2729 1311 2932 1381 proprii
2965 1312 3189 1368 clientes
3215 1312 3384 1383 ipsius
3419 1313 3786 1369 amantissimi

2205 1399 2420 1469 patroni
2453 1401 2625 1454 nostri
2651 1399 2954 1467 Benedicti,
2980 1404 3039 1458 in
3077 1407 3361 1473 przesentia
3401 1405 3789 1476 pretiosissimi

2204 1493 2450 1561 corporis
2469 1490 2587 1561 ejus
2613 1495 2751 1563 apud
2772 1494 3078 1550 Floriacum
3103 1497 3323 1568 speciali
3348 1498 3518 1568 gratia
3544 1497 3789 1563 educati,

2201 1583 2269 1636 ad
2305 1583 2628 1640 laudandum
2674 1587 2948 1642 alumnum
2992 1604 3149 1643 suum
3193 1591 3337 1645 haud
3385 1576 3578 1662 segnes
3625 1606 3790 1660 appa-

2203 1687 2434 1732 ruerunt
2462 1696 2475 1731 :
2510 1679 2564 1734 in
2593 1679 2945 1734 describenda
2987 1679 3250 1736 duntaxat
3279 1683 3636 1737 translatione
3657 1697 3790 1736 san-

2205 1780 2415 1826 ctarum
2461 1771 2576 1840 ejus
2627 1773 3002 1842 reliquiarum,
3044 1789 3143 1829 nec
3191 1789 3295 1828 non
3346 1761 3630 1830 miraculis
3666 1789 3790 1844 qua:

2201 1877 2299 1933 per
2329 1862 2477 1918 illum
2506 1865 2744 1934 antiquis
2773 1881 2867 1921 seu
2893 1867 3167 1923 modernis
3209 1868 3544 1938 temporibus
3592 1866 3788 1922 Cirris--

2203 1964 2288 2010 tus
2319 1957 2532 2026 operari
2582 1957 2834 2028 dignatus
2879 1968 2981 2014 est.
3012 1956 3121 2013 Nos
3152 1971 3368 2029 quoque
3416 1975 3515 2029 pro
3561 1957 3788 2012 modulo

2200 2054 2400 2100 nostra:
2423 2047 2820 2115 possibilitatis,
2854 2059 2972 2120 post
3016 2052 3330 2119 przescripta
3379 2050 3628 2119 qnaedam
3666 2046 3787 2115 ejus

2201 2135 2486 2200 miracula,
2509 2136 2562 2191 in
2594 2137 2762 2208 ipsius
2788 2138 2945 2195 laude
2971 2141 3070 2195 hoc
3103 2141 3341 2212 aggressi
3393 2155 3550 2210 opus,
3590 2139 3783 2194 videa-

2203 2240 2322 2279 mus
2353 2225 2548 2293 quibus
2572 2227 2749 2281 adhuc
2780 2229 2984 2284 sanctis
3017 2231 3190 2300 possit
3235 2230 3558 2300 :equiparari
3599 2228 3784 2283 Patri-

2200 2316 2320 2371 bus.
2345 2312 2616 2386 Equetur
2653 2333 2786 2374 sane
2818 2321 2936 2374 viro
2981 2321 3106 2376 forti
3150 2321 3411 2387 Gedeoni,
3455 2323 3547 2392 qni
3597 2322 3784 2376 hostes

2201 2407 2510 2463 lsraeliticze
2556 2411 2727 2480 plebis
2769 2413 2952 2481 praelio
2994 2429 3369 2485 aggressurus,
3417 2414 3570 2484 prius
3627 2429 3781 2468 aram

2202 2499 2382 2553 Balaal
2412 2500 2477 2555 de
2501 2512 2723 2571 paterna
2751 2505 3139 2558 exterminavit
3164 2506 3346 2570 domo,
3375 2519 3678 2574 nemusque
3707 2503 3783 2558 illi

2201 2601 2472 2646 sacratum
2497 2593 2838 2663 exstirpavit.
2866 2594 2957 2650 Sic
2989 2606 3045 2650 et
3066 2596 3167 2652 iste
3199 2595 3354 2651 fortis
3375 2596 3529 2652 miles
3549 2595 3778 2656 Christi.

2201 2683 2374 2737 aereis
2415 2687 2776 2753 potestatibus
2827 2686 3025 2742 bellum
3057 2690 3110 2743 in
3138 2688 3331 2744 Castro
3359 2688 3588 2744 Cassino
3638 2688 3778 2742 indi-

2197 2781 2410 2836 eturus,
2450 2775 2730 2830 oraculum
2747 2775 3013 2847 Apollinis
3034 2779 3251 2844 evertit,
3298 2777 3479 2832 lucum
3523 2777 3778 2841 succidit,

2201 2878 2266 2918 ac
2288 2863 2472 2920 fanum
2519 2866 2657 2937 ejus,
2723 2869 2980 2938 templum
3031 2871 3154 2924 vivo
3197 2871 3424 2939 praebuit
3471 2883 3594 2924 esse
3648 2868 3780 2924 Dec.

2202 2952 2430 3010 Samson
2475 2955 2564 3010 ille
2613 2957 2854 3012 virorum
2904 2958 3257 3024 fortissimus,
3290 2959 3617 3014 mirabilium
3663 2957 3782 3026 ejus

2203 3047 2439 3104 invideat
2471 3050 2780 3105 virtutibus.
2808 3051 2925 3121 Ipse
2953 3052 3151 3108 etenim
3206 3067 3306 3122 pro
3343 3051 3622 3107 avulsione
3651 3064 3783 3106 oeu-

1859 3146 2096 3217 (arcem.
2125 3187 2172 3248 Ε
2203 3138 2402 3204 lorum,
2449 3139 2658 3209 dejecto
2714 3142 2937 3209 solario,
2988 3143 3089 3197 tria
3136 3143 3302 3196 millia
3356 3157 3538 3198 secum
3585 3141 3784 3197 delevit

514 3231 685 3304 Hujus
722 3232 1065 3289 alumnorum
1095 3249 1324 3289 numero
1362 3235 1732 3304 glomerantur
1772 3249 2022 3306 ovantes,

514 3324 662 3392 Quos
686 3325 826 3394 gerit
849 3325 902 3378 in
935 3325 1142 3396 gremio
1169 3323 1397 3380 fecunda
1430 3325 1710 3382 Britannia
1753 3329 1918 3385 cives.

514 3417 559 3471 Δ
584 3416 814 3488 quojam
840 3417 995 3472 nobis
1023 3417 1272 3490 baptismi
1303 3419 1472 3488 gratia
1500 3419 1672 3484 ﬂuxit,

514 3509 690 3578 Atque
711 3507 1091 3578 magistrorum
1122 3509 1427 3563 veneranda
1456 3520 1675 3565 caterva
1697 3513 1956 3567 eucurrit.

591 3602 878 3657 Parimodo
904 3603 956 3656 in
983 3603 1252 3673 praeconio
1273 3603 1474 3657 sororis
1491 3602 1630 3671 ejus,
1658 3605 1828 3659 beata:
1853 3606 2101 3661 videlicet

517 3691 899 3760 Scholasticaa,
952 3693 1258 3764 aliquantos
1302 3694 1475 3750 eidem
1522 3695 1748 3750 carmini
1797 3697 1975 3753 taliter
2019 3699 2101 3754 in-

519 3785 735 3841 terserit
760 3786 1079 3842 versiculos.

515 3875 783 3948 Tempore
811 3877 1134 3944 Gothorum,
1164 3877 1315 3934 fulsit
1345 3880 1659 3952 virguncula
1700 3883 1946 3950 quaedam
1966 3923 1980 3948 ,

514 3967 643 4035 Quae
667 3971 943 4040 proprium
963 3986 1027 4026 ex
1052 3971 1163 4042 (6|)
1186 3971 1370 4027 schola
1407 3975 1639 4044 sumpsit
1660 3973 1994 4030 Scholastica
2012 3988 2104 4030 no-

1923 4065 2094 4138 [rnen.

516 4151 669 4207 llanc
696 4152 835 4208 Deus
861 4154 1092 4210 ubertim
1125 4155 1330 4211 cwlesti
1364 4173 1584 4212 munere
1614 4159 1766 4221 ditat,

513 4247 689 4300 Aurea
723 4246 962 4316 virgineo
985 4247 1283 4303 lucrantem
1319 4252 1538 4318 praemia
1571 4260 1715 4307 voto.

518 4335 592 4390 De
619 4352 724 4404 qua
755 4337 857 4391 hoc
880 4339 1206 4408 praecipuum
1237 4341 1356 4394 vitm
1385 4343 1723 4396 ramusculus
1749 4341 1890 4396 alma

518 4425 807 4494 Divulgare
835 4426 992 4490 solet,
1026 4428 1168 4482 latus
1201 4444 1306 4498 qua
1342 4432 1580 4485 tenditur
1617 4433 1787 4487 orbis.

520 4517 674 4583 Quod
704 4518 928 4572 fratrem
962 4521 1178 4575 sibimet
1207 4538 1467 4592 germano
1492 4525 1695 4580 foedere
1718 4526 1987 4595 junctum,

522 4609 780 4666 Subnixis
809 4613 1060 4682 precibus
1093 4617 1256 4684 gestit
1285 4617 1605 4685 compellere
1630 4618 1809 4688 virgo,

521 4703 799 4772 Quatenus
809 4708 1112 4777 acciperent
1131 4706 1446 4782 [acciperet]
1458 4724 1736 4765 sacrorum
1751 4711 1924 4766 dulcia
1939 4720 2101 4767 noctu

521 4793 747 4850 Fercula
779 4794 1071 4863 librorum,
1099 4807 1156 4852 et
1177 4799 1350 4853 sancti
1376 4800 1620 4854 convivia
1647 4801 1814 4856 verbi.

522 4885 567 4940 E
594 4887 791 4956 quibus
813 4885 1016 4942 affatim
1047 4897 1365 4944 saturantur
1402 4900 1620 4962 pectora
1646 4891 1848 4962 plebis,

522 4976 699 5047 Atque
728 4979 1044 5049 saginantur
1079 4988 1388 5035 sanctorum
1419 4981 1580 5037 corda
1614 4982 1876 5037 virorum.

527 5066 633 5121 Sed
666 5067 802 5123 fidus
836 5068 1092 5138 precibus
1113 5069 1285 5124 frater
1315 5087 1421 5126 non
1462 5070 1700 5128 ﬂectitur
1742 5072 1887 5137 ullis,

525 5158 780 5224 Quinimo
810 5169 1052 5214 sanctam
1085 5162 1411 5231 contempsit
1436 5178 1566 5217 voce
1593 5178 1857 5218 sororem.

2203 3230 2580 3297 inimicorum;
2638 3231 2726 3286 hic
2764 3241 2946 3288 autem
2989 3234 3098 3290 Deo
3139 3234 3386 3290 amabilis
3435 3233 3778 3297 Benedictus,

2202 3321 2368 3376 armis
2402 3321 2678 3392 patientia:
2703 3321 2889 3389 fultus,
2932 3323 3210 3379 inimicum
3238 3339 3394 3379 suum
3424 3323 3780 3387 Florentium,

2199 3421 2256 3468 et
2277 3412 2539 3468 devitavit
2560 3414 2742 3467 vivum
2769 3431 2783 3470 :
2814 3424 2870 3469 et
2898 3414 3084 3469 solarii
3112 3415 3268 3469 ruina
3297 3415 3614 3478 contritum,
3637 3414 3786 3469 flevit

2200 3503 2369 3561 fuisse
2391 3504 2724 3560 defunctum.
2749 3504 2976 3561 Samson
3016 3522 3213 3561 nervos
3233 3515 3288 3561 et
3319 3505 3557 3572 vincula,
3585 3507 3785 3578 quibus

2202 3594 2318 3666 ipse
2336 3597 2404 3651 ab
2419 3597 2652 3652 inimicis
2672 3596 2920 3667 alligatus
2940 3605 3079 3662 erat,
3102 3600 3246 3668 rupit
3270 3614 3334 3654 ac
3369 3599 3415 3652 si
3441 3609 3630 3668 stupea
3661 3601 3779 3665 lita;

2203 3689 2349 3744 mitis
2365 3689 2528 3746 Pater
2549 3690 2870 3746 Benedictus
2890 3691 3088 3758 aliena,
3103 3704 3176 3754 et.
3191 3694 3332 3763 quod
3357 3694 3661 3749 mirabilius
3678 3705 3780 3758 est,

2201 3779 2316 3835 solo
2345 3781 2540 3840 intuitu
2579 3782 2740 3837 solvit
2785 3782 3061 3853 ligamina.
3091 3784 3288 3840 Tobias
3328 3782 3510 3852 iunior
3548 3787 3784 3840 archano

2201 3872 2380 3944 gelum
2415 3872 2770 3943 Raphaelem,
2812 3877 3012 3930 meruit
3052 3876 3265 3932 itineris
3305 3877 3508 3931 habere
3550 3878 3777 3943 ducem;

2202 3967 2363 4021 beato
2393 3965 2538 4020 Patri
2565 3967 2856 4041 Benedicto
2892 3968 2998 4023 duo
3019 3968 3195 4039 angeli
3239 3969 3292 4023 in
3319 3970 3487 4039 figura
3519 3969 3781 4037 juvenmn

2203 4066 2565 4126 apparentes,
2619 4059 2908 4112 ostendere
2954 4057 3004 4113 ei
3057 4059 3197 4112 viam
3271 4074 3378 4127 qua
3429 4057 3497 4113 ad
3540 4069 3781 4113 castraut

2202 4148 2486 4204 Cassinum
2521 4163 2745 4218 pergere
2775 4150 3017 4204 deberet.
3052 4149 3236 4203 Daniel
3261 4149 3342 4202 vir
3362 4149 3783 4212 desideriorum,

2203 4241 2498 4310 sagacitate
2535 4250 2729 4296 astuta:
2779 4241 3000 4307 mentis,
3049 4241 3244 4295 furtiva
3284 4242 3628 4294 sacerdotum
3673 4239 3781 4294 Beli

2203 4332 2560 4401 deprehendit
2587 4333 2868 4396 convivia;
2901 4342 3156 4387 strenuus
3192 4331 3516 4387 Benedictus
3546 4331 3782 4400 Spiritus

2204 4421 2381 4476 sancti
2411 4420 2712 4476 iliustratus
2771 4422 2966 4492 gratia,
3015 4421 3318 4475 absentium
3357 4421 3586 4474 fratrum
3635 4436 3782 4474 sum-

2128 4527 2177 4586 ι)
2203 4522 2396 4582 ptuosa
2425 4513 2678 4581 cognovit
2728 4529 2793 4567 ac
2833 4512 3036 4567 detexit
3064 4512 3329 4567 convivia.
3365 4510 3459 4564 Ille
3488 4512 3780 4565 draconem

2202 4602 2491 4667 exstinxit,
2513 4611 2613 4657 Iste
2630 4601 2854 4673 fugitivo
2885 4603 3040 4656 fratri
3073 4603 3324 4657 draconis
3372 4603 3609 4672 speciem
3633 4601 3780 4668 obje-

2203 4694 2297 4760 cit,
2325 4702 2378 4749 et
2401 4695 2607 4764 antiqui
2625 4694 2813 4759 hostis,
2843 4695 2934 4763 qui
2965 4695 3017 4748 in
3050 4703 3300 4763 serpente
3322 4694 3611 4764 figuratur,
3633 4695 3780 4749 calli-

2203 4785 2301 4840 das
2359 4785 2740 4855 persuasiones
2784 4786 2838 4840 in
2890 4785 3008 4855 ejus
3063 4787 3224 4841 corde
3272 4785 3645 4840 mortiﬁcavit.
3707 4787 3780 4840 De

2203 4877 2441 4949 antiquis
2480 4877 2735 4938 Patribus
2774 4880 2971 4950 quibus
3006 4889 3099 4936 aut
3129 4879 3353 4949 aequalis
3378 4878 3780 4943 miraculis,aut

2203 4969 2556 5026 excellentior
2591 4970 2774 5037 fuerit,
2817 4971 2952 5026 satis
2990 4971 3216 5026 dictum.
3269 4970 3424 5025 Nunc
3461 4971 3596 5040 jam,
3645 4968 3774 5024 Novi

2203 5059 2397 5116 Patres
2424 5059 2756 5116 Testamenti
2788 5070 3211 5131 perscrutantes,
3243 5061 3592 5131 inspiciamus
3645 5075 3778 5131 quos

2206 5161 2301 5208 aut
2365 5154 2605 5222 pOIentia
2657 5163 2897 5202 examino-
2977 5154 3250 5190 εεη--λ---ηε
3500 5155 3670 5184 ..-η-ς

2977 5153 3250 5190 εει-..Ληιιηε
3347 5162 3433 5176 ⁸--ί
3500 5155 3620 5184 αἴνει.
3649 5164 3752 5182 *δάι’
