4052 6324
259 398 367 455 δίει

1464 392 1698 450 SEBMO
1738 395 1825 449 DE
1867 393 1925 449 S.
1966 392 2370 448 BENEDICTO.

3440 399 3543 458 ‘i'i'O

263 523 543 586 corequat,
567 528 713 577 cum,
736 512 948 582 c0gnita
974 510 1231 566 divinitus
1257 511 1597 567 Cassinensis
1619 512 1851 567 cmiiobii
1881 517 1928 572 Α
1958 506 2157 562 cmlum
2185 524 2199 558 :
2242 522 2431 561 verum
2483 514 2539 561 et
2582 504 2839 562 Germani
2893 505 3132 577 Capuani
3181 510 3439 579 animam,
3488 514 3541 569 in

265 608 627 670 desolatione,
666 604 879 658 animas
927 603 1295 658 habitatorum
1372 603 1530 673 hujus
1579 604 1680 658 loci
1731 620 1853 660 eum

263 700 572 755 obtinuisse
595 704 800 759 narrat,
833 694 906 748 ita
957 695 1212 764 inquiens
1244 713 1257 748 :
1304 694 1457 749 Pauli
1495 696 1667 750 vicem
1699 698 1855 751 video

270 791 514 845 tenuisse
562 787 932 848 Benedictum,
959 784 1113 853 cujus
1155 786 1282 839 dum
1323 787 1477 840 navis
1515 803 1694 842 rerum
1739 803 1857 843 om-

268 886 424 938 nium
450 882 720 951 iacturam
761 881 1003 951 pertulit,
1037 883 1150 951 ipse
1184 881 1235 935 in
1293 883 1660 938 consolatione
1690 884 1854 937 vitam

178 1018 187 1023 _
265 976 516 1028 omnium
550 975 639 1043 qui
679 988 800 1027 eum
843 974 1247 1027 comitabantur
1285 974 1512 1044 accepit.
1555 974 1673 1044 Ipse
1724 990 1856 1029 sane

263 1068 523 1137 egregius
552 1065 883 1120 Priedieator
923 1065 1113 1119 scribit
1150 1066 1215 1117 de
1240 1080 1296 1119 se
1323 1073 1405 1119 ter
1428 1066 1711 1120 Dominum
1763 1083 1854 1121 ro-

265 1171 434 1227 gasse
460 1154 841 1209 utauferretur
874 1156 940 1208 ab
962 1170 1026 1209 eo
1055 1156 1303 1210 stimulus
1327 1158 1526 1220 carnis,
1557 1173 1655 1211 nec
1683 1158 1847 1226 impe-

268 1257 490 1312 trasse;
562 1246 857 1317 Gregorius
894 1262 1022 1300 vero
1072 1256 1261 1301 narrat
1300 1248 1367 1303 de
1407 1248 1507 1303 hoc
1543 1259 1623 1303 ter
1674 1250 1851 1312 beato,

263 1341 700 1408 postedoniitam
728 1340 980 1407 vepribus
1001 1357 1063 1393 ac
1079 1341 1461 1395 iirtiCIScarnis
1481 1344 1852 1411 tentationem,

267 1430 382 1482 tale
412 1431 539 1499 quid
569 1430 821 1499 deinceps
849 1446 968 1484 eum
995 1448 1268 1501 nunquam
1299 1434 1558 1489 sensisse.
1591 1433 1856 1491 Martinus

264 1521 363 1575 ille
412 1531 523 1576 toto
563 1523 694 1575 orbe
739 1525 1225 1588 nominatissinnts,
1265 1525 1423 1593 hujus
1471 1529 1640 1583 nostri
1679 1528 1855 1584 Patris

263 1613 693 1681 haudquaquam
763 1614 967 1669 invidet
1044 1617 1365 1682 virtutibus;
1422 1634 1582 1688 quem
1669 1636 1853 1675 secum

262 1701 469 1772 gaudet
499 1718 725 1773 regnare
748 1705 799 1757 in
823 1706 1133 1761 coelestibus
1158 1709 1305 1777 regni
1330 1710 1569 1765 sedibus.
1597 1710 1686 1766 llle
1708 1714 1852 1767 enim

261 1796 336 1848 ab
385 1794 647 1849 Aniciano
688 1796 1123 1867 ilzeinonein,qui
1165 1801 1280 1868 ejus
1319 1802 1590 1857 insederat
1625 1806 1853 1861 cervici-

1960 599 2170 668 sphzera
2202 598 2357 668 ignea
2381 598 2520 653 celsa
2551 607 2834 668 penetrare
2864 599 3129 669 polorum.
3166 602 3245 655 Illi
3273 604 3370 673 ipsi
3402 607 3545 659 anti-

1958 692 2246 759 quissimo,
2270 699 2433 760 atque
2458 691 2579 745 ideo
2602 692 2776 760 primo
2799 693 3153 747 eremitartim
3174 693 3322 760 Elite,
3351 713 3544 766 quain-

1956 782 2039 835 vis
2060 782 2173 851 jam
2213 797 2308 851 per
2358 783 2788 836 obseeundantes
2820 783 2919 836 sibi
2955 799 3150 838 corvos
3177 786 3249 838 sit
3276 798 3543 854 :l‘tlltalllS,

1958 873 2236 925 videamus
2283 881 2462 925 tamen
2514 883 2693 925 utrum
2724 882 2780 925 et
2837 875 2889 925 in
2925 872 3040 939 ejus
3079 876 3430 931 translatione
3475 881 3548 933 s‘t

1958 946 2064 1016 non
2093 962 2278 1033 dispar
2303 978 2332 1015 a
2363 963 2785 1032 Deojuilicatus.
2824 962 2967 1019 Elius
3004 966 3147 1017 enim
3184 981 3346 1020 curru
3388 969 3546 1038 igneo

1959 1066 2148 1123 raptus
2192 1064 2275 1108 est
2325 1055 2378 1108 in
2422 1055 2639 1110 emtum.
2679 1057 2943 1111 Amabilis
2984 1057 3145 1112 Pater
3184 1058 3543 1125 Benedictus,

1958 1147 2041 1199 via
2082 1146 2260 1215 palliis
2286 1158 2455 1200 strata
2512 1164 2574 1201 ac
2609 1149 2907 1201 innumeris
2937 1164 3160 1203 corusca
3188 1151 3544 1221 lampadibus,

1962 1235 2068 1289 alta
2108 1239 2422 1290 conscendit
2477 1237 2743 1305 polorum.
2793 1237 2960 1290 Eliam
3009 1240 3135 1293 dum
3194 1241 3472 1295 tolleretur
3510 1258 3544 1295 ιι

1958 1342 2037 1390 se,
2063 1326 2193 1380 ﬂens
2224 1328 2547 1380 inclamabat
2580 1326 2832 1395 Elyseus:
2863 1327 3022 1381 Pater
3042 1334 3134 1394 mi,
3159 1342 3309 1399 pater
3336 1335 3405 1386 mi
3428 1351 3547 1387 cur-

1962 1432 2052 1468 rus
2085 1415 2255 1468 Israel
2285 1428 2331 1469 et
2369 1418 2553 1485 auriga
2612 1416 2746 1485 ejus.
2799 1424 2816 1487 (
2848 1417 2927 1469 IV
2964 1417 3089 1487 Reg.
3120 1435 3156 1472 tt
3184 1426 3220 1485 ).
3258 1420 3546 1491 Disciptilis

1960 1506 2284 1561 venerabilis
2312 1507 2608 1569 Benedicti,
2633 1524 2772 1560 viain
2812 1524 2915 1576 qua
2945 1509 3010 1561 ad
3043 1511 3325 1564 Dominum
3349 1513 3545 1581 jucun-

1956 1597 2057 1650 dus
2087 1596 2197 1648 ibat
2243 1596 2519 1666 magister,
2570 1596 2924 1661 mirantibus;
2976 1607 3163 1652 astans
3213 1600 3294 1653 vir
3344 1605 3545 1668 elatus,

1958 1686 2099 1740 haud
2121 1684 2339 1739 dubium
2368 1687 2496 1752 quin
2546 1687 2793 1756 angelus,
2827 1689 2940 1742 [nec
2972 1690 3134 1742 verba
3158 1691 3546 1747 consolationis

1957 1788 2040 1830 est
2069 1774 2296 1831 elIatns:
2328 1776 2461 1841 Hac,
2494 1776 2686 1845 inquit,
2721 1776 2805 1829 via
2823 1778 3051 1832 dilectus
3078 1778 3322 1843 Domino,
3349 1780 3545 1835 cwluin

262 1886 372 1940 bus
394 1926 408 1948 ,
437 1886 551 1941 sola
585 1886 957 1943 exsufllatione
989 1862 1206 1959 depulit:
1239 1892 1343 1948 lste
1374 1895 1508 1949 duos
1536 1899 1850 1965 monachos,
1883 1862 1929 1921 Β
1957 1865 2281 1965 βθηωίεξξδ
2336 1868 2598 1920 “sumam
2624 1866 2922 1965 lincuéque
2976 1869 3173 1937 ("libus
3212 1870 3417 1965 “mc”?
3456 1873 3549 1965 hic

263 1990 440 2029 unum
470 1976 577 2030 ictu
603 1978 784 2045 virgae,
820 1978 1050 2033 alterum
1080 1982 1248 2051 alapze
1274 1983 1583 2041 iitcussione
1612 1991 1681 2042 ab
1711 1991 1855 2044 anti-

260 2064 359 2132 qui
403 2064 575 2119 hostis
604 2065 969 2121 dominatione
1002 2070 1125 2124 ruit.
1160 2071 1420 2126 Brictium
1454 2075 1555 2129 sibi
1594 2078 1856 2148 derogan-

265 2167 404 2221 tein,
433 2160 630 2212 absens
662 2158 921 2214 Martinus
949 2163 1171 2216 audivit.
1202 2163 1519 2220 Monachum
1550 2170 1779 2239 superba
1803 2172 1854 2226 iit

262 2248 509 2317 cogitatu
546 2250 873 2320 loquentem,
921 2255 1174 2323 providus
1235 2257 1554 2316 Benciictus
1597 2264 1856 2319 divinitus

265 2340 561 2396 intellexit.
604 2344 847 2414 Ampulla
883 2348 1278 2404 sanctificatum
1318 2369 1347 2405 a
1397 2353 1626 2409 Martino
1654 2356 1852 2413 ,oleuin

262 2434 580 2501 continens,
628 2446 681 2490 et
765 2438 818 2491 in
869 2440 1230 2508 pavimentum
1303 2460 1572 2501 marmore
1624 2457 1854 2503 stratum

265 2528 553 2593 decidens,
601 2545 937 2601 nequaquam
988 2534 1263 2591 confracta
1308 2548 1410 2593 est.
1467 2538 1572 2595 Vas
1621 2542 1851 2596 vitreum

266 2636 396 2675 cum
437 2622 556 2678 oleo
585 2633 806 2694 propter
836 2624 1253 2683 inubedientiani
1281 2648 1310 2685 a
1352 2632 1649 2687 venerabili
1680 2633 1853 2689 Bene-

266 2717 443 2781 dicto,
474 2732 572 2787 per
604 2717 896 2773 fenestram
946 2721 1150 2776 cellarii
1182 2738 1345 2794 super
1375 2724 1571 2781 molem
1609 2728 1850 2798 lapidum

268 2811 464 2881 prnjiei
483 2813 717 2881 jussuin,
760 2818 1067 2887 permansit“
1096 2818 1345 2874 illmsum.

347 2906 458 2959 Nec
506 2906 955 2963 anachoretarum
1010 2910 1177 2965 choro
1224 2911 1312 2966 hic
1366 2922 1551 2970 noster
1593 2926 1853 2985 patronus

268 2994 461 3064 dispar
496 2996 787 3051 invenitur.
816 2999 873 3053 In
916 3001 1191 3068 signoruni
1236 3003 1497 3073 trophaeo,
1547 3007 1853 3068 Macharius

268 3091 364 3145 ille
393 3092 675 3158 mirabilis,
711 3094 941 3148 orationi
966 3096 1195 3162 instans,
1221 3101 1752 3167 aspexitdtemoneni
1799 3106 1850 3161 in

270 3192 426 3239 veste
452 3182 640 3250 forata,
665 3200 814 3239 varia
837 3186 1087 3239 vitiorum
1110 3201 1351 3246 creantis
1363 3192 1624 3247 ferentem
1647 3200 1855 3266 pocula.
1887 3213 1927 3268 ί]

272 3273 447 3341 Quem
464 3276 825 3347 interrogans!
844 3275 958 3332 Ohe
974 3302 987 3330 ε
1010 3278 1179 3347 major
1196 3282 1290 3348 ait,
1305 3299 1409 3351 quc
1427 3285 1861 3359 vadis?l’.espon-

272 3382 394 3421 sum
423 3366 585 3422 abillo
619 3369 824 3438 accepit
854 3371 995 3439 quod
1017 3373 1083 3426 ad
1111 3371 1308 3429 fratres
1334 3376 1437 3430 iret
1467 3386 1519 3431 et
1547 3381 1861 3438 variosaﬂ'e-

272 3456 514 3511 ctionum
528 3467 714 3528 gustus
731 3458 836 3513 illis
851 3459 1137 3530 propitiare
1162 3462 1335 3519 vellet.
1351 3464 1659 3537 Prazeipuus
1676 3487 1862 3525 mona-

274 3552 503 3605 chorum
554 3552 906 3617 Benedictus,
950 3555 1075 3608 dum
1120 3558 1186 3611 ad
1239 3561 1535 3616 orationem
1581 3578 1857 3637 pergeret,

274 3648 526 3701 eumdem
557 3649 839 3718 antiquum
869 3653 1098 3716 hostem,
1130 3655 1179 3708 in
1211 3656 1388 3726 specie
1428 3660 1619 3715 medici
1644 3662 1859 3719 obvium

277 3739 501 3807 habuit;
538 3756 643 3810 quo
682 3744 923 3799 tenderet
956 3748 1250 3817 inquisivit.
1284 3730 1676 3820 lllc‘respondil
1708 3770 1765 3808 se
1794 3756 1859 3809 ad

278 3829 476 3885 fratres
499 3831 887 3901 ire,potionem
913 3836 1159 3892 illisdare
1184 3838 1333 3893 velle.
1360 3839 1660 3897 Macharius
1687 3844 1858 3901 Theo-

276 3927 523 3992 ctistum,
547 3927 874 3985 dmnioniaca
898 3931 1083 3986 fraude
1104 3933 1372 3998 vitiatum,
1399 3935 1509 3991 suis
1527 3938 1860 3995 exhortatio-

277 4021 439 4074 nitus
459 4021 527 4076 ad
547 4022 784 4077 melioris
808 4025 928 4079 vitae
954 4026 1165 4081 reduxit
1188 4036 1407 4082 statum.
1423 4028 1768 4100 Benedictus,
1790 4035 1860 4089 ob

279 4116 479 4169 diaboli
506 4118 837 4188 despectum,
854 4136 1018 4175 unum
1054 4126 1426 4181 tantummodo
1444 4129 1562 4184 seni
1587 4130 1654 4185 ab
1675 4144 1740 4185 eo
1763 4145 1857 4186 ve-

276 4213 407 4259 nato
437 4206 664 4262 incussit
693 4208 1075 4279 colaphum,ct
1100 4216 1353 4272 continuo
1376 4219 1611 4275 reddidit
1643 4237 1855 4276 sanum.

273 4297 551 4352 Antonius
582 4301 725 4353 inter
768 4303 1120 4359 anaclioretas
1153 4308 1413 4375 eximius,
1446 4310 1679 4365 animam
1703 4312 1855 4367 Pauli

275 4390 520 4444 ercmita:
574 4393 733 4461 primi
781 4395 913 4449 vidit
940 4397 1006 4451 ab
1052 4399 1258 4468 angelis
1316 4401 1383 4456 ad
1432 4405 1626 4458 emtum
1678 4404 1853 4461 ferri:

275 4481 570 4535 sinceritas
598 4482 773 4538 Patris
797 4484 1075 4542 Benedicti
1101 4506 1207 4545 non
1253 4491 1425 4547 solum
1456 4496 1658 4552 sororis
1688 4497 1857 4552 Scho-

270 4571 478 4629 lastica':
522 4577 771 4647 spiritum
817 4580 869 4633 in
916 4581 1176 4639 columbae
1207 4588 1385 4654 specie
1441 4589 1573 4643 vidit
1600 4591 1860 4646 scandere
1892 4564 1937 4621 υ

1958 1956 2150 2011 beatus
2191 1955 2353 2010 Pater
2394 1966 2580 2009 noster
2622 1955 2947 2010 Benedictus
2995 1973 3093 2026 par
3130 1961 3445 2028 apparuerit
3490 1961 3545 2014 in

1960 2050 2237 2105 miraculis
2290 2050 2620 2119 disputatum
2670 2049 2782 2103 sit:
2839 2066 3007 2116 nunc,
3067 2050 3184 2118 ejus
3256 2054 3545 2109 dilectores

1958 2142 2275 2195 succinctitn
2308 2141 2628 2210 disputando
2657 2142 3005 2195 considerent
3040 2144 3090 2196 in
3127 2144 3323 2211 quibus
3374 2145 3545 2215 signis

1959 2238 2095 2292 alios
2122 2236 2386 2292 excellere
2409 2237 2714 2291 credendus
2762 2239 2850 2291 sit.
2881 2237 3011 2291 Nam
3036 2240 3088 2292 in
3111 2253 3176 2293 eo
3201 2241 3341 2308 quod
3366 2242 3546 2296 adhuc

1957 2327 2216 2397 puerulus
2241 2330 2484 2381 creinuin
2514 2327 2668 2395 petiit
2695 2327 3015 2396 intrepidus,
3066 2329 3318 2397 quodque
3357 2332 3543 2385 carnis

1958 2422 2228 2475 incentiva
2246 2421 2325 2475 sic
2336 2420 2573 2474 edomuit
2588 2423 2640 2475 in
2654 2419 3040 2485 adolescentia,
3056 2430 3112 2474 ut
3128 2420 3270 2475 nulla
3292 2422 3547 2491 deinceps

1958 2511 2195 2566 libidinis
2221 2511 2543 2575 certamina,
2579 2520 2672 2564 aut
2698 2510 2976 2564 rarissima
3008 2519 3102 2563 aut
3138 2511 3279 2565 nulla
3317 2510 3546 2567 aliorum

1957 2602 2308 2657 inveniuntur
2332 2600 2599 2670 exempla.
2615 2601 2749 2666 Quia
2766 2614 2896 2656 vero
2916 2615 3038 2655 eum
3062 2616 3222 2669 quem
3254 2614 3395 2655 terra
3426 2611 3549 2671 post

1956 2698 2162 2752 obitum
2188 2715 2293 2754 non
2312 2699 2614 2769 tenuit,per
2636 2700 3036 2769 impositionem
3062 2699 3325 2753 Dominici
3352 2714 3547 2768 corpo-

1956 2791 2031 2843 ris
2058 2790 2345 2860 sepultura‘;
2385 2791 2680 2855 conclusit,
2726 2800 2780 2845 et
2815 2791 3068 2861 ligamina
3101 2804 3298 2845 rustica
3331 2792 3445 2846 solo
3491 2794 3545 2847 in

1956 2883 2150 2936 intuitu
2186 2882 2364 2946 solvit,
2404 2882 2665 2938 fratribus
2710 2898 2925 2953 quoque
2967 2883 3165 2953 quibus
3205 2899 3263 2938 se
3306 2885 3372 2937 ad
3416 2900 3547 2939 con-

1955 2975 2268 3029 struendum
2305 2974 2693 3029 monasterium
2733 2982 3015 3028 venturum
3046 2989 3165 3028 esse
3193 2976 3544 3044 priedixcrat,

1955 3065 2223 3133 apparuit,
2240 3064 2550 3118 universum
2571 3065 2828 3118 mundum
2854 3065 2953 3118 sub
2966 3064 3126 3118 unius
3148 3064 3293 3118 horte
3307 3079 3549 3119 momen-

1963 3164 2016 3209 to
2047 3155 2348 3225 conspexit,
2382 3155 2463 3208 via
2498 3154 2675 3224 palliis
2709 3165 2883 3209 strata
2914 3156 3081 3209 cmlos
3117 3157 3452 3221 conscendit,
3490 3164 3551 3210 ut

1961 3263 2096 3318 pace
2153 3248 2395 3302 omnium
2444 3247 2636 3317 loquar
2678 3255 3013 3311 sanctorum,
3059 3245 3262 3299 nullum
3304 3247 3351 3300 ei
3395 3247 3549 3301 video

1962 3337 2373 3393 conferendum.
2406 3338 2553 3392 Licet
2575 3337 2717 3391 enim
2750 3337 2802 3390 in
2830 3335 3060 3390 transitu
3091 3336 3218 3389 Elia:
3251 3350 3373 3389 eum
3402 3350 3547 3389 com-

1962 3445 2185 3499 parasse
2225 3429 2324 3483 visi
2357 3444 2564 3494 sumus,
2607 3430 2709 3484 hoc
2760 3436 2938 3482 tamen
2997 3428 3248 3482 humanis
3301 3427 3549 3482 sensibus

1962 3522 2314 3577 excellentius
2351 3521 2467 3577 fore
2503 3522 2775 3589 creditur,
2820 3521 2964 3591 quod
3016 3522 3103 3575 hic
3146 3521 3549 3576 amantissimus

1963 3615 2175 3669 Domini
2208 3615 2553 3679 Benedictus,
2589 3632 2696 3669 non
2737 3616 3012 3685 subjectus
3058 3623 3148 3669 aut
3186 3624 3371 3684 raptus
3405 3629 3545 3680 esse,

1963 3708 2054 3760 sed
2080 3707 2461 3761 conscendisse
2490 3707 2824 3774 perhibetur.

2034 3797 2106 3852 De
2130 3807 2326 3853 caetero
2350 3815 2466 3861 nos,
2499 3799 2612 3868 qui,
2652 3800 2818 3854 multa
2852 3801 3144 3870 gravedine
3174 3801 3546 3870 peccaminum

1962 3890 2156 3959 pressi,
2191 3888 2375 3944 laudes
2414 3899 2519 3944 tam
2553 3892 2821 3955 magnifici
2852 3891 3028 3945 Patris
3073 3894 3287 3963 aggredi
3312 3893 3426 3946 ausi
3452 3908 3546 3946 sn-

1961 3994 2105 4044 mus,
2127 3979 2341 4034 interim
2370 3978 2642 4046 sileamus,
2675 3981 2797 4050 quia
2827 3997 2977 4035 mens
3006 3982 3106 4035 sibi
3137 3982 3279 4035 niale
3306 3982 3543 4046 conscia,

1960 4079 2120 4141 pavet
2171 4086 2227 4126 se
2285 4080 2428 4125 tanta
2474 4082 2767 4128 attentasse
2819 4076 3109 4142 piaeconia.
3176 4073 3327 4129 Unde
3390 4075 3547 4144 hujus

1961 4163 2163 4218 alumni
2196 4174 2389 4230 nostri,
2417 4165 2535 4219 lucc
2564 4181 2677 4235 ipsa
2701 4181 2807 4235 qua
2834 4166 3067 4218 fruimur
3092 4166 3306 4235 vitaque
3333 4165 3548 4219 chorio-

1963 4254 2063 4320 ris,
2115 4256 2445 4310 sanctissimi
2496 4254 2771 4310 Benedicti
2820 4255 3177 4324 elliagitamus
3219 4255 3545 4310 benevolen-

1964 4357 2131 4412 tiam,
2182 4360 2241 4401 ut
2295 4348 2434 4419 apud
2492 4349 2877 4419 omnipotentis
2945 4349 3037 4402 Dei
3104 4346 3545 4403 mescricordiam

1960 4447 2307 4506 peccatorum
2343 4438 2500 4493 nobis
2548 4439 2788 4493 obtineat
2811 4438 3048 4504 veniam,
3090 4448 3144 4492 et
3190 4453 3286 4509 per
3336 4437 3545 4493 infinita

1964 4528 2159 4582 sarcula
2191 4529 2577 4599 sempiternam
2609 4531 2854 4599 gloriam.
2891 4530 3085 4584 Amen.
