4108 5412
548 456 3783 514 W

1862 628 2029 671 ANNO

2076 625 2302 671 DOMlNl
2348 626 2536 670 MVHI.

2184 990 2699 1004 ,_.'-———--——-—-—__—-—-
2724 996 2729 1003 ,
2760 996 2765 1003 ,
2814 996 2823 1003 ,
3228 994 3239 1002 ,

1966 1039 2355 1141 ViENELl‘WUS.

964 792 2013 955 JOANNES
2143 785 3373 1005 oramus,

1458 1380 1640 1492 DE
1721 1378 2269 1495 JOANNE
2355 1377 2981 1495 DIACONO

1816 1596 1904 1653 ET
1941 1595 2108 1653 EJUS
2160 1593 2467 1653 SCRIPTIS

1030 1771 1539 1868 NOTITIA
1604 1769 2254 1864 HISTORICA
2319 1770 2473 1859 ET
2541 1766 3296 1862 LITTEBARIA.

1486 1960 1664 2036 (Apud
1691 1960 1896 2027 Pearz,
1932 1958 2171 2015 Monum.
2199 1956 2378 2016 Germ.
2404 1957 2531 2014 hist.
2558 1955 2673 2027 VII,
2713 1956 2793 2028 1.)

610 2293 1057 2365 Antiquissimum
1082 2291 1411 2347 Venetorum
1446 2289 1589 2345 ouod
1615 2297 1793 2344 exstat
1818 2289 2112 2345 clironicon
2144 2291 2192 2350 Α
2222 2284 2499 2353 fabulosis,
2530 2284 2685 2342 libris
2710 2285 3016 2356 annalibus,
3044 2302 3181 2358 quos
3209 2287 3351 2345 inter
3368 2289 3570 2346 Bedam
3598 2290 3677 2348 De
3698 2307 3791 2350 sex

538 2399 774 2445 exeunte
803 2388 999 2442 stnculo
1032 2389 1246 2438 decrmo
1286 2383 1597 2438 inchoatum
1633 2395 1796 2450 atque
1824 2394 1891 2436 au
1917 2396 2117 2435 annum

541 2495 711 2549 usque
744 2478 880 2533 1008
929 2476 1270 2546 perductum,
1303 2490 1333 2527 a
1377 2472 1650 2528 nonnullis
1690 2471 1882 2527 Joanni
1923 2472 2119 2542 Sagor-

540 2571 691 2636 nino,
746 2567 900 2622 fabro
946 2564 1201 2631 ferrario,
1232 2563 1376 2634 quod
1420 2562 1671 2618 notitiam
1721 2566 1788 2617 ab
1821 2575 1886 2616 eo
1939 2560 2119 2631 prole.

538 2670 681 2715 ctam
718 2662 788 2714 ad
836 2657 1042 2713 calcem
1085 2654 1267 2725 operis
1295 2652 1544 2724 legimus,
1598 2651 1883 2717 tribuitur;
1926 2664 2120 2722 perpe-

540 2765 654 2804 ram
699 2759 902 2815 tamen,
950 2763 1075 2804 cum
1126 2746 1315 2801 notitia
1357 2744 1448 2799 illa
1488 2743 1677 2815 viginti
1714 2752 1947 2814 quatuor
1988 2751 2112 2813 post

540 2840 736 2895 librum
770 2839 1075 2895 absolutum
1111 2836 1269 2892 annis
1299 2836 1474 2906 spatio
1503 2849 1674 2889 vacuo
1699 2833 1976 2903 inscripta,
2012 2849 2116 2888 non

538 2932 794 2988 Cbronici
817 2941 1121 2997 auctorem,
1145 2929 1238 2984 sed
1262 2928 1465 2984 codicis
1497 2927 1729 2983 fortasse
1750 2941 2116 2997 possessorem

540 3026 759 3081 indicet.
815 3024 1019 3079 Auctor
1075 3038 1247 3089 vero,
1309 3021 1434 3076 licet
1483 3034 1678 3075 nomen
1731 3034 1886 3074 suum
1947 3017 2118 3073 latere

540 3114 795 3180 voluerit,
833 3128 939 3169 non
973 3113 1112 3168 alius
1143 3111 1310 3167 fuisse
1339 3111 1553 3166 videtur
1581 3124 1613 3163 a
1649 3108 1860 3164 Joanne
1888 3110 2118 3164 diacono

543 3204 771 3271 Veneto,
799 3205 945 3260 Petri
965 3203 1178 3261 Urseoli
1208 3202 1363 3256 ducis
1392 3200 1664 3266 ministro,
1700 3214 1860 3270 quem
1889 3198 2116 3271 legatio-

541 3299 627 3353 nis
665 3297 731 3350 ad
769 3297 1023 3352 Ottonem
1068 3294 1132 3349 lll
1181 3308 1374 3347 munus
1418 3306 1526 3346 non
1569 3289 1739 3346 semel
1783 3289 2113 3359 suscepisse,

544 3393 1041 3462 imperatoremque
1076 3386 1218 3441 clam
1262 3382 1520 3440 Venetias
1561 3381 1848 3436 adduxisse
1870 3382 1945 3452 (1)
1978 3382 2117 3437 intra

542 3484 795 3553 legimus.
854 3478 1020 3549 Cujus
1069 3475 1356 3548 legationis
1408 3473 1638 3529 historia
1685 3473 1758 3526 ita
1808 3481 2114 3543 comparata

544 3582 652 3638 est,
686 3579 745 3625 ut
777 3576 870 3623 aut
910 3569 1083 3638 ipsum
1118 3565 1405 3630 Joannem,
1436 3571 1531 3618 aut
1568 3561 1746 3616 virum
1777 3561 1825 3617 ei
1854 3561 2119 3616 amicissi-

2218 2377 2468 2431 aetatibus
2495 2377 2678 2431 mundi
2719 2389 2776 2432 et
2804 2378 2952 2433 Pauli
2982 2378 3194 2435 diaconi
3230 2379 3520 2435 llistoriam
3568 2381 3791 2453 Lango-

2219 2465 2511 2522 bardorum
2534 2470 2705 2523 luisse
2735 2474 3011 2538 complura
3041 2468 3163 2523 inde
3184 2469 3438 2539 decerpta
3469 2472 3791 2535 ostendunt,

2218 2557 2483 2628 catalogis
2519 2557 2718 2613 ducqu
2746 2558 3074 2615 Venetorum
3103 2569 3158 2615 et
3187 2560 3625 2630 patriarcharum
3652 2561 3794 2618 Gra-

2219 2649 2497 2715 densium,
2551 2651 2755 2706 chartis
2802 2652 2965 2705 etiam
3010 2652 3238 2722 publicis
3288 2654 3479 2725 majori
3527 2656 3795 2710 minorire

2219 2738 2329 2794 [ide
2396 2739 2616 2809 dignis,
2681 2754 2815 2809 quas
2873 2742 3300 2811 quamplurimas
3359 2745 3501 2815 apud
3556 2747 3794 2802 Venetos

2217 2842 2529 2888 asservatas
2561 2832 2727 2889 fuisse
2759 2849 2824 2890 ex
2856 2838 3091 2891 maxima
3119 2854 3305 2894 earum
3330 2842 3481 2912 copia
3517 2843 3794 2914 hodieque

2216 2924 2550 2981 Vindobonae
2612 2933 2667 2981 ct
2720 2924 2962 2983 Venetiis
3009 2939 3259 2986 exstante
3313 2932 3586 3001 conjicere
3642 2936 3791 2991 licet.

2218 3015 2424 3084 Quibus
2453 3016 2713 3074 subsidiis
2743 3021 2814 3074 ita
2846 3035 2974 3076 usus
3003 3034 3106 3087 est,
3142 3032 3200 3077 ut
3227 3024 3278 3077 in
3311 3025 3713 3094 antiquioribus
3737 3036 3793 3082 et

2220 3118 2421 3164 rectam
2450 3111 2709 3180 temporis
2739 3112 3195 3181 computationem
3220 3124 3274 3169 et
3294 3114 3497 3184 justum
3523 3115 3790 3185 jndicimn

2218 3219 2605 3275 nonnunquam
2650 3205 2948 3275 desideres,
2982 3206 3033 3261 in
3075 3207 3469 3262 recentioribus
3498 3207 3790 3277 plurimum

2218 3291 2423 3350 laudes.
2474 3294 2711 3349 Primam
2759 3297 2907 3365 operi
2959 3311 3178 3351 manum
3228 3296 3532 3352 admovisse
3578 3297 3793 3351 \‘iJelur

2217 3383 2361 3439 circa
2401 3400 2604 3439 annum
2664 3384 2769 3440 980
2793 3385 2904 3456 (2),
2955 3385 3145 3440 deinde
3201 3384 3390 3441 codice
3447 3388 3791 3457 autographa

2218 3486 2353 3534 teste
2381 3478 2613 3536 decursu
2643 3481 2901 3550 temporis
2918 3480 3278 3535 narrationem
3307 3478 3560 3550 produxit
3588 3478 3693 3548 (5),
3730 3488 3786 3533 et

2217 3568 2431 3624 demum
2454 3585 2596 3628 anno
2622 3571 2759 3627 1008
2782 3571 2977 3644 stylum
3011 3572 3280 3642 deposuit.
3315 3571 3597 3628 Scribendi
3621 3587 3791 3641 genus

546 3679 693 3718 mum
720 3661 1023 3716 Chronicon
1059 3656 1449 3727 conscripsisse
1476 3669 1698 3711 necesse
1731 3654 1820 3708 sit.
1856 3653 1980 3708 Fuit
2020 3653 2116 3725 igi-
2148 3656 2191 3711 Β
2221 3667 2278 3712 ut
2303 3658 2594 3729 plurimum
2636 3662 2864 3733 simplex
2898 3672 2953 3718 et
3000 3663 3315 3728 dilucidum,
3375 3662 3558 3735 lingua
3609 3670 3789 3717 tamen

545 3762 635 3808 tur
656 3752 740 3806 vir
759 3764 984 3806 summa:
1013 3748 1152 3818 apud
1181 3761 1308 3803 suos
1335 3744 1775 3811 existimationis,
1801 3742 1925 3799 duci
1959 3743 2113 3799 dedi-

547 3853 635 3899 tus
662 3844 731 3898 ab
758 3857 932 3911 eoque
970 3837 1184 3894 arcanis
1219 3835 1498 3908 regiminis
1526 3835 1799 3900 admotus,
1845 3833 2002 3904 cujus
2035 3833 2114 3890 rei

541 3935 661 4005 ipsa
704 3932 947 3988 narratio
982 3930 1037 3986 in
1085 3928 1322 3985 llistoria
1352 3927 1436 3983 sui
1478 3927 1736 3999 temporis
1774 3926 1994 3982 maximi
2038 3925 2118 3981 fa-

543 4026 737 4081 cienda
767 4023 1005 4094 amplum
1042 4022 1408 4078 testimonium
1444 4020 1668 4090 praebet.
1696 4017 1962 4074 Fontibus
1987 4034 2116 4075 usus

542 4127 628 4173 est
678 4115 1085 4172 narrationibus
1135 4111 1374 4183 antiquis
1427 4121 1482 4166 et
1523 4109 1763 4181 legendis
1804 4119 2114 4166 sanctorum

2217 3750 2409 3807 Latina
2434 3752 2725 3809 dialectum
2751 3754 3009 3810 Venetam
3036 3755 3113 3827 (4)
3136 3756 3313 3826 prodit
3340 3765 3396 3811 et
3424 3755 3792 3825 compluribus

2218 3853 2405 3899 contra
2426 3849 2810 3916 grammatices
2842 3848 3055 3919 regulas
3085 3848 3323 3918 peccatis
3350 3848 3649 3917 {omnisque
3671 3860 3793 3900 ver-

2217 3933 2410 3989 borum
2432 3933 2622 3990 Italam
2654 3936 2890 4007 linguam
2915 3937 3066 4006 quasi
3104 3944 3481 4009 prmmonstrat
3508 3935 3615 4006 (5).

2289 4024 2452 4080 Liber
2478 4040 2581 4081 non
2604 4026 2778 4082 solum
2805 4027 3042 4083 Venetiis
3071 4028 3346 4093 inclaruit,
3384 4027 3478 4081 sed
3514 4027 3596 4081 cis
3623 4025 3789 4096 Alpes

2221 4132 2438 4188 quoque
2483 4117 2777 4175 translatus
2818 4131 2938 4175 esse
2983 4119 3231 4187 videtur,
3275 4119 3539 4190 siquidem
3589 4119 3789 4174 smculo

2035 4247 2265 4305 NOTAE.

610 4366 692 4438 (Ι)
731 4361 1085 4438 Eumjoanni
1121 4374 1353 4432 quoque,
1384 4357 1691 4438 ducisﬁlio,
1721 4359 2109 4438 Qonstantmoa

581 4429 708 4491 olim
741 4450 838 4506 pro
871 4434 1035 4489 Maria
1065 4429 1234 4506 uxore
1251 4429 1589 4506 arcessenda
1629 4430 2109 4506 co_mitem_ivisse,

588 4499 978 4563 ebret’asserit,
1001 4503 1153 4571 cujus
1184 4513 1359 4571 tamen
1383 4500 1576 4553 asserti
1604 4501 1870 4571 rationem
1899 4499 2108 4571 ignoro.

615 4577 695 4648 (‘2)
734 4577 891 4648 Anno
917 4574 1019 4629 979
1052 4569 1272 4627 Petrum
1316 4570 1506 4648 ducem
1536 4577 1591 4623 et
1618 4569 2109 4648 Warinmn'abba-

544 4638 654 4702 tem
678 4638 707 4697 ἰ
741 4647 968 4698 domuos
992 4663 1009 4694 ι
1043 4652 1217 4704 vocat,
1253 4650 1307 4695 et
1348 4639 1623 4709 catalogus
1655 4640 1850 4693 ducum
1883 4638 2113 4709 Veneto-

542 4733 690 4778 rum,
731 4714 999 4768 Chronico
1031 4714 1234 4768 Veneto
1277 4708 1553 4777 subjectus
1601 4716 1859 4778 regnante
1900 4708 2113 4778 trilmno

544 4776 685 4842 Meni
745 4799 944 4838 annum
998 4794 1053 4838 et
1105 4795 1321 4837 menses
1363 4776 1615 4848 quatuor,
1668 4776 1833 4849 igitur
1880 4794 1932 4831 a.
1976 4776 2110 4843 980,

542 4856 810 4912 subsistit.

618 4926 697 4997 (5)
740 4924 873 4979 Vide
904 4921 1039 4977 infra
1089 4921 1369 4976 historiam
1417 4918 1749 4997 δειρῇ-1004,
1790 4933 1969 4997 quam“
1997 4917 2114 4997 ipso

547 4989 811 5066 tempore,
838 5003 988 5049 certe
1033 5004 1159 5047 ante
1198 5006 1398 5045 annum
1441 4989 1599 5055 1007,
1640 4990 2115 5059 scriptauvl‘uisse

544 5075 979 5216 ΙῃὶῖιῖσΕχρηιιιιί
1008 5132 1184 5213 gratia
1210 5148 1222 5184 :
1259 5129 1410 5224 Ser-ai
1440 5146 1537 5224 prq
1568 5127 1768 5199 Sergii;
1794 5129 2086 5224 ‘c‘rcumsce

2226 4358 2580 4436 liercellensis,
2628 4362 3012 4436 _Belluneusis;
3059 4364 3379 4425 Fedm'cus:
3429 4366 3785 4436 Arripdanns,

2213 4429 2310 4483 Eri
2347 4432 2516 4485 durius
2550 4433 2584 4486 I.
2620 4432 2908 4491 Eridanus.

2284 4448 2361 4553 (gl
2399 4500 2483 4553 Cf.
2524 4519 2575 4553 (ε.
2608 4518 2661 4553 e.
2693 4503 2895 4553 formas

2284 4500 2361 4569 (5)
2399 4500 2483 4573 Cf.
2524 4519 2575 4557 e.
2608 4518 2661 4573 g.
2693 4503 2895 4560 formas
2936 4521 3158 4560 casuum
3202 4505 3428 4560 vitiosas
3469 4524 3502 4561 a
3544 4507 3785 4563 Ausonia

2214 4586 2312 4690 rm
2346 4571 2413 4623 ad
2440 4571 2762 4637 Ausoniam;
2792 4592 2887 4629 suo
2915 4578 3157 4645 sceptrui,
3199 4577 3507 4646 episcopali,
3551 4580 3783 4647 pra'coru'

2233 4654 2330 4690 oco
2351 4643 2623 4690 um'conis.
2664 4641 2754 4690 illo
2782 4659 2880 4690 nm
2906 4645 3081 4690 illum-
3116 4646 3225 4690 ﬁlia
3251 4660 3346 4690 nm
3372 4646 3555 4690 ﬁlium-
3591 4648 3773 4690 ῆίῑηηι

2233 4654 2330 4694 oco
2349 4643 2623 4715 pra'couis,
2664 4641 2754 4696 illo
2782 4659 2880 4713 pro
2906 4641 3083 4709 illum,
3112 4641 3235 4712 ﬁlia'
3249 4660 3346 4713 pro
3367 4641 3563 4714 ﬁlium,
3586 4648 3779 4715 ﬁlium,
3800 4656 3817 4668 '

2214 4724 2310 4788 pro
2340 4710 2504 4779 ﬁlius,
2549 4710 2827 4788 adreuturn
2854 4710 3263 4788 pro‘ndvenms,‘
3283 4710 3417 4788 unus
3440 4732 3560 4788 _pro
3586 4710 3779 4781 ἀηιυκ,

2214 4782 2408 4854 ditatus
2440 4795 2539 4849 pro
2560 4782 2807 4847 ditatum,
2836 4782 2967 4837 tanti
3008 4800 3105 4853 pro
3134 4795 3299 4847 tanta,
3328 4782 3586 4854 duci'pro
3610 4790 3779 4853 ducis,

2215 4849 2506 4925 capacitate
2527 4866 2624 4920 pro
2642 4849 3267 4925 capacitatern,-subditos
3298 4871 3395 4925 pro
3414 4849 3634 4921 subditi,
3656 4849 3779 4911 cun;

2215 4929 2320 4995 etas
2346 4919 2505 4974 cleres
2524 4919 2632 4995 Apro
2660 4919 2873 4995 cunctus
2892 4923 3094 4995 clerus,
3127 4919 3389 4995 perversos
3415 4940 3511 4993 pro
3533 4919 3777 4995 perversi,

2216 4988 2324 5040 (lies
2378 5003 2474 5057 pro
2504 4992 2612 5055 die,
2656 4992 2986 5062 multitudine
3023 4988 3457 5062 proimultitudo,
3498 4988 3779 5050 Mediolen;

2217 5073 2321 5134 sem
2351 5075 2527 5134 rurcm
2562 5076 2659 5130 pro
2697 5059 3083 5134 ﬁletliolnrtense
3114 5078 3238 5125 rus;
3283 5074 3429 5132 patre
3462 5079 3561 5133 pro
3597 5079 3778 5134 pater;

2217 5129 2543 5224 fitﬁdfnsem'
2566 5129 2803 5224 castrum
2817 5148 2836 5196 ;
2888 5132 3104 5224 formas
3119 5129 3403 5224 verborum
3457 5129 3779 5224 difcr'alfatur

2311 5200 2543 5224 ἐιΤΑ-.-Ιυη
2567 5216 2579 5224 .
2607 5200 2803 5224 Ιη..ε.ἔ..3ι
2856 5217 2910 5224 Α-.
2934 5211 3257 5224 .-.---μι-.-.-ν---
3285 5203 3296 5224 1
3358 5219 3476 5224 ---αη
3494 5200 3528 5224 .νῖ
3647 5207 3659 5224 Ι
