4108 5412
274 165 346 286 ’ῖέ
628 226 935 285 ,ΙΟᾹΝΝΕΞ
975 165 1314 280 OIACONUS
1361 218 1700 274 VENETUS.
1729 249 1797 257 -—-
1836 214 2111 273 NOTlTlA
2149 212 2507 269 HISTORICA
2551 211 2638 268 ET
2673 209 3109 268 LITTERMUA.

3399 209 3505 290 δτι

241 349 564 404 duodecimo
589 347 898 404 tlhronicnn
943 342 1223 398 Gradense
1253 349 1590 408 excerptum,
1631 335 1820 390 eodem
1847 343 1898 402 Α
1926 338 2302 401 argumentum
2333 339 2439 394 est,
2468 329 2632 398 quod,
2676 330 2720 383 si
2763 330 2832 382 ita
2859 326 3251 398 autographum
3287 341 3506 398 quoque

241 450 481 493 exeunte
537 437 786 505 qua-dam
860 433 1099 488 chronici
1166 431 1356 486 Veneti
1415 430 1482 482 ab
1539 427 1816 482 Annalista

244 526 465 582 Saxone
508 526 767 595 decerpta
813 522 1322 593 videmus(6);quo
1359 530 1535 573 tamen
1579 529 1821 588 tempore

245 618 616 686 autographus
664 615 829 669 codex
878 614 1129 666 damnum
1173 625 1385 680 passus,
1442 609 1630 662 ultima
1669 607 1819 671 folia,

245 706 471 761 alteram
513 703 721 758 scilicet
755 702 1006 758 Chronici
1048 701 1345 756 Gradeusis
1391 709 1595 767 partem
1622 737 1636 760 ,
1681 697 1822 750 ami-

248 796 341 850 sit.
410 793 620 849 Saecula
677 793 888 848 decimo
937 791 1102 844 tertio
1153 790 1544 856 trauscriptus.
1613 787 1824 841 decimo

248 896 446 956 quarto
484 884 622 938 liber
658 893 764 936 tam
797 883 1050 938 Chronici
1091 880 1277 935 Veneti
1323 895 1485 950 quam
1527 879 1824 932 Gradensis

247 976 461 1045 integer
505 975 574 1029 ab
611 975 829 1028 Audrca
865 973 1131 1037 Daudulo,
1181 971 1535 1027 celeberrimo
1576 970 1825 1025 Venetia-

248 1082 370 1120 rum
401 1066 561 1130 duce,
589 1064 842 1124 Historia:
867 1080 976 1119 sum
1008 1064 1280 1118 adhibitus
1309 1073 1410 1122 est,
1437 1073 1486 1117 et
1513 1063 1826 1117 auctoribus

247 1159 515 1214 librorum
563 1156 642 1212 De
691 1155 830 1212 Vitis
880 1156 1313 1226 patriarcharum
1364 1155 1824 1225 Aquilegiensium

249 1247 489 1303 innotuit
529 1247 632 1318 (7).
678 1247 916 1302 Posteris
945 1262 1160 1315 quoque
1203 1247 1418 1302 sarculis
1456 1261 1593 1314 opus
1632 1246 1824 1300 iterum

248 1339 639 1410 transcriptum
692 1349 749 1394 et
805 1339 978 1394 doctis
1031 1339 1253 1394 Venetis
1317 1338 1394 1408 (8)
1455 1350 1678 1403 uotum,
1734 1338 1828 1391 sed

246 1432 465 1488 nonnisi
497 1447 645 1487 anno
685 1432 821 1487 1765
867 1431 1106 1488 Venetiis
1133 1449 1160 1484 a
1193 1433 1440 1486 Zanettio
1470 1431 1575 1486 luci
1616 1431 1828 1494 datum,

248 1524 411 1578 hodie
447 1523 692 1578 subsidio
729 1522 973 1578 codicum
1027 1524 1353 1591 optimorum
1390 1523 1586 1577 iterum
1628 1523 1826 1592 prodit.

246 1616 395 1681 Quos
420 1615 564 1670 inter
590 1617 764 1684 primo
793 1615 913 1670 loco
949 1617 1312 1671 nominandus
1335 1617 1540 1670 eminet

1923 425 2224 493 antiquitus
2259 430 2600 490 compactum
2636 421 2802 476 fuisse
2839 430 3066 485 statuas,
3102 420 3314 489 jactura
3363 421 3507 488 prio-

1923 530 2040 568 rum
2073 525 2128 567 et
2155 514 2466 567 ultimarum
2494 513 2836 582 paginarum,
2878 511 3013 564 initii
3038 510 3283 566 chronici
3314 511 3504 567 Veneti

1923 615 1979 661 et
2002 607 2229 662 alterius
2251 608 2422 677 partis
2460 605 2715 662 Chronici
2747 605 3064 668 Gradensis,
3098 604 3312 660 Facilius
3335 607 3506 674 expli-

1924 706 2100 751 catur.
2135 697 2245 752 Nec
2270 700 2590 753 adversatur
2614 697 2853 753 conditio
2878 697 3098 759 codicis.
3129 712 3250 750 cum
3291 698 3508 751 hodier-

1925 803 2026 841 nus
2052 788 2466 856 quaternionum
2509 791 2642 842 ordo
2681 791 2885 859 ciphris
2920 789 3272 860 prodentibus
3305 785 3506 845 recenti

1928 887 2170 947 tempore
2195 878 2475 933 institutus
2511 881 2602 942 sit,
2646 884 2898 949 etprima
2931 881 3100 936 ultimi
3128 883 3509 952 quaternionis

1926 969 2143 1036 pagina,
2190 985 2311 1037 quin
2361 985 2466 1022 una
2516 987 2742 1025 numero
2781 973 3004 1040 antiquo
3051 990 3082 1027 ἶ
3128 974 3392 1043 signatur,
3433 974 3508 1028 ita

1928 1060 2125 1113 detrita
2158 1060 2249 1121 sit,
2285 1069 2343 1113 ut
2381 1076 2499 1114 eam
2542 1064 2768 1130 primam
2818 1064 2983 1117 totius
3030 1063 3287 1118 Chronici
3336 1079 3510 1134 quou-

1929 1155 2051 1204 dam
2077 1151 2243 1206 fuisse
2271 1151 2428 1206 facile
2454 1153 2733 1221 coniicias.

2001 1242 2075 1295 Et:
2109 1241 2366 1298 Urbinate
2392 1245 2745 1313 transcriptus
2775 1255 2853 1300 est

1923 1379 1927 1388 .
1999 1333 2056 1400 Ξ)
2095 1337 2262 1388 codex
2299 1333 2595 1387 Vaticanus
2625 1350 2850 1389 numero
2873 1335 3014 1391 5269
3039 1339 3302 1406 signatus,
3335 1352 3512 1392 mem-

1931 1423 2263 1486 branaceus,
2297 1424 2438 1478 ill-8°
2469 1425 2682 1492 majori,
2711 1434 2765 1480 et
2793 1427 2988 1480 sieculo
3021 1443 3136 1487 xm,
3170 1429 3309 1481 intra
3340 1443 3516 1482 annos

1931 1513 2136 1567 scilicet
2163 1513 2292 1567 l237
2321 1523 2376 1566 et
2405 1513 2557 1576 1261,
2576 1527 2850 1569 exaratos.
2875 1516 3148 1571 llahentur
3176 1518 3245 1570 ihi
3271 1516 3362 1573 fol.
3394 1517 3517 1570 1-4-0

1931 1600 2238 1656 Chronicon
2267 1602 2548 1668 Venetam,
2577 1605 2665 1660 fol.
2689 1605 2862 1661 4148
2883 1606 3188 1662 Chronicou
3212 1607 3516 1672 Gradense,

323 1705 373 1772 1)
415 1705 475 1760 C.
519 1705 654 1760 bibl.
686 1704 964 1762 Urniuatis
993 1707 1045 1758 in
1079 1703 1339 1759 Vaticano
1368 1720 1594 1758 numero
1618 1704 1724 1758 410
1757 1705 1829 1758 si-
1862 1689 1902 1746 Β
1935 1693 2025 1748 [OL
2068 1695 2240 1749 49'96
2269 1693 2436 1749 005m
2485 1696 2801 1761 νοηιίηρυηι
2831 1697 3198 1753 Romanorum
3242 1715 3412 1770 usque
3449 1701 3516 1754 ad

247 1805 465 1860 tutatus,
529 1798 1016 1861 membrauaceus,
1081 1798 1131 1851 iu
1196 1796 1232 1850 4
1282 1795 1512 1862 majori,
1579 1811 1741 1865 quem
1798 1813 1827 1849 a

248 1883 552 1938 Boehmero
605 1896 792 1940 nstro
835 1885 1109 1940 evolutum
1151 1884 1403 1954 precibus
1457 1885 1592 1939 meis
1645 1886 1706 1939 V.
1755 1885 1826 1938 cl.

249 1973 609 2030 Giesebrecht
648 1974 749 2028 Ph.
797 1977 856 2030 D.
892 1976 1304 2044 diligentissime
1342 1977 1650 2044 exscripsit.
1691 1976 1831 2030 Con-

247 2072 356 2117 stat
411 2066 862 2132 quateruiouihus
909 2066 1190 2135 quinque,
1245 2081 1476 2134 quorum
1532 2067 1621 2135 qui
1673 2067 1832 2120 hodie

247 2154 707 2222 primum'locum
769 2157 996 2219 obtinet,
1041 2157 1136 2210 sed
1188 2156 1382 2210 saeculo
1430 2165 1580 2210 certe
1621 2157 1832 2224 decimo

251 2244 411 2298 tertio
441 2243 631 2298 ultimo
663 2244 780 2298 loco
803 2246 1010 2314 positus
1031 2244 1154 2307 fuit,
1185 2244 1494 2298 Chromcou
1528 2242 1829 2308 Gradense,

248 2333 446 2402 reliqui
508 2334 770 2388 Venetum
819 2336 1100 2391 exhibent.
1164 2333 1467 2404 Utrumque
1519 2335 1832 2390 Chronicou

245 2424 440 2478 eadem
494 2443 657 2481 manu
688 2429 949 2498 scriptum
997 2437 1111 2494 est;
1146 2427 1238 2482 fol.
1272 2428 1342 2481 22
1379 2428 1502 2482 inde
1545 2443 1575 2479 a
1609 2429 1834 2483 vocibus

246 2513 630 2584 imperatorum
671 2515 957 2571 Grecorum
1002 2517 1138 2570 ratio
1179 2516 1343 2585 coegit
1392 2517 1626 2584 scriptor
1656 2515 1834 2570 littera

246 2606 413 2675 paulo
445 2607 647 2662 minori
677 2617 731 2661 ct
775 2609 945 2678 magis
990 2608 1184 2677 aequali
1216 2611 1428 2678 pergit;
1462 2608 1574 2662 folii
1613 2608 1682 2662 27
1710 2625 1836 2678 pars

248 2697 404 2766 prior
454 2709 645 2765 vacat,
702 2701 989 2770 posteriori
1047 2701 1272 2756 historia
1315 2703 1441 2755 anui
1491 2701 1588 2756 991
1653 2701 1835 2756 littera

249 2787 448 2855 majori
470 2799 526 2842 et
551 2799 856 2846 atramento
885 2793 1061 2862 magis
1097 2791 1296 2861 pallido
1327 2791 1520 2862 pergit.
1555 2792 1832 2862 Scriptura

249 2879 377 2934 inde
411 2895 442 2933 a
477 2879 606 2935 folio
643 2881 713 2934 52
759 2881 1015 2952 Egressus
1044 2899 1164 2936 vero
1194 2883 1316 2936 inde
1351 2882 1616 2952 levigrade
1654 2883 1836 2939 minus

251 2971 457 3041 ampla,
501 2970 632 3027 folio
663 2971 732 3026 '55
773 2989 929 3028 verso
974 2973 1133 3028 lineis
1169 2973 1388 3028 omissis
1437 2973 1634 3026 iterum
1675 2988 1837 3042 gran-

252 3062 450 3127 descit,
483 3072 540 3116 et
569 3062 643 3117 fol
691 3064 754 3117 57
783 3064 961 3119 medio
990 3062 1200 3117 Interea
1233 3061 1423 3116 Petrus
1446 3062 1556 3116 dux
1581 3063 1705 3116 dum
1735 3066 1834 3118 sibi

249 3169 347 3224 pro
368 3156 503 3209 cotis
550 3155 846 3224 primarqu
895 3155 1089 3210 iterum
1137 3154 1458 3225 paginarum
1511 3154 1836 3222 scripturam

253 3245 445 3300 refert.
490 3245 642 3301 Folio
689 3246 775 3308 58,
821 3246 962 3300 linea
1011 3255 1192 3311 sexta,
1237 3243 1548 3299 Chronicon
1590 3244 1834 3314 explicit,

252 3337 503 3403 subjecto
543 3337 734 3406 pagina
782 3337 1067 3407 posteriori
1121 3346 1177 3390 et
1220 3335 1288 3390 59
1345 3334 1592 3403 catalogo
1638 3338 1836 3391 ducum

255 3429 608 3484 Venetorum.
647 3428 838 3484 Partes
873 3430 1082 3500 paginae
1128 3443 1328 3483 vacuas
1368 3430 1697 3497 posteriores
1739 3445 1838 3484 sa:-

252 3518 358 3572 culi
399 3534 456 3572 xr
506 3519 698 3573 scriba:
736 3520 942 3574 chartis
991 3520 1200 3574 duabus
1244 3528 1300 3573 et
1337 3519 1600 3587 catalogis
1651 3537 1835 3590 regunt

249 3606 736 3679 Langobardorum
761 3619 818 3664 et
840 3609 1223 3678 imperatorum
1249 3608 1558 3664 Occidentis
1585 3626 1612 3661 a
1644 3611 1838 3664 Carolo

251 3695 450 3768 Magno
504 3713 674 3765 usque
713 3699 780 3751 ad
823 3697 1208 3768 Berengariuut
1253 3699 1294 3764 Ι,
1345 3699 1585 3753 Orientis
1639 3700 1760 3753 inde
1805 3715 1836 3752 a

249 3786 394 3842 Julio
425 3787 644 3843 Caesare
673 3804 841 3858 usque
884 3789 950 3843 ad
997 3789 1228 3843 Probum
1263 3789 1635 3857 expleverunt.
1673 3789 1836 3845 Codi-

252 3896 373 3935 cem
431 3882 824 3952 aﬂtographum
876 3897 996 3937 esse
1060 3883 1174 3951 ipsa
1237 3882 1524 3950 scriptura:
1571 3883 1836 3947 varietas,

255 3986 443 4025 rerum
479 3973 706 4026 decursu
742 3974 1000 4044 temporis
1029 3985 1303 4044 gestarum
1330 3973 1529 4026 seriem
1557 3974 1836 4038 comitata,

255 4073 422 4129 atque
452 4062 634 4114 saeculi
678 4079 708 4114 κ
743 4064 994 4118 exeuntis
1023 4072 1078 4117 et
1122 4078 1172 4114 si
1204 4063 1576 4117 characterem
1621 4079 1733 4132 pra-
1783 4079 1841 4118 se

254 4150 444 4206 ferens
480 4154 824 4221 comprobat;
855 4155 1009 4226 cujus
1043 4153 1120 4208 rei
1154 4163 1208 4206 et
1249 4154 1415 4206 multa
1447 4154 1636 4207 eadem
1677 4170 1840 4208 manu

254 4243 564 4311 eodemque
612 4253 848 4314 tempore
898 4253 1144 4300 correcta
1194 4243 1352 4299 ﬁdem
1394 4242 1629 4311 faciunt;
1670 4261 1842 4316 pauca

1930 1784 2248 1853 Gregorium
2300 1785 2364 1849 ll,
2415 1787 2610 1855 quibus
2650 1787 2777 1842 oiim
2821 1795 2995 1844 Lucas
3045 1791 3352 1847 llolsteuius
3382 1805 3518 1846 usus

1931 1887 2014 1930 cst
2042 1879 2139 1946 (9),
2174 1877 2262 1930 l'ol.
2291 1879 2457 1933 97-99
2483 1879 2757 1950 catalogus
2783 1881 3172 1950 imperatorum
3203 1882 3514 1940 Occidentis

1931 1975 1985 2019 et
2005 1966 2240 2021 Orientis
2259 1967 2335 2037 (9)
2358 1983 2527 2037 usque
2547 1969 2614 2022 ad
2635 1969 2954 2026 Balduinum
2979 1973 2999 2025 l
3021 1974 3329 2041 productus.
3348 1974 3512 2028 Liber

1932 2059 2187 2111 amissam
2210 2059 2410 2114 codicis
2447 2059 2722 2115 Urhinatis
2746 2072 2954 2130 partem
2984 2065 3216 2132 priorem
3250 2066 3510 2127 servavit,

1933 2164 2036 2215 qua
2069 2149 2130 2201 γ.
2157 2148 2225 2202 cl.
2257 2149 2610 2204 Giesebrecht
2641 2151 2692 2204 in
2725 2162 2870 2207 textu
2906 2155 3226 2220 corrigendo
3253 2173 3380 2208 usus
3408 2166 3511 2210 est.

2003 2239 2058 2308 ὖ)
2095 2239 2156 2293 C.
2189 2240 2318 2292 olim
2349 2242 2587 2311 Apostoli
2615 2243 2766 2309 Zeui,
2799 2256 2981 2313 postea
3012 2246 3348 2300 bibliotheca:
3375 2247 3516 2303 Prae-

1935 2331 2235 2386 dicatorum
2267 2333 2400 2403 (to),
2424 2332 2536 2400 jam
2572 2350 2698 2389 vero
2737 2336 2791 2389 iu
2839 2335 3163 2392 bibliotheca
3199 2339 3314 2393 Divi
3347 2339 3515 2395 Marci

1936 2420 2178 2477 Venetiis
2219 2423 2360 2477 inter
2409 2424 2578 2480 libros
2625 2427 3022 2495 Inauuscriptos
3065 2429 3257 2484 classis
3307 2429 3376 2497 Χ,
3413 2447 3517 2487 nu-

1939 2529 2088 2568 rnero
2118 2514 2206 2569 Ml
2242 2515 2506 2586 signatus,
2533 2516 2804 2572 referente
2843 2518 3070 2588 Kmpkio
3112 2531 3296 2576 nostro
3345 2539 3517 2580 mem-

1937 2601 2240 2657 liranaceus
2296 2604 2348 2656 in
2410 2604 2558 2670 folio,
2610 2606 2832 2675 pulchra
2887 2609 3069 2663 savculi
3125 2625 3214 2666 xw
3267 2613 3516 2668 exeuntis

1938 2692 2021 2748 vel
2073 2709 2138 2746 xv
2183 2694 2422 2748 ineuntis
2475 2711 2638 2748 manu
2685 2708 2942 2752 exaratos
2991 2709 3092 2754 est.
3131 2699 3405 2769 Originem
3445 2718 3516 2758 ex

1943 2782 2200 2838 Vaticano
2227 2785 2444 2839 ductam
2496 2785 2758 2842 lectiones
2795 2788 3052 2844 indicant.
3096 2790 3222 2847 Usui
3265 2792 3366 2846 fuit
3414 2795 3519 2848 Za-

1939 2877 2130 2944 nettio,
2165 2878 2254 2947 qui
2284 2879 2336 2931 in
2369 2879 2603 2932 editione
2632 2895 2727 2934 sua
2761 2888 2962 2934 textum
2997 2881 3136 2937 male
3161 2883 3286 2938 inde
3310 2886 3519 2941 descri-

1938 2979 2085 3037 ptum
2133 2970 2423 3038 expressit,
2472 2972 2758 3040 variasque
2810 2974 3092 3029 nouuullas
3143 2974 3420 3034 Urbinatis
3464 2989 3522 3034 et

1941 3057 2185 3113 Vaticani
2213 3059 2458 3115 codicqu
2505 3060 2764 3116 lectiones
2803 3064 3030 3132 margini
3077 3067 3349 3138 ascripsit,
3381 3085 3518 3140 quas

1937 3163 2004 3202 ex
2035 3148 2319 3220 utriusque

2005 3241 2064 3312 4)
2103 3244 2416 3313 apographo
2439 3245 2490 3298 in
2515 3261 2668 3299 usum
2695 3245 2855 3300 Marci
2878 3248 3164 3305 Foscareni
3188 3251 3515 3308 Venetorum

1937 3330 2110 3394 ducis,
2144 3333 2270 3386 dum
2313 3333 2522 3404 legatus
2555 3335 2738 3390 Romae
2787 3340 3120 3404 morabatur,
3164 3340 3412 3396 confecto
3460 3358 3519 3397 se

1937 3427 2233 3498 sumpsisse
2263 3430 2471 3483 scribit.
2503 3431 2652 3495 Quod
2685 3431 2902 3499 quidem
2935 3437 3302 3504 apographum
3333 3450 3517 3490 verant

1938 3520 2184 3574 codicum
2237 3521 2522 3575 lectionem
2572 3523 2794 3577 minime
2839 3527 3127 3593 expressit,
3177 3536 3337 3596 prout
3387 3527 3518 3597 ipsis

1939 3612 2135 3666 iterum
2169 3613 2473 3682 iterumque
2503 3615 2737 3669 evolutis
2773 3615 3194 3671 Giesebrechtus
3224 3622 3518 3688 perspexit.

1938 3717 2106 3770 quare
2134 3702 2419 3757 lectionem
2452 3713 2693 3757 nostrain
2725 3721 2755 3758 a
2783 3707 2924 3760 notis
2950 3708 3179 3761 lauettii
3210 3711 3522 3778 marginali-

1938 3792 2039 3846 bus
2069 3791 2209 3846 haud
2242 3808 2366 3848 raro
2396 3793 2706 3863 discrepare
2743 3797 2978 3851 noveris.
3008 3797 3388 3868 Apographum
3418 3801 3519 3856 hoc

1941 3900 2113 3954 nuper
2177 3885 2230 3938 iu
2287 3885 2530 3955 catalogo
2589 3886 2928 3942 bibliotheca:
2974 3890 3283 3946 Foscarinte
3330 3891 3519 3946 lauda-

1942 3985 2053 4030 tum
2088 3978 2225 4048 (11),
2264 3978 2314 4031 in
2361 3977 2741 4033 bibliothecam
2791 3979 3090 4036 Caesaream
3145 3983 3509 4039 Vindobonen-

1942 4084 2053 4124 sein
2084 4071 2300 4124 transiit
2325 4069 2458 4141 (12).

2011 4159 2092 4230 κί’)
2132 4160 2381 4216 Editione
2421 4171 2604 4217 nostra
2641 4163 2754 4233 jam
2791 4164 3056 4229 absoluta,
3098 4165 3361 4221 beneflcio
3385 4165 3524 4222 Leo-

1945 4253 2088 4321 poldi
2142 4251 2331 4307 Ranke
2365 4295 2380 4318 ,
2433 4254 2722 4309 clarissimi
2771 4255 3012 4311 historiae
3067 4257 3119 4310 in
3176 4259 3527 4313 universitate

256 4335 570 4402 posteriore
611 4345 850 4405 tempore
891 4338 1094 4402 addita,
1153 4338 1494 4392 iu‘numeris
1545 4341 1840 4409 praecipue,
1872 4384 1920 4444 υ
1948 4341 2093 4411 regia
2145 4340 2479 4398 Bcroliuensi
2526 4343 2873 4415 professoris,
2903 4348 2979 4401 uti
3018 4347 3170 4403 licuit
3219 4353 3529 4420 apograpbo

257 4425 425 4480 facile
484 4425 902 4495 distinguuntur.
969 4427 1228 4483 Ordinem
1295 4431 1618 4499 paginarum
1680 4433 1840 4488 hodie

259 4517 544 4570 turbatum
566 4517 838 4587 complura
866 4528 1120 4588 arguunt,
1156 4528 1268 4572 tum
1294 4521 1436 4588 quod
1470 4520 1625 4591 longe
1665 4523 1842 4590 potior

261 4607 389 4661 lihri
436 4623 598 4676 pars,
653 4609 860 4664 scilicet
916 4611 1220 4666 Chronicon
1274 4608 1566 4674 Venetam,
1609 4615 1841 4682 primum

261 4700 444 4753 locum
467 4715 758 4769 occupasse
785 4701 1014 4768 judicari
1055 4712 1249 4770 potest,
1296 4713 1405 4757 tum
1443 4704 1712 4758 institutio
1749 4721 1842 4759 co-

262 4791 445 4842 dicum
472 4806 536 4844 ex
581 4800 765 4845 nostro
788 4792 1209 4860 descriptorum,
1235 4793 1286 4868 in
1314 4796 1508 4861 quibus
1535 4794 1842 4850 Chronicon

264 4881 541 4939 Gradeuse
588 4883 831 4937 ultimum
871 4883 1044 4938 locum
1088 4897 1345 4955 occupat'
1399 4905 1498 4945 uec
1560 4887 1844 4943 minimum

1946 4443 2236 4504 apparatus
2281 4437 2452 4491 critici
2499 4453 2529 4490 a
2574 4437 2635 4491 P.
2666 4437 2967 4509 Pellegriuo
3003 4441 3221 4494 a.180ti
3265 4442 3318 4495 in
3372 4459 3528 4497 usam

1946 4528 2197 4580 editionis
2247 4543 2397 4582 nova:
2443 4530 2703 4600 congesti.
2738 4530 2960 4584 Constat
3005 4541 3152 4585 textu
3187 4530 3529 4595 Zanettiauo,

1948 4621 2218 4674 adnotatis
2261 4620 2313 4672 in
2352 4621 2592 4689 margine
2639 4620 2959 4676 lectionibus
3003 4623 3248 4675 codicum
3282 4620 3340 4684 5,
3373 4624 3429 4685 9.,
3467 4622 3481 4672 l
3517 4637 3531 4682 ;

1949 4710 2285 4779 prazfatioue,
2315 4726 2416 4778 qua
2448 4711 2678 4764 Zanettii
2721 4711 2986 4765 incuriam
3016 4709 3259 4777 exponit,
3290 4717 3350 4761 et
3390 4721 3538 4761 nova:

1948 4800 2201 4854 editionis
2240 4801 2499 4863 subsidia,
2540 4801 2778 4855 codicem
2813 4802 3017 4856 scilicet
3043 4801 3303 4855 Venetum
3351 4798 3550 4851 fanda-

1953 4890 2119 4945 menti
2167 4890 2281 4945 loco
2319 4892 2550 4961 positqu
2593 4899 2648 4945 et
2685 4889 2931 4947 Vaticani
2980 4892 3259 4956 utriusque
3320 4897 3562 4960 apogra-

1790 5002 2017 5060 NOTAE.

545 5111 724 5188 _i\lon.‘
759 5109 940 5188 Germ.
989 5110 1086 5165 SS.
1134 5123 1171 5168 t.
1230 5108 1328 5175 Vl,
1367 5127 1495 5188 pag.
1548 5109 1654 5166 567
1689 5113 1840 5181 (tom.

269 5181 492 5236 CXLVII
535 5178 856 5245 Patroloy.).

338 5252 410 5304 171
453 5250 716 5304 Muratori
764 5250 860 5304 SS.
906 5250 1036 5304 XVI.
1087 5267 1214 5304 nae.
1252 5250 1302 5304 8.
1341 5258 1388 5304 et
1451 5251 1685 5304 alterius
1739 5268 1841 5304 au-

268 5343 414 5375 αντε
443 5343 684 5412 5111011113
710 5343 925 5374 υυιιυιιυ
938 5343 1078 5412 Ityli].
1106 5343 1346 5412 ρειες.¹;πυ.

338 5393 407 5412 lu.
453 5393 521 5412 υ-.
683 5392 693 5412 ξ
738 5392 894 5412 ._.....:-
955 5391 973 5412 ,τ
1000 5396 1095 5412 ----·
1144 5396 1188 5412 -_
1288 5407 1338 5412 .__.

2023 5117 2138 5188 (t0)
2176 5116 2410 5172 Cornelii
2443 5113 2588 5188 Eccl.
2621 5113 2850 5188 Torcell.
2894 5112 3034 5188 p._§i.

2025 5176 2071 5256 (ι
2092 5176 2141 5256 t",
2179 5188 2434 5240 Archivio
2463 5185 2660 5238 storico
2689 5176 2912 5236 Italiauo
2951 5182 3010 5256 v.
3039 5196 3096 5249 p.
3123 5176 3250 5233 283.

2026 5253 2140 5330 (t2)
2179 5257 2328 5310 Alius
2363 5257 2429 5304 de
2456 5269 2562 5304 ouo
2597 5268 2745 5304 suem
2785 5253 3072 5304 quamdam
3113 5260 3387 5304 concene
3403 5258 3595 5304 ramus

1952 5334 2128 5384 00““
2168 5342 2367 5412 εωεῑιιε
2400 5343 2470 5412 ξε.
2499 5343 3376 5412 “43.5”""""”‘.{Y‘Si'-""”"§ifffit?"
3437 5343 3556 5390 ¹¹“¹⁶¹

2283 5399 2294 5412 Ι
2327 5395 2367 5412 \r
2420 5393 2470 5412 ιιι
2522 5389 2630 5412 'I‘I...
2661 5388 2779 5412 ξιιμ.
2824 5388 3078 5412 “LIIII”..-
3121 5388 3412 5412 I3-..iln-__
3457 5388 3554 5412 “......

3246 5393 3412 5412 if“--—
