4108 5412
589 290 691 346 875

1790 278 1903 333 JOA
1913 277 2068 333 NNIS
2100 277 2372 333 DIACONI
2403 277 2650 332 VENETI

3728 272 3833 325 876

584 406 749 472 phum
784 409 1008 457 curante
1043 400 1232 471 Borgia
1276 398 1376 454 sibi
1420 394 1818 456 transmissum,
1865 401 2150 453 recenset;
2184 399 2230 454 Α
2265 409 2316 444 a.
2358 391 2494 444 1008
2538 388 2813 458 procedat,
2846 405 3054 442 "Olllllsl
3102 404 3270 443 annos
3307 389 3516 453 Vitatis,
3559 388 3654 458 qui
3705 391 3849 443 circa

583 492 1018 547 adnotationibus
1051 490 1258 544 criticis
1280 499 1334 543 et
1377 486 1649 542 historicis
1677 489 1822 537 locos
1850 499 1878 536 a
1910 481 2155 536 Zanettio

582 583 972 650 prmtermissos
1005 579 1338 648 eomplexis;
1365 577 1631 632 Chronico
1667 572 1934 628 Gradensi
1963 585 2026 624 ex
2069 587 2159 625 co-

581 673 698 727 dice
743 672 948 725 Veneto
995 685 1164 738 usque
1206 670 1272 722 ad
1324 665 1649 736 Primogenii
1686 663 2010 733 patriarcha:
2044 661 2158 716 ele-

579 764 815 816 ctionem
845 758 1125 830 producto,
1154 769 1208 813 et
1233 759 1409 813 indice
1437 758 1755 812 clericorum
1794 763 1956 823 atque
1991 753 2156 809 laico-

577 865 694 903 rnnt
734 850 825 918 qui
865 851 915 902 in
948 847 1217 902 Chronico
1246 847 1455 901 Veneto
1482 853 1794 899 occurrunt.

642 940 698 1011 5)
722 940 784 995 C.
817 940 1158 995 bibliothecae
1188 939 1447 1008 principis
1472 936 1774 999 Barberini,
1794 933 1964 988 n.247
1979 934 2154 1005 signa-

574 1037 679 1091 tus,
704 1038 761 1082 et
782 1027 980 1083 saeculo
1000 1043 1076 1081 ιιι
1102 1036 1375 1092 exaratos,
1403 1028 1470 1081 ita
1495 1023 2073 1080 inscribitur:Cronica
2094 1026 2158 1078 de

571 1116 792 1188 singulis
822 1119 1136 1188 patriarchis
1184 1135 1312 1172 nove
1361 1118 1582 1187 aquileie
1609 1133 1725 1186 (μιαν
1759 1116 2029 1184 gradensis
2075 1131 2160 1166 ec-

572 1208 729 1262 clesia
787 1218 1002 1262 uocatur
1064 1226 1095 1260 a
1157 1219 1383 1276 tempore
1434 1208 1632 1260 domini
1709 1205 1862 1258 ltelite
1923 1204 2157 1273 ejusdem

572 1297 805 1368 ecclesiw
833 1297 1169 1366 patriarchas.
1205 1296 1438 1350 Exhibet
1487 1297 1538 1349 in
1568 1302 1801 1364 quatuor
1830 1295 2156 1346 membrana:

569 1385 801 1456 plagulis
848 1385 1099 1440 Clironici
1152 1385 1448 1440 Gradensis
1495 1394 1747 1453 excerpta
1788 1384 1890 1438 hoc
1948 1384 2148 1436 initio:

573 1473 912 1544 Temporibus
943 1474 1128 1544 tyberii
1156 1476 1471 1528 coustantini
1497 1475 1707 1544 augusti
1733 1473 1900 1527 Itelias
1928 1474 2156 1542 patriar-

569 1567 667 1618 cha
697 1565 1034 1635 aquileiensia
1083 1566 1137 1619 in
1182 1566 1429 1635 gradensi
1460 1577 1632 1620 castro
1662 1565 1931 1619 ecclesiam
1959 1575 2155 1618 sancta:

569 1656 810 1725 eufemiae
837 1656 1092 1726 fabricari
1118 1658 1395 1726 praecepit;
1425 1667 1479 1711 et
1505 1655 1645 1726 ultra
1689 1657 1834 1726 quod
1866 1657 1918 1709 in
1948 1655 2151 1710 codici-

2263 499 2290 536 a
2339 482 2477 536 10ίὲ
2522 482 2676 546 obiit,
2729 491 2784 535 et
2835 479 2955 535 Ursi
3000 481 3394 536 successionem
3434 495 3465 534 a
3519 481 3852 535 succedente

2262 575 2492 643 quodam
2540 572 2717 627 scriba
2767 575 2946 628 addita
3002 573 3279 641 conjicias.
3332 574 3600 628 Caeterum
3660 573 3850 626 codice

2262 676 2447 719 nostro
2477 665 2588 733 jam
2619 663 2873 734 Ughellus
2903 665 2953 716 in
2989 663 3358 719 Gradensibus
3388 663 3722 733 patriarchis
3746 702 3761 724 ,
3793 673 3852 715 et

2264 758 2632 828 apographum
2674 756 2903 825 Philippi
2940 772 2970 809 a
3001 756 3176 810 Turre
3210 765 3402 811 nactus
3435 754 3520 810 Jo.
3571 755 3664 809 Fr.
3713 753 3851 808 Ber-

2263 848 2464 900 nardns
2509 845 2676 900 Maria
2725 847 2790 900 de
2838 845 3038 900 Rnbeis
3081 846 3133 898 in
3184 844 3543 900 Momnuentis
3592 843 3852 899 Ecclesia:

2258 935 2620 1005 Aquileiensis
2647 936 2728 990 usi
2769 945 2896 990 sunt
2943 935 3084 1006 (l5);
3121 945 3362 989 nostrum
3399 936 3450 988 in
3489 950 3646 989 usum
3680 933 3744 987 V.
3772 933 3846 987 el.

2259 1024 2517 1087 Roestell,
2552 1025 2801 1093 publicus
2833 1025 2973 1093 juris
3007 1026 3058 1078 iu
3097 1025 3450 1079 universitate
3501 1027 3650 1095 regia
3682 1024 3850 1079 Bero-

2260 1114 2453 1169 lineusi
2519 1113 2810 1184 professor,
2855 1116 2982 1169 dum
3025 1122 3150 1170 ante
3201 1116 3386 1184 viginti
3435 1129 3607 1168 annos
3660 1114 3849 1169 Roma:

2259 1205 2504 1274 degebat,
2533 1206 2775 1260 codicem
2805 1207 2998 1260 iterum
3025 1207 3331 1274 exscripsit,
3365 1214 3419 1259 et
3447 1207 3630 1260 varias

2329 1296 2383 1366 6)
2423 1297 2625 1351 codicis
2650 1295 2890 1351 Vaticani
2922 1314 2977 1350 n.
3017 1297 3159 1352 59:22
3181 1300 3368 1352 eadem
3402 1307 3662 1367 excerpta
3692 1295 3846 1349 exhi-

2258 1384 2435 1438 bentis
2475 1385 2729 1440 lectiones
2755 1386 3052 1440 adnotavit.

2327 1475 2530 1541 Quibus
2581 1477 2837 1533 subsidiis
2895 1478 3084 1549 adiuti,
3129 1478 3425 1533 editionem
3483 1485 3731 1532 nostram
3777 1479 3848 1530 ita

2258 1564 2610 1632 instituimus,
2643 1575 2701 1620 nt
2729 1567 2916 1622 codice
2954 1569 2976 1620 l
3021 1568 3355 1622 fundamenti
3390 1567 3507 1622 loco
3534 1569 3740 1637 posito,
3770 1568 3847 1619 la-

2258 1672 2428 1712 cuuas
2456 1657 2572 1726 ejus
2597 1660 2797 1713 auxilio
2826 1659 3030 1714 codicis
3059 1660 3092 1713 2
3121 1660 3484 1729 expleremus,
3508 1670 3563 1714 et
3588 1659 3848 1713 Clironiei

568 1745 672 1798 bus
701 1745 724 1797 l
759 1746 794 1799 4
821 1755 998 1800 exstat
1025 1745 1324 1817 catalogmn
1355 1743 1880 1818 archiepiscoporum
1912 1747 2153 1803 Graden-
2185 1736 2228 1794 Β
2256 1745 2552 1804 Gradensis
2575 1760 2782 1819 partem
2808 1750 3054 1814 alteram,
3081 1751 3258 1820 qualis
3287 1751 3336 1803 in
3363 1752 3548 1805 codice
3577 1750 3612 1803 5
3640 1757 3845 1805 exstat.

568 1835 707 1887 sium
757 1850 928 1904 usque
976 1836 1042 1889 ad
1114 1834 1305 1891 Ursum
1355 1837 1397 1890 ll
1452 1838 1719 1907 producit,
1771 1838 1861 1906 qui
1909 1853 1960 1889 a.
2015 1837 2151 1890 1012

569 1925 840 1979 cathedra:
878 1925 1146 1991 admotus,
1187 1942 1304 1980 eam
1346 1927 1412 1981 257
1459 1928 1617 1982 annis
1663 1927 1967 1998 occupavit.
2018 1927 2148 1979 Eam

569 2014 732 2084 igitur
759 2015 1008 2071 Cliromci
1040 2025 1249 2086 partem
1286 2019 1489 2073 codicis
1520 2018 1679 2087 hujus
1706 2019 1970 2074 beneﬁcio
2004 2017 2153 2072 resti-

569 2115 722 2161 tuere
766 2107 909 2164 licct.
941 2108 1072 2161 Nam
1104 2124 1226 2162 cum
1257 2110 1554 2164 cbrouicon
1591 2107 1850 2164 Venetum
1885 2122 2056 2178 usque
2084 2108 2149 2161 ad

2257 1837 2462 1906 aliquot
2494 1840 2628 1893 locis
2653 1856 2754 1910 ope
2790 1839 3042 1895 Chronici
3075 1841 3304 1894 Andreae
3330 1839 3554 1894 Danduli
3590 1841 3852 1893 emenda-

2261 1937 2369 1980 tani
2397 1928 2811 1998 subjiceremus.
2842 1929 3131 1984 Lectiones
3155 1930 3400 1983 codicum
3455 1929 3685 1983 mino:is
3731 1943 3851 1981 mo-

2259 2020 2426 2073 menti
2473 2029 2528 2074 et
2569 2022 2821 2077 editionis
2850 2023 3182 2078 Zanettiante
3216 2035 3338 2076 raro
3366 2031 3572 2076 tantum
3605 2023 3851 2075 in.lica.a-

2259 2109 2354 2162 das
2393 2111 2720 2164 censuimus.

2113 2239 2342 2293 nona.
3555 2287 3586 2314 ,

539 2344 546 2352 ·
636 2327 747 2397 (l3)
786 2327 848 2382 P.
875 2329 974 2384 241
1005 2346 1104 2400 sqq

2683 2506 3834 2531 ww

2531 2519 2667 2529 ———-—

1329 2666 1435 2780 ,π
1440 2664 1826 2780 θΔΝ
1832 2668 1962 2778 N
1968 2664 2134 2780 IS
2211 2663 2980 2781 υιΔαοΝι

681 2901 1588 3031 CHRONICON
1682 2903 2460 3033 VENETUM
2557 2907 2756 3028 ET
2853 2901 3686 3029 GRADENSE

1466 3139 1692 3209 (Pcnrz,
1724 3139 1966 3195 Monum.
2004 3139 2183 3195 Germ.
2215 3141 2340 3194 hist.
2385 3140 2585 3209 Script.
2620 3139 2729 3205 νη,
2769 3142 2841 3210 l.)

1363 3472 2192 3586 CHRONICON
2283 3469 3010 3590 VENETUM.

631 3715 910 3787 Siquidem
940 3712 1180 3769 Venetia:
1202 3712 1327 3767 duae
1357 3719 1500 3767 sunt.
1542 3709 1721 3764 Prima
1765 3719 1848 3763 est
1891 3707 1977 3763 illa
2023 3722 2142 3776 quae
2171 3694 2214 3755 C
2248 3710 2442 3763 nianns
2469 3709 2892 3780 gloriosissimus
2921 3723 3178 3783 angustus
3209 3717 3507 3770 Romanum
3541 3719 3832 3789 imperium

559 3807 613 3861 in
647 3806 1028 3876 antiquitatum
1069 3804 1326 3876 bystoriis
1356 3801 1684 3865 continetur,
1713 3817 1832 3870 qua:
1863 3815 1890 3853 a
1928 3799 2134 3853 Panno—

560 3902 664 3955 nia:
712 3899 958 3954 terminis
1004 3911 1177 3967 usque
1218 3897 1286 3952 ad
1329 3896 1481 3949 Adda
1532 3893 1752 3948 ﬂuvium
1809 3892 2136 3963 protelatur;

559 3989 717 4058 cujus
745 4001 799 4044 et
826 3989 1105 4059 Aquilegia
1134 3987 1327 4041 civitas
1354 3985 1535 4040 extitit
1561 3992 1742 4053 caput,
1773 3984 1824 4037 in
1855 3998 1961 4052 qua
2011 3983 2139 4036 bea-

549 4091 644 4137 lus
691 4080 902 4134 Marcus
931 4079 1262 4150 evangelista
1313 4077 1490 4132 (li-vina
1535 4076 1713 4144 gratia
1759 4074 2135 4143 perlustratus,

553 4172 829 4225 Christum
853 4168 1036 4223 Jesum
1069 4168 1342 4223 dominum
1367 4165 1699 4235 przcdicavit.
1733 4163 1980 4219 Secunda
2011 4178 2139 4216 vero

553 4261 780 4316 Venetia
828 4270 911 4314 est
958 4261 1044 4315 illa
1092 4275 1253 4329 quam
1298 4257 1440 4327 apud
1489 4245 1692 4312 insulas
1742 4256 1964 4318 scimus,
2017 4269 2138 4323 qua:

552 4354 816 4408 Adriatici
866 4355 1030 4407 maris
1078 4351 1305 4407 collecta
1346 4351 1467 4405 sinu
1510 4348 1936 4404 interﬂuentibus
1981 4349 2139 4401 undis

546 4445 824 4514 positione
855 4443 1110 4509 mirabili,
1139 4443 1480 4498 multitudine
1512 4442 1692 4513 populi
1726 4441 1958 4496 feliciter
1985 4441 2136 4495 babi-

556 4544 700 4589 tatur
734 4535 772 4586 ⁸.
817 4534 916 4601 Qui
953 4535 1203 4589 videlicet
1243 4534 1489 4605 populus,
1535 4543 1794 4604 quantum
1826 4549 1892 4588 ex
1921 4533 2139 4587 nomine

553 4626 975 4696 daturintellegi
1021 4636 1076 4680 et
1123 4627 1272 4680 lbris
1302 4627 1586 4680 annalibus
1617 4627 2023 4696 comprobatur,
2068 4641 2136 4680 ex

553 4715 720 4782 priori
756 4714 980 4770 Venetia
1011 4715 1160 4769 ducit
1183 4716 1472 4785 originem.
1507 4714 1659 4781 Quod
1691 4723 1872 4769 autem
1905 4715 1958 4768 in
1985 4714 2136 4768 insu-

490 4869 491 4872 η
551 4804 618 4858 lis
643 4805 808 4858 maris
837 4803 1121 4868 inhabitat,
1149 4805 1261 4858 haec
1291 4819 1452 4858 causa
1484 4801 1603 4856 fuit.
1629 4801 1968 4858 Winulorum
1993 4803 2012 4832 ³
2043 4803 2133 4870 qui

484 4943 490 4961 ί
551 4905 604 4948 et
645 4894 1127 4966 Longobardorum
1163 4910 1295 4963 gens
1333 4896 1397 4947 de
1439 4894 1688 4949 litoribus
1729 4896 1916 4949 oceani
1955 4907 2136 4963 partes

487 4967 508 5010 7""
551 4987 960 5048 septemtrionis
990 5001 1206 5048 egressa
1228 5026 1244 5048 ,
1273 5001 1394 5040 cum
1425 4999 1521 5048 per
1548 4985 1840 5041 multorum
1874 4987 2132 5040 bellorum
2163 5035 2186 5048 .

2245 3803 2386 3871 apttd
2416 3801 2940 3872 Constantinopolim
2975 3807 3330 3875 gubernabat,
3363 3810 3604 3864 directus
3648 3812 3718 3865 ab
3768 3827 3834 3864 en

2246 3904 2330 3950 est
2379 3893 2565 3950 Narsis
2595 3897 2872 3967 patritius,
2904 3898 2984 3950 vir
3012 3900 3315 3963 eunuchus,
3365 3903 3432 3954 ad
3484 3902 3674 3956 urbem
3721 3901 3830 3956 Rn-

2243 4000 2419 4049 mam,
2479 3994 2537 4038 ut
2583 3987 2856 4041 exercitus
2910 3987 3100 4043 Totilm
3153 3990 3296 4059 regis
3342 3989 3680 4055 Gothorum,
3739 3993 3830 4061 qni

2246 4074 2475 4128 Ytaliam
2543 4076 2859 4131 devastabat
2894 4116 2909 4141 ,
2977 4078 3084 4132 Deo
3152 4080 3449 4135 auxiliante
3521 4089 3833 4135 cantereret

2242 4164 2334 4236 (ib.
2366 4180 2414 4219 c.
2445 4165 2518 4233 1).
2555 4166 2653 4232 Otii
2694 4183 2814 4220 cum
2865 4169 3117 4233 venisset,
3147 4172 3380 4239 primum
3435 4188 3556 4228 cum
3609 4172 3831 4242 Longo~

2241 4255 2423 4310 bardis
2468 4257 2831 4311 omnimodam
2884 4274 3070 4328 pacem
3122 4260 3376 4324 instituit,
3426 4271 3595 4331 atque,
3634 4263 3832 4318 deinde

2240 4347 2536 4416 procedens
2571 4348 2638 4402 ad
2677 4347 2895 4413 bellum,
2937 4351 3243 4406 universam
3275 4351 3574 4408 Gothorum
3607 4364 3827 4422 guttcm

2241 4442 2589 4511 ipsormnque
2635 4457 2816 4511 regem
2833 4441 3083 4500 J‘otilam
3117 4460 3285 4511 usque
3315 4447 3380 4497 ait
3411 4447 3826 4500 internitinnem

2239 4531 2454 4593 delevit,
2489 4541 2543 4584 et
2569 4531 2850 4586 universos
2875 4531 3037 4586 Italia:
3068 4532 3204 4587 fines
3232 4534 3482 4587 obtinuit.

2312 4623 2464 4695 (c.3)
2504 4623 2602 4678 Hic
2641 4623 2826 4678 Narsis
2873 4625 3023 4694 prius
3067 4626 3389 4680 cartolarius
3442 4626 3580 4691 fuit,
3631 4628 3826 4683 deinde

2239 4725 2462 4784 propter
2522 4715 2778 4768 virtutem
2830 4715 3149 4784 patriciatus
3195 4718 3452 4771 honorem
3501 4722 3823 4787 promeruit.

2238 4802 2371 4856 Erat
2414 4810 2591 4855 autent
2636 4802 2721 4855 vir
2755 4800 2958 4871 justus,
3003 4805 3055 4856 in
3107 4803 3371 4872 religione
3417 4807 3744 4867 catholicus,
3772 4806 3824 4859 in

2238 4892 2564 4963 pauperibus
2609 4893 2808 4963 largus,
2863 4895 2915 4946 in
2967 4896 3351 4962 recuperandis
3405 4895 3649 4951 basilicis
3693 4897 3826 4950 suis

2239 4985 2532 5046 studiosus,
2564 4983 2758 5048 vigiliis
2785 4992 2840 5037 et
2875 4984 3211 5038 orationibus
3249 4986 3301 5038 in
3338 4997 3546 5039 tantum
3575 4988 3824 5048 studens,
