4108 5412
195 317 296 372 8τ7

1407 382 1414 386 .
1453 327 1846 386 CllRO-NICON
1890 325 2240 386 V'ENETUM.

3357 310 3462 371 8’8

197 443 388 488 contra
417 450 607 490 eorum
641 438 828 493 hostes
859 439 1217 507 laboraverat,
1249 444 1504 522 invidiam
1536 443 1778 513 pertulit.
1813 450 1855 506 Λ
1885 444 2283 513 episcOpm-um,
2315 440 2537 496 eandem
2575 438 2907 492 Gradensem
2948 432 3134 488 urbem
3170 430 3335 486 totius
3359 428 3463 522 Ve-

198 522 300 590 Qui
328 533 516 580 contra
550 541 674 582 eum
712 527 924 585 Justin
964 541 1207 603 augusto,
1257 535 1346 603 qui
1391 533 1693 588 Justiniano
1726 536 1778 588 itt

200 627 430 683 regnum
459 621 820 682 successerat,
853 632 906 677 et
937 622 1053 690 ejus
1079 617 1295 698 coniugi
1346 625 1562 696 Sophia:
1592 628 1641 681 in
1670 627 1784 681 haec

1887 536 2042 587 netite
2070 530 2404 601 metropolim
2436 546 2556 585 esse
2604 528 2851 582 instituit.
2884 526 2960 578 Ad
2988 526 3142 593 cujus
3168 524 3417 577 roboretn
3439 520 3462 551 ⁵

1885 622 2165 678 1-1ρτειειίιιε
2179 633 2297 692 post
2319 621 2432 676 haec
2455 628 2716 690 angustus
2739 617 3032 672 beatissimi
3063 615 3228 668 Marci
3255 615 3459 674 sedem,

199 707 367 759 verba
399 721 786 776 suggessernnt
815 713 1074 778 dicentes,
1115 716 1239 784 quia
1270 731 1284 768 :
1317 715 1634 786 Expedierat
1679 715 1782 770 Ro-
1885 730 2046 784 quam
2081 715 2278 769 dudum
2312 713 2513 766 Helena
2545 709 2884 765 Constantini
2916 718 3086 760 mater
3130 707 3196 758 de
3231 704 3464 757 Alexan-

199 798 394 860 manis,
428 796 612 853 Gothis
642 803 812 869 potius
843 805 1035 857 serrire
1063 822 1218 875 quam
1248 804 1448 872 Grecis,
1479 809 1567 861 ubi
1593 805 1783 862 Narsis‘

198 891 472 944 αιηυσΙικε
512 893 750 963 imperat,
781 906 828 948 et
859 913 952 950 nos
982 899 1200 951 servicio
1229 903 1442 968 premit;
1475 912 1522 954 et
1553 901 1663 954 lucc
1687 917 1781 954 no-

199 993 307 1032 ‘ster
356 982 624 1049 piissimus
689 985 970 1055 imperator
1023 990 1247 1059 ignorat.
1308 983 1466 1044 Nunc
1512 1008 1635 1061 ergo
1695 1000 1786 1044 aut

200 1068 367 1122 libera
406 1088 500 1124 nos
532 1073 596 1125 de
627 1091 785 1128 manu
815 1076 949 1144 ejus,
981 1088 1072 1131 aut
1117 1091 1252 1133 certe
1296 1092 1344 1133 et
1391 1082 1650 1134 civitatem
1683 1080 1787 1135 Ro-

201 1178 416 1216 manam
446 1175 494 1218 et
534 1179 730 1220 nosmet
770 1171 905 1237 ipsos
939 1174 1175 1240 gentibus
1223 1178 1510 1230 trademus.
1548 1177 1789 1245 Cumque

205 1254 309 1308 hoc
341 1254 528 1311 Narsis
556 1261 814 1323 audisset,
850 1264 962 1318 lucc
991 1267 1150 1319 verba
1183 1267 1419 1323 breviter
1450 1269 1634 1322 retulit
1670 1286 1684 1322 :
1727 1268 1788 1322 Si

203 1346 343 1399 male
371 1348 473 1413 Ieci
505 1366 622 1402 cum
657 1350 910 1406 Romanis
945 1356 1080 1410 male
1117 1358 1397 1412 inveniam.
1427 1360 1577 1414 Tunc
1624 1375 1791 1433 augu—

203 1447 322 1490 stus
371 1439 423 1492 in
477 1449 682 1494 tantum
720 1445 1005 1500 adversum
1045 1447 1327 1504 Narsetem
1359 1461 1686 1517 commotus,
1732 1462 1791 1506 ut

203 1529 393 1581 statim
444 1531 494 1582 in
535 1531 767 1586 Ytaliant
814 1535 1111 1607 Longinum
1148 1540 1460 1608 prchectum
1514 1543 1790 1606 mitteret,

204 1619 298 1686 qui
333 1619 579 1675 Narsctis
618 1623 790 1678 locum
813 1633 1044 1681 teneret.
1075 1629 1261 1685 Narsis
1291 1646 1421 1686 vero
1449 1631 1533 1686 his
1561 1635 1794 1702 cognitis

205 1710 363 1765 Valde
393 1713 690 1780 pertimuit,
721 1724 773 1769 ct
801 1725 1004 1771 tantum
1033 1721 1266 1775 maxime
1289 1722 1356 1775 ab
1378 1722 1565 1776 eadem
1586 1723 1792 1791 Sophia

1888 806 2002 860 dria
2037 804 2250 866 tulerat,
2285 813 2600 857 sanctorum
2627 801 2791 854 fultus
2820 813 3005 852 amore
3031 797 3246 850 direxit.
3281 794 3380 849 Ubi
3411 801 3469 846 et

1887 909 2110 952 actenus
2165 904 2456 951 veneratur
2500 895 2703 965 pariter
2749 909 2872 949 cum
2919 892 3200 955 cathedra,
3253 889 3306 944 in
3360 901 3466 956 qua

1888 991 2077 1044 beatus
2108 991 2298 1044 martir
2333 988 2550 1043 sederat
2591 987 3006 1041 liertnachoras.

1961 1082 2066 1151 (Cf.
2094 1081 2257 1136 ΡΑυιι
2294 1079 2436 1134 Hist.
2463 1078 2632 1148 Long.
2651 1093 2710 1142 ll,
2746 1078 2858 1146 M.)
2887 1079 2954 1130 At
2981 1091 3107 1130 vero
3135 1076 3258 1129 dum
3281 1075 3468 1127 essent

1893 1172 2113 1227 revoluti
2147 1172 2272 1224 anni
2305 1172 2368 1224 ab
2397 1169 2768 1224 incarnatione
2790 1168 3001 1221 Domini
3031 1166 3310 1237 quingenti
3339 1181 3469 1235 qua-

1889 1262 2131 1332 draginta
2151 1261 2286 1331 (Η),
2315 1260 2648 1329 Langobardi
2673 1259 2976 1320 Venetiam,
3005 1274 3122 1326 qu;e
3145 1257 3316 1326 prima
3345 1272 3470 1344 prof

1893 1355 2067 1409 vincia
2119 1364 2202 1408 est
2251 1353 2459 1416 Ytaliaa,
2491 1359 2842 1423 penetrarent
2863 1351 2904 1414 ',
2944 1349 3278 1404 Vincentiam
3310 1350 3472 1402 Vero-

1896 1461 2145 1515 namque,
2197 1454 2252 1500 et
2299 1445 2535 1514 reliquas
2590 1444 2855 1504 civitates,
2917 1450 3144 1509 excepto
3188 1440 3371 1493 Patavi
3419 1441 3472 1493 et

1895 1536 2075 1591 Monte
2108 1535 2306 1600 Silieis,
2358 1535 2634 1606 Opitergio
2684 1543 2845 1604 atque
2898 1532 3112 1586 Mantua
3163 1531 3470 1601 Altinoque,

1897 1640 2268 1701 expugnantas
2295 1631 2600 1698 cepissent;
2635 1627 2814 1697 populi
2842 1642 2970 1682 vero
2991 1625 3230 1692 ejusdem
3260 1629 3476 1696 provin-

1899 1723 2008 1788 tiae,
2040 1722 2254 1792 penitus
2302 1728 2615 1776 recusantes
2642 1717 3117 1788 Longobardorum
3159 1717 3346 1772 ditioni
3388 1733 3478 1770 sn-

208 1811 435 1872 angusta
475 1806 698 1858 territus
738 1814 840 1869 εει,
882 1818 938 1861 ut
967 1812 1149 1879 egredi
1171 1809 1282 1879 jam
1315 1811 1450 1866 ultra
1483 1788 1794 1868 Constanti-
1827 1788 1870 1846 Β
1898 1788 2077 1879 besse,
2110 1814 2388 1884 proximas
2428 1813 2630 1868 insulas
2674 1814 2962 1880 petierunt.
2998 1812 3196 1881 Sicque
3243 1803 3478 1863 Venetiae

208 1893 447 1961 nopnlim
483 1904 596 1948 non
627 1898 866 1952 auderet.
895 1899 993 1955 Cui
1034 1900 1122 1956 illa
1156 1902 1298 1956 inter
1337 1913 1552 1966 caetera,
1592 1922 1694 1975 pro
1727 1921 1794 1959 eo

206 1984 351 2050 quod
381 1993 501 2040 erat
529 1987 840 2054 eunuchus,
871 1990 944 2044 ita
978 1993 1345 2056 mandaverat,
1374 2004 1429 2048 ut
1455 2011 1577 2049 cum
1604 1996 1795 2065 puellis

209 2073 262 2126 in
291 2076 509 2144 genicio
541 2076 787 2132 lanarum
823 2079 1023 2135 faceret
1061 2099 1254 2150 pensas
1280 2083 1540 2138 dividere.
1568 2085 1646 2138 Ad
1675 2102 1796 2154 quze

207 2167 373 2219 verba
402 2165 594 2222 Narsis
621 2169 820 2222 dicitur
844 2171 960 2226 hzcc
985 2189 1244 2242 responsa
1276 2175 1510 2240 dedisse,
1541 2177 1705 2231 talem
1738 2194 1796 2232 se

207 2256 385 2311 eidem
429 2258 590 2314 telam
632 2263 959 2328 orditurum,
1006 2266 1217 2335 qualem
1260 2268 1371 2338 ipsa
1416 2271 1542 2324 dum
1590 2271 1796 2326 viveret

211 2348 488 2418 deponere
520 2369 626 2407 non
659 2365 862 2423 posset.
895 2356 1084 2426 Itaque
1110 2360 1233 2415 odio
1270 2367 1524 2432 metuque
1557 2365 1798 2435 exagita-

210 2454 317 2503 tus,
372 2446 427 2499 in
485 2445 762 2517 Neapolim
814 2450 1124 2520 Campania:
1179 2454 1451 2510 civitatem
1505 2459 1796 2524 secedens,

205 2538 419 2610 legatos
469 2558 594 2596 mox
643 2542 711 2598 ad
765 2542 1241 2615 Longobardorum
1296 2557 1510 2616 gentem
1559 2550 1794 2616 direxit,

210 2632 482 2687 mandans
523 2643 580 2687 ut
605 2637 1003 2706 pauperritnam
1035 2646 1234 2693 trrram
1267 2641 1612 2710 relinqueret,
1645 2651 1700 2696 et
1731 2644 1798 2697 ad

211 2719 450 2774 Ytaliam
479 2724 697 2778 cunctis
725 2724 988 2794 repletam
1020 2727 1223 2781 divitiis
1250 2730 1625 2798 possidendam
1654 2731 1799 2784 veni-

209 2820 315 2864 ret.
353 2810 640 2882 Simulque
677 2815 963 2869 multitudo
989 2831 1268 2884 pomarunt
1300 2833 1518 2886 genera,
1544 2819 1800 2874 aliarum-

211 2918 318 2971 que
353 2917 540 2958 rerum
579 2907 788 2975 species
825 2923 1055 2976 quarttm
1085 2909 1259 2964 Ytalia
1307 2910 1459 2964 ferax
1508 2919 1590 2966 est
1630 2912 1796 2977 misit,

211 2997 475 3062 quatinus
504 3013 692 3053 eorum
725 3001 790 3054 ad
817 3001 1138 3057 Venit-udum
1175 3005 1384 3058 animos
1413 3015 1595 3073 posset
1637 3007 1801 3062 illice-

1898 1923 2115 1972 nomen,
2143 1907 2210 1960 de
2239 1922 2344 1975 qua
2387 1907 2658 1968 exierant,
2689 1905 2892 1958 eisdem
2921 1901 3110 1957 insulis
3144 1903 3475 1956 indiderunt.

1898 2000 1998 2067 Qui
2025 2009 2081 2054 et
2108 2010 2334 2054 actenus
2367 1999 2472 2053 illic
2498 1999 2771 2070 degentes.
2806 1997 3045 2053 Venetici
3076 2001 3477 2066 ntmcupantnr.

1900 2091 2092 2146 lleneti
2125 2106 2274 2156 vero,
2309 2089 2436 2144 licet
2469 2091 2608 2158 apud
2639 2087 2862 2142 Latinos
2885 2104 2987 2141 una
3021 2086 3200 2141 littera
3224 2088 3472 2144 addatur,

1899 2199 2072 2253 graece
2101 2183 2121 2214 ⁸
2150 2181 2444 2237 laudabiles
2491 2181 2762 2235 dicuntur.
2825 2175 3022 2234 Verum
3073 2188 3358 2248 postquam
3422 2177 3474 2228 in

1901 2279 1986 2332 his
2017 2277 2205 2331 insulis
2235 2275 2430 2330 futura:
2463 2274 2810 2328 habitationis
2859 2275 3040 2325 sedem
3091 2271 3340 2340 optinere
3381 2268 3476 2321 dc-

1900 2377 2208 2432 crcvcrunt,
2235 2366 2478 2436 quaedam
2509 2365 2867 2419 munitissima
2908 2372 3085 2417 castra
3120 2363 3481 2428 civitatesque

1901 2460 2250 2522 aediﬁcantes,
2282 2473 2475 2511 novam
2503 2456 2604 2510 sibi
2639 2453 2920 2508 Venetiam
2950 2463 3005 2507 et
3032 2453 3305 2524 egregiam
3354 2464 3482 2521 pro-

1901 2550 2126 2603 vintiam
2187 2555 2588 2602 recreaverunt.
2625 2545 2779 2599 Nunc
2829 2559 2961 2598 vero
3008 2543 3336 2614 singularum
3389 2557 3484 2594 no.

1902 2641 2049 2694 mina
2102 2640 2401 2693 insularum
2451 2651 2673 2692 necesse
2726 2645 2807 2691 est
2862 2635 3246 2690 convenienter
3303 2634 3484 2702 expri-

1901 2750 2070 2788 tuere.

1973 2823 2155 2878 Prima
2205 2823 2418 2878 illarum
2455 2811 2674 2876 Gradus
2728 2808 2841 2892 (15)
2900 2818 3125 2882 dicitur;
3182 2832 3302 2886 quae
3356 2815 3483 2868 dum

1901 2923 2115 2972 constat
2153 2915 2276 2970 altis
2305 2914 2595 2977 moenibus,
2619 2913 3081 2980 ecclesiarumque
3108 2909 3281 2978 copiis
3322 2909 3484 2963 deco-

1903 3017 2042 3075 rata,
2099 3018 2521 3077 sanctorumque
2569 3006 2888 3076 corporibus
2929 3005 3090 3070 fulta,
3135 3003 3487 3076 quemadmo-

214 3103 291 3140 re.
319 3087 666 3159 l.ongoba'rdi
697 3091 894 3163 legata,
929 3094 1144 3158 nuncia,
1175 3103 1227 3148 et
1256 3110 1374 3164 qute
1406 3097 1503 3165 ipsi
1538 3107 1802 3168 praeopta-
1831 3130 1875 3192 C
1908 3103 2034 3154 dum
2065 3100 2302 3170 antiquae
2345 3097 2592 3153 Venecia:
2635 3095 2941 3166 Aquilegia,
2977 3096 3046 3150 ita
3085 3105 3140 3150 et
3171 3096 3274 3149 ista
3323 3093 3490 3192 totius

212 3177 347 3232 bant
386 3190 667 3249 gratanter
713 3185 1032 3254 suscipiunt,
1067 3189 1238 3257 deque
1280 3188 1477 3243 futuris
1504 3191 1804 3246 commodis

213 3272 432 3327 animos
476 3273 748 3339 attollunt,
793 3286 847 3331 et
886 3278 1088 3348 egressi
1132 3295 1254 3334 cum
1296 3280 1488 3335 Alboin
1527 3297 1652 3352 rege
1682 3298 1800 3349 suo,

217 3363 454 3419 Ytaliam
488 3369 789 3437 possessuri
825 3371 1116 3426 adveniunt
1142 3375 1252 3443 (an.
1286 3373 1433 3445 568).

287 3456 372 3525 (I’.
407 3456 474 3514 D.
506 3474 572 3522 ll,
605 3459 692 3530 lO)
742 3460 942 3516 Eodem
994 3471 1236 3533 tempore
1295 3465 1594 3522 Romanam
1631 3469 1805 3525 eet-le-

214 3551 352 3604 siam
411 3552 500 3605 vir
551 3555 929 3612 sanctissimus
992 3557 1316 3615 Benedictus
1370 3577 1505 3632 papa
1565 3565 1802 3634 regebat.

215 3642 567 3714 Aquilegensi
604 3661 818 3716 quoque
839 3645 1047 3704 civitati
1098 3650 1320 3720 ejusque
1357 3653 1568 3722 populis
1615 3655 1806 3710 beatus

217 3731 419 3789 Paulus
475 3736 787 3804 patriarcha
864 3751 1119 3809 praeerat;
1180 3740 1805 3814 qui,Longobardorum

217 3826 430 3880 rabiem
465 3835 734 3891 metuens,
767 3844 832 3885 ex
881 3833 1159 3904 Aquilegia
1207 3836 1274 3889 ad
1325 3836 1539 3892 Gradus
1575 3838 1804 3892 insulam

217 3916 492 3988 confugit,
510 3935 807 4013 secumque
829 3922 1126 3978 beatissimi
1159 3925 1400 3981 martiris
1427 3927 1807 3987 llermachorze

215 4016 273 4060 et
323 4013 636 4063 ceterorum
667 4019 979 4067 sanctorum
1031 4030 1261 4084 corpora
1311 4032 1431 4085 quae
1465 4016 1534 4071 ibi
1587 4020 1804 4074 humata

215 4098 444 4155 fuerant
470 4102 793 4170 deportavit,
824 4116 879 4159 et
906 4107 1045 4177 apud
1070 4109 1298 4163 eundem
1328 4098 1662 4166 Gradensem
1689 4128 1808 4167 cas-

219 4201 363 4245 trum
412 4193 627 4248 honore
654 4196 967 4267 dignissimo
996 4199 1257 4262 condidit,
1305 4200 1583 4270 ipsamque
1618 4202 1806 4256 urbem

216 4284 798 4356 Aquilegiam-Novam
833 4291 1061 4345 vocavit.
1113 4290 1169 4346 In
1201 4308 1308 4362 quo
1336 4295 1501 4347 etiam
1537 4294 1653 4350 loco
1687 4305 1808 4366 post

216 4390 461 4443 paueum
488 4385 690 4448 tempus
721 4379 915 4452 llelyas
941 4383 1188 4454 egregius
1217 4386 1552 4454 patriarcha,
1579 4388 1668 4457 qui
1701 4399 1806 4443 ter-

1909 3206 2061 3244 novze
2091 3189 2333 3244 Venetia:
2361 3197 2524 3258 caput
2553 3197 2607 3242 et
2630 3187 2941 3258 Iltelt'OpOllS
2973 3187 3092 3241 fore
3127 3185 3448 3241 dinoscitur.

1979 3281 2157 3336 Secun
2184 3286 2228 3335 'a
2253 3293 2485 3349 namque
2511 3277 2624 3351 (l6)
2655 3277 2910 3344 Bibiones
2942 3279 3274 3333 nominatur.

1976 3373 2157 3428 Tertia
2212 3386 2339 3427 vero
2389 3371 2652 3441 Capt-uias
2696 3355 2828 3440 (l7).
2867 3371 3158 3432 vocitatur,
3210 3368 3276 3423 ad
3325 3382 3486 3438 quam

1905 3463 2322 3518 Concordicnsis
2348 3462 2634 3533 episcopus
2681 3477 2805 3516 cum
2838 3463 2971 3526 suis,
3006 3459 3485 3529 Longohardornnt

1909 3556 2253 3610 timoratione
2285 3556 2529 3617 territus,
2586 3553 2896 3616 adveniens,
2949 3553 3274 3605 auctoritate
3319 3551 3488 3603 Densa-

1906 3648 2026 3701 dedi
2056 3663 2206 3718 papae
2235 3649 2346 3720 (18)
2380 3647 2724 3717 episcopatus
2746 3647 2828 3700 sui
2855 3647 3038 3700 sedem
3064 3645 3196 3698 inibi
3228 3645 3460 3713 imposta

1907 3757 2024 3794 runt
2058 3745 2378 3794 manendam
2411 3741 2756 3796 conlirmavit
2786 3748 2840 3794 et
2882 3739 3126 3794 habitare
3166 3738 3428 3808 disposuit

1977 3829 2179 3897 Quarta
2230 3831 2447 3900 quidem
2499 3830 2668 3885 insula
2701 3830 2812 3900 (19)
2859 3829 3099 3892 exslat",
3148 3828 3202 3882 in
3247 3843 3356 3897 qua
3392 3823 3491 3900 due

1906 3923 2032 3975 dum
2092 3921 2206 3992 (20)
2277 3921 2344 3975 ab
2406 3921 2617 3977 Eraclio
2683 3923 3012 3991 imperatore
3069 3920 3246 3973 fuerat
3299 3920 3492 3974 civitas

1909 4027 2234 4082 mgnopere
2285 4022 2629 4078 constructa;
2687 4012 2778 4067 sed
2832 4019 3098 4065 vetustate
3149 4021 3488 4078 consumpta,

1908 4104 2149 4160 Venetici
2182 4105 2376 4160 iterum
2406 4104 2551 4159 illam
2599 4119 2820 4174 parvam
2851 4113 3290 4173 composuerunt.
3333 4102 3491 4155 Post-

1907 4211 2068 4265 quam
2106 4205 2286 4250 autem
2315 4195 2593 4264 Opiterine
2641 4196 2753 4266 (2|)
2781 4195 2975 4249 civitas
3023 4212 3052 4247 a
3102 4192 3325 4247 Rothari
3368 4207 3494 4270 rege

1908 4297 2062 4358 capta
2092 4300 2198 4354 est,
2227 4287 2513 4359 episcopus
2541 4288 2685 4342 illius
2709 4287 2945 4341 civitatis
2976 4287 3299 4342 auctoritate
3330 4286 3499 4339 Seve-

1910 4385 2049 4439 riani
2097 4397 2248 4453 papa:
2296 4381 2437 4436 hanc
2469 4380 2804 4435 Eraclianam
2867 4388 3049 4448 petere
3099 4380 3280 4449 ibique
3336 4394 3494 4433 suam

221 4467 331 4520 tius
383 4478 509 4537 post
537 4468 755 4524 Paulum
788 4473 1077 4543 regendam
1128 4478 1363 4546 suscepit
1401 4479 1711 4544 ecclesiam,
1738 4495 1800 4534 ex
1839 4481 1885 4540 Ι)
1911 4475 2094 4530 sedem
2120 4469 2444 4528 continuare
2473 4471 2660 4525 voluit.

217 4572 495 4613 consensu
543 4559 835 4616 beatissimi
878 4579 1029 4634 papa:
1057 4565 1281 4638 Peiagii,
1313 4567 1450 4625 facta
1499 4571 1703 4642 synodo
1738 4572 1808 4628 ΩΟ

1985 4566 2182 4634 Quinta
2216 4564 2386 4618 inSnla
2433 4563 2657 4633 Equilus
2707 4561 2818 4633 (2'2)
2875 4573 3251 4632 nuncupatur;
3309 4561 3498 4632 inqua

1525 4682 1755 4738 VARI-Ai
1802 4676 2200 4739 LECTIONES.

295 4787 317 4815 ⁵
351 4787 745 4844 roborationem
775 4792 858 4844 ed.
936 4791 956 4822 ⁸
986 4803 1332 4860 penetrarunt
1357 4795 1440 4847 ed.

1517 4795 1536 4824 ‘
1567 4798 1708 4866 greci
1735 4799 1792 4861 2,
1834 4799 1888 4830 "’
1919 4803 2060 4849 ωιτη
2089 4794 2140 4845 2.

1744 4907 1972 4964 NOTAE.

296 4996 414 5064 (I4)
457 4990 562 5050 lmo
589 4997 696 5052 568

301 5067 416 5154 ςεξ)
456 5068 669 5154 Erat"):
715 5152 718 5153 ,
803 5152 806 5153 ,

1921 4997 2048 5068 pilis
2074 4995 2275 5066 Argilis
2298 4995 2458 5068 sitam
2486 4996 2572 5051 hic
2601 4996 2823 5050 minime
2867 4993 3034 5052 inimi,
3066 4990 3202 5068 ordo
3233 5000 3410 5068 narra
3425 4991 3554 5045 tina

1921 5059 2005 5125 nis
2034 5084 2063 5123 a
2085 5059 2456 5154 septentrione
2483 5069 2765 5148 meridiem
2795 5079 2980 5146 versus
3011 5059 3356 5146 printedentis
3398 5073 3567 5152 [vro-
