4108 5412
634 388 735 496 879

1807 427 2090 486 JOANNIS
2134 424 2403 483 DIACONI
2447 424 2696 482 VENETI

3793 430 3906 485 880

633 552 762 606 dum
793 548 971 622 populi
1002 547 1111 604 illic
1136 554 1416 603 manentes
1443 544 1734 615 episcopali
1763 544 1892 600 sede
1928 554 2203 609 carerent,
2237 546 2279 603 Α
2311 534 2419 622 Ilii;
2462 551 2537 594 est
2585 543 2722 595 enim
2764 557 2984 612 magnus
3033 542 3327 609 thesaurus,
3375 541 3575 598 dicente
3617 542 3844 599 Domino
3882 562 3904 599 .-

632 642 963 696 auetoritate
1009 638 1189 694 divina
1220 651 1391 692 novus
1431 636 1773 706 episcopatus
1823 634 1893 689 ibi
1932 633 2215 689 ordinatus

633 740 864 872 c“gesta
906 815 1080 872 insula
1119 814 1397 872 Torcellns
1442 814 1554 887 (2'5)
1598 814 1870 881 SllbaiSlil;
1917 831 2059 886 quae,
2089 814 2216 870 licet

632 905 846 962 urbium
872 905 1132 961 manibus
1161 906 1383 960 minime
1413 905 1435 937 ⁸
1460 908 1751 973 clarescat,
1780 916 1957 961 tamen
1988 905 2212 959 aliarum

634 999 933 1054 insularum
972 983 1271 1053 munitione
1296 997 1711 1068 circumsaepta,
1757 998 1810 1052 in
1843 998 2019 1053 medio
2052 996 2204 1052 tutis-

628 1087 765 1146 sima
788 1087 972 1158 pollet.

704 1177 946 1250 Septima
981 1177 1155 1235 insula
1182 1178 1453 1236 Morianas
1489 1180 1603 1253 (24)
1640 1181 1928 1237 vocitatur.

699 1270 900 1326 Octava
925 1270 1142 1342 quidem
1177 1271 1349 1326 insula
1383 1271 1660 1327 Rivoaltus
1693 1272 1807 1345 (25)
1835 1273 2100 1329 subsistit.
2130 1272 2211 1328 Ad

628 1375 789 1430 quam
819 1360 885 1414 ad
909 1369 1213 1416 extremum
1241 1361 1366 1416 licet
1394 1361 1569 1433 populi
1597 1362 1662 1417 ad
1700 1363 2047 1418 habitandum
2079 1377 2212 1417 cou-

627 1450 895 1516 ﬂuerent,
944 1461 1125 1506 tamen
1176 1451 1441 1508 ditissima
1488 1464 1541 1509 et
1592 1453 1876 1509 sublimata
1912 1454 2212 1509 ’omnibus

627 1549 843 1608 manet;
876 1556 996 1611 qua:
1022 1556 1129 1596 non
1172 1542 1342 1597 solum
1389 1543 1738 1599 ecclesiarum
1791 1560 1885 1599 seu
1929 1547 2208 1599 domorum

628 1631 928 1688 decoritate
954 1640 1277 1696 ostentatur,
1308 1648 1492 1688 verum
1524 1635 1684 1688 etiam
1716 1635 1942 1689 ducatus
1980 1635 2213 1706 dignita-

628 1735 739 1783 tem
776 1734 938 1797 atque
984 1725 1279 1797 episcopati
1335 1727 1517 1781 sedem
1578 1727 1777 1783 habere
1822 1740 1876 1783 et
1933 1727 2209 1798 possidere

624 1818 857 1873 videtur.

2319 615 2692 683 Thesaurizate
2711 629 2850 683 vobis
2880 630 3151 685 thesauros
3175 630 3228 685 in
3258 630 3423 696 cozlis,
3445 633 3533 685 ubi
3555 649 3723 703 neque
3740 650 3905 703 emgo

2316 733 2479 788 neque
2508 719 2647 772 tinea
2687 720 2993 789 corrumpit,
3015 728 3062 773 et
3094 721 3184 773 ubi
3206 721 3349 789 fures
3378 737 3483 777 non
3521 722 3782 791 eﬁ'odiunt
3807 739 3906 777 nec

2317 808 2584 878 furantur.
2614 808 2753 880 Ergo
2784 813 2849 866 de
2862 811 2976 877 λύε,
3027 829 3144 882 qua:
3185 812 3443 868 Dominus
3473 814 3659 869 tribuit
3687 830 3906 884 congre-

2314 913 2493 967 gemus
2531 901 2800 955 thesauros
2867 902 2920 955 in
2969 902 3120 968 caelo,
3147 913 3193 956 et
3226 902 3481 958 Dominus
3526 904 3678 959 nobis
3713 922 3906 975 augere

2315 990 2616 1059 dignabitur
2658 991 2714 1045 in
2755 991 2966 1046 swculo.
2995 994 3161 1063 igitur
3197 992 3439 1049 Justinus
3483 1010 3606 1050 cum
3648 996 3713 1049 H
3747 998 3909 1051 annis

2316 1090 2618 1151 regnasset,
2641 1083 2954 1148 amentiam,
2984 1100 3145 1154 quam
3180 1085 3506 1151 incurrerat,
3527 1086 3750 1141 tandem
3780 1101 3909 1140 eum

2272 1228 2277 1232 _
2316 1170 2427 1224 vita
2450 1170 2643 1225 finivit.
2672 1171 2815 1226 Bella
2838 1188 2967 1228 sane
2996 1187 3114 1240 quae
3142 1188 3257 1244 per
3301 1174 3579 1229 Narsctem
3611 1174 3907 1245 patricium

2315 1257 2510 1316 Gothis
2539 1260 2624 1316 vel
2651 1260 2917 1317 Franchis
2955 1262 3100 1317 illata
3142 1279 3241 1334 per
3287 1264 3735 1335 anticipationem
3766 1262 3909 1319 dixi-

2312 1371 2454 1424 mus,
2507 1354 2665 1423 hujus
2715 1364 2973 1425 temports
3028 1366 3176 1425 gesta
3208 1364 3353 1410 sunt.
3385 1357 3626 1426 Denique
3667 1366 3726 1410 et
3769 1372 3897 1410 cum

2311 1447 2481 1503 Roma
2507 1448 2835 1518 temporibus
2856 1446 3131 1503 Benedicti
3155 1462 3327 1518 papte,
3356 1449 3702 1503 vastantibus
3719 1449 3905 1501 omnia

2311 1558 2409 1613 per
2432 1541 2716 1597 circuitum
2741 1539 3129 1611 Longobardis,
3164 1538 3323 1595 famis
3352 1542 3573 1612 penuria
3592 1541 3905 1606 laboraret,

2312 1644 2477 1691 multa
2520 1635 2667 1689 milia
2716 1634 2971 1688 trumenti
3005 1633 3233 1688 navibus
3281 1640 3349 1688 ab
3398 1634 3589 1704 Egipto
3631 1634 3905 1706 dirigens,

2310 1739 2431 1781 eam
2476 1740 2587 1778 sue
2622 1723 2800 1778 studio
2825 1723 3211 1778 misericordiae
3251 1724 3512 1779 revelavit
3535 1723 3600 1778 ¹³.

2383 1812 2601 1885 (0.12.)
2643 1812 2853 1868 Mortuo
2908 1812 3078 1883 igitur
3125 1812 3362 1879 Justino,
3417 1813 3715 1870 Tbiberius
3764 1813 3904 1871 Con-

697 1910 850 1967 Nona
902 1908 1077 1967 insula
1117 1909 1485 1965 Metamaucus
1532 1909 1644 1981 (26)
1692 1910 1911 1978 dicitur,
1953 1926 2204 1981 question
2236 1881 2283 1941 Β
2313 1881 2624 1969 sta-minus,
2699 1881 3069 1959 Romanorum
3130 1918 3317 1975 regum
3370 1905 3859 1976 quinquagesimus
3886 1946 3903 1972 ,

623 2001 828 2075 indiget
856 2002 1031 2073 aliqua
1061 2001 1271 2057 urbium
1308 2002 1626 2068 munitione,
1655 2002 1749 2057 sed
1786 2002 2015 2073 pulchro
2050 2001 2209 2058 litore

623 2108 777 2163 ptene
800 2109 868 2150 ex
894 2092 1041 2149 omni
1067 2102 1223 2163 parte
1248 2092 1517 2163 cingitur;
1563 2092 1652 2147 ubi
1684 2094 2010 2149 auctoritate
2052 2109 2208 2165 apos-

624 2186 786 2241 tolica
830 2186 1189 2257 episcOpalem
1234 2184 1416 2242 sedem
1464 2184 1648 2257 populi
1699 2184 1903 2242 habere
1928 2186 2207 2243 consecuti

622 2289 770 2336 sunt.

694 2371 912 2427 Decima
940 2384 1067 2426 vero
1098 2368 1271 2424 insula
1302 2367 1507 2439 Pupilia
1540 2368 1655 2441 (27)
1688 2379 1889 2426 manet.

700 2458 993 2516 Undecima
1040 2458 1216 2514 Minor
1262 2458 1478 2530 Clugies
1530 2458 1643 2531 (28)
1694 2459 1920 2526 dicitur;
1979 2459 2035 2515 in
2097 2474 2205 2532 qua

628 2554 1023 2613 monasterium
1052 2551 1222 2608 sancti
1249 2551 1523 2609 Michaelis
1558 2551 1599 2584 ¹⁰
1626 2554 1789 2610 situm
1817 2561 1919 2608 est.

699 2643 1023 2699 Duodecimn
1073 2642 1250 2698 insula
1301 2641 1519 2713 Clugics
1566 2641 1680 2714 (29)
1712 2641 1881 2712 Major
1925 2657 2206 2714 nuncupa-

628 2746 735 2793 tur.

698 2827 794 2881 Est
821 2826 986 2881 etiam
1033 2826 1085 2878 in
1126 2823 1475 2889 extremitate
1524 2822 1766 2881 Venetia:
1795 2833 2031 2880 castrum
2061 2823 2204 2895 quod

623 2916 800 2987 Caput
821 2916 1019 2985 Argilis
1041 2915 1153 2987 (30)
1180 2915 1398 2970 dicitur.
1424 2914 1564 2969 Sunt
1588 2915 1786 2970 etenim
1810 2916 1949 2986 apud
1976 2915 2204 2972 eandem

621 3008 947 3079 provintiam
984 3023 1147 3078 quam
1178 3007 1421 3077 pluriuiae
1452 3008 1640 3063 insulae
1670 3007 2012 3064 habitabiles.

704 3096 789 3167 (P.
814 3096 876 3151 Ι).
907 3111 990 3164 lll,
1020 3097 1134 3168 11.)
1174 3095 1278 3151 i’cr
1305 3098 1408 3152 hec
1449 3106 1689 3169 tempora
1716 3097 1857 3168 apud
1894 3097 2206 3155 Constanti-

626 3188 898 3260 nopolym,
928 3198 988 3244 ut
1013 3205 1172 3260 supra
1229 3191 1549 3259 prcmissum
1598 3200 1702 3254 est,
1730 3191 1975 3249 Justinus
2025 3193 2204 3248 minor

623 3281 896 3352 regnavit.
922 3280 1019 3337 Vir
1044 3282 1098 3335 in
1141 3281 1289 3336 omni
1332 3283 1558 3338 avaritia
1604 3285 1831 3346 deditus.
1865 3295 2205 3357 contemptor

623 3385 940 3442 pauperum,
986 3382 1296 3426 senatorum
1319 3372 1602 3443 spoliator.
1635 3373 1735 3429 Cui
1784 3384 1930 3430 tanta
1966 3375 2064 3430 fuit
2111 3391 2205 3431 eu-

624 3463 869 3535 piditatis
899 3464 1103 3530 rabies,
1139 3472 1197 3518 ut
1233 3464 1431 3520 archus
1471 3466 1688 3533 juberet
1736 3464 1941 3521 ferreas
1986 3468 2123 3534 ﬁeri,
2148 3467 2201 3523 in

625 3551 822 3620 quibus
875 3568 939 3607 ea
987 3567 1109 3622 qua:
1148 3551 1393 3621 raplebat
1451 3553 1567 3607 auri
1606 3552 1805 3608 talenta
1853 3564 2197 3622 congereret;

622 3656 783 3712 quem
810 3643 972 3697 etiam
1000 3640 1249 3696 feruntiu
1282 3641 1511 3696 heresim
1541 3641 1881 3712 Pelagianam
1911 3643 2198 3715 dilapsum.

624 3735 745 3800 Hic,
768 3748 889 3789 cum
912 3750 942 3788 a
965 3733 1162 3788 divinis
1197 3735 1464 3789 mandatis
1485 3750 1670 3790 aurem
1699 3736 1877 3791 cordis
1906 3746 2199 3804 averteret,

615 3827 770 3899 justo
800 3825 892 3881 Dei
913 3824 1119 3895 judicio
1144 3824 1403 3879 ammisso
1446 3826 1670 3880 rationis
1702 3826 1979 3883 intellectu
2014 3844 2202 3886 amens

617 3918 844 3976 effectus
868 3925 953 3972 est
1013 3915 1111 3971 ilic
1142 3914 1430 3987 Tyberium
1474 3916 1513 3947 ¹¹
1544 3932 1788 3974 cesarem
1825 3920 2075 3987 adscivit,
2107 3922 2200 3992 qui

617 4010 736 4082 ejus
777 4007 1045 4080 palacium
1091 4006 1177 4062 vel
1211 4007 1451 4078 singulas
1494 4009 1803 4077 provincias
1844 4010 2197 4080 gubernaret'

615 4101 894 4158 hominem
912 4099 1138 4168 justum,
1171 4099 1382 4165 utilem,
1404 4109 1705 4167 strenuum,
1738 4093 2058 4173 sapientem,
2086 4104 2199 4159 ele-

619 4193 998 4258 mosinarium,
1027 4192 1081 4247 in
1103 4191 1322 4260 iudieiis
1346 4207 1582 4262 aequum,
1616 4194 1669 4248 in
1695 4194 1939 4251 victoriis
1969 4196 2197 4263 clarum,

621 4297 701 4354 et,
726 4288 869 4359 quod
898 4288 983 4344 bis
1009 4288 1259 4343 munibus
1281 4289 1668 4359 supereminet,
1692 4290 2032 4346 verissimum
2055 4292 2200 4348 ebri-

618 4380 876 4435 stianum.
902 4380 1001 4438 llic
1020 4396 1143 4436 eum
1174 4381 1369 4435 multas
1398 4382 1464 4436 de
1496 4383 1765 4437 thesauris
1791 4399 1929 4454 quos
1954 4380 2200 4438 Justinus

618 4482 1005 4543 aggregaverat
1052 4475 1375 4545 pauperibus
1427 4485 1713 4544 erogaret,
1764 4475 1928 4529 Sullia
1975 4487 2199 4546 augusta

2310 1998 2545 2070 sumpsit
2570 1997 2879 2069 imperium.
2924 1996 3024 2054 Hie
3071 2014 3194 2054 cum
3236 2007 3295 2053 ut
3336 1999 3586 2068 superius
3633 1998 3902 2063 diximus.

2310 2088 2410 2144 sub
2462 2086 2674 2144 Justino
2729 2087 2909 2144 adhuc
2977 2102 3179 2144 caesare
3222 2088 3489 2160 palacium
3545 2098 3797 2161 regeret,
3848 2098 3906 2145 et

2309 2179 2510 2236 multas
2538 2179 2777 2250 quotidie
2809 2179 3136 2236 elemosinas
3174 2179 3393 2245 faceret,
3428 2194 3683 2251 magnam
3706 2180 3761 2236 ei
3791 2178 3904 2235 Do-

2308 2274 2489 2329 minus
2508 2275 2624 2327 auri
2655 2273 2864 2344 copiam
2887 2272 3339 2328 subministravit.
3370 2271 3505 2327 Nam
3535 2272 3903 2329 deambulans

2308 2382 2407 2437 per
2449 2366 2740 2436 palacium,
2788 2365 2923 2420 vidit
2962 2364 3017 2419 in
3066 2365 3379 2436 pavimento
3424 2366 3620 2420 domus
3654 2364 3899 2420 tabulam

2308 2472 2671 2511 marmoream
2701 2458 2755 2511 in
2784 2472 2889 2526 qua
2936 2462 3056 2512 erat
3094 2469 3229 2512 crux
3270 2455 3541 2512 dominica
3582 2453 3826 2526 sculpta,
3846 2463 3903 2511 et

2308 2550 2386 2605 ait
2410 2568 2423 2604 :
2455 2548 2622 2605 Cruce
2648 2550 2856 2604 Domini
2880 2549 3105 2619 frontem
3126 2558 3359 2604 nostram
3384 2559 3432 2603 et
3455 2560 3669 2621 pectora
3689 2565 3906 2604 munire

2307 2643 2573 2708 debemus,
2621 2654 2668 2698 et
2697 2659 2813 2699 ecce
2862 2632 2975 2697 eam
3006 2644 3100 2697 sub
3141 2643 3358 2712 pedibus
3391 2641 3804 2697 conculcamus!
3836 2642 3903 2697 Et

2308 2733 2455 2791 dicto
2496 2735 2661 2791 citius
2696 2733 2861 2804 jussit
2889 2750 3008 2789 eam
3043 2733 3279 2791 tabulam
3309 2735 3534 2791 auferri.
3564 2724 3900 2791 Dellossmn-

2307 2842 2413 2897 que
2450 2825 2684 2881 tabulam
2712 2835 2767 2881 et
2789 2834 3029 2882 erectam
3104 2827 3386 2881 inveniunt
3421 2826 3610 2883 subter
3646 2837 3704 2883 et
3731 2828 3900 2882 aliam

2309 2918 2415 2973 hoc
2461 2917 2674 2989 signum
2708 2917 3015 2974 habentem.
3049 2918 3151 2986 Qui
3193 2928 3247 2974 et
3273 2920 3445 2989 ipsam
3465 2920 3627 2991 jussit
3664 2921 3898 2977 auferri.

2308 3008 2425 3077 Qua
2453 3018 2634 3064 amota
2665 3009 2942 3079 reperiunt
2964 3018 3020 3065 et
3055 3010 3295 3077 tertiam,
3317 3009 3579 3082 jussuque
3616 3010 3739 3081 ejus
3771 3026 3900 3066 cum

2308 3100 2502 3156 fuisset
2549 3099 2749 3166 ablata,
2802 3100 3083 3155 inveniunt
3134 3115 3387 3172 magnum
3427 3103 3751 3155 thesaurum
3800 3100 3901 3154 hac

2308 3190 2525 3246 benlem
2573 3204 2737 3259 supra
2788 3189 2931 3242 mille
2974 3188 3091 3243 auri
3136 3188 3459 3253 centiuaria,
3506 3187 3904 3256 sublatumque

2309 3299 2502 3339 autum
2528 3282 2854 3353 pauperibus
2891 3282 3069 3337 adhuc
3116 3282 3513 3337 babumlautius
3561 3264 3730 3353 quain
3765 3296 3900 3337 com

2306 3384 2554 3430 sueverat
2583 3373 2810 3445 largitur
2838 3374 2909 3443 (c.
2934 3373 3071 3445 25.).
3110 3373 3373 3430 Defuncto
3418 3389 3547 3429 vero
3594 3373 3769 3429 Paulo
3798 3389 3900 3444 pa.

2308 3466 2570 3532 triarcba,
2618 3466 2708 3535 qui
2756 3464 3046 3520 ecclesiam
3079 3462 3409 3520 Gradensem
3458 3474 3678 3520 rexerat
3721 3478 3899 3518 annos

2307 3556 2398 3622 12,
2430 3556 2557 3611 huic
2584 3555 2845 3611 successit
2868 3554 3158 3609 Probinus.
3187 3554 3258 3626 (c.
3295 3554 3406 3624 12.)
3439 3552 3627 3609 Narsis
3670 3568 3896 3625 quoque

2307 3649 2570 3721 patricius
2594 3646 2785 3702 Ytalia:
2812 3664 2934 3702 cum
2979 3648 3031 3701 iu
3068 3648 3301 3717 quadam
3329 3640 3551 3701 civitate
3593 3646 3741 3700 intra
3767 3644 3897 3700 Yta-

2308 3741 2431 3795 liam
2452 3742 2667 3795 domum
2701 3756 2949 3808 magnam
2982 3739 3230 3806 haberet,
3260 3755 3380 3794 eum
3405 3737 3588 3793 multis
3619 3740 3896 3796 the~auris

2304 3837 2370 3889 ad
2403 3848 2565 3905 supra
2616 3842 2969 3887 memoratam
3026 3834 3219 3887 urbem
3263 3832 3573 3899 advenerat,
3611 3832 3800 3902 ibique
3839 3834 3897 3887 in

2305 3927 2465 3981 domo
2493 3939 2589 3979 sua
2623 3924 2829 3979 occulte
2852 3931 3159 3994 cysteruam
3206 3939 3458 3994 magnam
3492 3922 3654 3990 fodit,
3701 3926 3755 3978 in
3783 3939 3892 3994 qua

2305 4016 2471 4070 multa
2498 4016 2642 4070 milia
2667 4016 3106 4069 centenariorum
3132 4015 3247 4068 auri
3281 4015 3601 4085 argentique
3624 4018 3890 4085 reposuit.

2303 4105 2720 4175 [interiectisque
2756 4105 3005 4160 oumibus
3030 4105 3280 4172 consciis,
3305 4107 3395 4161 uni
3431 4107 3757 4161 tantumodo
3775 4108 3893 4163 Seni

2304 4198 2423 4261 hec,
2457 4196 2825 4266 jurameatum
2858 4197 2925 4252 ab
2952 4211 3019 4251 eo
3047 4197 3295 4269 exigens,
3337 4201 3760 4254 (Olllll‘lelldaVll.
3792 4201 3893 4255 De-

2305 4290 2489 4345 functo
2514 4306 2641 4344 vero
2668 4288 2895 4344 Narsete
2925 4291 3270 4359 supradictus
3297 4306 3460 4345 senex
3502 4293 3568 4345 ad
3602 4292 3886 4347 Tiberium

2302 4397 2547 4437 cesarem
2581 4382 2801 4436 veniens
2826 4381 2958 4435 dixit
2991 4400 3005 4437 :
3036 4382 3095 4437 Si
3126 4384 3273 4447 milii,
3303 4384 3498 4453 inquit,
3529 4386 3741 4456 aliquid
3768 4404 3889 4457 pro-

2302 4473 2435 4536 dest,
2469 4487 2713 4540 magnam
2746 4487 2853 4523 rem
2882 4471 2974 4525 tibi
3003 4474 3171 4526 cesari
3210 4474 3404 4528 dicant.
3436 4474 3535 4530 Cui
3564 4475 3660 4531 ille
3701 4479 3839 4532 dixit
3871 4496 3885 4531 :

616 4563 954 4633 frequentius
979 4581 1101 4620 eum
1131 4565 1463 4635 increpabat,
1489 4567 1633 4636 quod
1665 4583 1775 4621 rem
1808 4565 2077 4635 publicam
2113 4582 2197 4621 re-
2228 4561 2276 4621 ι)
2303 4561 2444 4629 Quid
2467 4563 2582 4616 vis'?
2608 4560 2852 4616 Proderit
2883 4562 3019 4615 enim
3063 4563 3177 4627 tibi,
3220 4564 3268 4617 si
3296 4565 3433 4635 quod
3464 4565 3613 4618 nobis
3641 4567 3891 4634 profutu-

617 4655 844 4728 digisset
872 4658 924 4711 in
968 4668 1360 4730 paupertatem,
1405 4661 1590 4715 dicens
1632 4678 1647 4715 :
1682 4660 1835 4726 Quod
1876 4677 1970 4730 ego
2015 4659 2194 4715 multis

616 4747 771 4801 annis
817 4751 1143 4818 congregari,
1177 4760 1235 4802 tu
1280 4751 1421 4803 intra
1468 4766 1692 4819 paucam
1745 4761 1943 4818 tempus
1981 4751 2197 4822 prodige

615 4841 892 4910 dispergis.
925 4840 1133 4911 Agebat
1161 4840 1205 4871 “
1235 4852 1416 4895 autem
1450 4840 1538 4894 ille
1578 4857 1592 4893 :
1637 4838 1855 4908 Conﬁdo
1886 4841 1941 4893 in
1974 4841 2196 4897 Domino

612 4930 739 5000 quia
764 4946 870 4984 non
897 4930 1059 4984 deerit
1085 4930 1303 4998 pecunia
1341 4929 1468 4997 ﬁsco
1493 4938 1689 4992 nostra,
1718 4939 1918 4982 tantum
1964 4939 2020 4983 ut
2059 4947 2195 5000 pau-

812 5017 1133 5048 -i------:.......
1187 5018 1443 5054 -.ηἱηὸηηι
1484 5026 1574 5056 mu
1616 5018 1804 5060 rnntim’
1850 5019 2192 5066 radiumntur-

2306 4671 2421 4708 rum
2450 4670 2559 4707 esse
2593 4654 2906 4708 narraveris.
2955 4652 3296 4717 Tltesaurum,
3332 4656 3530 4725 inquit,
3579 4654 3779 4711 Narsis
3808 4675 3889 4711 rc-

2303 4748 2570 4800 conditum
2608 4746 2795 4811 habeo,
2839 4747 2979 4817 quod
3024 4747 3078 4798 in
3119 4760 3347 4802 extremo
3371 4750 3488 4802 vitw
3510 4752 3690 4818 potius
3720 4751 3887 4805 celare

2305 4855 2408 4892 non
2435 4851 2667 4908 possunt.
2693 4838 2844 4893 Tunc
2867 4853 3027 4894 cesar
3052 4838 3315 4910 'i‘yberius
3336 4840 3576 4911 gavisus,
3608 4844 3779 4897 mittit
3801 4859 3889 4897 us-

2304 4946 2409 5001 que
2439 4932 2506 4984 ad
2534 4931 2709 4986 locum
2740 4946 2937 5000 pueros
2985 4948 3140 4997 suos;
3197 4933 3533 5002 prtecedt-nte
3569 4948 3703 4987 Vero
3733 4949 3882 4999 sene,

2305 5023 2357 5066 lii
2384 5032 2642 5066 enm-nllu-
2672 5024 2901 5066 nllnnili,
2939 5024 3429 5066 Dnrvmnionlacmm
3464 5026 3532 5066 ad
3563 5028 3859 5066 niam-nam
