4108 5412
208 331 300 387 881

1453 292 1841 359 CilRONlCON
1884 282 2230 345 VENICTUM.

3371 252 3474 309 889.

212 446 533 514 deopertatn
558 436 951 509 ingrediuntur.
1007 448 1039 485 η
1070 445 1173 499 Qua
1208 434 1413 481 tantum
1441 418 1557 474 auri
1591 414 1671 470 vel
1704 428 1793 465 ar-
1826 412 1868 470 Α
1901 410 2127 462 εαδδαια,
2159 398 2243 449 υἷα·
2272 404 2553 460 “simam;
2606 385 2697 439 κά
2745 391 2793 435 ⁸⁸
2839 393 2974 432 "una
3013 370 3475 442 LongObmdo'lum

1902 486 2134 514 “mi-
2166 481 2328 514 -.....-.
2357 475 2563 514 ηηηρηι.
2592 473 2849 514 nminem
2887 483 2988 514 non
3016 471 3203 514 potest.
3234 457 3475 514 Quamo-

216 538 364 609 genti
394 546 671 603 repertum
701 536 799 591 est,
853 536 909 581 ut
932 540 1032 596 per
1056 522 1252 578 multos
1277 520 1390 573 dies
1423 516 1507 570 vis
1548 530 1577 565 a
1610 514 1797 579 depor-

222 628 464 681 tantihus
492 623 753 694 potuisset
793 618 1062 673 evacnari.
1093 616 1221 681 Qua:
1250 612 1334 665 ille
1355 624 1490 679 pene
1510 606 1691 661 omnia
1720 619 1801 657 se-

222 723 463 774 cundum
494 729 651 769 suum
684 726 884 765 morem
914 710 1224 779 erogatioue
1260 702 1497 774 largiﬂua
1528 699 1805 767 dispensa-

225 814 301 866 vit
328 809 537 879 egenis.
569 806 666 859 Hic
686 820 806 859 cum
836 802 1168 869 augustalem
1199 811 1451 851 coronam
1490 800 1806 858 accepturus

225 912 392 963 esset,
434 914 667 967 cumque
692 896 843 964 juxta
872 893 1312 948 consuetudinem
1343 890 1409 942 ad
1441 884 1806 957 Spectaculum

228 997 359 1050 circi
421 994 651 1064 populus
701 996 1011 1059 expectaret
1059 1003 1072 1038 :
1126 985 1348 1038 insidias
1410 983 1459 1036 ei
1514 992 1809 1050 preparatus

231 1088 437 1156 Sophia
487 1096 711 1151 augusta
738 1091 797 1136 ut
824 1078 1183 1135 Iustinianum
1220 1074 1413 1129 Instini
1452 1083 1696 1142 nepotem
1744 1070 1810 1123 ad

230 1179 552 1246 dignitatem
607 1176 1005 1245 imperatoriam
1051 1172 1387 1231 sublimaret,
1434 1168 1522 1221 ille
1550 1180 1645 1235 per
1694 1163 1812 1216 loca

230 1278 422 1323 sancta
455 1271 603 1335 prius
625 1270 936 1337 ptowdcns,
969 1266 1161 1320 dehinc
1190 1270 1378 1316 \'0calo
1399 1260 1462 1313 ad
1489 1275 1544 1311 se
1566 1254 1815 1327 pontifice

232 1364 385 1416 Urbis
407 1378 530 1415 cum
560 1361 869 1415 consulibus
894 1377 954 1411 ac
988 1373 1081 1427 pra
1101 1357 1131 1409 Γ.
1155 1356 1274 1417 etis,
1308 1354 1569 1423 palncium
1596 1350 1813 1417 ingrcs—

230 1471 347 1517 sus,
384 1456 606 1507 indutus
635 1469 890 1523 purpura,
924 1450 1221 1505 diadenate
1245 1454 1555 1505 coronatus,
1586 1451 1639 1495 et
1662 1451 1817 1493 trouo

236 1546 505 1614 imperiali
558 1546 862 1615 impositus,
900 1560 1019 1596 cum
1069 1539 1343 1593 immensis
1374 1536 1622 1588 laudibus
1655 1533 1704 1584 in
1737 1546 1816 1583 re-

236 1640 322 1708 gni
354 1649 441 1693 est
468 1638 638 1708 gloria
670 1639 1043 1692 conlirmatus.
1076 1631 1228 1699 Quod
1256 1629 1370 1697 ejus
1401 1623 1693 1680 adversarii
1724 1638 1819 1674 au-

1901 457 2134 557 infamlaz
2163 457 2563 553 gentis-ﬂagella
2592 473 2849 527 sustinere
2887 483 2988 519 non
3015 471 3203 532 potest.
3234 457 3479 524 Quaproe

1902 546 2013 649 pter
2039 576 2253 645 dignum
2283 546 2793 624 dit—citrmansitetudo
2822 556 3079 619 nostra,si
3109 561 3291 605 vestra:
3313 546 3482 615 placet

1904 668 2187 727 sanctitati,
2205 667 2258 717 iu
2278 664 2415 716 hunc
2433 668 2662 713 castrum
2687 653 3004 708 Grudensem
3028 654 3257 698 nostram
3292 636 3486 703 con/ir-

1909 775 2050 815 mare
2085 752 2449 820 metropolym.

1981 849 2097 913 Quo
2123 814 2267 899 dicto
2300 814 2551 895 omnibus
2578 833 2778 906 placuit
2822 825 3111 900 episcopis,
3142 830 3199 876 et
3242 818 3385 874 facto
3426 814 3491 869 li-

1912 940 2050 995 bello
2078 945 2292 991 statuite
2315 948 2443 993 suae,
2476 930 2529 984 id
2557 938 2640 983 est
2668 927 2735 980 de
2765 928 3063 977 memorato
3090 914 3492 970 Calcedoneuse

1912 1028 2115 1101 synodo
2138 1036 2192 1080 et
2217 1027 2284 1080 de
2308 1038 2372 1078 ae
2403 1023 2518 1092 ipsa
2564 1021 2692 1075 sede
2720 1017 2907 1072 subter
2947 1010 3194 1067 maribus
3223 1005 3336 1061 suis
3364 1016 3493 1056 con-

1914 1092 2247 1191 scripserunt
2270 1134 2283 1169 :
2311 1115 2363 1169 id
2386 1122 2469 1168 est
2491 1111 2697 1183 primus
2720 1107 2917 1177 Helyas
2937 1100 3275 1173 patriarcha;
3299 1092 3496 1150 deinde

1918 1213 2220 1267 Marcianus
2270 1206 2559 1277 episcopus
2606 1206 2809 1254 sauia:
2849 1192 3094 1248 ecclesia:
3132 1184 3494 1256 Opetergiia',

1919 1304 2220 1359 Leoniauus
2258 1300 2545 1369 episcopus
2596 1287 3019 1364 'lybornieusis,
3050 1284 3241 1337 Petrus
3283 1278 3498 1346 episco-

1922 1413 2016 1459 pus
2046 1366 2333 1453 Altinatis,
2366 1366 2681 1443 Vindemius
2727 1381 3014 1451 episc0pus
3055 1370 3335 1428 Cessensis
3366 1366 3500 1437 (32),

1923 1485 2200 1555 Berguilus
2249 1482 2532 1550 epiSCOpus
2592 1474 2865 1529 Patavina:
2906 1464 3174 1525 ecclesiae,
3228 1460 3504 1516 Iohannes

1923 1550 2206 1648 cpiscopus
2227 1573 2491 1630 Celeianre
2516 1568 2653 1639 ('55),
2683 1563 3029 1619 Clarissimus
3054 1555 3338 1627 episcopus
3366 1550 3507 1605 Con-

1927 1670 2259 1732 cordiensis,
2312 1664 2583 1719 Patricius
2640 1659 2928 1728 episcopus
2983 1647 3304 1707 Emoneusis
3359 1642 3508 1713 (34),

236 1732 472 1827 dientes,
500 1730 742 1827 nihilque
772 1728 818 1782 ei
852 1729 943 1798 qui
987 1726 1037 1779 in
1075 1727 1183 1779 Deo
1207 1737 1357 1827 spem
1392 1734 1544 1771 suam
1571 1723 1823 1827 posuerat
1856 1749 1897 1807 Β
2234 1723 2523 1827 épiscopus
2551 1723 2842 1808 Pole-nsis;
2878 1740 3184 1798 Maxentius
3226 1735 3514 1805 episcopus

238 1823 456 1876 allicere
488 1824 749 1883 valentes,
779 1835 971 1885 magno
998 1826 1121 1871 sunt
1144 1813 1476 1869 confusionis
1507 1808 1707 1879 pudore
1734 1824 1797 1861 c0

241 1915 476 1983 heperli.
506 1912 815 1967 Transactis
862 1920 1038 1965 autem
1084 1910 1268 1977 paucis
1295 1906 1484 1960 diebus
1533 1904 1825 1958 adveniens

240 2005 602 2071 Iustinianus,
632 2006 856 2075 pedibus
882 2020 940 2060 se
969 2002 1193 2074 projecit
1228 1998 1594 2070 imperatoris,
1623 1996 1692 2049 ob
1716 2010 1826 2049 me-

244 2098 404 2149 ritum
431 2097 620 2164 gratia:
644 2098 950 2165 quindecim
977 2099 1025 2152 ei
1050 2096 1166 2150 auri
1197 2094 1509 2149 eenlenaria
1536 2088 1825 2150 deﬂerens,

245 2204 407 2259 quem
442 2190 531 2243 ille
557 2190 849 2244 secundum
896 2190 1170 2260 patientia:
1214 2204 1326 2242 suae
1371 2188 1533 2241 ritum
1564 2184 1828 2253 coligens,

248 2285 405 2338 sicin
433 2283 646 2352 palacio
672 2283 925 2337 assistere
950 2282 1135 2352 jussit.
1167 2280 1370 2351 Sophia
1409 2296 1537 2335 vero
1580 2258 1828 2347 augusta,

250 2379 540 2433 immemor
555 2376 925 2446 promissitmis
957 2390 1115 2447 quam
1143 2372 1415 2442 quondam
1452 2373 1504 2425 in
1533 2371 1831 2441 Tyberium

252 2470 536 2531 habuerat,
563 2468 788 2523 insidias
808 2468 856 2523 ei
885 2467 1166 2535 temptavit
1195 2466 1461 2534 ingerere.
1500 2462 1832 2517 Procedente

255 2572 433 2616 autem
461 2576 529 2615 eo
570 2560 637 2614 ad
670 2560 867 2617 villam.
917 2568 973 2611 ut
1012 2558 1166 2627 juxta
1215 2556 1377 2609 ritum
1429 2554 1705 2624 imperiale
1742 2554 1836 2607 tri-

256 2653 399 2723 ginta
450 2653 641 2707 diebus
693 2651 785 2705 ad'
817 2650 1139 2705 vindemiam
1184 2649 1593 2719 jocundaretur,
1649 2656 1837 2699 vocato

257 2745 397 2800 clam
417 2744 729 2800 Iustiniano
755 2742 923 2797 voluit
951 2756 1072 2795 eum
1096 2740 1391 2795 sublimare
1420 2738 1473 2792 in
1507 2753 1693 2807 regno.
1722 2736 1839 2802 Quo

258 2846 559 2907 comperto,
617 2834 880 2906 Tyberius
922 2849 1082 2887 cursu
1118 2831 1285 2886 veloci
1321 2826 1841 2897 Constantianiolim

260 2930 605 2999 regreditur,
680 2927 1179 2997 apprehensamque
1242 2932 1523 2993 augustam
1595 2920 1843 2975 omnibus

264 3021 538 3076 thesauris
583 3018 854 3090 spoliavit,
902 3019 1070 3074 solum
1118 3017 1167 3072 ei
1200 3016 1374 3072 victus
1407 3013 1705 3087 quotidiani
1750 3012 1846 3068 ali-

1930 1851 2183 1910 Iuliensis
2213 1824 2351 1918 (iiii),
2397 1845 2629 1900 Severus
2652 1841 2939 1909 episcopus
2966 1830 3299 1901 Tergestinre
3340 1824 3515 1880 ecele.

1933 1948 2049 2007 size,
2078 1939 2316 1996 Solatius
2331 1936 2615 2004 episcopus
2632 1927 2976 1988 Veronensis,
3003 1922 3279 1979 Iohannes
3298 1918 3512 1986 episco-

1934 2050 2033 2103 pus
2056 2031 2355 2085 Parentium
2383 2025 2644 2087 ecclesize,
2664 2024 2875 2074 Aaaron
2900 2016 3187 2086 cpiscopus
3210 2006 3516 2063 Avoncien-

1936 2099 2010 2182 sis
2026 2125 2157 2196 (36),
2184 2124 2449 2191 lngenuus
2467 2118 2752 2188 episcopus
2776 2110 3025 2167 secundae
3047 2105 3235 2166 Betim,
3264 2099 3521 2171 Agnellus

1936 2192 2222 2288 episcopus
2254 2209 2617 2269 Tridentinaa,
2666 2204 2891 2273 Vigilius
2926 2200 3213 2269 episcopus
3258 2192 3522 2248 Scaravao

1938 2280 2141 2365 ciensis
2180 2305 2325 2376 (37),
2360 2299 2653 2369 Fonte-gius
2702 2296 2986 2364 episcopus
3014 2284 3337 2346 Feltreusis,
3382 2280 3524 2333 Mar-

1941 2402 2123 2456 tianus
2172 2397 2454 2466 cpiscopus
2488 2388 2792 2454 Petenatis,
2828 2382 3154 2439 Laurentius
3210 2375 3522 2447 presbyter,

1942 2504 1998 2550 et
2044 2490 2283 2546 Marinus
2335 2486 2651 2556 presbyter,
2699 2488 2868 2548 atque
2920 2471 3193 2528 Emeritus
3240 2467 3527 2537 presbyter

1943 2553 2412 2654 provincialem—ct
2438 2553 2604 2630 ceteri
2647 2566 2947 2640 presbyteri
2984 2575 3093 2617 tam
3126 2553 3523 2627 metropolitani

1944 2686 2215 2743 quamque
2238 2679 2292 2723 et
2318 2664 2550 2737 plebaui.
2581 2661 2782 2718 Omnes
2804 2660 2888 2713 isti
2918 2651 3269 2723 suprascripti
3299 2662 3528 2702 couscu-

1946 2764 2167 2826 tierunt,
2194 2770 2249 2815 et
2281 2757 2460 2812 omnia
2488 2756 2541 2808 in
2564 2754 2752 2809 eodem
2782 2752 2897 2804 loco
2928 2745 3415 2802 conﬁrmaverunt.

2000 2853 2084 2924 (Ρ.
2108 2853 2171 2907 D.
2187 2835 3229 2917 nt,l5.)TyheriusigiturConstantinus
3242 2838 3528 2900 postquam

1947 2941 2231 3014 imperium
2270 2949 2474 3009 septem
2504 2944 2718 2991 rexerat
2749 2931 2905 2986 annis
2928 2970 2941 2991 ,
2989 2927 3230 2984 sentiens
3256 2922 3358 2979 sibi
3385 2919 3529 2973 diem

1951 3034 2140 3091 mortis
2188 3030 2497 3093 imminere,
2526 3042 2630 3079 una
2668 3039 2788 3079 cum
2818 3018 3044 3075 consilio
3073 3014 3276 3084 Sophie
3305 3018 3532 3081 auguSte

262 3123 505 3168 mentum
536 3112 865 3182 relinquens,
895 3112 1293 3183 segregatisque
1314 3109 1496 3179 pueris
1515 3108 1630 3179 ejus
1661 3107 1729 3161 ab
1758 3120 1838 3172 ea,

1951 3123 2263 3179 Mauricium
2286 3132 2482 3191 genere
2516 3114 2856 3185 Capadocem
2878 3151 2893 3174 ,
2924 3110 3098 3163 virum
3125 3113 3437 3165 strenuum,
3465 3098 3535 3153 ad

267 3204 405 3258 alios
432 3205 499 3258 de
534 3202 779 3258 ﬁdelibus
805 3204 916 3258 suis
942 3202 1118 3272 posuit
1146 3203 1236 3272 qui
1286 3203 1333 3257 ei
1369 3209 1640 3271 parerent,
1691 3215 1848 3253 man-

264 3295 405 3350 dans
426 3310 652 3366 prorsus
679 3304 734 3349 ut
760 3295 935 3349 nullus
958 3297 1024 3350 de
1054 3294 1418 3349 anterioribus
1447 3294 1514 3347 ad
1539 3307 1658 3346 eam
1688 3292 1852 3346 babe-

270 3402 358 3446 ret
382 3404 695 3453 accessum;
737 3387 1098 3442 Iustinianum
1146 3401 1274 3441 vero
1314 3385 1492 3439 verbis
1517 3383 1855 3439 solummodo

268 3486 639 3553 objurgatum,
676 3489 881 3534 tantum
932 3495 983 3532 ιη
1014 3490 1287 3549 p05terum
1321 3492 1504 3530 amore
1550 3476 1757 3541 dilexit,
1797 3485 1857 3530 ut

276 3576 388 3630 ﬁlio
417 3576 537 3644 ejus
583 3572 745 3625 tiliam
779 3586 929 3625 suam
976 3569 1336 3639 promitteret,
1390 3584 1711 3637 rursumque
1747 3569 1857 3622 tilio

275 3684 375 3723 suo
404 3667 574 3720 ﬁliam
603 3663 719 3732 ejus
743 3671 1039 3731 expeteret.
1072 3661 1176 3715 Sed
1212 3662 1323 3715 haec
1355 3676 1441 3715 res
1482 3661 1666 3715 nescio
1696 3675 1857 3730 quam

276 3761 346 3813 ob
371 3774 593 3813 causam
622 3756 688 3810 ad
708 3754 955 3810 ellectum
978 3755 1198 3809 minime
1221 3753 1485 3824 pervenit.
1512 3750 1681 3820 Hujus
1705 3768 1862 3806 exer-

278 3852 422 3906 citus
451 3851 521 3903 ab
552 3864 617 3902 eo
648 3848 885 3902 directus
911 3845 1104 3901 Persas
1144 3846 1517 3915 potentissime
1552 3846 1861 3903 debeilavit.

280 3944 576 4011 Victorque
622 3940 927 4011 regrediens
958 3948 1161 3993 tantam
1194 3938 1387 3993 molem
1419 3938 1616 4009 prcedte
1643 3955 1763 3994 cum
1795 3940 1865 3994 20

282 4037 497 4107 pariter
541 4034 843 4103 elephantis
898 4032 1110 4098 detulit,
1151 4043 1209 4086 ut
1260 4032 1508 4087 humana:
1555 4033 1869 4088 crederetur

284 4144 448 4202 posse
475 4126 725 4182 sufﬁcere
748 4124 1049 4193 cupiditati.

354 4220 441 4290 (P.
476 4219 539 4273 D.
571 4234 656 4283 ill,
682 4216 793 4284 14).
835 4215 1047 4271 Mortuo
1078 4214 1191 4286 (5i)
1215 4230 1344 4270 vero
1364 4216 1502 4284 apud
1529 4217 1869 4288 Aquilegiam

284 4312 601 4386 patriarcha
650 4309 915 4372 Probino,
977 4308 1069 4378 qui
1123 4309 1406 4364 ecclesiam
1482 4326 1589 4365 uno
1658 4322 1873 4369 rexerat

1953 3213 2238 3285 imperium
2251 3210 2429 3281 elegit,
2442 3214 2799 3273 ornatamque
2816 3216 2968 3255 suam
2988 3199 3151 3252 liliam
3165 3192 3534 3264 regalibusor-

1954 3281 2255 3364 minentis,
2290 3300 2340 3354 ei
2365 3314 2485 3354 eam
2530 3294 2751 3350 tradidit
2790 3292 2977 3348 dicens
3004 3308 3019 3342 :
3046 3287 3127 3345 Sit
3151 3284 3244 3339 tibi
3263 3281 3537 3351 imperium

1958 3413 2127 3452 meum
2145 3411 2265 3449 cum
2288 3393 2386 3445 hac
2407 3388 2580 3460 puella
2603 3400 2922 3442 concessum.
2937 3380 3093 3436 Utere
3106 3394 3166 3433 eo
3180 3376 3327 3445 felix,
3344 3385 3541 3426 memor

1955 3502 2155 3556 semper
2176 3494 2230 3537 ut
2257 3483 2483 3552 equitate
2508 3490 2554 3533 et
2573 3478 2793 3548 justicia
2815 3473 3104 3529 delecteris.
3138 3468 3251 3522 lloc
3276 3475 3541 3536 posquam

1960 3577 2113 3641 dixit,
2144 3575 2207 3629 de
2239 3573 2339 3627 hac
2385 3570 2502 3624 luce
2549 3568 2618 3623 ad
2667 3577 2925 3621 aeternam
2972 3561 3203 3632 patriam
3257 3553 3541 3625 migravit,

1962 3685 2213 3741 magnum
2257 3666 2456 3720 luctqu
2491 3661 2702 3733 populis
2745 3662 2811 3715 de
2850 3672 2945 3712 sua
2994 3660 3167 3709 mone
3209 3649 3543 3717 relinquens.

1964 3765 2089 3820 Fuit
2109 3764 2250 3818 enim
2283 3773 2507 3815 summa}
2534 3756 2808 3817 bonitatis,
2826 3755 2879 3807 in
2905 3747 3215 3806 elemosinis
3239 3750 3546 3816 proruptus,

1968 3853 2019 3908 in
2045 3848 2472 3923 judieiisjustus,
2522 3846 2574 3899 in
2615 3842 2906 3914 judicando
2935 3836 3300 3898 cautissimus,
3340 3830 3545 3886 nullum

1969 3939 2400 4011 despiciens,sed
2426 3953 2614 3992 omnes
2640 3937 2692 3990 in
2716 3936 2854 3989 bona
2871 3931 3144 3987 voluntate
3158 3926 3548 3997 complectens,

1968 4048 2159 4089 omnes
2195 4031 2438 4101 diligens.
2470 4029 2587 4098 Ipse
2622 4039 2836 4095 quoque
2883 4032 2963 4078 est
2990 4022 3217 4077 dilectus
3241 4032 3272 4072 a
3312 4012 3548 4071 cunctis.

1972 4124 2088 4190 Quo
2127 4121 2417 4201 defuncto,
2449 4117 2738 4171 Mauricius
2786 4114 3004 4168 indutus
3046 4124 3281 4182 purpura
3332 4103 3547 4159 redimi-

1975 4197 2533 4283 tusque'diademate,
2578 4208 2644 4262 ad
2684 4207 2886 4262 circum
2926 4202 3225 4274 processit,
3282 4197 3554 4254 adclama—

1976 4306 2150 4373 tisque
2197 4302 2296 4357 sibi
2346 4299 2592 4353 laudibus
2640 4296 2954 4366 largiusque
2988 4291 3181 4364 populo
3213 4288 3550 4349 muneribus,

287 4420 464 4466 ³11110,
518 4401 696 4456 eidem
747 4399 987 4453 θεοίεδὶίὲ
1042 4401 1295 4455 sacerdos
1343 4400 1538 4472 Heylas
1578 4404 1872 4473 przeﬂcitur
1899 4398 2178 4491 Dpt'iutus
2225 4409 2294 4449 ex
2341 4391 2639 4448 Grecorum
2675 4404 2873 4462 genere
2921 4389 2973 4443 itt
3024 4383 3308 4455 imperium
3357 4378 3557 4437 conﬁr-

288 4496 456 4565 (infra
484 4493 589 4548 col.
614 4492 759 4564 950),
790 4494 879 4563 qui
906 4495 1019 4548 haec
1045 4510 1163 4564 qua:
1183 4495 1549 4565 suprascripta
1575 4506 1700 4551 sunt
1724 4500 1871 4552 ordi-

291 4586 463 4651 navit,
481 4585 807 4652 domumque
823 4583 921 4638 sibi
939 4598 970 4637 a
989 4582 1352 4639 fundamentis
1365 4586 1669 4641 aediﬁcavit.
1697 4588 1871 4644 Etiam

294 4680 441 4733 dicta
470 4690 703 4745 corpora
733 4686 1042 4730 sanctorum
1070 4677 1209 4731 miro
1238 4677 1396 4731 modo
1409 4678 1876 4745 collocavit,asse—

294 4784 423 4822 reus
469 4769 525 4821 in
563 4768 765 4837 synodo
795 4783 959 4836 supra
999 4776 1257 4822 statutum
1290 4786 1302 4821 :
1352 4767 1633 4823 Karissimi
1664 4771 1874 4837 fratres,

297 4859 755 4914 intervenientibus
794 4858 949 4913 malis
993 4860 1179 4913 nostris
1200 4900 1214 4925 ,
1245 4860 1453 4915 cottidie
1491 4861 1676 4914 hostile
1702 4879 1885 4932 perpe-

300 4956 465 5005 timur
491 4952 777 5021 ﬂagellum.
814 4951 944 5007 Jam
978 4951 1177 5020 pridem
1211 4952 1275 5004 ab
1320 4951 1463 5004 Atila
1504 4951 1740 5006 Unomm
1771 4969 1887 5023 rege

1976 4497 2156 4544 matus
2184 4493 2287 4540 est.

2018 4642 2021 4643 ν
2050 4582 2120 4650 (e.
2152 4577 2265 4647 17.)
2305 4574 2418 4629 lloc
2448 4582 2687 4643 tempore
2706 4567 3001 4625 Mauricius
3029 4566 3321 4634 imperator
3346 4559 3563 4615 Childe-

1980 4680 2134 4743 perto
2153 4669 2264 4739 regi
2294 4666 2624 4721 Francorum
2656 4661 3046 4734 quinquaginta
3071 4655 3217 4711 milia
3240 4652 3445 4708 solidos
3468 4667 3565 4720 per

1981 4766 2183 4833 legatos
2204 4774 2330 4815 suos
2351 4757 2570 4822 direxit,
2599 4764 2657 4808 ut
2672 4769 2791 4807 cum
2813 4752 3053 4806 exercitu
3073 4762 3235 4817 super
3249 4744 3559 4813 Langobar-

1987 4856 2083 4910 dos
2109 4855 2363 4915 irrueret,
2401 4863 2603 4917 eosque
2635 4847 2702 4900 de
2730 4843 2900 4901 Ytalia
2935 4839 3342 4898 exterminaret.
3375 4833 3566 4903 Legati

1989 4945 2183 5001 oblatis
2209 4942 2522 4997 muneribus
2555 4952 2744 5009 pacem
2771 4951 2890 4989 cum
2924 4932 3267 5000 Childeperto
3294 4926 3568 4980 fecerunt.

301 5044 603 5138 Aqiiilegiti,
651 5045 831 5097 civitas
885 5052 1094 5106 nostra,
1126 5043 1365 5111 funditus
1409 5042 1675 5097 destructa
1707 5053 1806 5105 est,
1839 5052 1887 5096 et
1992 5036 2250 5104 Quicum
2295 5034 2361 5086 ad
2409 5030 2607 5089 Gallias
2658 5034 2979 5089 remeasset,
3027 5019 3244 5088 cognito
3275 5016 3580 5081 imperator

1551 5133 1561 5138 -
1649 5133 1658 5138 .
1992 5128 2037 5138 -.
2151 5127 2161 5137 .
2204 5125 2214 5135 .
2417 5125 2427 5135 .
2692 5118 2711 5138 ι’
2746 5114 3051 5138 -_.--|......s:..
3115 5108 3288 5138 (md-ua
3338 5104 3542 5138 inin-ml

3115 5108 3288 5138 εωιιηάι
3338 5104 3542 5138 inin-usi

2746 5133 2756 5138 -
2770 5133 2796 5138 ...
2810 5114 3051 5138 ...διας-..Πι-
