4108 5412
542 373 647 426 ἑ85

1737 363 2020 421 JOANNIS
2054 362 2326 420 nucem
2370 325 2617 418 VEN'ETI
3037 414 3040 416 γ
3123 413 3128 416 _

3712 358 3836 411 iter

549 488 750 541 solidos
781 501 918 556 quos
945 485 1120 541 eidem
1141 487 1212 541 ob
1233 486 1709 556 Langobardorum
1743 485 2128 540 detrimentum
2160 492 2203 546 Α
2234 485 2454 538 veniens
2482 484 2545 538 de
2577 481 2826 535 Ravenna
2855 481 2904 533 in
2939 478 3197 542 Gradum,
3224 494 3318 547 per
3347 483 3520 532 semet
3544 477 3721 545 ipsum
3748 491 3820 532 ex

551 577 777 632 dederat
808 585 1051 645 repetere
1081 577 1221 646 cepit
1248 592 1264 642 ;
1293 576 1384 630 sed
1419 576 1526 639 ille,
1558 590 1777 630 suarum
1808 574 2004 628 virium
2044 589 2139 642 po-

552 670 720 724 tentia
770 668 969 733 fretus,
1021 682 1118 738 pro
1170 669 1273 724 hac
1321 684 1378 724 re
1425 684 1523 724 nec
1565 681 1883 736 responsum
1915 667 2139 721 reddere

548 763 737 815 voluit.

622 863 692 918 (c.
726 852 841 921 20.)
884 851 1122 922 Denique
1149 862 1267 920 post
1291 852 1638 907 Benedictum
1668 866 1862 920 papam
1893 849 2138 919 Pelagius

548 943 806 996 Ronranze
825 941 1067 1004 ecclesias
1096 943 1334 1013 pontifex
1369 944 1572 1013 absque
1596 941 1840 1010 jussione
1876 941 2138 1011 principis

549 1034 831 1087 ordinatus
853 1042 958 1097 est,
988 1050 1054 1088 eo
1075 1035 1215 1103 quod
1235 1033 1571 1102 Langobardi
1591 1034 1816 1087 Romam
1834 1048 1928 1103 per
1942 1033 2139 1088 circui-

553 1138 666 1181 tum
715 1127 1052 1190 obsiderent,
1100 1144 1196 1180 nec
1218 1136 1398 1197 posset
1432 1129 1716 1196 quisquam
1761 1143 1790 1179 a
1822 1126 1989 1180 Roma
2011 1141 2137 1195 pro-

554 1215 728 1288 gredi.
782 1216 882 1272 Hic
938 1216 1188 1287 Pelagius
1240 1217 1406 1287 Hetye
1459 1216 1799 1288 Aquilegensi
1852 1215 2136 1285 episcopo,

559 1304 762 1360 nolenti
792 1305 893 1359 tria
921 1305 1156 1374 capitula
1177 1303 1592 1360 Calcedonensis
1620 1305 1808 1376 synodi
1843 1307 2135 1373 suscipere,

554 1396 835 1466 epistolam
861 1396 995 1450 satis
1025 1396 1208 1450 utilem
1250 1395 1415 1459 misit,
1446 1411 1607 1464 quam
1634 1396 1821 1450 beatus
1848 1394 2139 1465 Gregorius

559 1505 683 1544 eum
711 1500 856 1543 esset
878 1488 1054 1542 adhuc
1081 1487 1342 1542 diaconus
1364 1488 1710 1558 conscripsit.

625 1583 696 1647 (c.
733 1579 846 1646 23.)
887 1578 1040 1632 Circa
1070 1579 1170 1632 hoc
1198 1577 1319 1643 fuit,
1347 1587 1405 1632 ut
1433 1579 1618 1632 diluvii
1645 1578 1906 1634 etfusione
1938 1579 1988 1632 in
2023 1587 2140 1633 tan-

556 1682 669 1724 tum
695 1671 834 1739 apud
866 1671 1054 1723 urbem
1092 1669 1318 1727 Romam
1362 1668 1555 1724 fluvius
1598 1668 1824 1739 Tyberis
1873 1669 2137 1734 excrevit,

557 1775 615 1820 ut
630 1765 911 1842 aquaeejus
932 1782 1094 1837 super
1114 1781 1298 1822 muros
1314 1765 1462 1820 urbis
1484 1765 1771 1821 inﬂuerent
1794 1773 1848 1818 ct
1875 1766 2140 1845 maximas

2241 569 2460 635 basilica
2495 568 2805 632 extrahens,
2829 567 3138 621 Ravennam
3171 565 3323 619 duxit
3343 581 3464 619 cum
3491 565 3623 619 aliis
3649 565 3817 620 tribus

2240 674 2307 712 ex
2335 658 2545 728 llystria
2570 657 2856 726 episcopis,
2890 656 2940 710 id
2981 665 3065 710 est
3091 656 3296 710 Joanne
3322 656 3617 710 Parentino
3645 666 3702 711 et
3724 659 3816 711 Se-

2241 768 2369 807 vero
2399 761 2561 820 atque
2594 750 2908 812 Vendemio,
2941 765 3039 808 nec
3093 764 3197 804 non
3240 750 3402 803 etiam
3444 750 3686 804 Antonio
3713 751 3816 820 jam

2240 857 2369 896 sene
2399 839 2639 895 ecclesia:
2672 838 2976 892 defensore.
3023 837 3231 903 Quibus
3278 838 3627 900 comminans
3663 838 3820 892 exilia

2241 943 2405 1002 atqtte
2451 931 2762 987 violentiam
2793 931 3056 993 inferens,
3105 930 3508 983 communicare
3563 928 3822 998 compulit

2240 1026 2436 1083 Joanni
2466 1023 2766 1078 Ravennati
2797 1022 3050 1091 episcopo
3081 1021 3244 1074 trium
3275 1019 3638 1089 capitulorum
3674 1020 3824 1072 dam-

2241 1117 2442 1182 naturi,
2474 1116 2566 1184 qui
2614 1123 2856 1184 tempore
2902 1127 3051 1182 papae
3091 1111 3266 1181 Vigilii
3313 1111 3399 1166 vel
3429 1111 3631 1181 Pelagii
3662 1128 3692 1164 a
3723 1111 3827 1165 Ro-

2240 1225 2416 1264 manae
2467 1205 2711 1263 ecclesiae
2774 1205 3107 1260 describcrat
3155 1203 3198 1235 “
3236 1203 3514 1258 societate.
3563 1204 3828 1270 Exemplo

2240 1316 2371 1355 vero
2421 1313 2593 1363 anno,
2632 1311 2661 1350 c
2720 1296 2975 1350 Ravenna
3025 1294 3089 1347 ad
3139 1293 3378 1348 Gradum
3427 1293 3630 1354 reversi
3669 1301 3829 1352 sunt,

2241 1390 2436 1462 quibus
2484 1404 2582 1444 nec
2631 1386 2780 1458 plebs
2831 1384 3234 1440 connnunicare
3281 1381 3468 1446 voluit,
3502 1397 3604 1436 nec
3658 1382 3829 1436 ceteri

2239 1484 2477 1554 episcopi
2501 1496 2594 1536 eos
2629 1487 2971 1549 receperunt.
3006 1474 3336 1546 Smaragdus
3372 1473 3638 1542 patricius
3673 1487 3705 1525 a
3734 1474 3830 1526 de-

2240 1575 2424 1631 monio
2451 1590 2556 1628 non
2584 1571 2781 1640 injuste
2806 1576 3108 1636 correptus,
3135 1579 3503 1620 successorem
3521 1563 3833 1618 Romanum

2241 1668 2525 1738 patricium
2583 1663 2889 1734 accipiens,
2947 1657 3484 1728 Coustantinopolym
3543 1655 3831 1710 remeavit.

2243 1760 2373 1815 Post
2402 1761 2515 1813 lucc
2561 1757 2702 1810 facta
2750 1762 2831 1810 est
2880 1752 3115 1824 synodus
3159 1750 3342 1804 decem
3371 1747 3752 1817 episcOporum
3781 1746 3836 1799 in

556 1862 611 1914 in
639 1875 708 1914 ea.
727 1860 972 1930 regiones
999 1860 1516 1929 occuparent.’l‘unc
1541 1875 1640 1929 per
1664 1859 1874 1912 alveum
1898 1839 2138 1924 ejusdem
2171 1829 2217 1887 B
2247 1851 2510 1906 Mariano.
2576 1847 2678 1904 Ubi
2743 1852 3068 1916 receperunt
3135 1841 3394 1896 Severum
3440 1839 3838 1930 patriarcham

555 1951 794 2006 ﬂuminis
824 1966 946 2005 cum
998 1951 1164 2007 multa
1211 1952 1540 2021 serpentium
1592 1950 1935 2004 multitudine
1980 1953 2144 2003 draco

558 2042 724 2096 etiam
757 2057 908 2113 aqua:
938 2041 1306 2112 magnitudine
1334 2056 1430 2110 per
1457 2042 1645 2096 urbem
1684 2041 1953 2096 transiens
1976 2054 2145 2109 usque

559 2136 628 2187 ad
658 2149 810 2189 mare
841 2136 1193 2189 transcendit.
1234 2135 1531 2190 Subsecuta
1558 2145 1640 2189 cst
1661 2135 1843 2188 statim
1867 2142 1985 2204 post
2007 2133 2147 2186 hanc

560 2225 970 2280 inundationem
996 2225 1316 2295 gravissima
1352 2225 1680 2295 pestilentia,
1709 2241 1868 2293 quam
1902 2224 2146 2294 inguina-

560 2319 699 2372 riam
727 2318 1014 2387 appellant.
1047 2317 1178 2385 Quae
1208 2327 1355 2372 tanta
1395 2328 1576 2388 strage
1621 2304 1798 2388 populi
1849 2317 2148 2372 devastavit

565 2409 777 2471 urbem,
807 2416 865 2462 ut
889 2410 956 2461 de
989 2410 1338 2464 inextimabili
1385 2410 1725 2464 multitudine
1755 2411 1841 2464 vix
1874 2410 2026 2479 pauci
2062 2425 2147 2464 re-

563 2507 864 2566 manerent.
890 2498 1238 2567 Primumque
1270 2498 1542 2568 Pelagium
1571 2514 1796 2568 papam,
1831 2499 2005 2551 virum
2053 2511 2148 2552 ve-

562 2589 882 2655 nerabilem,
911 2584 1242 2661 perculitet
1293 2590 1410 2644 sine
1461 2606 1610 2644 mora
1653 2590 1903 2644 extinxit.
1948 2588 2151 2644 Deinde

563 2691 786 2757 pastore
812 2681 1140 2751 interempto
1163 2695 1282 2734 sese
1309 2696 1406 2750 per
1432 2680 1656 2750 populos
1690 2681 1953 2736 extendit.

643 2770 716 2842 (c.
740 2772 855 2840 24.)
893 2772 949 2826 ln
986 2773 1086 2826 hac
1114 2781 1260 2826 tanta
1294 2770 1641 2826 tribulatione
1663 2771 2005 2826 beatissimus
2025 2770 2154 2825 Gre-

570 2865 784 2936 gorius,
830 2865 920 2933 qui
969 2873 1097 2920 tunc
1145 2864 1304 2919 levita
1349 2872 1497 2927 crat,
1532 2879 1560 2917 a
1595 2863 1803 2918 cunctis
1830 2845 2154 2933 generaliter

569 2972 704 3026 papa
727 2965 933 3010 eiectus
956 2968 1058 3010 est.
1085 2956 1184 3022 Qui
1209 2957 1334 3010 dum
1364 2956 1732 3026 septiformem
1756 2941 2009 3009 letaniam
2036 2953 2150 3005 fieri

571 3045 898 3108 ordinasset,
942 3046 1080 3098 intra
1105 3045 1263 3100 unius
1296 3045 1429 3099 hore
1457 3044 1722 3114 spacium,
1754 3043 1880 3096 dum
1904 3042 1957 3096 hi
1986 3042 2168 3096 Deum

572 3137 1028 3205 deprecarentur,
1075 3135 1346 3204 octoginta
1387 3150 1452 3188 ex
1501 3135 1580 3188 eis
1626 3133 1804 3189 subito
1840 3133 1910 3205 ad,
1954 3116 2150 3185 terram

574 3234 892 3280 corruentes
943 3225 1193 3294 spiritum
1243 3224 1546 3284 cxalarunt.
1587 3223 1928 3293 Septiformis
1973 3231 2154 3278 autem

574 3317 775 3371 letania
804 3317 926 3370 ideo
967 3317 1107 3370 dicta
1141 3325 1244 3383 est,
1272 3317 1396 3385 quia
1444 3317 1623 3371 omnis
1669 3315 1831 3371 Urbis
1857 3316 2083 3385 populus
2130 3334 2159 3369 a

572 3410 732 3471 beato
769 3407 1032 3477 Gregorio
1053 3407 1106 3461 in
1135 3418 1338 3477 sepzem
1366 3395 1609 3478 partibus
1635 3407 2024 3476 deprecaturus
2051 3405 2154 3458 Do-

576 3503 784 3566 minum
813 3510 894 3557 est
916 3501 1139 3556 divisus.
1170 3501 1226 3554 In
1272 3503 1448 3570 primo
1478 3502 1620 3555 enim
1669 3501 1837 3554 choro
1862 3490 1962 3553 fuit
1985 3501 2162 3554 omnis

576 3596 791 3660 clerus,
833 3596 886 3649 in
936 3594 1173 3649 secundo
1216 3609 1406 3649 omnes
1445 3593 1669 3648 abbates
1713 3608 1834 3650 cum
1884 3593 2164 3665 monachis

579 3688 716 3753 suis,
742 3688 795 3741 in
822 3685 982 3741 tertio
1003 3700 1191 3741 omnes
1214 3685 1485 3740 abliatisse
1512 3701 1633 3740 cum
1655 3684 2164 3755 congregationibus

581 3783 731 3847 suis,
781 3780 835 3834 in
881 3789 1079 3851 quarto
1128 3795 1318 3834 omnes
1367 3777 1621 3842 infantes,
1653 3777 1706 3830 in
1759 3777 1948 3847 quinto
1977 3791 2164 3831 omnes

578 3873 741 3939 laici,
779 3873 832 3926 in
882 3881 1036 3926 sexto
1080 3871 1332 3926 universe
1385 3870 1583 3935 vidum,
1617 3869 1669 3924 in
1721 3869 1950 3938 septimo
1977 3883 2164 3924 omnes

584 3964 840 4018 mulieres
869 3962 1187 4033 conjngatae.
1223 3961 1345 4014 Ideo
1389 3967 1570 4013 autem
1601 3958 1668 4013 de
1703 3958 1862 4013 beato
1905 3945 2166 4026 Gregorio

579 4057 732 4127 plura
758 4056 939 4110 dicere
958 4054 1335 4118 ommittimus,
1352 4053 1479 4121 quia
1495 4051 1607 4121 jam
1629 4059 1753 4104 ante
1774 4050 1980 4118 aliquot
1997 4064 2166 4102 annos

579 4148 699 4217 ejus
723 4146 890 4201 vitam
919 4145 1030 4200 Deo
1055 4144 1350 4198 auxiliante
1379 4143 1647 4196 texuimus
1670 4140 1802 4211 (58).
1828 4141 1886 4194 ln
1913 4155 2018 4209 qua
2048 4156 2168 4208 quae

582 4240 807 4296 dicenda
856 4238 1099 4301 fuerant,
1141 4235 1296 4305 juxta
1347 4235 1628 4290 tenuitatis
1670 4243 1853 4288 nostre
1883 4232 2026 4287 vires
2050 4231 2169 4284 uni-

583 4347 737 4392 versa
769 4330 1177 4399 descripsimus.

657 4422 728 4491 (c.
767 4421 883 4490 25.)
924 4417 1037 4492 Hoc
1070 4432 1310 4490 tempore
1338 4421 1480 4475 idem
1505 4419 1696 4474 beatus
1743 4417 2034 4487 Gregorius
2063 4417 2167 4471 Au-

2245 1941 2665 2012 Aquilegensem
2720 1939 2937 1990 dantem
2987 1933 3226 1988 libellum
3277 1929 3480 1986 erroris
3533 1928 3653 1991 sui,
3710 1927 3837 1995 quia

2248 2035 2410 2088 trium
2467 2029 2824 2101 capitulorum
2876 2023 3286 2082 danmaloribus
3341 2021 3844 2077 communicaverat

2247 2127 2539 2189 Ravennae.
2590 2119 2819 2174 Nomina
2868 2131 2998 2171 vero
3029 2115 3404 2185 episcoporum
3434 2111 3523 2179 qui
3552 2127 3614 2165 se
3641 2111 3708 2164 ab
3738 2110 3840 2163 hoc

2247 2215 2503 2280 srismate
2555 2201 2940 2274 cohibuerunt,
2985 2207 3086 2260 hec
3122 2213 3247 2260 sunt
3276 2222 3290 2258 :
3321 2203 3514 2258 Petrus
3543 2201 3614 2254 de
3650 2199 3835 2253 Altino

2248 2305 2581 2374 clarissimus
2601 2343 2614 2366 ,
2666 2281 2992 2371 Ingenuinus
3039 2297 3104 2351 de
3135 2295 3400 2357 Sabione,
3433 2291 3692 2362 Agnellus
3719 2288 3837 2342 Tri-

2248 2395 2525 2459 dentinus,
2560 2391 2751 2447 Junior
2781 2386 3132 2450 Veronensis,
3165 2383 3458 2462 llorontius
3487 2380 3834 2454 Vicentinus,

2253 2488 2506 2543 Rusticus
2537 2485 2603 2539 de
2633 2481 2908 2544 Tal-visio,
2942 2478 3199 2533 Fonteius
3244 2475 3514 2532 Feltriuus
3533 2513 3546 2536 ,
3574 2470 3840 2543 Agnellus

2251 2581 2316 2651 de
2343 2578 2495 2651 Acilo
2522 2616 2537 2641 ,
2579 2573 2905 2629 Laurentius
2950 2568 3310 2625 Bellunensis.
3350 2565 3482 2622 Cum
3526 2563 3847 2646 patriarcha

2253 2649 2432 2724 autem
2454 2649 3000 2724 communicaverunt
3031 2662 3119 2717 isti
3166 2661 3403 2732 episc0pi
3432 2678 3444 2713 :
3472 2659 3712 2713 Severus
3739 2655 3848 2718 Pas

2256 2740 2524 2823 rentinus,
2545 2757 2780 2827 Joannes
2825 2753 3104 2827 patricius,
3141 2751 3469 2808 Venalemius
3495 2764 3551 2803 et
3581 2749 3848 2805 Joannes.

2330 2851 2517 2922 (Pam.
2549 2825 2718 2924 Βίην,
2747 2825 2842 2914 4.)Ἵ’
2866 2845 2977 2899 Hoc
3007 2859 3147 2897 anno
3188 2841 3288 2895 fuit
3331 2840 3498 2908 pestis
3535 2838 3850 2908 inguinaria

2256 2944 2450 3008 iterum
2476 2939 2614 3010 apud
2639 2938 2976 3000 Ravennam,
3001 2934 3212 2989 Gradus
3233 2942 3287 2986 ct
3315 2930 3584 3001 llystriam
3619 2931 3854 2983 nimium

2255 3035 2469 3106 gravis,
2516 3013 2656 3089 sicut
2681 3042 2734 3084 et
2769 3029 2918 3097 prius
2947 3035 3072 3084 ante
3101 3025 3316 3094 triginta
3365 3037 3535 3076 annos
3566 3021 3852 3076 extiterat.

2261 3130 2332 3200 (c.
2363 3129 2475 3196 26.)
2506 3126 2670 3196 Igitur
2703 3121 2995 3176 Mauricius
3024 3128 3283 3189 augustus
3309 3157 3322 3180 ,
3352 3126 3640 3184 postquam
3670 3128 3778 3165 uno
3800 3119 3858 3166 et

2261 3220 2448 3291 viginti
2479 3218 2634 3271 annis
2657 3216 2795 3270 rexit
2844 3211 3124 3281 imperium
3149 3225 3272 3263 cum
3305 3207 3426 3260 ﬁliis
3459 3204 3772 3289 Theodosio
3802 3213 3858 3255 et

2263 3310 2495 3384 'l‘yhcrio
2523 3305 2984 3366 etConstanttno,
3032 3317 3061 3354 a
3106 3299 3326 3361 Focate,
3375 3296 3467 3366 qui
3513 3294 3619 3347 fuit
3650 3303 3859 3348 strator

2264 3402 2457 3460 Priscii
2494 3398 2729 3471 patricii,
2758 3394 3044 3450 occiditur.
3084 3391 3210 3458 Fuit
3255 3399 3434 3444 autem
3476 3386 3628 3440 utilis
3659 3385 3736 3438 rei
3763 3399 3859 3452 pu-

2264 3497 2435 3560 blice,
2485 3508 2608 3546 nam
2644 3504 2774 3558 sepe
2815 3496 3002 3541 contra
3031 3484 3217 3556 hostes
3261 3479 3526 3534 dimicans
3568 3475 3859 3529 vittoriam

2266 3573 2515 3644 obtinuit.
2553 3562 2728 3658 l-lunni
2768 3593 3006 3650 quoque,
3039 3577 3129 3650 qui
3160 3584 3216 3630 et
3242 3575 3451 3628 Avares
3487 3569 3858 3658 appellantur,

2266 3682 2382 3754 ejus
2410 3679 2606 3733 virtute
2633 3655 2825 3729 devicti
2855 3678 3000 3725 sunt.

2289 3749 2309 3772 ’γ
2340 3772 2410 3842 (c.
2447 3767 2560 3833 35.)
2599 3764 2692 3819 His
2727 3764 2916 3819 diebus
2961 3759 3214 3815 defuncto
3257 3754 3460 3811 Severo
3507 3749 3858 3822 patriarcha,

2267 3841 2553 3919 ordinatur
2591 3859 2642 3913 in
2671 3857 2793 3911 loco
2824 3853 2940 3923 ejus
2967 3851 3202 3907 Joannes
3232 3850 3401 3903 abbas
3434 3845 3758 3916 patriarcha
3807 3841 3862 3898 in

2268 3941 2552 4024 Aquil‘egia‘
2576 3933 2757 4004 vetere
2782 3963 2904 4002 cum
2937 3959 3206 4020 consensu
3235 3940 3377 4010 regis
3406 3947 3459 3993 et
3489 3934 3740 4004 Gisulpbi
3766 3933 3864 3986 du-

2269 4038 2373 4102 cis.
2422 4045 2479 4098 In
2524 4043 2735 4098 Gradus
2789 4054 3004 4109 quoque
3056 4035 3340 4090 ordinatus
3395 4038 3479 4084 est
3521 4044 3550 4080 a
3595 4025 3868 4098 Romanis

2271 4138 2574 4193 Marcianus
2605 4133 2833 4187 antistes
2858 4129 2992 4200 (40).

2343 4236 2412 4299 (c.
2457 4226 2571 4297 56.)
2609 4226 2789 4280 Focax
2836 4222 2903 4290 igi
2934 4236 3018 4286 nr,
3065 4227 3123 4271 nt
3165 4215 3486 4287 premissum
3512 4218 3619 4286 est,
3652 4208 3870 4280 extimo

2272 4321 2533 4376 Mauricio
2577 4303 2800 4388 ejusque
2846 4303 3412 4377 ﬁliis,iliomanorum
3445 4317 3670 4372 regnum
3713 4299 3866 4352 inva-

2275 4415 2426 4478 dens,
2461 4427 2558 4481 per
2585 4419 2710 4465 octo
2741 4390 3012 4461 annorum
3063 4399 3333 4481 curricula
3376 4394 3716 4464 principatus
3759 4400 3862 4444 est.

589 4512 862 4579 gustinum
891 4489 947 4564 et
970 4509 1228 4566 Mellitum
1257 4520 1312 4588 et
1339 4509 1602 4565 Joannem
1629 4525 1752 4564 cum
1781 4508 1902 4563 aliis
1929 4508 2172 4578 pluribus
2200 4511 2250 4570 D
2281 4507 2447 4576 Hujus
2496 4501 2736 4559 secundo
2782 4513 2922 4553 anno
2978 4485 3272 4552 indictione
3324 4497 3515 4544 octava
3565 4482 3868 4588 Gregorius

590 4602 872 4669 tronachis
933 4602 1243 4672 timentibus
1297 4601 1464 4655 Deum
1518 4601 1570 4655 in
1626 4601 1920 4656 Britaniam
1980 4598 2166 4665 misit,

590 4709 888 4766 eorumque
929 4694 1312 4768 prmdicatione
1363 4695 1431 4748 ad
1476 4694 1753 4749 Christum
1799 4692 2002 4761 Anglos
2043 4706 2162 4746 con-

587 4787 770 4840 vcrlit.

662 4882 731 4947 (c.
764 4876 879 4945 26.)
922 4876 1016 4933 His
1068 4879 1257 4935 diebus
1284 4895 1405 4935 cum
1436 4888 1620 4935 essent
1662 4877 1787 4932 anni
1830 4875 1898 4930 ab
1929 4876 2170 4930 incarna-

589 4968 732 5022 tione
765 4969 973 5023 Domini
1004 4969 1124 5034 588,
1159 4971 1410 5028 defuncto
1461 4969 1626 5041 Helya
1667 4969 1977 5038 patriarcha
2009 4965 2174 5034 Aqui-

1661 5061 1752 5086 lAI:

593 5057 792 5086 lno-Ana:
857 5068 1138 5086 υἱΛηίει-ιιισιη
1179 5061 1241 5086 ,Β
1274 5077 1440 5086 ειυς-ιη..
1484 5061 1846 5086 ηΑΛη“.ΙΑΙῖιο-νε
1899 5065 2136 5086 ..ΛῆοΛσιηο

2274 4569 2412 4667 papa
2446 4591 2697 4664 migravit
2731 4591 2796 4644 ad
2821 4587 3124 4641 Dominum.
3154 4581 3250 4636 llic
3290 4584 3514 4667 rogante
3540 4587 3677 4642 papa
3706 4569 3868 4667 floui-

2277 4660 2418 4743 facio
2465 4660 2652 4741 statuit
2682 4683 2863 4737 sedem
2903 4678 3160 4752 Romana:
3189 4681 3246 4726 et
3276 4666 3589 4739 apostolica:
3620 4660 3866 4716 ecclesia:

2277 4789 2440 4851 caput
2467 4793 2587 4833 esse
2614 4774 2856 4829 omnium
2887 4767 3262 4844 ecclesiarum,
3296 4761 3422 4833 quia
3453 4753 3862 4851 ecclesia-Con—

2279 4845 2756 4937 stantinopolitana
2819 4862 3047 4933 primam
3108 4872 3166 4912 se
3213 4852 3454 4909 omnium
3507 4845 3863 4937 ecclesiarum

2280 4932 2574 5017 scribebat.
2629 4957 2773 5011 Idem
2816 4932 2921 5007 suo
2962 4964 3100 5019 papa
3131 4943 3409 5000 Bonifacio
3442 4945 3679 5009 petente,
3706 4932 3865 5002 jussit

2283 5056 2333 5086 ς..
2375 5053 2542 5086 ωηερε
2597 5050 2720 5086 omn
2781 5043 2920 5086 mmd
2967 5039 3267 5086 Pantheum
3319 5034 3637 5086 vocabatur.
3668 5023 3866 5078 ablatis
