4108 5412
264 386 368 446 883

1511 397 1903 455 CllliONlCON
1948 389 2291 451 VENETUM.

3422 386 3526 444 886

268 506 395 556 dum
431 520 535 555 non
566 504 791 557 deorum
824 504 914 558 sed
943 505 1314 560 demoniorum
1346 507 1521 562 cultus
1566 512 1852 579 agebatur,
1882 514 1928 570 Λ
1960 509 2085 577 quia
2113 525 2230 562 eam
2258 518 2391 559 Suus
2423 504 2501 557 vir
2536 503 2834 574 requireret
2877 515 3277 575 suggesserunt.
3323 507 3526 573 Quibus

269 595 340 647 ibi
356 594 610 662 deinceps
632 596 874 649 omnium
895 596 1043 651 ﬁeret
1067 598 1323 651 memoria
1341 609 1667 655 sanctorum.
1686 600 1853 667 llujus

236 676 239 677 ⁷
270 691 511 751 tempore
535 685 765 753 prassini
798 695 851 738 et
878 688 1053 741 veneti
1081 702 1179 755 per
1213 687 1488 744 Orientem
1510 701 1566 744 et
1590 691 1851 761 Egyptnm

266 776 426 830 civile
471 776 671 832 bellum
721 780 944 845 faciunt,
976 796 1040 835 ac
1082 796 1201 836 sese
1233 792 1415 838 mutua
1442 786 1587 838 czede
1617 795 1854 855 proster-

269 873 424 918 nunt.
470 866 651 922 Persae
696 884 911 939 quoque
963 872 1222 927 adversus
1265 889 1376 928 rem
1406 876 1675 945 publicam
1724 894 1855 946 gra-

268 955 489 1009 vissima
520 958 658 1011 bella
688 971 955 1029 gerentes,
990 962 1184 1018 multas
1241 964 1603 1021 Romanorum
1635 968 1853 1036 provin-

180 1040 185 1044 ’
275 1046 389 1099 cias
421 1057 475 1100 et
508 1048 1068 1115 ipsamJerosolimam
1112 1054 1393 1120 auferunt;
1425 1066 1479 1110 et
1517 1057 1853 1113 destruentes

269 1138 550 1204 ecclesias,
582 1151 768 1195 sancta
801 1158 1015 1214 quoque
1055 1146 1487 1215 prophanantes,
1518 1148 1658 1202 inter
1684 1164 1850 1202 orna-

272 1235 450 1279 menta
497 1228 739 1284 locorum
790 1245 1100 1288 sanctorum
1147 1236 1228 1289 vel
1281 1240 1645 1293 communium
1686 1241 1851 1295 etiam

270 1318 523 1373 vexillum
578 1322 861 1379 dominic:e
914 1327 1092 1381 crucis
1136 1329 1426 1385 abducunt.
1457 1332 1654 1385 Contra
1711 1334 1853 1389 lmuc

274 1406 530 1464 Focatem
560 1412 907 1479 Eraclianus,
934 1418 1023 1486 qui
1056 1417 1292 1472 Africam
1341 1422 1586 1491 regebat,
1630 1424 1853 1478 rebella-

272 1500 374 1563 vit;
404 1507 570 1569 atque
600 1520 721 1556 eum
752 1507 994 1560 exercitu
1022 1509 1262 1574 veniens,
1291 1527 1415 1566 eum
1446 1528 1613 1583 regno
1638 1516 1853 1583 vitaque

272 1590 524 1656 privavit,
552 1608 775 1663 remque
802 1597 1071 1665 publicam
1109 1599 1407 1656 Romanam
1450 1602 1712 1669 Eraclius,
1738 1606 1853 1674 ejus

273 1680 432 1744 ﬁlius,
467 1686 756 1754 regendam
788 1691 1046 1758 suscepit.

348 1771 615 1829 Defuncto
646 1787 825 1831 autem
855 1778 1145 1848 Marciano,
1175 1785 1264 1853 qui
1296 1788 1581 1843 ecclesiam
1609 1790 1855 1845 Graden-

271 1878 385 1919 sem
416 1878 631 1922 rexerat
658 1886 827 1925 annos
852 1882 980 1938 tres,
1012 1875 1128 1929 dies
1155 1877 1409 1949 quinque,
1438 1884 1698 1938 successit
1718 1885 1857 1938 Cau-
1883 1846 1931 1906 Β

270 1953 539 2009 didianus.
784 2004 797 2015 .

340 2046 416 2115 (c.
458 2047 575 2117 49.)
616 2049 709 2103 His
753 2052 942 2109 diebus
967 2055 1221 2112 defuncto
1261 2058 1641 2133 llcraclio,qui
1670 2066 1855 2137 viginti

268 2145 323 2190 et
371 2138 614 2207 quinque
660 2158 833 2199 annos
882 2146 1209 2213 gubernarat
1264 2151 1581 2221 imperium,
1631 2158 1854 2211 Erat-lo—

268 2244 365 2282 nas
420 2230 482 2293 ",
509 2230 625 2299 ejus
676 2234 837 2299 ﬁlius,
880 2251 1002 2291 cum
1054 2248 1224 2293 matre
1265 2240 1495 2299 Martina
1543 2248 1692 2317 regni
1733 2247 1855 2316 jura

268 2320 527 2389 suscepit,
561 2323 808 2393 rexitque
836 2325 1119 2395 imperium
1150 2330 1360 2387 duobus
1390 2336 1564 2390 annis.
1594 2338 1710 2403 Quo
1746 2340 1859 2393 vim

269 2408 588 2473 decedente,
619 2416 879 2469 successit
920 2418 972 2469 in
999 2416 1119 2471 loco
1144 2416 1260 2487 ejus
1288 2421 1699 2491 Constantinus,
1734 2442 1862 2498 ge“

267 2516 460 2554 manus
509 2500 771 2570 ejusdem,
822 2505 960 2560 alius
992 2507 1132 2562 ﬁlius
1183 2509 1433 2579 lleraclii,
1466 2515 1857 2587 inperavitque

270 2593 556 2647 mensibus
581 2609 697 2650 sex.

338 2686 411 2754 (c.
453 2685 572 2755 55.)
612 2688 846 2744 Rursum
898 2708 1080 2747 mense
1124 2693 1442 2753 Novembris
1466 2708 1519 2754 et
1551 2701 1857 2758 Decembris

263 2778 421 2831 stella
466 2782 695 2839 cometis
736 2788 1001 2853 apparuit.
1070 2786 1403 2845 Candidiano
1456 2793 1498 2823 ¹⁶
1551 2796 1853 2862 patriarcha

264 2881 483 2936 quoque
514 2869 766 2927 defuncto
811 2876 950 2943 apud
1002 2876 1235 2943 Gradus,
1265 2881 1357 2947 qui
1402 2882 1690 2938 ecclesiam
1722 2884 1857 2939 Gra-

263 2960 490 3014 denscm
518 2973 733 3017 rexerat
756 2981 929 3021 annos
954 2970 1216 3039 quinque,
1235 2972 1522 3028 ordinatur
1543 2978 1855 3045 patriarcha

262 3049 627 3118 Fqiiphanius,
678 3056 768 3123 qui
813 3057 989 3112 fuerat
1018 3062 1357 3127 primicerius
1398 3066 1757 3129 notariorum,
1788 3068 1855 3122 ab

262 3142 543 3210 episcopis
567 3144 655 3211 qui
683 3155 839 3200 erant
870 3148 971 3201 sub
994 3148 1286 3217 Romanis;
1317 3163 1369 3207 et
1395 3170 1461 3209 ex
1492 3155 1583 3211 Illo
1615 3166 1853 3226 tempore

262 3239 558 3297 ceperunt
584 3247 706 3287 esse
731 3236 835 3288 duo
867 3237 1193 3304 patriarche.

338 3320 412 3390 (c.
445 3320 565 3391 49.)
603 3322 813 3380 Mortuo
852 3342 979 3382 vero
1020 3329 1132 3399 jam
1179 3332 1323 3387 dicto
1348 3334 1702 3391 Constantino
1746 3336 1857 3392 ﬁlio

266 3408 532 3478 Heraclii,
556 3413 939 3472 Constantinus
976 3419 1214 3488 ejusdem
1246 3424 1387 3479 ﬁlius
1414 3426 1478 3480 ad
1500 3429 1655 3497 regni
1678 3428 1847 3498 digiti-

267 3506 437 3582 tatem
470 3503 738 3570 ascendit,
774 3508 1048 3577 tenuitque
1078 3524 1300 3582 regnum
1344 3516 1503 3574 annis
1535 3526 1662 3572 octo
1690 3527 1746 3571 et
1774 3518 1856 3573 vi-

267 3590 424 3663 ginti.

342 3680 416 3751 (c.
462 3680 581 3753 50.)
623 3683 777 3741 Circa
804 3687 919 3743 hmc
963 3700 1203 3761 tempora
1232 3695 1374 3765 regis
1405 3695 1694 3753 Persarum
1726 3716 1859 3755 con-

263 3771 425 3841 junx,
451 3775 671 3831 nomine
697 3778 917 3847 Ccsara,
943 3783 1008 3837 de
1036 3783 1257 3841 Perside
1283 3790 1494 3853 exiens,
1518 3807 1640 3845 cum
1670 3794 1860 3860 paucis

272 3864 384 3918 suis
408 3864 659 3922 ﬁdelibus
690 3872 896 3938 privato
940 3877 1123 3930 habitu
1152 3889 1376 3948 propter
1406 3882 1703 3938 christiaue
1734 3886 1857 3941 ﬁdei

274 3970 523 4013 amorem
555 3959 1088 4039 ConstantinOpolym
1138 3970 1305 4024 venit.
1341 3971 1469 4039 Quae
1515 3976 1583 4029 ab
1631 3976 1860 4046 impera-

275 4054 397 4102 tore
439 4048 739 4108 honoriﬁce
780 4068 1046 4127 suscepta,
1076 4068 1199 4128 post
1223 4060 1434 4131 aliquos
1463 4065 1601 4129 dies,
1640 4075 1698 4120 ut
1720 4067 1863 4122 desi-

273 4135 530 4201 derabat.
575 4139 902 4209 baptismum
954 4160 1246 4204 consecuta
1297 4160 1351 4205 et
1400 4155 1469 4208 ab
1521 4166 1747 4224 augusta
1795 4156 1862 4210 de

270 4240 434 4282 sacro
466 4227 617 4284 fonte
647 4231 819 4287 levata
870 4246 973 4290 est.
1015 4238 1166 4305 Quod
1200 4242 1281 4295 vir
1306 4241 1421 4311 ejus
1448 4243 1734 4300 Persarum
1767 4264 1861 4301 rex

268 4322 532 4386 audiens,
578 4323 784 4395 legatos
814 4328 1353 4406 Coustantinopolym
1403 4338 1469 4391 ad
1496 4349 1784 4418 augustum
1817 4342 1859 4371 ”

272 4412 496 4480 direxit,
528 4424 794 4485 quatenus
814 4423 987 4477 eidem
1014 4442 1235 4481 uxorem
1273 4445 1425 4483 suam
1455 4412 1723 4487 redderet.
1757 4435 1861 4501 Qui

1956 599 2043 651 illa
2069 597 2343 666 respondit
2380 615 2392 649 :
2428 596 2526 661 Ite,
2560 596 2857 650 renunciate
2889 599 2995 665 regi
3018 608 3185 649 vestro
3215 608 3263 650 et
3292 598 3525 664 domino,

1952 687 2074 755 quia
2098 686 2197 739 nisi
2206 728 2219 747 ,
2241 686 2372 738 sicut
2394 701 2485 754 ego
2499 686 2615 755 jam
2638 686 2856 747 credidi,
2880 686 2953 737 ita
2986 696 3032 737 et
3058 686 3163 754 ipse
3185 686 3239 739 in
3264 686 3527 741 Christum

1954 778 2251 837 crediderit,
2282 792 2361 829 me
2378 776 2491 843 jam
2522 775 2659 828 ultra
2681 787 2970 828 consortem
3015 777 3151 829 thori
3196 778 3383 832 habere
3426 796 3530 832 non

1952 870 2158 939 poterit.
2191 868 2330 934 Quid
2357 866 2519 922 multa
2545 868 2568 921 ?
2597 867 2819 923 Reversi
2853 869 3011 937 h-gati
3038 869 3104 922 ad
3132 870 3382 938 patriam,
3413 872 3531 923 uni-

1954 975 2112 1013 versa
2146 976 2264 1028 quae
2310 959 2594 1013 audierant
2620 973 2717 1012 suo
2748 960 2855 1024 regi
2893 960 3239 1023 renunciant;
3270 961 3360 1028 qui
3398 961 3530 1013 nihil

1955 1058 2198 1103 moratus
2244 1064 2366 1102 cum
2397 1048 2675 1117 sexaginta
2707 1048 2921 1101 milibus
2969 1048 3099 1101 viris
3148 1047 3530 1103 Constantino-

1954 1140 2130 1210 polym
2158 1139 2380 1209 paciﬁce
2406 1140 2471 1192 ad
2497 1140 2873 1207 imperatorem
2904 1140 3070 1195 venit.
3100 1140 3142 1193 A
3180 1155 3286 1209 quo
3307 1151 3528 1210 gratan-

1957 1238 2039 1283 ter
2064 1241 2118 1284 et
2164 1230 2298 1283 satis
2322 1230 2483 1298 digne
2510 1236 2792 1296 susceptus
2819 1238 2919 1282 est.
2950 1228 3049 1295 Qui
3096 1245 3218 1283 cum
3267 1231 3533 1285 universis

1953 1321 2226 1375 Christum
2256 1320 2530 1373 dominum
2561 1320 2820 1381 credens,
2865 1320 3071 1387 pariter
3114 1335 3235 1373 cum
3282 1321 3532 1374 omnibus

1954 1410 2067 1462 suis
2106 1410 2244 1463 sacri
2276 1408 2620 1477 baptismatis
2665 1408 2803 1462 unda
2849 1408 3094 1477 perfusus
3137 1419 3241 1472 est,
3263 1410 3404 1463 etab
3431 1424 3529 1468 an—

1955 1510 2113 1571 gusto
2141 1501 2205 1553 de
2235 1504 2381 1553 toute
2424 1498 2665 1561 levatus,
2710 1497 2971 1552 catholica
3027 1498 3131 1551 ﬁde
3182 1497 3537 1557 conﬁrmatus

1955 1602 2055 1646 est.
2107 1590 2388 1659 Multisque
2444 1589 2755 1644 muneribus
2808 1591 2877 1643 ah
2927 1598 3161 1663 augusto
3211 1594 3532 1659 honoratus,

1955 1692 2173 1752 accepta
2200 1698 2297 1736 sua
2326 1679 2570 1751 conjuge,
2618 1682 2759 1736 letus
2802 1690 2857 1735 et
2896 1685 3141 1752 gaudens
3167 1684 3233 1738 ad
3264 1699 3415 1738 suam
3444 1700 3539 1753 pa-

1959 1774 2116 1833 triam
2146 1772 2441 1842 repedavit.

2028 1868 2184 1921 Anno
2210 1866 2279 1921 ab
2305 1866 2683 1922 incarnatione
2727 1864 2942 1921 Domini
3003 1867 3397 1923 sexcentesimo
3451 1883 3536 1922 se-

1960 1957 2135 2014 Cundo
2156 1957 2199 1989 ¹⁸
2224 1956 2557 2026 Epiphanius
2583 1945 2894 2025 patriarcha
2930 1969 3173 2013 mortuus
3192 1967 3295 2024 est,
3336 1959 3423 2027 qui
3451 1974 3542 2014 ec-

1959 2048 2177 2103 clesiam
2203 2047 2534 2101 Gradensem
2568 2047 2710 2102 rexit
2737 2062 2914 2103 annos
2940 2049 2972 2102 5
2997 2058 3051 2103 et
3087 2063 3300 2104 menses
3322 2050 3374 2104 5.
3404 2048 3542 2105 Huic

1960 2141 2221 2194 successit
2248 2140 2550 2211 Cyprianus
2577 2142 2907 2222 patriarcha.
3136 2208 3147 2222 .

2030 2233 2112 2304 (P.
2157 2234 2221 2287 D.
2253 2247 2304 2287 v.
2337 2232 2414 2301 6.)
2457 2232 2551 2287 His
2576 2213 2785 2287 diebus,
2813 2213 3199 2289 Constantinus
3250 2241 3540 2305 angustus,

1958 2324 2050 2395 qui
2074 2333 2129 2378 ct
2150 2324 2421 2379 Constans
2448 2334 2531 2378 est
2561 2324 2884 2394 appellatus,
2922 2326 3148 2380 Ytaliam
3174 2343 3202 2381 a
3236 2327 3544 2395 Longobar-

1960 2418 2147 2472 dorum
2193 2417 2439 2471 manibus
2486 2417 2695 2487 eripere
2723 2418 2973 2487 cupiens,
3005 2418 3540 2488 ConstantinOpolym

1958 2525 2239 2580 egressus,
2284 2524 2381 2578 per
2408 2509 2586 2563 littora
2615 2510 2722 2563 iter
2751 2511 2955 2564 habens
2986 2510 3229 2564 Athenas
3256 2511 3423 2573 venit,
3457 2510 3539 2562 in-

1957 2599 2131 2669 deque
2178 2614 2328 2654 mare
2374 2608 2767 2669 transgressus,
2798 2601 3093 2653 Tarentum
3130 2600 3425 2668 applicuit;
3450 2601 3543 2668 qui

1959 2702 2139 2745 tamen
2178 2691 2326 2759 prius
2348 2692 2413 2745 ad
2439 2691 2742 2746 solitarium
2770 2693 3081 2760 quemdam,
3114 2692 3203 2759 qui
3238 2691 3542 2759 propheciae

1959 2782 2209 2850 spiritum
2265 2780 2467 2836 habere
2512 2782 2845 2855 dicebatur,
2879 2783 3041 2847 adiit,
3083 2782 3323 2835 studiose
3366 2782 3435 2835 ab
3478 2797 3544 2836 eo

1959 2881 2244 2925 scnssntans
2298 2883 2477 2924 utrum
2523 2880 2738 2941 gentem
2789 2870 3261 2939 Longobardorum
3286 2911 3300 2931 ,
3338 2885 3456 2939 qua:
3488 2870 3542 2922 in

1964 2962 2140 3017 Ytalia
2179 2960 2481 3026 habitabat,
2514 2975 2771 3030 superare
2801 2969 2857 3014 et
2885 2960 3132 3015 obtinere
3160 2968 3357 3028 posset.
3389 2958 3545 3014 Circa

1959 3055 2059 3110 hcc
2084 3069 2313 3123 namque
2338 3063 2577 3122 tempora
2608 3052 2907 3123 Cyprianus
2934 3052 3241 3121 patriarcha
3272 3052 3543 3106 hominem

1958 3146 2128 3212 exuit,
2169 3145 2258 3215 qui
2296 3144 2629 3200 Gradensem
2678 3143 2963 3198 ecclesiam
2995 3151 3208 3197 rexerat
3248 3158 3417 3197 annos
3460 3142 3545 3196 vi-

1957 3238 2087 3308 ginti
2112 3238 2368 3305 quinque,
2414 3251 2628 3290 menses
2662 3244 2793 3300 tres,
2830 3234 2945 3289 dies
2978 3235 3191 3305 viginti.
3240 3233 3376 3289 lluic
3424 3250 3546 3289 suc-

1957 3329 2121 3383 cessit
2148 3327 2565 3397 Primogenitus,
2590 3326 2849 3379 Romana:
2884 3326 3031 3380 sedis
3068 3324 3434 3379 subdiaconus
3460 3339 3547 3377 re-

1958 3419 2252 3490 gionarins.
2298 3418 2465 3489 Igitur
2490 3432 2614 3471 cum
2664 3431 2853 3470 servus
2901 3416 2997 3470 Dei
3046 3416 3403 3471 Constantino
3446 3430 3546 3468 au-

1958 3519 2115 3581 gusto
2144 3509 2388 3579 spacium
2416 3509 2576 3563 unius
2609 3509 2786 3563 noctis
2811 3508 3141 3576 expetisset,
3168 3508 3239 3559 ‘ut
3296 3520 3395 3575 pro
3443 3505 3547 3560 hoc

1959 3600 2078 3671 ipso
2122 3601 2407 3655 Dominum
2441 3599 2793 3668 supplicaret,
2847 3597 3202 3653 facto'mane
3248 3596 3321 3649 ita
3373 3596 3548 3650 eidem

1961 3705 2193 3767 augusto
2242 3690 2734 3763 respondit:Cens
2784 3690 3255 3761 Langobardorum
3311 3688 3550 3758 superari

1960 3786 2115 3839 modo
2155 3784 2218 3837 ab
2251 3784 2426 3853 aliquo
2458 3799 2561 3835 non
2602 3790 2806 3851 potest;
2835 3782 2960 3850 quia
3004 3776 3182 3847 regina
3214 3778 3454 3846 quwdam
3486 3792 3551 3829 ea:

1961 3876 2067 3929 alia
2094 3874 2361 3937 provincia
2386 3872 2594 3924 veniens
2621 3869 2891 3922 basilicam
2911 3870 3045 3921 bcati
3065 3865 3290 3919 Joannis
3312 3864 3551 3932 baptista:

1962 3976 2015 4023 in
2045 3968 2515 4038 Langobardorum
2545 3966 2736 4033 ﬁnibus
2772 3972 3085 4021 construxit,
3118 3961 3185 4017 Et
3221 3969 3428 4031 propter
3451 3973 3549 4011 noc

1962 4064 2070 4130 ipse
2115 4060 2293 4114 beatus
2338 4058 2571 4112 Joannes
2595 4074 2690 4127 pro
2740 4054 3211 4124 Langobardorum
3242 4062 3391 4121 gente
3418 4066 3548 4103 con-

1963 4155 2109 4206 tinuo
2130 4150 2419 4204 intercedit.
2479 4147 2653 4203 Veniet
2683 4158 2862 4201 autem
2888 4158 3091 4215 tempus
3142 4144 3349 4215 quando
3382 4143 3548 4210 ipsius

1964 4242 2235 4297 oraculum
2258 4241 2530 4295 habebitur
2557 4240 2851 4308 despectui,
2883 4248 2930 4292 et
2972 4248 3095 4291 tunc
3125 4253 3248 4307 gens
3277 4236 3389 4304 ipsa
3410 4236 3550 4302 peri-

1965 4338 2055 4390 bit.
2084 4336 2236 4403 Quod
2262 4349 2361 4389 nos
2394 4334 2506 4403 (4|)
2539 4334 2610 4387 ita
2642 4334 2843 4387 factum
2893 4345 3013 4387 esse
3050 4330 3422 4400 probavimus,
3454 4327 3549 4397 qui

1966 4441 2092 4487 ante
2157 4429 2633 4500 Langobardorum
2688 4430 3047 4500 perditionem
3118 4427 3345 4483 eandem
3406 4425 3548 4480 beati

271 4502 337 4563 ad
387 4504 773 4574 imperatorem
805 4514 1101 4579 venientes,
1156 4518 1318 4572 verba
1376 4520 1518 4590 regis
1566 4521 1856 4579 Persarum
1888 4533 1937 4592 ι)
1964 4522 2231 4577 Johannis
2259 4521 2537 4576 basilicam
2558 4563 2572 4588 ,
2600 4536 2706 4592 que
2735 4521 2920 4590 utique
2952 4519 3005 4573 in
3034 4518 3153 4573 loco
3198 4518 3288 4587 qui
3322 4516 3551 4570 Modicia

272 4597 559 4659 nunciam,
589 4599 681 4665 qui
726 4616 877 4655 suam
922 4606 1235 4674 requirebat
1266 4611 1527 4680 reginam.
1558 4613 1859 4684 imperator

272 4684 391 4739 haec
419 4688 667 4755 audiens,
696 4706 919 4761 remque
946 4698 1166 4752 omnino
1195 4700 1470 4769 ignorans,
1523 4705 1600 4759 eis
1631 4721 1855 4776 respon-

274 4793 397 4830 sum
436 4780 670 4834 reddidit
697 4782 883 4839 dicens
908 4804 921 4838 :
960 4787 1039 4840 De
1078 4791 1255 4860 regina
1285 4810 1440 4861 quam
1464 4799 1698 4864 qureritis
1726 4808 1861 4866 fate-

278 4883 396 4918 mur
438 4884 532 4921 nos
572 4870 701 4923 nihil
731 4873 895 4937 scire;
923 4888 1113 4943 prwter
1147 4882 1286 4949 quod
1318 4885 1386 4936 ad
1418 4903 1512 4939 nos
1547 4887 1632 4940 hic
1677 4888 1858 4959 aliqua

278 4955 473 5009 mulier
496 4960 699 5027 privato
726 4964 911 5019 habitu
934 4968 1158 5025 advenit.
1194 4970 1379 5042 Legati
1413 4991 1538 5032 vero
1570 4955 1857 5048 responde-

281 5056 408 5100 runt
437 5048 683 5107 dicentes
709 5072 721 5106 :
753 5054 817 5107 Si
864 5057 1062 5122 placet,
1096 5072 1271 5115 nostro
1318 5070 1614 5135 conspectui
1646 5070 1863 5125 velimus

1967 4611 2166 4666 dicitur
2192 4619 2277 4665 est
2322 4610 2645 4675 constituta,
2697 4625 2795 4679 per
2840 4610 2974 4665 viles
3004 4624 3264 4678 personas
3310 4605 3551 4661 ordinari

1968 4701 2371 4769 conspeximus,
2407 4701 2482 4754 ita
2533 4709 2592 4754 ut
2640 4699 2873 4768 indignis
2919 4707 2977 4753 et
3030 4698 3291 4753 adulteris
3326 4711 3429 4750 non
3456 4710 3552 4765 pro

1967 4798 2091 4849 vitae
2133 4796 2346 4861 merito,
2380 4797 2473 4850 sed
2503 4796 2724 4850 datioxc
2754 4795 3101 4865 praemiorum
3124 4834 3139 4856 .
3184 4794 3353 4848 isdem
3406 4792 3557 4848 locus

1970 4889 2277 4957 largiretur.

1984 5014 1985 5017 η
2042 4981 2230 5049 (ΡΑυιι.
2263 4980 2325 5034 D.
2367 4996 2418 5046 ν,
2441 4980 2518 5048 7.)
2567 4979 2755 5049 Igitur,
2792 4989 2850 5033 ut
2880 4978 3139 5043 diximus,
3166 4975 3562 5032 Constantinus

1972 5081 2231 5142 angustus
2253 5087 2377 5125 cunt
2418 5070 2715 5123 Tarentum
2749 5071 3007 5129 venisset,
3063 5079 3312 5136 egressus
3365 5064 3567 5121 exinde
