4108 5412
451 310 553 366 887

1640 309 1923 367 JOANNIS
1960 309 2232 369 DIACONI
2271 304 2516 370 VENET!

3616 316 3721 372 883

458 428 822 491 expugnatam
839 420 1036 478 t‘ortius
1057 420 1317 478 invadens
1327 420 1498 509 diruit
1517 429 1572 479 et
1593 423 1661 480 ad
1676 424 1850 480 solum
1870 440 2041 495 usque
2069 426 2119 487 Α
2147 434 2290 490 erat,
2338 428 2408 482 ab
2457 432 2708 495 augusto,
2757 434 2817 481 ut
2873 426 3063 492 fertur,
3099 426 3284 499 viginti
3314 426 3457 484 milia
3490 432 3721 487 militmn

459 514 774 580 prostravit.
799 513 1075 569 Arentiam
1093 529 1246 581 sane,
1259 524 1480 585 propter
1491 516 1909 573 munitissimam
1934 519 2039 576 loei

460 604 803 670 positionem,
825 618 1017 671 capere
1042 604 1263 660 minimc
1282 606 1473 676 potuit.
1504 605 1707 664 Deinde
1736 624 1858 665 cum
1891 610 2041 666 omni

458 709 558 748 suo
589 693 830 751 exercitu
860 694 1224 753 Beneventum
1252 697 1611 765 cireundedit,
1642 709 1697 755 et
1736 716 1854 755 eam
1881 702 2045 758 vehe-

461 792 673 839 menter
696 798 1010 854 expuguare
1031 786 1193 854 cepit.
1219 786 1319 844 Ubi
1346 796 1471 845 tunc
1493 788 1717 845 Romald
1741 790 2041 848 Crimualdi

463 873 604 927 filius
628 873 807 928 adhuc
826 872 1152 939 iuvenculos
1181 877 1432 934 ducatum
1462 880 1697 935 tenebat.
1729 880 1829 948 Qui
1860 884 2042 938 statim

461 969 521 1015 ut
553 960 897 1032 imperatoris
929 964 1216 1019 adventum
1252 970 1522 1038 cognovit,
1561 972 1851 1026 nutricium
1886 988 2045 1029 suum

459 1051 677 1109 nomine
698 1051 1058 1109 Sensualulum
1085 1056 1153 1109 ad
1178 1068 1388 1128 patrem
1414 1058 1746 1116 Grimaldum
1771 1071 2047 1135 transpor-

461 1140 680 1195 tandum
705 1142 877 1197 direxi
886 1153 923 1205 t,
939 1145 1232 1201 obsecrans
1252 1154 1311 1200 ut
1327 1150 1652 1218 quantocius
1668 1152 1868 1208 veniret
1882 1152 1944 1215 ,ιι
1966 1153 1986 1210 i
2006 1173 2049 1197 ‘-

458 1245 565 1298 que
579 1247 678 1286 suo
688 1247 749 1287 ac
763 1232 1178 1297 Beneventanis,
1192 1251 1329 1305 qitos
1341 1238 1455 1308 ipse
1468 1251 1553 1293 nos
1564 1242 1606 1295 ri
1616 1251 1782 1304 verat,
1799 1253 2049 1312 potenter

460 1336 825 1379 succurreret.
842 1325 996 1391 Quod
1014 1325 1215 1381 Grimo.
1239 1327 1291 1382 ld
1323 1345 1417 1384 rex
1447 1331 1691 1395 audiens,
1713 1332 1896 1386 statim
1923 1347 2047 1387 cum

461 1414 729 1478 exercitu,
759 1414 868 1468 lilio
889 1414 1099 1473 laturus
1119 1418 1394 1475 auxilium.
1424 1420 1785 1478 Beneventum
1817 1438 2048 1494 pergere

463 1503 629 1572 cepit.
677 1504 847 1571 Quem
899 1505 1084 1575 plures
1139 1522 1202 1562 ex
1252 1507 1621 1580 Langobardis
1660 1511 1852 1566 itinere
1882 1514 2053 1566 relin—

397 1596 406 1603 '
464 1602 717 1661 quentes,
744 1596 808 1649 ad
836 1596 1051 1664 propria
1092 1610 1426 1662 remearunt,
1459 1602 1700 1656 dicentes
1727 1604 1854 1671 quia
1886 1617 2051 1670 expo-

465 1685 660 1741 liassct
702 1686 988 1755 palatium,
1034 1699 1088 1742 et
1111 1689 1221 1759 jam
1275 1707 1380 1745 non
1424 1707 1740 1748 reversurus
1784 1702 2052 1762 repeteret

2143 516 2392 584 expetiit,
2428 526 2597 584 seque
2643 529 2764 570 cum
2797 514 3096 571 Romoaldo
3135 530 3499 589 pugnaturum
3551 522 3725 577 vieto-

2145 620 2369 676 remque
2420 606 2727 677 spopondit.
2764 605 2863 672 Qui
2903 623 3026 663 cum
3070 619 3292 677 accepto
3328 610 3602 673 exercitu,
3657 613 3725 665 ad

2144 695 2343 759 locum.
2383 695 2470 751 cui
2514 695 2771 752 Fornitus
2808 710 3005 753 nomen
3047 709 3153 763 est,
3192 701 3501 756 advenisset
3548 704 3731 772 ibique

2144 795 2325 841 castra
2383 786 2678 855 posuisset,
2721 786 3023 853 Grimoald,
3064 788 3156 859 qui
3196 787 3309 857 jam
3359 789 3730 846 Beneventum

2145 875 2456 938 advenerat,
2489 878 2606 933 haec
2640 879 2889 946 audiens,
2939 889 3128 935 contra
3177 896 3303 935 eum
3337 882 3604 952 proﬁcisci
3637 899 3706 939 vo

2146 966 2266 1021 luit.
2327 963 2426 1024 Cui
2471 968 2617 1025 filius
2646 970 2914 1025 Romald:
2970 969 3095 1027 Non
3112 982 3186 1026 est
3208 989 3359 1043 opus,
3392 974 3590 1042 inquit,
3640 974 3734 1028 sed

2148 1069 2354 1113 tantum
2384 1070 2590 1130 partem
2629 1062 2777 1116 nobis
2806 1064 2872 1117 de
2905 1064 3135 1118 exercitu
3168 1075 3336 1118 vestro
3368 1066 3608 1130 tribuite;
3638 1082 3733 1134 ego

2150 1148 2258 1202 Deo
2290 1150 2497 1220 favente
2542 1167 2660 1206 cum
2707 1169 2767 1208 eo
2812 1152 3075 1223 pugnabo,
3113 1164 3161 1208 et
3192 1171 3310 1209 cum
3344 1157 3533 1220 vicero,
3561 1156 3737 1225 major

2149 1242 2326 1309 utique
2349 1242 2515 1311 gloria
2538 1254 2720 1298 vestra:
2742 1245 2986 1313 potentiae
3011 1244 3356 1300 adscribatur.
3402 1245 3739 1316 Factumque

2148 1343 2264 1399 est;
2296 1344 2352 1389 et
2386 1344 2611 1405 accepta
2633 1335 2813 1405 aliqua
2838 1344 2993 1406 parte
3014 1337 3080 1390 de
3106 1336 3279 1401 patris
3302 1338 3565 1400 exercitu,
3590 1336 3740 1406 pari-

2153 1433 2340 1494 terque
2368 1439 2492 1479 eum
2525 1425 2642 1480 suis
2672 1424 2984 1482 hominibus
3015 1434 3205 1481 contra
3243 1425 3540 1482 Saburrutn
3580 1424 3741 1495 proli.

2152 1516 2415 1581 ciscitur;
2447 1516 2564 1586 qui,
2609 1516 2928 1587 priusquam
2959 1515 3159 1571 bellum
3213 1531 3334 1571 cum
3378 1530 3442 1569 eo
3492 1514 3675 1578 iniret,
3708 1529 3740 1568 a

2153 1617 2387 1676 quatuor
2414 1608 2658 1677 partibus
2685 1607 2842 1662 tubas
2878 1607 3134 1663 insonare
3178 1608 3452 1676 prsic-cpit,
3506 1621 3745 1674 moxque.

2154 1713 2318 1767 super
2344 1714 2438 1753 eos
2462 1699 2723 1754 audacter
2785 1699 3003 1771 irrupit.
3039 1697 3282 1769 Cumque
3329 1711 3570 1768 utrmque
3597 1699 3746 1751 aries

465 1775 860 1832 Beneventum.
906 1779 1127 1835 Interim
1184 1782 1528 1850 imperatoris
1568 1786 1847 1840 exercitus
1884 1785 2053 1843 Bene-
2084 1763 2129 1824 Β
2158 1763 2287 1842 forti
2315 1788 2615 1845 intentione
2642 1763 2968 1859 pugnarent,
3005 1798 3133 1845 tunc
3155 1804 3295 1846 unus
3320 1789 3387 1845 de
3425 1791 3569 1861 regis
3589 1804 3747 1844 exer-

468 1879 692 1926 ventum
742 1872 973 1927 diversis
1011 1875 1278 1929 machinis
1318 1876 1669 1932 vehementer
1692 1880 2052 1949 expugnabat.

468 1962 704 2019 Eeontra
722 1964 947 2021 Romald
963 1982 1083 2021 cum
1106 1968 1476 2039 Langobardis
1498 1972 1712 2029 fortiter
1749 1975 2053 2031 resistebat.

465 2056 569 2121 Qui
591 2058 838 2126 quamvis
856 2072 976 2134 cum
999 2068 1144 2114 tanta
1169 2061 1514 2118 multitudine
1534 2066 1790 2134 congredi
1812 2081 1971 2120 n'tanu
1989 2067 2056 2121 ad

469 2161 690 2200 manum
733 2129 956 2217 propter
997 2150 1324 2220 paucitatem
1368 2155 1642 2209 exercitus
1666 2169 1773 2209 non
1810 2157 2057 2222 auderet,

470 2235 787 2307 frequenter
815 2248 993 2297 tamen
1043 2256 1166 2295 cum
1196 2243 1467 2313 expeditis
1501 2245 1793 2313 juvenibus
1823 2248 2058 2303 hostium

472 2338 653 2384 castra
683 2330 1011 2400 irrumpens,
1046 2346 1274 2400 magnas
1303 2335 1511 2391 eisdem
1535 2337 1801 2391 inferebat
1822 2339 2060 2411 undique

474 2422 682 2479 clades.
713 2421 960 2493 Cumque
988 2422 1265 2481 Crimoald
1291 2427 1409 2495 ejus
1441 2440 1594 2498 pater
1616 2429 1836 2499 jamque
1863 2446 2059 2501 prope-

476 2522 643 2579 raret,
673 2516 922 2571 eumdem
957 2519 1248 2573 nutricium
1272 2520 1410 2588 ejus,
1448 2522 1516 2576 de
1551 2538 1660 2592 quo
1689 2523 2058 2592 premisimus,

475 2604 541 2656 ad
578 2603 742 2657 lilium
775 2604 941 2669 misit,
983 2607 1074 2675 qui
1106 2607 1158 2662 ei
1208 2624 1365 2663 suum
1416 2612 1707 2666 adventum
1754 2612 2057 2669 nunciaret.

473 2694 573 2761 Qui
627 2710 749 2751 cum
818 2712 984 2767 prope
1036 2697 1406 2772 Beneventum
1442 2701 1725 2767 venisset,
1776 2719 1806 2756 a
1873 2701 2064 2762 Grecis

475 2792 688 2853 captus,
720 2786 1032 2855 imperatori
1059 2787 1270 2844 delatus
1290 2797 1403 2854 est;
1428 2790 1521 2861 qui
1546 2792 1615 2846 ab
1639 2806 1704 2847 eo
1730 2792 1875 2847 unde
1900 2794 2065 2849 adve-

477 2874 618 2930 niret
682 2876 986 2946 requirens,
1038 2877 1127 2933 ille
1171 2894 1232 2933 se
1281 2895 1310 2932 a
1353 2879 1669 2938 Grimoaldo
1718 2897 1844 2954 rege
1873 2885 2065 2942 venire

476 2964 992 3036 dixit,eundemqne
1025 2983 1206 3037 regem
1231 2968 1394 3025 citius
1425 2970 1722 3027 adventare
1755 2974 2059 3029 nunciavit.

2158 1877 2269 1930 citu
2303 1878 2520 1932 nomine
2554 1879 2907 1952 Amalongns,
2942 1881 3033 1951 qui
3080 1880 3287 1952 regium
3326 1890 3545 1936 contum
3602 1880 3747 1935 ferre

2159 1975 2278 2020 erat
2300 1966 2511 2032 solitus,
2542 1969 2816 2037 quendam
2844 1968 3137 2025 Greculutn
3173 1969 3362 2024 eodem
3395 1980 3555 2024 conto
3581 1970 3748 2024 utris-

2161 2069 2269 2126 que
2290 2057 2546 2112 manibus
2574 2056 2791 2113 fortiter
2818 2059 3146 2128 percutiens,
3180 2058 3250 2113 de
3280 2056 3407 2113 sella
3446 2071 3609 2126 super
3642 2072 3748 2124 qua

2160 2148 2441 2217 equitabat
2489 2147 2765 2214 substttlit,
2791 2162 3022 2218 eumque
3053 2148 3198 2203 inter
3220 2161 3349 2203 aera
3386 2163 3550 2217 super
3584 2154 3751 2216 caput

2162 2255 2317 2295 suum
2390 2240 2605 2296 levavit.
2665 2241 2819 2309 Quod
2871 2257 3105 2298 cernens
3173 2240 3474 2297 Grecorum
3543 2241 3753 2295 excrci-

2163 2341 2270 2398 tus,
2311 2332 2579 2390 immenso
2602 2348 2803 2404 pavore
2830 2334 3149 2403 perterritus
3181 2334 3233 2388 in
3268 2333 3451 2405 fugam
3480 2332 3752 2386 converti-

2164 2434 2277 2489 tur,
2309 2424 2609 2494 ultimaquc
2638 2425 2878 2495 pernicie
2913 2439 3070 2479 cesns
3098 2423 3201 2480 sibi
3222 2423 3459 2495 fugiens,
3489 2420 3753 2475 Romaldo

2161 2524 2214 2570 et
2241 2514 2618 2587 Langobardis
2648 2514 2931 2572 victoriam
2968 2518 3198 2587 peperit.
3225 2515 3302 2571 ita
3332 2514 3623 2580 Saburrus,
3660 2512 3751 2583 qui

2164 2620 2225 2663 se
2257 2606 2571 2676 imperatori
2600 2621 2700 2663 suo
2723 2606 2967 2662 victoriae
3016 2606 3298 2675 tropheum
3337 2605 3404 2660 de
3435 2603 3750 2672 Langobar-

2164 2699 2248 2754 dis
2301 2699 2627 2769 promiserat
2674 2706 2927 2769 patrare,
2990 2699 3057 2752 ad
3103 2712 3227 2752 eum
3267 2711 3390 2752 cum
3442 2695 3630 2766 paucis
3672 2709 3753 2749 re-

2150 2804 2355 2857 means
2399 2790 2754 2860 ignominiam
2792 2790 3121 2857 deportavit.
3174 2787 3400 2843 Romald
3452 2802 3602 2851 vero,
3659 2799 3755 2855 pa-

2168 2890 2309 2936 trata
2366 2882 2434 2936 de
2455 2880 2694 2936 inimicis
2718 2878 2974 2945 victoria,
3005 2878 3368 2935 Beneventum
3412 2877 3753 2946 triumphans

2167 2987 2420 3029 reversus
2459 2981 2569 3037 est,
2618 2971 2871 3043 patrique
2900 2971 3154 3042 gaudium
3200 2979 3254 3025 et
3296 2969 3506 3025 cunctis
3548 2967 3754 3024 secuti-

480 3054 787 3126 Statimque
816 3057 1108 3126 imperator
1136 3060 1453 3125 exterritus,
1483 3062 1766 3117 consilium
1800 3079 1922 3117 eum
1951 3065 2064 3120 suis
2095 3105 2140 3166 Ο
2171 3073 2339 3120 tatem
2369 3063 2643 3119 convexit.

480 3147 893 3216 iniit,quatinus
918 3163 1041 3202 cum
1066 3148 1326 3205 liomaldo
1350 3152 1735 3219 pacisceretur,
1764 3164 1822 3207 ut
1852 3152 2064 3223 Neapo-

480 3239 576 3295 lim
608 3249 789 3310 posset
823 3242 1044 3295 reverti.

556 3331 629 3399 (c.
655 3330 736 3403 8.)
788 3332 1134 3402 Acceptaque
1182 3335 1371 3390 obside
1416 3336 1667 3392 Romaldi
1720 3353 1928 3403 sorore,
1980 3339 2068 3393 cui

486 3435 683 3475 nomen
708 3420 837 3478 Gisa
870 3422 991 3490 fuit,
1015 3439 1139 3479 cum
1173 3425 1364 3481 eodem
1404 3441 1593 3496 pacem
1622 3429 1771 3496 fecit,
1803 3432 1920 3499 ejus
1946 3445 2077 3486 vero

487 3511 777 3567 ndtritium
812 3511 1134 3569 Sesualdum
1161 3516 1232 3569 ad
1260 3532 1448 3572 muros
1474 3520 1595 3574 duci
1626 3521 1902 3589 praecepit,
1929 3537 2073 3575 mor-

490 3612 599 3656 tem
634 3603 683 3658 ei
732 3603 970 3660 minatus
1018 3605 1064 3661 si
1095 3606 1301 3677 aliquid
1336 3607 1603 3664 Romaido
1647 3618 1743 3665 aut
1774 3610 1987 3666 civibus
2005 3611 2074 3666 de

491 3690 790 3748 Grimoaldi
818 3694 1049 3751 adventu
1078 3697 1381 3765 nunciaret,
1409 3699 1505 3755 sed
1535 3701 1717 3770 potius
1737 3711 2079 3757 asseveraret

493 3784 742 3839 eumdem
772 3785 1195 3844 veniretninime
1223 3805 1400 3859 posse.
1426 3791 1579 3859 Quod
1603 3793 1690 3848 ille
1717 3793 1791 3849 ita
1820 3809 1879 3849 se
1907 3794 2080 3850 factu-

492 3887 636 3938 rmn,
651 3881 710 3928 ut
723 3874 771 3930 ei
789 3877 1156 3947 przecipiebat,
1175 3881 1417 3949 promisit
1436 3899 1451 3949 ;
1469 3883 1560 3937 sed
1574 3898 1699 3938 cum
1713 3899 1880 3954 prope
1895 3899 2082 3940 muros

497 3965 831 4046 advenisset,
882 3969 1018 4025 velle
1065 3985 1125 4026 se
1178 3973 1498 4030 Romaldum
1526 3975 1714 4032 videre
1761 3976 1919 4032 dixit.
1954 3977 2080 4045 Qui,

497 4071 622 4112 cum
646 4054 908 4114 Romoald
931 4059 1090 4116 citius
1110 4063 1366 4130 venisset,
1398 4064 1478 4120 sic
1494 4066 1560 4119 ad
1588 4081 1711 4119 eum
1737 4066 1948 4121 locutus
1967 4077 2079 4121 est:

424 4211 426 4213 ε
502 4146 761 4205 Constans
800 4160 932 4216 esto,
963 4152 1173 4209 domine
1204 4154 1482 4221 Romoald,
1514 4167 1560 4209 et
1602 4158 1797 4211 habens
1832 4157 2085 4224 ﬁduciam

503 4241 613 4295 uoli
662 4242 889 4310 turbari,
943 4244 1070 4312 quia
1108 4253 1230 4298 tuus
1278 4246 1479 4316 genitor
1508 4246 1663 4299 citius
1691 4246 1789 4300 tibi
1827 4246 2087 4301 auxilium

504 4330 823 4402 prwltiturm
863 4316 1051 4386 aderit.
1104 4333 1247 4397 Nam
1297 4337 1434 4389 scias
1459 4349 1578 4389 eum
1620 4336 1719 4390 hac
1759 4346 1908 4391 nocte
1926 4337 2089 4406 juxta

2244 3153 2459 3225 (c.14.)
2497 3157 2568 3208 At
2592 3169 2735 3232 _vero
2767 3152 3033 3210 Constans
3056 3160 3348 3223 angustus,
3386 3164 3505 3205 eum
3538 3149 3674 3205 nihil
3700 3163 3759 3205 se

2171 3253 2362 3300 contra
2389 3244 2772 3315 Langobardos
2802 3244 3035 3316 gessisse
3067 3241 3432 3312 conspiceret,
3461 3254 3652 3297 onmes
3677 3255 3760 3296 se-

2172 3335 2315 3392 vicie
2356 3350 2454 3391 sue
2483 3334 2663 3390 minas
2688 3344 2879 3390 contra
2912 3350 3063 3398 suos,
3106 3334 3208 3389 hoc
3238 3342 3324 3388 est
3353 3333 3647 3397 Bomanos,
3675 3347 3761 3387 re-

2176 3426 2374 3481 torsit:
2432 3440 2557 3480 nam
2584 3440 2863 3498 egressus
2900 3415 3211 3494 Neapoly'm,
3261 3422 3492 3479 Bonnam
3523 3421 3755 3492 perexit.

2173 3518 2270 3571 Cui
2303 3527 2458 3573 sexto
2487 3519 2555 3573 ab
2577 3517 2725 3573 Urbe
2756 3517 2997 3573 miliatio
3019 3516 3328 3571 Vitalianus
3354 3530 3491 3586 papa
3519 3530 3642 3570 cum
3674 3532 3763 3568 sa-

2175 3608 2492 3665 cerdotibus
2540 3617 2596 3664 et
2630 3607 2875 3664 Romano
2908 3606 3106 3678 populo
3143 3606 3404 3662 occurrit.
3436 3604 3536 3672 Qui
3586 3620 3757 3674 augu-

2177 3711 2294 3755 stus
2327 3716 2451 3756 cum
2481 3701 2548 3754 ad
2588 3701 2732 3759 beati
2763 3698 2910 3754 Petri
2949 3698 3136 3754 limina
3175 3696 3531 3768 pervenisset,
3572 3694 3768 3750 obtulit

2183 3791 2252 3845 ibi
2286 3791 2488 3860 palium
2524 3804 2660 3845 auro
2703 3797 2935 3852 textum,
2991 3798 3048 3844 et
3102 3803 3325 3843 manens
3361 3786 3501 3857 apud
3536 3786 3764 3841 Romam

2181 3881 2465 3936 duodecim
2526 3880 2736 3940 diebus,
2794 3878 2977 3934 omnia
3025 3891 3147 3947 quae
3196 3876 3415 3931 fuerant
3466 3876 3768 3946 antiquitus

2182 3973 2475 4029 constituta
2500 3989 2569 4028 ex
2596 3986 2704 4028 tere
2725 3971 2779 4026 in
2806 3980 3187 4025 ornamentum
3227 3967 3466 4025 civitatis
3493 3968 3767 4038 deposuit,

2187 4066 2241 4120 in
2268 4076 2476 4120 tantum
2509 4074 2568 4119 ιιι
2593 4065 2762 4120 etiam
2788 4062 3067 4118 basilicam
3099 4059 3269 4116 beatae
3296 4059 3495 4122 Mariae,
3522 4074 3646 4128 qua:
3666 4057 3771 4141 ali-g

2184 4156 2403 4227 quando
2452 4155 2752 4210 Pantheum
2804 4154 3118 4214 vocabatur,
3168 4162 3224 4207 et
3268 4151 3545 4206 comlitnm
3591 4150 3768 4204 fuerat

2186 4245 2239 4300 in
2276 4246 2538 4301 honorem
2573 4245 2813 4300 omnium
2850 4245 3095 4305 deorum,
3123 4253 3179 4297 et
3231 4243 3303 4297 ibi
3335 4257 3430 4311 per
3462 4239 3773 4295 concessio-

2189 4351 2312 4393 nem
2349 4335 2690 4404 superiorum
2722 4334 3024 4403 principum
3049 4332 3199 4386 locus
3223 4338 3343 4385 erat
3365 4330 3605 4384 omnium
3630 4342 3762 4382 mar-

510 4417 774 4489 Sattgrum
821 4424 1042 4495 [trivium
1077 4440 1197 4477 cum
1226 4425 1399 4480 valida
1438 4428 1670 4482 exercitu
1697 4444 1939 4496 manere;
1971 4439 2088 4483 tan.
2118 4448 2166 4509 ο
2195 4424 3297 4499 tyrum,discoperiret,tegulasqueaarcas
3320 4421 3514 4476 exinde
3539 4419 3769 4509 auferet,

501 4523 618 4566 tum
669 4513 883 4574 obsecro
933 4526 986 4580 ut
1039 4518 1458 4572 misericordiam
1506 4520 1749 4574 exhibeas
1797 4536 1918 4575 cum
1971 4536 2089 4575 mea

504 4620 672 4657 uxore
707 4615 755 4671 et
799 4607 948 4671 ﬁliis,
971 4609 1097 4677 quia
1127 4625 1251 4678 gens
1288 4609 1389 4663 ista
1426 4611 1628 4679 perﬁda
1658 4627 1740 4664 me
1779 4610 1943 4665 ivvere
1986 4628 2089 4666 non

506 4694 715 4748 sinebit.
740 4693 985 4764 Cumque
1007 4697 1108 4751 hoc
1131 4697 1374 4762 dixisset,
1392 4698 1546 4764 jussu
1565 4699 1908 4767 imperatoris
1929 4709 2091 4773 caput

506 4784 625 4852 ejus
677 4787 947 4842 abscisqu
986 4800 1149 4859 atque
1178 4806 1299 4845 cum
1340 4790 1461 4845 belli
1504 4792 1750 4847 machina
1787 4808 1949 4863 quam
2000 4809 2091 4862 pe.

512 4879 735 4941 trariam
796 4893 983 4936 vocant
1021 4885 1071 4938 in
1113 4886 1299 4941 urbem
1355 4883 1652 4954 projectum
1679 4896 1783 4943 est.
1813 4886 1967 4954 Quod
1996 4901 2090 4942 ca-

511 4980 609 5038 put
638 4970 904 5028 liomoald
946 4975 1047 5030 sibi
1089 4974 1287 5032 deferri
1318 4976 1481 5047 jussit
1517 4986 1571 5034 et
1602 4977 1891 5035 lacrimans
1929 4994 2089 5037 oscu-

513 5060 655 5131 latus
683 5072 769 5119 est
794 5064 1065 5139 dignoque
1099 5069 1152 5124 in
1187 5070 1363 5132 loculo
1398 5071 1655 5128 tumulari
1683 5075 1959 5143 praecepit.

585 5155 658 5225 (c.
683 5156 762 5228 9.)
791 5156 1036 5215 Metuens
1061 5162 1223 5231 igitur
1246 5164 1540 5231 imperator
1562 5165 1799 5221 subitum
1828 5165 2094 5219 Grimoal-

514 5243 569 5297 di
611 5245 756 5316 regis
811 5249 1139 5317 adventum,
1181 5254 1406 5309 dimissa
1460 5255 1749 5309 Beneventi
1791 5253 2090 5315 obsidione,

2189 4531 2392 4586 eosque
2404 4514 2700 4571 sitnulcum
2721 4513 2841 4569 aliis
2855 4513 3106 4570 omnibus
3119 4510 3453 4566 ornamentis
3466 4507 3773 4563 Constanti-

2192 4607 2443 4678 uopolym
2493 4605 2907 4661 transmitteret.
2962 4603 3164 4657 Deinde
3199 4614 3451 4655 reversus
3483 4598 3775 4666 imperator

2192 4698 2486 4769 Neapolym
2506 4698 2702 4753 itinere
2721 4707 2964 4761 terreno,
2993 4695 3202 4765 perexit
3216 4693 3489 4749 civitatem
3525 4691 3770 4761 Regium.

2191 4793 2581 4862 Ingressusque
2601 4789 2962 4859 Siciliam-per
2982 4787 3330 4843 indictiouem
3348 4783 3654 4853 septimam,
3685 4782 3777 4835 ba-

2194 4887 2390 4941 bitavit
2439 4886 2490 4939 in
2538 4883 2827 4959 Syracusa,
2863 4892 2918 4936 et
2969 4881 3104 4936 tales
3154 4877 3473 4933 amictioncs
3519 4873 3777 4943 imposuit

2195 4978 2392 5047 pupulo
2420 4993 2515 5032 seu
2540 4975 2937 5031 habitatoribus
2965 4971 3046 5026 vel
3070 4968 3470 5041 possessoribus
3489 4964 3774 5025 Calabrize,

2198 5068 2420 5134 Sicilia‘,
2452 5065 2654 5123 Africa:
2706 5077 2871 5136 atque
2912 5062 3197 5126 Sardinite,
3228 5057 3417 5130 quales
3447 5065 3608 5135 antea
3643 5071 3777 5106 nuu-

2198 5173 2359 5227 quam
2388 5158 2590 5211 audita:
2627 5163 2778 5220 sunt,
2809 5154 2884 5208 ita
2927 5162 2985 5204 ιιι
3036 5151 3201 5206 etiam
3250 5160 3447 5201 uxores
3478 5160 3508 5199 a
3544 5139 3775 5203 maritis,

2196 5252 2279 5309 vel
2313 5250 2404 5305 lilii
2428 5266 2457 5304 a
2485 5248 2801 5319 parentibus
2831 5248 3232 5314 separarentur.
3257 5239 3365 5295 Sed
3387 5247 3442 5294 et
3471 5234 3575 5292 alia
3609 5233 3777 5340 multa
