4108 5412
326 257 424 311 859

1567 248 1962 306 CIIRONICON
2005 247 2358 306 VENETUM.

3495 251 3598 308 890

326 376 736 438 duodecimam;
761 371 854 426 sed
889 373 1107 424 tandem
1133 371 1406 420 nouarum
1433 365 1779 434 iniquitatom
1804 379 1899 432 pe-
1933 369 1976 425 Λ
2009 365 2178 428 urbis,
2211 376 2264 419 ct
2293 366 2595 420 Antiochiae
2630 366 2934 434 Machario;
2971 379 3024 424 et
3055 368 3286 423 convicti
3329 379 3455 422 sunt
3502 370 3593 438 qui

328 485 424 524 nas
446 467 566 529 luit,
583 475 747 535 atque
770 463 895 517 dum
923 476 982 516 se
1006 460 1058 513 in
1082 458 1273 512 balneo
1298 457 1521 518 lavaret,
1541 472 1568 507 a
1593 458 1706 509 suis
1736 455 1910 506 extin-

324 573 444 618 ctus
468 568 573 614 cal.

394 657 465 724 (c.
491 654 580 721 12)
608 649 895 705 Interfecto
929 647 1094 718 igitur
1115 646 1254 716 apud
1289 643 1588 713 Syracusas
1613 642 1910 696 Constante

323 746 667 814 imperatore,
698 741 960 796 Mezetius
990 740 1041 792 in
1073 736 1256 792 Sicilia
1292 751 1513 806 regnum
1538 733 1786 802 arripuit,
1813 732 1908 786 sed

321 837 526 902 absque
560 830 842 887 orientalis
875 828 1148 883 exercitus
1174 827 1466 880 voluntate.
1512 825 1713 877 Contra
1747 837 1908 891 quem

325 926 511 979 \‘taliae
537 926 735 977 milites
771 921 860 975 alii
885 934 981 990 per
1003 918 1296 989 llystriam,
1316 915 1406 968 alii
1432 930 1527 983 per
1543 923 1726 982 partes
1745 911 1908 966 Cam-

320 1019 516 1088 paniaz,
547 1016 637 1069 alii
678 1029 806 1068 vero
861 1027 890 1065 a
918 1011 1163 1082 partibus
1199 1009 1398 1062 Africae
1433 1016 1486 1062 et
1518 1005 1784 1060 Sardiniae
1810 1018 1909 1058 vo-

318 1113 531 1164 nientes
561 1109 612 1162 in
647 1107 972 1178 Syracusas,
997 1119 1121 1158 eum
1155 1104 1263 1155 vita
1305 1101 1608 1170 privarunt,
1642 1097 1908 1166 multique

314 1218 377 1257 ex
401 1200 676 1270 judicibus
706 1198 823 1266 ejus
854 1195 1176 1252 detruncati.
1212 1193 1752 1261 Coustautmopolym
1783 1205 1906 1257 per-

313 1293 457 1348 ducti
482 1299 629 1353 sunt,
659 1306 781 1344 cmn
823 1289 1021 1358 quibus
1050 1287 1252 1357 pariter
1291 1293 1345 1340 et
1399 1283 1516 1336 l'alsi
1563 1280 1908 1350 imperatoris

312 1395 469 1453 caput
492 1393 574 1438 est
599 1385 962 1452 deportatum.

379 1478 452 1545 (c.
493 1476 602 1543 l3.)
649 1474 773 1529 llaae
825 1475 1050 1528 audiens
1084 1487 1217 1542 gens
1273 1473 1730 1531 Sarracenormn,
1780 1481 1903 1536 qua:

304 1563 412 1632 jam
460 1565 848 1618 Alexandriam
898 1572 951 1617 et
1011 1563 1276 1632 Egyptum
1329 1569 1678 1630 pervaserat,
1723 1558 1902 1611 subito

310 1667 430 1706 cum
467 1653 655 1707 multis
690 1654 920 1707 navibus
962 1654 1272 1713 venientes,
1329 1651 1570 1705 Siciliam
1614 1649 1898 1709 invadunt,

308 1743 606 1812 Syracusas
638 1745 1032 1813 ingrediuntur,
1064 1745 1396 1814 multamque
1423 1753 1660 1811 stragem
1692 1740 1897 1793 faciunt
1932 1721 1972 1778 Β

307 1837 646 1905 populorum,
672 1837 756 1888 vix
781 1837 968 1906 paucis
1001 1837 1375 1897 evadentibus,
1400 1837 1491 1905 qui
1526 1849 1622 1904 per
1651 1833 1898 1886 munitis-

305 1929 443 1982 sima
471 1937 649 1982 castra
678 1942 734 1981 et
764 1927 891 1998 juga
923 1927 1280 1997 confugerunt
1317 1927 1601 1987 montium,
1641 1923 1898 1976 auferen-

307 2029 385 2074 tes
403 2035 627 2090 quoque
657 2020 880 2089 predam
913 2020 1136 2074 nimiam
1163 2030 1219 2074 et
1239 2034 1400 2074 omne
1423 2018 1551 2072 illud
1581 2017 1724 2087 quod
1749 2015 1895 2070 Con-

304 2122 453 2167 stans
474 2122 737 2182 augustos
765 2129 794 2167 a
823 2111 994 2166 Roma
1024 2112 1320 2167 abstulerat
1339 2120 1592 2166 ornatum
1622 2111 1674 2165 in
1703 2123 1812 2163 aere
1843 2116 1897 2162 et

304 2205 532 2261 diversis
610 2205 931 2267 speciebus;
993 2204 1183 2274 sicque
1240 2205 1622 2260 Alexandriam
1688 2201 1892 2257 reversi

304 2305 449 2350 sunt.

353 2390 524 2443 'Anne
557 2400 739 2444 autem
762 2393 830 2443 ab
859 2390 1231 2446 incarnatione
1253 2391 1465 2445 Domini
1497 2389 1894 2444 sexcentesimo

302 2483 720 2552 quadragesimo
756 2483 989 2550 septimo
1049 2481 1446 2552 Primogeuitus
1488 2480 1794 2550 patriarcha
1824 2494 1892 2535 ex

307 2576 409 2629 hac
438 2575 558 2629 luce
586 2575 858 2643 migravit,
884 2575 974 2642 qui
1007 2574 1293 2627 ecclesiam
1324 2573 1661 2626 Gradensem
1694 2572 1896 2641 guber-

302 2663 445 2718 navit
473 2679 648 2718 annos
666 2661 758 2728 20,
781 2678 1000 2717 menses
1021 2664 1054 2716 5
1082 2663 1228 2726 ἐ’-ὀ,
1253 2663 1367 2717 dies
1387 2663 1438 2715 7.
1472 2661 1608 2715 Huic
1631 2660 1894 2715 successit

301 2759 602 2822 Maximus;
647 2758 800 2827 cujus
835 2769 1079 2828 tempore
1109 2759 1326 2813 lllaorus
1356 2756 1651 2812 Altineosis
1676 2755 1891 2824 episco-

303 2863 419 2919 pus,
456 2867 564 2905 uon
594 2852 774 2906 ferens
801 2853 1278 2915 Laugobardoruu‘u
1315 2853 1611 2917 insaniam,
1640 2852 1890 2909 Severini

301 2957 450 3010 νίψω
475 2943 799 3006 auctoritate
819 2944 885 2998 ad
908 2943 1304 2999 Torccllensem
1331 2943 1559 2998 insulam
1585 2945 1731 2998 venit
1752 2944 1888 3015 (42),

302 3033 482 3101 ibique
515 3050 666 3088 suam
696 3035 877 3089 sedem
907 3036 1262 3090 corroborare
1291 3045 1347 3090 et
1375 3052 1472 3106 pro
1504 3036 1686 3090 l'uluro
1709 3052 1892 3090 mane-

237 3121 250 3133 ’
296 3141 360 3178 re
396 3126 659 3178 decrevit.
695 3126 796 3193 Qui
847 3127 1184 3181 Altiuensem
1228 3127 1516 3182 ecclesiam
1566 3129 1893 3197 gubernavit

303 3231 474 3270 annos
500 3217 557 3283 4,
609 3229 666 3273 et
704 3202 957 3274 mortuus
1004 3228 1106 3275 est.
1150 3219 1288 3276 lluie
1334 3221 1600 3276 successit
1643 3219 1892 3276 Julianus

300 3308 605 3378 episcopus.

373 3398 562 3468 (huc.
589 3399 651 3454 D.
672 3415 727 3466 v,
753 3399 843 3470 50)
871 3399 1040 3473 Igitur
1066 3402 1326 3466 extincto,
1354 3410 1412 3456 ut
1441 3402 1696 3466 diximus,
1736 3402 1892 3470 puni-

307 3499 466 3559 toque
495 3489 589 3559 qui
616 3491 664 3544 ei
715 3502 1056 3547 successerat
1091 3493 1369 3550 Mczenzio
1403 3504 1654 3565 tyranno,
1689 3495 1890 3549 Ruina-

301 3597 498 3637 norum
546 3597 772 3653 regnum
801 3583 1217 3652 Constantinus,
1241 3584 1544 3641 Constantii
1587 3587 1802 3658 augusti
1829 3588 1892 3640 li-

217 3689 221 3692 ’
303 3675 431 3737 lius.
483 3675 722 3744 suscepit
763 3677 1080 3746 regendum.
1122 3677 1412 3732 Sarraceui
1452 3677 1696 3732 Siciliam
1738 3680 1890 3731 iuva-

299 3765 458 3827 dunt,
491 3773 547 3819 et
574 3767 756 3834 praeda
791 3767 953 3821 nimia
993 3783 1177 3824 secum
1225 3769 1436 3836 abiata,
1483 3787 1606 3825 ιιιοκ
1654 3771 1887 3826 Alexan-

297 3857 754 3914 driam-redennt.
784 3861 882 3930 (In.
914 3878 993 3927 vt,
1030 3861 1110 3932 4.)
1145 3863 1358 3932 Agatho
1397 3879 1557 3932 papa,
1598 3879 1663 3918 ex
1697 3875 1885 3934 rogatu

297 3950 672 4018 Constantini,
687 3952 920 4008 Heraclii
938 3965 993 4010 et
1010 3954 1252 4026 Tyberii,
1281 3956 1586 4026 principum
1612 3957 1892 4028 piissimo-'

297 4059 445 4098 rion.
481 4043 626 4099 misit
652 4047 702 4098 in
729 4047 932 4114 regiam
963 4048 1152 4102 urbem
1184 4047 1388 4116 legatos
1414 4064 1562 4113 suos,
1591 4049 1644 4102 in
1691 4050 1888 4119 quibus

297 4136 676 4192 eratJoanues
706 4139 961 4194 Rotuana:
992 4141 1235 4196 ceclesize
1283 4152 1408 4196 tunc
1451 4143 1735 4206 diaconus,
1779 4161 1884 4199 non

299 4228 459 4297 longe
529 4240 648 4299 post
712 4233 1000 4304 episcopus
1033 4275 1048 4300 ,
1109 4251 1208 4304 pro
1257 4235 1587 4291 adunatione
1641 4237 1884 4292 facienda

297 4324 721 4378 SanctarumDei
745 4326 1123 4383 ecclesiarum.
1143 4327 1310 4397 (Dem
1339 4328 1412 4382 De
1438 4345 1529 4382 sea:
1554 4339 1695 4383 (etut.
1729 4347 1883 4384 utun-

2018 472 2180 510 unam
2244 457 2576 512 voluntatem
2645 469 2696 514 et
2741 462 3110 530 operationem
3163 461 3480 515 astruebant
3542 461 3594 514 in

2011 546 2257 612 Christo,
2296 549 2520 605 falsasse
2549 551 2592 583 ¹¹
2622 561 2838 621 patrum
2895 554 3287 608 catholicorum
3331 553 3469 606 dicta
3499 567 3597 622 per

2012 641 2262 709 plurima.
2316 643 2496 697 Finito
2543 656 2721 699 autem
2781 647 3066 712 conﬂictu,
3127 646 3423 717 Gregorius
3474 661 3597 698 cor-

2014 744 2194 803 reptus
2220 746 2324 799 est,
2361 735 2671 792 Macharius
2699 755 2830 795 vero
2872 755 2993 794 cum
3026 740 3138 794 suis
3168 739 3490 807 sequacibus
3517 737 3594 790 si-

2010 827 2118 879 mul
2144 837 2197 880 et
2223 831 2626 897 prcccssoribus
2648 831 2808 904 Cyro,
2835 832 3048 903 Sergio,
3078 831 3337 896 llonorio,
3362 829 3591 900 Pyrrho,

2010 919 2176 974 l’aulo
2225 930 2278 976 et
2319 923 2475 977 Petro
2519 927 3030 991 anathetnatizatus,
3074 936 3128 980 et
3171 927 3222 980 in
3258 925 3432 980 locum
3477 925 3595 993 ejus

2009 1013 2394 1083 'l‘heophanius
2430 1017 2494 1072 de
2526 1017 2708 1072 Sicilia
2748 1018 3049 1074 Antiochia:
3078 1019 3360 1089 epi5r0pns
3396 1017 3590 1082 lactus,

2009 1113 2269 1175 tantaque
2328 1108 2500 1176 gratia
2564 1110 2774 1179 legatos
2816 1110 3098 1164 catholica:
3136 1111 3286 1179 pacis
3332 1109 3604 1163 comitata‘

2005 1207 2105 1260 est,
2135 1199 2484 1257 utJohanucs
2512 1201 2825 1258 Portueusis
2851 1204 3158 1274 episcOpus,
3179 1218 3316 1258 unus
3343 1218 3406 1258 ex
3437 1203 3590 1272 ipsis,

2007 1290 2274 1346 dominica
2301 1304 2616 1349 oetavarutn
2650 1311 2824 1365 pascas
2857 1299 3052 1350 missas
3070 1295 3312 1365 publicas
3337 1295 3386 1348 in
3419 1295 3592 1351 eccle-

2006 1383 2083 1436 sia
2131 1395 2333 1439 sancta:
2373 1386 2588 1456 Sophia:
2632 1404 2814 1443 coram
2875 1387 3118 1459 principe
3179 1397 3233 1442 et
3280 1388 3592 1458 patriarcha

2005 1475 2172 1530 latine
2198 1478 2520 1534 celebraret.
2553 1479 2664 1535 llec
2687 1489 2766 1535 est
2798 1492 2950 1534 sexta
2983 1481 3221 1552 synodus
3245 1480 3588 1546 universalis,

2005 1566 2488 1644 Constantiuopoly
2518 1573 2792 1628 celebrata
2820 1584 2872 1627 ct
2894 1572 3069 1628 Greco
3095 1587 3343 1627 sermone
3362 1573 3588 1642 scripta,

2006 1662 2338 1731 temporibus
2367 1679 2517 1732 papa:
2547 1665 2867 1732 Agathonis,
2893 1677 3196 1735 exequeute
3220 1681 3285 1721 ac
3314 1666 3587 1720 residente

2002 1758 2247 1828 piissimo
2273 1757 2517 1827 principe
2548 1758 2907 1812 Constantino
2941 1758 3078 1812 intra
3109 1759 3381 1828 palacium
3406 1774 3585 1818 suum,

2002 1851 2272 1919 simulque
2310 1851 2502 1919 legatis
2550 1851 2859 1920 apostoiicze
2898 1851 3045 1905 s=-dis
3088 1861 3142 1906 et.
3187 1851 3456 1921 episcopis
3487 1851 3589 1907 150

2001 1943 2388 1996 residentibus.
2430 1943 2610 1997 Prima
2648 1944 2792 1997 enim
2832 1943 3153 1998 universalis
3194 1944 3243 1998 in
3271 1944 3430 1999 Nic-ea
3459 1961 3588 2000 con-

1999 2046 2217 2105 gregata
2270 2045 2455 2090 contra
2487 2037 2530 2066 "
2585 2035 2774 2089 Arium
2831 2035 2934 2090 518
2965 2046 3202 2106 patrum,
3255 2038 3586 2108 temporibus

1998 2127 2122 2181 Julii
2157 2143 2308 2198 papa.-
2353 2129 2453 2182 sub
2501 2127 2863 2183 Constantino
2912 2129 3187 2198 principe;
3240 2129 3476 2184 secunda
3529 2130 3584 2184 in

1999 2221 2480 2292 Constantinopoly
2527 2220 2629 2275 150
2661 2230 2877 2291 patrum
2911 2231 3099 2276 contra
3127 2221 3500 2278 Macedoniam
3531 2231 3589 2277 et

1999 2312 2324 2380 Eudoxium,
2370 2314 2703 2385 temporibus
2775 2316 2985 2370 Damasi
3044 2331 3179 2386 pape
3234 2325 3289 2370 et
3342 2315 3586 2372 Gratiani

1998 2405 2283 2474 principis,
2315 2407 2530 2475 quando
2569 2404 2854 2461 Nectarius
2891 2407 3064 2461 eidem
3107 2408 3228 2462 urbi
3258 2417 3343 2462 est
3367 2408 3590 2462 ordina-

2000 2505 2085 2550 tus
2116 2498 2428 2568 episcopus;
2467 2497 2624 2551 tertia
2665 2497 2718 2551 in
2757 2497 2970 2567 Epheso
3013 2497 3119 2552 200
3153 2509 3366 2570 patrum
3397 2510 3585 2554 centra

1997 2587 2308 2642 Nestorium
2335 2589 2592 2658 Augusta:
2609 2589 2758 2643 urbis
2787 2590 3122 2658 episcopum,
3150 2591 3251 2644 sub
3277 2588 3584 2644 Theodosio

1997 2679 2188 2748 Magno
2216 2680 2458 2748 principe
2485 2689 2539 2734 et
2591 2696 2727 2750 papa
2753 2679 3054 2746 Celestino;
3085 2690 3278 2750 quarta
3312 2681 3364 2734 iu
3396 2678 3588 2735 Caice»

1995 2773 2134 2826 done
2160 2781 2371 2840 patrum
2401 2771 2529 2838 650,
2553 2770 2654 2826 sub
2683 2771 2865 2826 Leone
2895 2786 3032 2842 papa
3079 2770 3416 2842 temporibus
3446 2770 3589 2824 Mar-

1994 2863 2135 2917 ciani
2185 2863 2465 2933 principis,
2522 2871 2714 2918 contra
2765 2863 3034 2918 Eulbicen
3084 2857 3588 2932 neplnandisbittiu-nl

1995 2955 2282 3025 pra-sulem
2319 2954 2744 3020 monachorum;
2786 2953 2979 3024 quinta
3010 2954 3137 3008 item
3175 2952 3228 3006 iu
3269 2951 3588 3007 Constanti-

1922 3063 1965 3124 ρ
1999 3048 2212 3119 nepoly,
2237 3048 2573 3117 temporibus
2595 3047 2777 3117 Vigilii
2801 3063 2954 3116 papa:
2979 3045 3405 3102 sobJustiniauo
3435 3043 3588 3116 priu-

1995 3141 2135 3208 cipe,
2172 3151 2360 3193 contra
2393 3139 2739 3193 Theodorum
2775 3147 2830 3191 et
2856 3153 3048 3194 moues
3086 3137 3392 3203 hereticos;
3434 3145 3589 3191 sexta

1993 3232 2109 3285 haec
2148 3230 2215 3284 de
2260 3245 2366 3300 qua
2405 3229 2457 3284 in
2484 3231 2738 3300 prmsenti
2773 3230 3032 3284 diximus.
3073 3229 3275 3283 Sancta
3299 3236 3354 3283 et
3391 3243 3589 3298 perpe-

1997 3335 2086 3377 tua
2121 3323 2272 3394 virgo
2311 3321 2513 3377 Christi
2546 3321 2862 3387 Ediidruda,
2890 3322 2997 3376 lilia
3025 3320 3182 3376 Anne
3213 3321 3356 3391 regis
3383 3321 3604 3396 Auglo-r

1995 3431 2136 3479 rmn,
2168 3423 2223 3467 et
2245 3415 2419 3482 primo
2441 3412 2600 3467 alteri
2625 3413 2742 3468 viro
2771 3413 3187 3484 permagnilico,
3216 3421 3270 3467 et
3304 3420 3422 3475 post
3446 3411 3586 3466 llccv

1992 3507 2132 3560 frido
2157 3509 2270 3575 regi
2303 3503 2502 3574 conjux
2533 3503 2680 3569 data,
2718 3513 3002 3574 postquam
3030 3503 3096 3558 12
3145 3518 3318 3558 annos
3370 3503 3462 3557 the
3496 3517 3586 3556 um

1993 3601 2310 3668 incorrupta
2348 3599 2589 3653 servavit
2624 3598 2951 3663 maritalem,
2985 3605 3110 3668 post
3149 3598 3412 3667 reginam,
3439 3611 3588 3651 sum-

1993 3703 2084 3762 pto
2127 3690 2396 3745 velamine
2444 3704 2623 3754 sacro,
2667 3689 2818 3759 virgo
2860 3688 3292 3744 sanctimonialis
3329 3687 3582 3742 cllicitnr.

1991 3783 2102 3838 Nec
2132 3797 2304 3846 mora,
2340 3782 2504 3837 etiam
2531 3781 2806 3850 virginum
2843 3790 3016 3835 mater
3048 3791 3102 3836 et
3130 3779 3313 3834 nutrix
3339 3781 3425 3848 pia
3458 3795 3586 3833 sau-

1990 3883 2226 3937 etarum,
2255 3883 2479 3942 accepto
2506 3874 2556 3926 iu
2581 3872 3003 3927 construendum
3030 3870 3416 3927 monasterium
3443 3870 3582 3934 loco,

1989 3980 2150 4035 quem
2196 3964 2345 4034 Eilge
2373 3973 2592 4019 vocant.
2643 3961 2810 4030 Cujus
2855 3962 3049 4016 merita
3101 3961 3307 4016 vivacia
3353 3969 3586 4014 testatur

1988 4057 2154 4112 etiam
2204 4065 2417 4111 mortua
2466 4072 2612 4119 caro,
2649 4070 2770 4125 qua:
2819 4063 2873 4109 et
2919 4063 3039 4124 post
3082 4054 3148 4110 16
3192 4068 3364 4107 annos
3398 4052 3582 4122 scpul~

1992 4161 2126 4204 tura:
2174 4164 2297 4204 cum
2346 4164 2496 4204 veste
2561 4164 2666 4219 qua
2713 4147 2954 4204 involuta
3001 4156 3086 4203 est
3129 4148 3447 4216 incorrupta
3497 4161 3585 4198 re-

2025 4244 2220 4297 eritur.

2025 4259 2220 4297 eritur.

1987 4259 2021 4312 ρ
2060 4333 2270 4388 Mortuo
2291 4347 2508 4403 quoque
2537 4331 2772 4387 Maximo
2800 4333 2902 4386 bac
2931 4338 3271 4401 tempestate,
3295 4329 3385 4400 qui
3409 4326 3584 4383 eccle-

296 4413 398 4483 di.)
422 4413 522 4479 Qui
547 4415 939 4487 benignissime
962 4420 1196 4490 suscepti
1222 4437 1251 4474 a
1277 4421 1735 4476 revereedissimo
1760 4423 1882 4478 ﬁdei
1914 4407 1963 4467 D
1992 4429 2133 4483 siam
2162 4428 2498 4485 Gradeuscm
2531 4428 2855 4498 gubernavit
2883 4443 3054 4482 annos
3085 4425 3180 4491 20,
3208 4425 3336 4478 huic
3366 4437 3582 4478 succes-

296 4507 579 4562 catlioliczc
611 4509 901 4565 defensore
933 4511 1310 4578 Constantine,
1335 4513 1471 4582 jussi
1505 4522 1654 4574 sunt.
1690 4517 1882 4570 remis-

297 4599 370 4652 sis
402 4600 866 4670 disputationibus
903 4605 1312 4676 philosOpbicis,
1353 4607 1579 4677 pacilico
1614 4609 1884 4678 colloquio

294 4691 360 4745 de
407 4693 511 4747 lide
544 4711 666 4749 vera
704 4697 1040 4766 perquirere.
1089 4701 1241 4754 Datis
1285 4701 1450 4772 igitur
1480 4701 1560 4755 eis
1593 4701 1656 4755 de
1692 4703 1887 4756 biblio-

293 4785 450 4838 theca
501 4784 1098 4858 COIISltlillit’lOpOliinlla
1137 4795 1348 4846 cunctis
1393 4793 1738 4861 antiquorum
1783 4813 1880 4867 pa-

295 4886 460 4939 trum,
505 4893 641 4946 quos
695 4878 974 4947 petebant,
1021 4881 1232 4945 libellis,
1289 4883 1560 4939 affuerunt
1604 4896 1783 4940 autem
1827 4897 1883 4942 et

290 4966 527 5037 episcopi
562 4968 688 5034 l50,
729 4971 1050 5038 praesidente
1090 4973 1348 5045 Gregorio
1375 4975 1687 5046 patriarcha
1723 4980 1883 5051 regia:

1991 4521 2064 4576 sit
2095 4520 2404 4591 Stephanus
2453 4521 2792 4590 patriarcha.
2833 4517 2917 4591 (P.
2946 4519 3005 4572 D.
3042 4533 3096 4581 v,
3140 4517 3250 4587 l7.)
3279 4514 3436 4570 Circa
3481 4514 3583 4567 hec

1991 4621 2234 4682 tempora
2260 4613 2443 4683 Lupus
2462 4613 2570 4666 dux
2596 4610 2917 4679 Forjulanus
2941 4611 2992 4664 in
3021 4609 3233 4666 Gradus
3264 4605 3434 4661 insula
3458 4619 3582 4658 cum

1989 4706 2228 4772 equestri
2258 4705 2503 4760 exercitu
2528 4719 2625 4774 per
2647 4712 2818 4758 strata
2844 4717 2964 4773 quae
2989 4700 3290 4769 antit'luitus
3311 4712 3408 4767 per
3434 4709 3584 4748 mare

1993 4795 2133 4849 facta
2180 4797 2396 4852 fuerant
2440 4794 2708 4860 introivit,
2747 4807 2826 4862 et,
2852 4795 3143 4863 depretiata
3192 4793 3306 4862 ipsa
3340 4785 3585 4850 civitate,

1991 4887 2395 4962 Aquilcgiensis
2413 4891 2658 4945 ecclesiae
2687 4892 2972 4947 thesauros
2997 4887 3196 4944 exinde
3220 4885 3476 4940 auferens
3504 4894 3592 4933 rc-

1991 4986 2247 5048 portavit.

1580 5110 1813 5169 VARIAS
1855 5113 2258 5174 LECTIONES.

364 5210 479 5251 ιε’-ιθ
508 5212 608 5267 liii.
645 5215 680 5268 5
713 5251 729 5265 .
810 5213 849 5242 ²¹
881 5214 954 5271 ita
987 5221 1210 5290 corrigo.
1241 5221 1393 5278 Falsa
1424 5236 1485 5276 se
1507 5220 1560 5274 5-

1643 5224 1691 5254 "
1719 5242 1814 5281 v0.1:
1845 5230 1986 5282 deest
2010 5225 2060 5278 in
2098 5233 2217 5286 cod.

1797 5340 2008 5400 ΝΟΤΑΞ
2019 5380 2034 5394 .
