4108 5412
496 391 589 449 891

1687 394 1967 452 JOANNIS
2007 399 2273 456 DlACONl
2316 403 2560 460 VENE'I‘I

3641 418 3748 475 892

574 517 668 579 (vi,
700 507 810 578 l2.)
864 506 1008 561 lnter
1049 506 1164 560 haec
1197 504 1586 562 Constantinus
1613 509 1904 579 imperator
1931 515 2070 580 apud
2101 520 2148 574 Α
2179 516 2451 572 votissime
2481 536 2804 588 componere
2828 525 3100 595 variisque
3146 528 3506 586 marmoribus
3549 533 3750 587 conde-

498 598 1032 668 ConstantinOpolym
1072 597 1324 662 moritur,
1363 607 1418 653 et
1441 599 1558 670 ejus
1589 600 1731 656 ﬁlius
1757 602 1934 656 minor
1978 601 2073 656 Ju-

498 694 764 748 stinianus
802 690 1167 744 Romanorum
1219 703 1442 760 regnum
1493 692 1749 762 suscepit,
1783 694 1939 763 cujus
1978 708 2075 762 per

498 801 668 840 annos
702 783 764 838 l0
790 781 1153 852 gubernacula
1188 783 1379 836 tenuit.
1407 783 1504 837 llic
1532 784 1768 838 Atricam
1797 801 1826 839 a
1853 784 2075 840 Sarace-

501 877 584 930 nis
609 872 848 936 abstulit,
890 881 944 925 et
990 887 1110 925 cum
1150 872 1353 926 eisdem
1402 889 1588 940 pacem
1641 883 1782 928 terra
1833 875 2076 942 marique

477 952 646 1019 -l'ccit.
673 963 771 1018 Hic
801 962 1050 1032 Sergium
1081 962 1414 1031 pontificem,
1449 965 1574 1033 quia
1610 965 1661 1018 in
1694 968 1900 1021 erroris
1933 966 2075 1021 illius

500 1055 726 1127 synodo,
783 1071 943 1124 quam
996 1054 1475 1128 Constantiimpoly
1531 1057 1754 1123 fecerat,
1792 1059 1975 1115 favere
2022 1070 2078 1115 et

500 1147 844 1202 subscribere
874 1147 1067 1211 noluit,
1116 1148 1282 1201 misso
1332 1147 1593 1202 Zacharia
1640 1135 2077 1221 prothospatario

506 1255 628 1303 suo,
663 1238 829 1308 jussit
859 1239 1395 1312 Constantinopolym
1425 1241 1717 1311 deportari.
1752 1243 1856 1298 Sed
1886 1243 2077 1298 militia

507 1331 780 1385 Ravenna}
813 1332 1222 1402 vicinarumque
1248 1333 1655 1402 partinmjussa
1686 1335 1947 1405 principis
1982 1351 2081 1389 ne-

503 1422 711 1492 pltanda
743 1433 1113 1487 contemnens,
1159 1424 1406 1478 eumdem
1453 1425 1771 1481 Zachariam
1801 1444 1922 1483 cum
1950 1444 2080 1481 con-

506 1515 738 1569 tumeliis
761 1516 828 1569 ab
857 1517 990 1570 urbe
1024 1516 1190 1570 Roma
1229 1525 1280 1570 et
1317 1516 1528 1585 injuriis
1560 1519 1784 1589 pepulit.
1816 1519 2079 1574 Justinia-

505 1623 605 1662 nus
635 1609 702 1660 οἳ)
726 1607 937 1677 culpam
963 1609 1202 1676 perﬁdiae
1230 1610 1374 1679 regni
1399 1609 1566 1678 gloria
1601 1613 1844 1680 privatus
1871 1611 1995 1666 exul
2026 1613 2080 1668 in

422 1753 424 1756 ,
505 1698 735 1752 Pontum
807 1701 1027 1754 secedit.
1086 1699 1240 1754 Anno
1301 1702 1368 1754 ab
1431 1702 1803 1758 incarnatione
1868 1705 2078 1759 Domini

507 1790 900 1846 sexcentesimo
930 1793 1324 1861 septuagesimo
1357 1794 1592 1848 secundo
1636 1794 1944 1865 Stephanus
1985 1814 2078 1866 pa.

511 1882 824 1939 triaichaex
855 1883 952 1940 hac
977 1883 1092 1940 luce
1119 1885 1387 1954 migravit,
1417 1886 1504 1954 qui
1533 1887 1813 1943 ecclesiam
1838 1888 2078 1944 Craden-

509 1988 621 2028 sem
656 1975 796 2028 rexit
821 1977 976 2029 annis
1004 1977 1266 2046 quinque.
1296 1977 1431 2031 lluic
1459 1978 1731 2049 Agathon.

581 2065 650 2138 (c.
697 2066 808 2137 ιβ.)
840 2067 1036 2121 Contra
1075 2069 1217 2125 hunc
1252 2071 1683 2140 suprascriptum
1718 2071 2087 2128 Justinianmn

508 2155 619 2213 Leo
654 2159 993 2230 augustalem
1025 2159 1343 2230 dignitatem
1397 2161 1688 2233 arripiens,
1744 2181 1867 2219 enin
1928 2180 2093 2236 regno

510 2251 756 2320 privavit.
794 2251 1146 2322 Regnnmque
1190 2250 1555 2307 Romanorum
1592 2256 1765 2311 tribus
1804 2258 1962 2312 annis
2005 2273 2091 2312 re-

514 2357 664 2412 gens,
691 2329 1056 2398 Iustinianum
1089 2343 1301 2398 exulem
1327 2345 1378 2398 in
1405 2345 1576 2400 Ponto
1611 2350 1865 2403 servavit.
2120 2329 2122 2332 θ

587 2435 902 2506 [lusumque
928 2436 1178 2491 Tiberius
1225 2448 1414 2490 contra
1465 2440 1611 2494 hunc
1637 2440 1874 2496 Leonem
1922 2442 2100 2494 insur-

517 2518 687 2595 gens,
742 2543 967 2599 regnum
1013 2529 1128 2598 ejns
1171 2529 1385 2594 invasit,
1423 2547 1657 2600 eumque
1693 2541 1804 2586 toto
1833 2549 1939 2602 quo
1986 2533 2101 2603 ipse

515 2619 765 2688 regnavit
827 2627 1068 2675 tempore
1115 2621 1169 2675 in
1213 2621 1404 2675 eadem
1461 2623 1686 2678 civitate
1739 2625 1793 2678 in
1849 2625 2098 2683 custodia

519 2711 714 2765 tenuit.

589 2803 1004 2876 (e.5l.)Atvero
1028 2814 1384 2873 ausumanns,
1405 2825 1497 2878 qm
1517 2808 1775 2864 ammisso
1801 2807 2103 2880 principatu

519 2898 575 2952 in
592 2899 755 2953 l‘onto
770 2899 1042 2964 exulabat,
1055 2901 1256 2955 auxilio
1270 2901 1531 2956 Terebelli
1547 2900 1838 2972 Vulgarum
1858 2902 2107 2972 regis,re-

521 3005 685 3060 gnum
709 3006 896 3045 rursus
913 2992 1200 3068 recipiens,
1215 3009 1308 3048 eos
1325 2995 1414 3062 qui
1429 3008 1486 3048 se
1499 2994 1820 3064 expulerant
1846 2993 2105 3064 patricios

521 3083 737 3138 cecidit.
763 3082 998 3138 Leonem
1021 3100 1236 3154 quoque
1256 3095 1308 3139 et
1333 3086 1646 3156 'l‘yberium,
1665 3087 1756 3156 qui
1785 3085 1960 3140 locum
1988 3084 2106 3153 ejus

2176 621 2301 660 cora
2311 624 2365 661 re
2395 610 2714 678 perfecerat.

2248 700 2328 770 (P.
2373 701 2432 754 ἶ).
2468 717 2550 767 vi,
2594 701 2684 774 54)
2717 703 2788 760 At
2829 721 2953 761 vero
2990 708 3348 780 Philippicus,
3393 713 3485 782 qui
3519 723 3573 769 et
3613 713 3750 770 Bar-

2175 791 2332 848 danis
2374 793 2582 862 dictus,
2618 806 2902 868 postquam
2941 801 3207 872 imperiali
3245 805 3508 876 dignitate
3547 808 3753 863 conﬁr-

2179 891 2357 936 matus
2380 892 2482 946 est,
2507 884 2726 955 Cyrum,
2760 887 2826 943 de
2848 904 2954 958 quo
2983 891 3315 959 dixeramus,
3345 895 3411 950 de
3432 897 3754 966 pontiﬁcatu

2177 971 2406 1041 ejectum
2440 975 2506 1029 ad
2539 977 2950 1047 gubernandum
2981 985 3368 1038 monasterium
3406 1001 3564 1041 suum
3611 988 3756 1042 Pon-

2180 1073 2292 1118 tum
2343 1067 2520 1122 redire
2566 1070 2826 1138 precepit.
2871 1069 2970 1126 llic
3022 1071 3353 1143 Philippicns
3400 1075 3759 1132 Constantino

2180 1170 2329 1224 papa?
2357 1155 2566 1212 litteras
2595 1159 2743 1227 pravi
2777 1159 3046 1229 dogmatis
3077 1163 3307 1227 direxit;
3345 1181 3481 1234 quas
3514 1165 3602 1219 ille
3632 1181 3758 1220 cum

2181 1243 2474 1312 apostolice
2501 1247 2647 1301 sedis
2673 1248 2904 1303 concilio
2932 1251 3157 1319 respuit.
3196 1252 3262 1306 Et
3295 1253 3450 1322 hujus
3482 1253 3558 1306 rei
3591 1268 3758 1308 causa

2182 1335 2309 1390 fecit
2330 1337 2568 1406 picturas
2593 1337 2644 1390 in
2679 1340 2889 1407 porticu
2923 1342 3097 1396 sancti
3122 1341 3297 1406 Petri,
3329 1359 3450 1412 quae
3482 1352 3631 1413 gesta
3665 1358 3764 1397 sex

2182 1437 2493 1482 sanctarum
2532 1430 2862 1500 synodorum
2901 1432 3288 1487 universalium
3331 1434 3584 1488 retinent.
3624 1432 3762 1486 Nam

2182 1520 2486 1588 hujusmodi
2521 1523 2779 1591 picturas,
2817 1539 2939 1578 cum
2977 1524 3308 1580 haberentur
3339 1525 3392 1579 in
3423 1526 3558 1579 urbe
3587 1525 3763 1595 regia,

2183 1611 2512 1684 Philippieus
2538 1615 2775 1683 jusserat
2803 1616 3027 1673 auferri.
3066 1618 3270 1675 Statuit
3303 1619 3532 1689 populus
3567 1619 3768 1673 Roma-

2185 1719 2286 1757 nus
2330 1720 2398 1759 ne
2438 1705 2658 1760 heretici
2697 1708 3038 1778 imperatoris
3090 1726 3287 1766 nomen
3326 1720 3417 1765 aut
3451 1720 3633 1766 cartas
3674 1719 3769 1765 aut

2187 1793 2413 1864 ﬁguram
2449 1795 2635 1852 solidis
2676 1799 3034 1868 susciperent.
3076 1800 3231 1856 Unde
3274 1817 3374 1857 nec
3411 1802 3531 1872 ejus
3565 1800 3772 1872 efﬁgies

2193 1887 2244 1941 in
2277 1887 2502 1942 ecclesia
2534 1889 2840 1945 introducta
2867 1897 2982 1958 est,
3017 1906 3120 1952 nec
3153 1906 3348 1949 nomen
3377 1891 3446 1946 ad
3476 1891 3771 1947 missarum

2192 1978 2451 2034 solemnia
2483 1980 2776 2050 prolatum.

2263 2073 2362 2128 Hic
2388 2089 2510 2128 cum
2537 2089 2736 2129 annum
2768 2089 2934 2132 unum
2960 2084 3016 2131 et
3043 2090 3136 2134 sex
3163 2091 3376 2132 menses
3405 2090 3630 2148 regnum
3655 2091 3778 2148 ges-

2193 2165 2375 2229 sisset,
2423 2176 2615 2220 contra
2661 2167 3004 2233 Anastasius,
3045 2169 3138 2238 qui
3182 2175 3239 2224 et
3273 2169 3553 2227 Artemius
3599 2170 3779 2226 dictus

2195 2265 2296 2321 est,
2333 2259 2636 2329 insurgens,
2665 2275 2787 2316 eum
2813 2269 2968 2315 extra
3001 2276 3227 2330 regnum
3251 2261 3458 2332 expulit
3489 2263 3779 2319 oculisuue

2199 2350 2448 2417 privavit,
2481 2365 2581 2405 nec
2614 2359 2793 2410 tamen
2827 2352 3046 2412 occidit.
3084 2353 3182 2410 llic
3209 2354 3530 2410 Anastasius
3562 2355 3780 2411 litteras

2197 2439 2552 2498 Constantino
2592 2457 2742 2512 papae
2771 2442 3001 2497 Romam
3045 2459 3143 2513 per
3185 2444 3576 2511 Scolasticum,
3606 2447 3778 2516 patri-

2199 2533 2342 2587 cium
2377 2543 2430 2590 et
2459 2550 2714 2592 exarcum
2745 2535 2966 2601 Ytaliae,
2997 2536 3226 2602 direxit,
3256 2537 3453 2607 quibus
3487 2552 3548 2592 se.
3575 2538 3784 2593 fauetoo.

2204 2638 2316 2678 rem
2353 2624 2635 2680 catholicae
2667 2623 2788 2680 ﬁdei
2811 2633 2867 2680 et
2902 2625 3076 2680 sancti
3108 2623 3248 2680 sexti
3278 2624 3496 2680 concilii
3532 2624 3782 2696 predica-

2205 2725 2376 2772 torem
2409 2732 2466 2771 se
2493 2732 2613 2772 esse
2632 2717 2951 2772 declaravit.

2276 2806 2441 2876 Igitur
2462 2807 2588 2860 dum
2610 2807 2752 2878 apud
2773 2807 2998 2862 eandem
3027 2807 3354 2877 provintiam
3389 2808 3438 2850 ’ἔ
3465 2808 3784 2878 pupillorum

2206 2899 2547 2954 multitudine
2575 2909 2978 2970 permanerent,
3006 2901 3237 2956 tribunis
3269 2902 3642 2956 tantummodo
3673 2915 3788 2953 ma-

2207 2989 2423 3045 luerunt
2466 2991 2707 3046 subesse.
2745 2990 2898 3046 Unde
2934 2991 3132 3048 factum
3168 3001 3252 3047 est
3280 3007 3410 3062 quo,
3443 2992 3621 3062 spatio
3654 3006 3782 3046 cen-

2209 3091 2322 3136 tum
2373 3084 2765 3154 quinquaginta
2814 3099 3102 3149 annorum,
3135 3099 3464 3154 unoquoque
3515 3099 3663 3138 anno
3719 3086 3787 3138 ad

523 3185 939 3244 usurpaverant,
973 3178 1134 3245 cepit,
1171 3185 1226 3230 et
1267 3177 1320 3230 in
1355 3177 1531 3231 medio
1560 3178 1704 3231 circo
1732 3193 1916 3232 coram
1944 3176 2094 3230 omni
2133 3211 2178 3273 Ο
2214 3175 2371 3245 hujus
2392 3176 2549 3230 ollicii
2581 3175 2852 3247 fastigium
2881 3176 3268 3242 sublimabant,
3301 3178 3390 3246 qui
3418 3177 3632 3238 illorum
3659 3192 3789 3232 cauo

527 3265 722 3336 pepulo
753 3265 990 3335 jugulari
1034 3268 1187 3331 fecit;
1233 3267 1519 3322 Gallicium
1568 3284 1698 3323 vero
1737 3269 2104 3338 patriarcham

525 3355 1218 3430 Constantinopolytanum,
1272 3359 1441 3414 erutis
1475 3359 1663 3423 oculis,
1722 3360 1946 3414 Romam
2003 3359 2108 3413 mi-

527 3450 620 3514 sit,
650 3449 954 3520 Cyrumque
985 3451 1256 3514 abbatem,
1287 3452 1380 3520 qui
1418 3466 1540 3505 eum
1589 3452 1643 3505 in
1682 3450 1855 3505 Ponto
1895 3450 2108 3505 exulem

531 3541 757 3605 aluerat,
793 3543 1100 3613 episcopum
1127 3544 1181 3597 in
1219 3543 1397 3597 locum
1434 3541 1642 3597 Gallicii
1673 3543 1972 3597 constituit.
1999 3542 2112 3597 Hoc

529 3633 938 3688 Constantinum
971 3649 1164 3704 papam
1207 3636 1273 3688 ad
1317 3648 1375 3689 se
1416 3633 1602 3688 venire
1636 3635 1857 3705 jubens,
1893 3635 2114 3691 honori-

531 3725 632 3781 ﬁce
655 3728 890 3796 suscepit
915 3743 980 3782 ac
1005 3727 1228 3790 remisit,
1258 3743 1417 3798 quem
1440 3736 1742 3798 prostratus
1764 3727 1816 3781 in
1843 3738 1983 3782 terra
2017 3744 2112 3797 pro

531 3821 643 3876 suis
677 3821 912 3890 peccatis
948 3821 1280 3876 intercedere
1314 3838 1528 3891 rogans,
1563 3830 1758 3876 cuncta
1789 3820 1906 3889 ejus
1934 3821 2107 3876 eccle-

532 3912 624 3966 sia:
646 3911 922 3982 privilegia
942 3915 1238 3968 renovavit.
1263 3913 1362 3980 Qui
1386 3929 1505 3966 cum
1533 3912 1832 3966 exercitum
1865 3912 1918 3965 in
1943 3912 2113 3966 Ponto

535 4004 774 4057 mitteret
806 4006 872 4060 ad
925 4005 1486 4075 comprehendendum
1535 4004 1914 4074 Philippieum,
1951 4020 2112 4072 quem

536 4093 606 4148 ibi
634 4095 989 4165 relegaverat,
1017 4095 1244 4149 multum
1267 4112 1386 4150 eum
1409 4095 1612 4150 eisdem
1636 4093 1956 4148 venerabilis
1978 4108 2114 4162 papa

535 4187 810 4255 prohibuit
855 4205 921 4242 ne
958 4190 1058 4243 hoc
1089 4188 1266 4244 facere
1298 4188 1588 4250 deberent;
1630 4185 1726 4240 sed
1774 4193 1951 4239 tamen
1979 4183 2120 4237 inhi-

534 4274 663 4328 bere
693 4262 1023 4345 nonpotuit.
1055 4278 1128 4345 (c.
1161 4274 1281 4345 32.)
1312 4274 1617 4329 Conversus
1641 4273 1820 4327 omnis
1843 4271 2119 4326 exercitus

537 4367 604 4418 ad
634 4377 816 4434 partes
842 4366 1146 4438 Philippici,
1175 4366 1303 4420 fecit
1330 4382 1449 4420 enm
1485 4365 1684 4420 ibidem
1715 4366 2116 4432 imperatorem.

539 4457 912 4527 Reversusque
951 4475 1072 4512 eum
1102 4475 1166 4513 eo
1206 4460 1280 4516 ad.
1315 4457 1874 4527 Constantinopolym,
1911 4472 2116 4527 pugna-

2211 3280 2300 3318 sas
2330 3265 2599 3320 examinis
2637 3280 2867 3322 censura
2901 3268 3136 3336 experiri
3177 3275 3510 3338 satagerent.
3552 3267 3620 3321 Et
3653 3283 3789 3336 quo-

2211 3356 2352 3410 niam
2381 3357 2602 3412 omnino
2633 3359 2836 3427 patrios
2868 3358 3006 3414 ﬁnes
3035 3358 3291 3420 dolebant
3327 3375 3356 3414 a
3388 3359 3638 3418 barbaris
3671 3375 3794 3428 pos-

2210 3446 2408 3512 sideri,
2446 3447 2680 3501 maxima
2723 3449 2861 3502 inter
2889 3457 3143 3518 utrasque
3173 3448 3556 3520 partesjurgia
3604 3464 3780 3508 versa:

2210 3537 2428 3600 bantur,
2457 3536 2530 3591 ita
2562 3545 2620 3590 ut
2648 3537 2787 3591 inter
2815 3553 2872 3592 se
2899 3539 3136 3593 vicissim
3172 3539 3447 3594 molestias
3471 3549 3526 3594 et
3556 3540 3795 3610 depopu-

2214 3626 2441 3682 lationes
2483 3626 2733 3682 conferre
2781 3629 3143 3683 decertarent.
3192 3628 3550 3698 Temporibus
3601 3645 3793 3700 nempe

2218 3718 2560 3786 imperatoris
2588 3718 2863 3774 Anastasii
2908 3729 2962 3774 et
2994 3719 3286 3791 Liuprandi
3315 3719 3795 3788 Langobardormu

2217 3811 2360 3880 regis
2387 3809 2665 3880 (715ο716)
2696 3825 2885 3865 omnes
2915 3809 3161 3866 Venetici
3190 3826 3295 3865 una
3327 3826 3448 3866 cum
3480 3811 3793 3880 patriarcha

2218 3909 2272 3955 et
2300 3900 2572 3969 episcopis
2602 3901 2988 3964 convenientes
3008 3942 3022 3964 ,
3051 3900 3324 3955 communi
3365 3901 3590 3955 consilio
3617 3899 3797 3955 deter-

2219 3992 2579 4055 ininaverunt,
2604 3992 2747 4062 quod
2775 3993 2971 4049 dehinc
2998 3992 3368 4051 honorabilius
3395 4000 3540 4047 esset
3570 3991 3673 4048 sub
3702 3991 3798 4046 du-

2218 4084 2372 4138 cibus
2402 4099 2563 4152 quam
2596 4084 2695 4138 sub
2726 4084 2958 4139 tribunis
2996 4098 3235 4139 manere.
3266 4084 3512 4154 Cumque
3545 4069 3637 4137 diu
3675 4098 3800 4153 per-

2223 4185 2519 4231 tractarent
2545 4193 2703 4246 quem
2728 4177 2939 4231 illorum
2991 4177 3056 4234 ad
3087 4178 3227 4236 hanc
3255 4176 3573 4247 dignitatem
3603 4190 3798 4244 prove-

2223 4271 2435 4334 herent,
2463 4270 2676 4324 tandem
2701 4271 3023 4324 invenerunt
3049 4269 3434 4338 peritissimum
3462 4276 3516 4322 et
3538 4267 3800 4321 illustrem

2221 4366 2396 4417 virum
2433 4363 2787 4417 Paulitionem
2820 4363 3066 4427 nomine;
3099 4362 3182 4417 cui
3215 4360 3519 4430 jusjurandi
3561 4359 3609 4390 "
3641 4359 3802 4422 ﬁdem

2224 4454 2431 4519 dantes,
2461 4469 2583 4508 eum
2611 4453 2750 4522 apud
2776 4452 3112 4506 Eraclianam
3141 4453 3414 4506 civitatem
3446 4450 3638 4505 ducem
3671 4463 3803 4503 con-

538 4549 617 4601 vit
668 4557 856 4601 contra
900 4547 1264 4603 Justinianum
1328 4549 1394 4602 ad
1444 4548 1821 4602 duodecimum
1877 4546 1946 4601 ab
1989 4545 2122 4600 urbe
2152 4570 2200 4628 D
2227 4543 2536 4598 stituerunt.
2582 4543 2682 4609 Qui
2715 4550 2878 4596 tanta:
2909 4539 3084 4597 fuerat
3125 4541 3529 4611 temperantiae,
3559 4549 3618 4594 ut
3648 4552 3803 4608 mque

539 4636 854 4690 miliarium.
893 4638 1078 4692 Evieto
1112 4649 1274 4708 atque
1319 4637 1854 4708 occiso_Justiniano,
1899 4651 2121 4707 regnum

540 4727 781 4796 suscepit
809 4726 1162 4797 l’hilippicus.

611 4818 724 4874 Hoc
749 4836 963 4892 quoque
994 4831 1233 4892 tempore
1257 4830 1468 4878 mortuo
1488 4821 1768 4893 Agathone
1788 4814 2122 4889 patriarcha,

542 4913 635 4992 qui
687 4913 972 4968 ecclesiam
1017 4913 1348 4970 Cradensem
1389 4901 1614 4970 rexerat
1655 4927 1826 4970 annos
1856 4912 1952 4974 10,
2000 4911 2124 4966 huic

546 5007 813 5062 successit
839 5007 1282 5079 Christophorus.
1329 5009 1488 5064 Circa
1519 5010 1634 5062 hinc
1671 5017 1910 5074 tempora
1950 5001 2121 5058 Julia-

544 5083 644 5152 nus
666 5097 960 5154 Altinensis
978 5101 1264 5170 episcOpns
1284 5109 1526 5154 mortuus
1562 5107 1662 5163 est,
1705 5096 1794 5166 qui
1832 5093 2116 5149 ecclesiam

543 5199 758 5244 rexerat
787 5207 954 5246 annos
975 5193 1325 5262 quadraginta
1353 5201 1497 5246 octo.
1522 5190 1656 5243 Huic
1677 5185 1939 5242 successit
1962 5184 2121 5237 Deus-

547 5276 668 5332 dedi
689 5280 996 5353 episc0pus,
1023 5283 1112 5352 qui
1139 5293 1338 5337 sanctae
1370 5279 1649 5352 genitricis
1695 5277 1978 5333 ecclesiam
2023 5275 2116 5327 de-

2230 4635 2597 4689 moderamine
2628 4649 2753 4689 suos
2776 4633 3115 4704 dijudicaret.
3161 4631 3294 4688 Cum
3336 4630 3644 4701 Liuprando
3675 4645 3803 4685 vero

2229 4741 2352 4798 rege
2392 4725 2714 4780 inconvulsze
2756 4725 2904 4794 pacis
2940 4725 3212 4780 vinculum
3254 4723 3622 4787 conﬁrmavit;
3663 4723 3802 4790 apud

2225 4834 2382 4888 quem
2409 4817 2548 4888 pacti
2581 4825 2778 4871 statuta
2800 4857 2814 4880 ,
2843 4832 2963 4885 quae
3001 4832 3141 4870 nunc
3171 4815 3314 4868 inlcr
3345 4812 3722 4868 Veneticornm
3751 4818 3805 4864 et

2225 4907 2696 4978 Langobardorum
2728 4906 2979 4976 populum
3009 4913 3258 4969 manent,
3288 4901 3614 4970 impetravit.
3644 4899 3803 4954 Fines

2225 5005 2387 5058 etiam
2416 5003 2663 5058 Civitatis
2693 5017 2873 5066 novre,
2902 5017 3021 5069 quae
3053 5009 3273 5054 actenus
3314 5013 3342 5049 a
3376 4991 3650 5048 Venetieis
3677 5006 3802 5060 pos-

2222 5093 2484 5152 sidentur,
2536 5093 2634 5146 iste
2689 5108 2810 5145 cum
2863 5091 3051 5145 eodem
3107 5103 3230 5156 rege
3284 5083 3536 5148 instituit,
3568 5082 3620 5136 id
3657 5090 3740 5136 est
3773 5095 3804 5132 a

2225 5183 2388 5237 Plave
2418 5183 2529 5254 (45)
2570 5181 2793 5251 majore,
2827 5179 3121 5235 secundum
3167 5175 3308 5247 quod
3360 5173 3642 5243 designata
3690 5169 3802 5224 loca

2224 5273 2624 5334 discernuntur,
2657 5284 2824 5339 nsque
2859 5269 2910 5322 in
2945 5265 3304 5321 Plavisellam.

1846 5391 1888 5412 ιγ
1906 5389 1923 5412 Δ
1942 5388 2006 5412 DI
2032 5386 2078 5412 ,υ
2115 5385 2136 5412 ἰ
2161 5384 2488 5412 ΙΤΡΊῚΠΚἺΙΡΩ
