  <div class='ocr_page' id='page_1' title='image "/cluster/home/n/w/nwhite01/storage/ocr_20150623/139/hvd.32044015471782/452.png"; bbox 0 0 4108 5412; ppageno 0'>
   <div class='ocr_carea' id='block_1_1' title="bbox 311 374 411 433">
    <p class='ocr_par' dir='ltr' id='par_1_1' title="bbox 311 374 411 433">
     <span class='ocr_line' id='line_1_1' title="bbox 311 374 411 433; baseline -0.04 0"><span class='ocrx_word' id='word_1_1' title='bbox 311 374 411 433; x_wconf 62' lang='lat'><strong>893&#39;»</strong></span> 
     </span>
    </p>
   </div>
   <div class='ocr_carea' id='block_1_2' title="bbox 1553 377 2337 437">
    <p class='ocr_par' dir='ltr' id='par_1_2' title="bbox 1553 377 2337 437">
     <span class='ocr_line' id='line_1_2' title="bbox 1553 377 2337 437; baseline -0.003 -4"><span class='ocrx_word' id='word_1_2' title='bbox 1553 377 1945 435; x_wconf 74' lang='lat' dir='ltr'><strong>CHRONICON</strong></span> <span class='ocrx_word' id='word_1_3' title='bbox 1994 381 2027 432; x_wconf 65' lang='grc' dir='ltr'><strong>Υ</strong></span> <span class='ocrx_word' id='word_1_4' title='bbox 2040 381 2261 437; x_wconf 67' lang='lat' dir='ltr'><strong>ENETU</strong></span> <span class='ocrx_word' id='word_1_5' title='bbox 2274 380 2337 433; x_wconf 75' lang='grc' dir='ltr'><strong>Μ.</strong></span> 
     </span>
    </p>
   </div>
   <div class='ocr_carea' id='block_1_3' title="bbox 3473 374 3579 427">
    <p class='ocr_par' dir='ltr' id='par_1_3' title="bbox 3473 374 3579 427">
     <span class='ocr_line' id='line_1_3' title="bbox 3473 374 3579 427; baseline 0.009 -1"><span class='ocrx_word' id='word_1_6' title='bbox 3473 374 3579 427; x_wconf 66' lang='grc'><strong>894</strong></span> 
     </span>
    </p>
   </div>
   <div class='ocr_carea' id='block_1_4' title="bbox 384 488 3578 564">
    <p class='ocr_par' dir='ltr' id='par_1_4' title="bbox 384 488 3578 564">
     <span class='ocr_line' id='line_1_4' title="bbox 384 488 3578 564; baseline 0 -19"><span class='ocrx_word' id='word_1_7' title='bbox 384 498 538 545; x_wconf 81' lang='lat' dir='ltr'><strong>Auno</strong></span> <span class='ocrx_word' id='word_1_8' title='bbox 584 489 973 546; x_wconf 91' lang='lat' dir='ltr'><strong>incarnationis</strong></span> <span class='ocrx_word' id='word_1_9' title='bbox 1024 488 1235 544; x_wconf 84' lang='lat' dir='ltr'><strong>Domini</strong></span> <span class='ocrx_word' id='word_1_10' title='bbox 1285 492 1383 544; x_wconf 75' lang='grc'><strong>717</strong></span> <span class='ocrx_word' id='word_1_11' title='bbox 1438 493 1483 522; x_wconf 79' lang='grc'><strong>³⁸</strong></span> <span class='ocrx_word' id='word_1_12' title='bbox 1529 493 1897 549; x_wconf 75' lang='lat' dir='ltr'><strong>Cbristoforus</strong></span> <span class='ocrx_word' id='word_1_13' title='bbox 1933 504 1972 555; x_wconf 73' lang='grc' dir='ltr'>Α</span> <span class='ocrx_word' id='word_1_14' title='bbox 2072 499 2229 551; x_wconf 84' lang='lat' dir='ltr'><strong>Circa</strong></span> <span class='ocrx_word' id='word_1_15' title='bbox 2279 497 2393 550; x_wconf 65' lang='lat' dir='ltr'><strong>haec</strong></span> <span class='ocrx_word' id='word_1_16' title='bbox 2446 507 2691 564; x_wconf 86' lang='lat' dir='ltr'><strong>tempora</strong></span> <span class='ocrx_word' id='word_1_17' title='bbox 2742 495 2981 549; x_wconf 86' lang='lat' dir='ltr'><strong>Donatus</strong></span> <span class='ocrx_word' id='word_1_18' title='bbox 3016 492 3321 563; x_wconf 79' lang='lat' dir='ltr'><strong>patriarcha</strong></span> <span class='ocrx_word' id='word_1_19' title='bbox 3366 506 3431 545; x_wconf 84' lang='lat' dir='ltr'><strong>ex</strong></span> <span class='ocrx_word' id='word_1_20' title='bbox 3471 489 3578 545; x_wconf 87' lang='lat' dir='ltr'><strong>hac</strong></span> 
     </span>
    </p>
   </div>
   <div class='ocr_carea' id='block_1_5' title="bbox 315 583 1899 655">
    <p class='ocr_par' dir='ltr' id='par_1_5' title="bbox 315 583 1899 655">
     <span class='ocr_line' id='line_1_5' title="bbox 315 583 1899 655; baseline 0.003 -17"><span class='ocrx_word' id='word_1_21' title='bbox 315 585 625 655; x_wconf 80' lang='lat' dir='ltr'><strong>patriarcha</strong></span> <span class='ocrx_word' id='word_1_22' title='bbox 656 599 721 638; x_wconf 77' lang='lat' dir='ltr'><strong>ex</strong></span> <span class='ocrx_word' id='word_1_23' title='bbox 752 584 852 638; x_wconf 87' lang='lat' dir='ltr'><strong>hac</strong></span> <span class='ocrx_word' id='word_1_24' title='bbox 894 583 1013 639; x_wconf 87' lang='lat' dir='ltr'><strong>luce</strong></span> <span class='ocrx_word' id='word_1_25' title='bbox 1043 584 1313 654; x_wconf 90' lang='lat' dir='ltr'><strong>migravit.</strong></span> <span class='ocrx_word' id='word_1_26' title='bbox 1348 584 1482 639; x_wconf 87' lang='lat' dir='ltr'><strong>Huic</strong></span> <span class='ocrx_word' id='word_1_27' title='bbox 1510 585 1770 641; x_wconf 85' lang='lat' dir='ltr'><strong>successit</strong></span> <span class='ocrx_word' id='word_1_28' title='bbox 1797 587 1899 642; x_wconf 86' lang='lat' dir='ltr'><strong>Do-</strong></span> 
     </span>
    </p>
   </div>
   <div class='ocr_carea' id='block_1_6' title="bbox 317 685 494 730">
    <p class='ocr_par' dir='ltr' id='par_1_6' title="bbox 317 685 494 730">
     <span class='ocr_line' id='line_1_6' title="bbox 317 685 494 730; baseline -0.006 0"><span class='ocrx_word' id='word_1_29' title='bbox 317 685 494 730; x_wconf 88' lang='lat' dir='ltr'><strong>natus.</strong></span> 
     </span>
    </p>
   </div>
   <div class='ocr_carea' id='block_1_7' title="bbox 383 768 1899 843">
    <p class='ocr_par' dir='ltr' id='par_1_7' title="bbox 383 768 1899 843">
     <span class='ocr_line' id='line_1_7' title="bbox 383 768 1899 843; baseline 0.002 -19"><span class='ocrx_word' id='word_1_30' title='bbox 383 768 541 824; x_wconf 90' lang='lat' dir='ltr'><strong>Circa</strong></span> <span class='ocrx_word' id='word_1_31' title='bbox 579 769 693 823; x_wconf 69' lang='lat' dir='ltr'><strong>haec</strong></span> <span class='ocrx_word' id='word_1_32' title='bbox 724 778 962 837; x_wconf 87' lang='lat' dir='ltr'><strong>tempora</strong></span> <span class='ocrx_word' id='word_1_33' title='bbox 1007 768 1271 823; x_wconf 85' lang='lat' dir='ltr'><strong>Deusdedi</strong></span> <span class='ocrx_word' id='word_1_34' title='bbox 1305 769 1660 826; x_wconf 85' lang='lat' dir='ltr'><strong>Torcellensis</strong></span> <span class='ocrx_word' id='word_1_35' title='bbox 1689 771 1899 843; x_wconf 74' lang='lat' dir='ltr'><strong>episco-</strong></span> 
     </span>
    </p>
   </div>
   <div class='ocr_carea' id='block_1_8' title="bbox 318 859 1899 927">
    <p class='ocr_par' dir='ltr' id='par_1_8' title="bbox 318 859 1899 927">
     <span class='ocr_line' id='line_1_8' title="bbox 318 859 1899 927; baseline 0.003 -17"><span class='ocrx_word' id='word_1_36' title='bbox 318 874 433 927; x_wconf 89' lang='lat' dir='ltr'><strong>pus,</strong></span> <span class='ocrx_word' id='word_1_37' title='bbox 460 859 551 927; x_wconf 92' lang='lat' dir='ltr'><strong>qui</strong></span> <span class='ocrx_word' id='word_1_38' title='bbox 582 859 867 912; x_wconf 81' lang='lat' dir='ltr'><strong>ecclesiam</strong></span> <span class='ocrx_word' id='word_1_39' title='bbox 898 868 1111 911; x_wconf 78' lang='lat' dir='ltr'><strong>rexerat</strong></span> <span class='ocrx_word' id='word_1_40' title='bbox 1140 860 1295 913; x_wconf 90' lang='lat' dir='ltr'><strong>annis</strong></span> <span class='ocrx_word' id='word_1_41' title='bbox 1318 859 1408 923; x_wconf 64' lang='grc'><strong>24,</strong></span> <span class='ocrx_word' id='word_1_42' title='bbox 1441 875 1506 914; x_wconf 74' lang='lat' dir='ltr'><strong>ex</strong></span> <span class='ocrx_word' id='word_1_43' title='bbox 1533 862 1631 914; x_wconf 89' lang='lat' dir='ltr'><strong>hac</strong></span> <span class='ocrx_word' id='word_1_44' title='bbox 1662 861 1777 915; x_wconf 88' lang='lat' dir='ltr'><strong>luce</strong></span> <span class='ocrx_word' id='word_1_45' title='bbox 1801 862 1899 915; x_wconf 87' lang='lat' dir='ltr'><strong>mi-</strong></span> 
     </span>
    </p>
   </div>
   <div class='ocr_carea' id='block_1_9' title="bbox 318 949 1588 1021">
    <p class='ocr_par' dir='ltr' id='par_1_9' title="bbox 318 949 1588 1021">
     <span class='ocr_line' id='line_1_9' title="bbox 318 949 1588 1021; baseline 0.004 -20"><span class='ocrx_word' id='word_1_46' title='bbox 318 952 489 1018; x_wconf 87' lang='lat' dir='ltr'><strong>gravit</strong></span> <span class='ocrx_word' id='word_1_47' title='bbox 512 966 527 1016; x_wconf 90' lang='lat'><strong>;</strong></span> <span class='ocrx_word' id='word_1_48' title='bbox 553 951 637 1005; x_wconf 87' lang='lat' dir='ltr'><strong>cui</strong></span> <span class='ocrx_word' id='word_1_49' title='bbox 662 951 926 1005; x_wconf 83' lang='lat' dir='ltr'><strong>successit</strong></span> <span class='ocrx_word' id='word_1_50' title='bbox 951 949 1258 1004; x_wconf 76' lang='lat' dir='ltr'><strong>Honoratus</strong></span> <span class='ocrx_word' id='word_1_51' title='bbox 1284 952 1588 1021; x_wconf 91' lang='lat' dir='ltr'><strong>episcopus.</strong></span> 
     </span>
    </p>
   </div>
   <div class='ocr_carea' id='block_1_10' title="bbox 388 1041 1901 1111">
    <p class='ocr_par' dir='ltr' id='par_1_10' title="bbox 388 1041 1901 1111">
     <span class='ocr_line' id='line_1_10' title="bbox 388 1041 1901 1111; baseline 0.001 -16"><span class='ocrx_word' id='word_1_52' title='bbox 388 1044 459 1110; x_wconf 89' lang='lat' dir='ltr'><strong>(c.</strong></span> <span class='ocrx_word' id='word_1_53' title='bbox 490 1042 607 1111; x_wconf 79' lang='lat'><strong>36.)</strong></span> <span class='ocrx_word' id='word_1_54' title='bbox 649 1041 987 1097; x_wconf 83' lang='lat' dir='ltr'><strong>Theodosius</strong></span> <span class='ocrx_word' id='word_1_55' title='bbox 1024 1059 1165 1096; x_wconf 91' lang='lat' dir='ltr'><strong>anno</strong></span> <span class='ocrx_word' id='word_1_56' title='bbox 1198 1045 1245 1098; x_wconf 89' lang='lat' dir='ltr'><strong>l.</strong></span> <span class='ocrx_word' id='word_1_57' title='bbox 1284 1043 1381 1099; x_wconf 89' lang='lat' dir='ltr'><strong>Hic</strong></span> <span class='ocrx_word' id='word_1_58' title='bbox 1411 1045 1613 1100; x_wconf 82' lang='lat' dir='ltr'><strong>electus</strong></span> <span class='ocrx_word' id='word_1_59' title='bbox 1653 1053 1754 1109; x_wconf 92' lang='lat' dir='ltr'><strong>est,</strong></span> <span class='ocrx_word' id='word_1_60' title='bbox 1800 1045 1901 1097; x_wconf 90' lang='lat' dir='ltr'><strong>im-</strong></span> 
     </span>
    </p>
   </div>
   <div class='ocr_carea' id='block_1_11' title="bbox 320 1133 1901 1206">
    <p class='ocr_par' dir='ltr' id='par_1_11' title="bbox 320 1133 1901 1206">
     <span class='ocr_line' id='line_1_11' title="bbox 320 1133 1901 1206; baseline 0.002 -19"><span class='ocrx_word' id='word_1_61' title='bbox 320 1143 623 1199; x_wconf 81' lang='lat' dir='ltr'><strong>peratorem</strong></span> <span class='ocrx_word' id='word_1_62' title='bbox 672 1133 1015 1188; x_wconf 82' lang='lat' dir='ltr'><strong>Anastasium</strong></span> <span class='ocrx_word' id='word_1_63' title='bbox 1062 1134 1197 1202; x_wconf 87' lang='lat' dir='ltr'><strong>apud</strong></span> <span class='ocrx_word' id='word_1_64' title='bbox 1250 1134 1466 1189; x_wconf 53' lang='lat' dir='ltr'><strong>Mcl-am</strong></span> <span class='ocrx_word' id='word_1_65' title='bbox 1515 1135 1663 1206; x_wconf 91' lang='lat' dir='ltr'><strong>gravi</strong></span> <span class='ocrx_word' id='word_1_66' title='bbox 1716 1136 1901 1203; x_wconf 60' lang='lat' dir='ltr'><strong>priclio</strong></span> 
     </span>
    </p>
   </div>
   <div class='ocr_carea' id='block_1_12' title="bbox 321 1225 1903 1293">
    <p class='ocr_par' dir='ltr' id='par_1_12' title="bbox 321 1225 1903 1293">
     <span class='ocr_line' id='line_1_12' title="bbox 321 1225 1903 1293; baseline 0.005 -18"><span class='ocrx_word' id='word_1_67' title='bbox 321 1225 470 1287; x_wconf 90' lang='lat' dir='ltr'><strong>vicit,</strong></span> <span class='ocrx_word' id='word_1_68' title='bbox 515 1226 750 1293; x_wconf 88' lang='lat' dir='ltr'><strong>datoque</strong></span> <span class='ocrx_word' id='word_1_69' title='bbox 802 1226 904 1279; x_wconf 84' lang='lat' dir='ltr'><strong>sibi</strong></span> <span class='ocrx_word' id='word_1_70' title='bbox 959 1236 1323 1290; x_wconf 82' lang='lat' dir='ltr'><strong>sacramento,</strong></span> <span class='ocrx_word' id='word_1_71' title='bbox 1356 1229 1613 1283; x_wconf 85' lang='lat' dir='ltr'><strong>clericum</strong></span> <span class='ocrx_word' id='word_1_72' title='bbox 1676 1231 1791 1282; x_wconf 87' lang='lat' dir='ltr'><strong>lieri</strong></span> <span class='ocrx_word' id='word_1_73' title='bbox 1839 1246 1903 1283; x_wconf 90' lang='lat' dir='ltr'><strong>ac</strong></span> 
     </span>
    </p>
   </div>
   <div class='ocr_carea' id='block_1_13' title="bbox 320 1315 1903 1387">
    <p class='ocr_par' dir='ltr' id='par_1_13' title="bbox 320 1315 1903 1387">
     <span class='ocr_line' id='line_1_13' title="bbox 320 1315 1903 1387; baseline 0.004 -20"><span class='ocrx_word' id='word_1_74' title='bbox 320 1316 685 1384; x_wconf 87' lang='lat' dir='ltr'><strong>presbiterum</strong></span> <span class='ocrx_word' id='word_1_75' title='bbox 713 1315 840 1369; x_wconf 87' lang='lat' dir='ltr'><strong>fecit</strong></span> <span class='ocrx_word' id='word_1_76' title='bbox 875 1316 1136 1371; x_wconf 87' lang='lat' dir='ltr'><strong>ordinari.</strong></span> <span class='ocrx_word' id='word_1_77' title='bbox 1164 1316 1282 1387; x_wconf 87' lang='lat' dir='ltr'><strong>lpse</strong></span> <span class='ocrx_word' id='word_1_78' title='bbox 1318 1333 1445 1372; x_wconf 90' lang='lat' dir='ltr'><strong>vero</strong></span> <span class='ocrx_word' id='word_1_79' title='bbox 1472 1330 1530 1371; x_wconf 88' lang='lat' dir='ltr'><strong>ut</strong></span> <span class='ocrx_word' id='word_1_80' title='bbox 1565 1335 1785 1385; x_wconf 75' lang='lat' dir='ltr'><strong>regnum</strong></span> <span class='ocrx_word' id='word_1_81' title='bbox 1814 1334 1903 1373; x_wconf 90' lang='lat' dir='ltr'><strong>ae-</strong></span> 
     </span>
    </p>
   </div>
   <div class='ocr_carea' id='block_1_14' title="bbox 320 1406 1903 1482">
    <p class='ocr_par' dir='ltr' id='par_1_14' title="bbox 320 1406 1903 1482">
     <span class='ocr_line' id='line_1_14' title="bbox 320 1406 1903 1482; baseline 0.002 -23"><span class='ocrx_word' id='word_1_82' title='bbox 320 1407 485 1475; x_wconf 82' lang='lat' dir='ltr'><strong>cepit,</strong></span> <span class='ocrx_word' id='word_1_83' title='bbox 516 1422 640 1461; x_wconf 91' lang='lat' dir='ltr'><strong>cum</strong></span> <span class='ocrx_word' id='word_1_84' title='bbox 672 1417 816 1461; x_wconf 87' lang='lat' dir='ltr'><strong>esset</strong></span> <span class='ocrx_word' id='word_1_85' title='bbox 841 1406 1166 1474; x_wconf 89' lang='lat' dir='ltr'><strong>catholicus,</strong></span> <span class='ocrx_word' id='word_1_86' title='bbox 1203 1423 1328 1463; x_wconf 80' lang='lat' dir='ltr'><strong>mox</strong></span> <span class='ocrx_word' id='word_1_87' title='bbox 1352 1408 1405 1463; x_wconf 92' lang='lat' dir='ltr'><strong>in</strong></span> <span class='ocrx_word' id='word_1_88' title='bbox 1432 1410 1575 1479; x_wconf 86' lang='lat' dir='ltr'><strong>regia</strong></span> <span class='ocrx_word' id='word_1_89' title='bbox 1602 1410 1733 1465; x_wconf 86' lang='lat' dir='ltr'><strong>urbe</strong></span> <span class='ocrx_word' id='word_1_90' title='bbox 1751 1426 1903 1482; x_wconf 83' lang='lat' dir='ltr'><strong>yma-</strong></span> 
     </span>
    </p>
   </div>
   <div class='ocr_carea' id='block_1_15' title="bbox 321 1495 1904 1571">
    <p class='ocr_par' dir='ltr' id='par_1_15' title="bbox 321 1495 1904 1571">
     <span class='ocr_line' id='line_1_15' title="bbox 321 1495 1904 1571; baseline 0.007 -26"><span class='ocrx_word' id='word_1_91' title='bbox 321 1496 500 1565; x_wconf 85' lang='lat' dir='ltr'><strong>ginem</strong></span> <span class='ocrx_word' id='word_1_92' title='bbox 530 1495 673 1549; x_wconf 84' lang='lat' dir='ltr'><strong>illam</strong></span> <span class='ocrx_word' id='word_1_93' title='bbox 702 1497 1089 1565; x_wconf 83' lang='lat' dir='ltr'><strong>venerandam,</strong></span> <span class='ocrx_word' id='word_1_94' title='bbox 1117 1498 1168 1554; x_wconf 90' lang='lat' dir='ltr'><strong>in</strong></span> <span class='ocrx_word' id='word_1_95' title='bbox 1194 1513 1299 1571; x_wconf 82' lang='lat' dir='ltr'><strong>qua</strong></span> <span class='ocrx_word' id='word_1_96' title='bbox 1321 1507 1524 1553; x_wconf 66' lang='lat' dir='ltr'><strong>sanctae</strong></span> <span class='ocrx_word' id='word_1_97' title='bbox 1548 1516 1643 1555; x_wconf 70' lang='lat' dir='ltr'><strong>sex</strong></span> <span class='ocrx_word' id='word_1_98' title='bbox 1667 1501 1904 1570; x_wconf 85' lang='lat' dir='ltr'><strong>synodus</strong></span> 
     </span>
    </p>
   </div>
   <div class='ocr_carea' id='block_1_16' title="bbox 322 1585 1905 1661">
    <p class='ocr_par' dir='ltr' id='par_1_16' title="bbox 322 1585 1905 1661">
     <span class='ocr_line' id='line_1_16' title="bbox 322 1585 1905 1661; baseline 0.007 -25"><span class='ocrx_word' id='word_1_99' title='bbox 322 1594 438 1637; x_wconf 89' lang='lat' dir='ltr'><strong>erat</strong></span> <span class='ocrx_word' id='word_1_100' title='bbox 466 1585 706 1654; x_wconf 81' lang='lat' dir='ltr'><strong>depicta,</strong></span> <span class='ocrx_word' id='word_1_101' title='bbox 744 1597 800 1639; x_wconf 91' lang='lat' dir='ltr'><strong>et</strong></span> <span class='ocrx_word' id='word_1_102' title='bbox 825 1604 852 1639; x_wconf 90' lang='lat' dir='ltr'><strong>a</strong></span> <span class='ocrx_word' id='word_1_103' title='bbox 880 1586 1179 1657; x_wconf 76' lang='lat' dir='ltr'><strong>Philippiro</strong></span> <span class='ocrx_word' id='word_1_104' title='bbox 1202 1590 1376 1642; x_wconf 78' lang='lat' dir='ltr'><strong>fuerat</strong></span> <span class='ocrx_word' id='word_1_105' title='bbox 1404 1588 1632 1656; x_wconf 85' lang='lat' dir='ltr'><strong>dcjecta,</strong></span> <span class='ocrx_word' id='word_1_106' title='bbox 1674 1592 1905 1661; x_wconf 87' lang='lat' dir='ltr'><strong>pristino</strong></span> 
     </span>
    </p>
   </div>
   <div class='ocr_carea' id='block_1_17' title="bbox 322 1677 1907 1753">
    <p class='ocr_par' dir='ltr' id='par_1_17' title="bbox 322 1677 1907 1753">
     <span class='ocr_line' id='line_1_17' title="bbox 322 1677 1907 1753; baseline 0.005 -23"><span class='ocrx_word' id='word_1_107' title='bbox 322 1677 374 1731; x_wconf 93' lang='lat' dir='ltr'><strong>in</strong></span> <span class='ocrx_word' id='word_1_108' title='bbox 410 1677 527 1733; x_wconf 89' lang='lat' dir='ltr'><strong>loco</strong></span> <span class='ocrx_word' id='word_1_109' title='bbox 558 1679 753 1733; x_wconf 81' lang='lat' dir='ltr'><strong>erexit.</strong></span> <span class='ocrx_word' id='word_1_110' title='bbox 788 1678 1014 1752; x_wconf 88' lang='lat' dir='ltr'><strong>Tyberis</strong></span> <span class='ocrx_word' id='word_1_111' title='bbox 1056 1680 1249 1737; x_wconf 88' lang='lat' dir='ltr'><strong>lluvius</strong></span> <span class='ocrx_word' id='word_1_112' title='bbox 1283 1681 1496 1738; x_wconf 88' lang='lat' dir='ltr'><strong>alveum</strong></span> <span class='ocrx_word' id='word_1_113' title='bbox 1533 1698 1686 1736; x_wconf 86' lang='lat' dir='ltr'><strong>suum</strong></span> <span class='ocrx_word' id='word_1_114' title='bbox 1723 1698 1907 1753; x_wconf 86' lang='lat' dir='ltr'><strong>egres-</strong></span> 
     </span>
    </p>
   </div>
   <div class='ocr_carea' id='block_1_18' title="bbox 320 1771 1904 1840">
    <p class='ocr_par' dir='ltr' id='par_1_18' title="bbox 320 1771 1904 1840">
     <span class='ocr_line' id='line_1_18' title="bbox 320 1771 1904 1840; baseline 0.004 -16"><span class='ocrx_word' id='word_1_115' title='bbox 320 1784 432 1833; x_wconf 80' lang='lat' dir='ltr'><strong>sus,</strong></span> <span class='ocrx_word' id='word_1_116' title='bbox 460 1771 627 1825; x_wconf 90' lang='lat' dir='ltr'><strong>multa</strong></span> <span class='ocrx_word' id='word_1_117' title='bbox 652 1772 913 1826; x_wconf 78' lang='lat' dir='ltr'><strong>Romanae</strong></span> <span class='ocrx_word' id='word_1_118' title='bbox 942 1772 1069 1827; x_wconf 89' lang='lat' dir='ltr'><strong>fecit</strong></span> <span class='ocrx_word' id='word_1_119' title='bbox 1095 1774 1263 1829; x_wconf 75' lang='lat' dir='ltr'><strong>exitia</strong></span> <span class='ocrx_word' id='word_1_120' title='bbox 1284 1774 1512 1840; x_wconf 85' lang='lat' dir='ltr'><strong>civitati,</strong></span> <span class='ocrx_word' id='word_1_121' title='bbox 1543 1775 1615 1829; x_wconf 88' lang='lat' dir='ltr'><strong>ita</strong></span> <span class='ocrx_word' id='word_1_122' title='bbox 1646 1785 1701 1829; x_wconf 95' lang='lat' dir='ltr'><strong>ut</strong></span> <span class='ocrx_word' id='word_1_123' title='bbox 1728 1776 1780 1829; x_wconf 92' lang='lat' dir='ltr'><strong>in</strong></span> <span class='ocrx_word' id='word_1_124' title='bbox 1810 1774 1904 1831; x_wconf 82' lang='lat' dir='ltr'><strong>Via</strong></span> 
     </span>
    </p>
   </div>
   <div class='ocr_carea' id='block_1_19' title="bbox 288 1859 1907 1934">
    <p class='ocr_par' dir='ltr' id='par_1_19' title="bbox 288 1859 1907 1934">
     <span class='ocr_line' id='line_1_19' title="bbox 288 1859 1907 1934; baseline 0.004 -22"><span class='ocrx_word' id='word_1_125' title='bbox 288 1891 301 1912; x_wconf 60' lang='grc' dir='ltr'>κ</span> <span class='ocrx_word' id='word_1_126' title='bbox 322 1859 428 1913; x_wconf 90' lang='lat' dir='ltr'><strong>lata</strong></span> <span class='ocrx_word' id='word_1_127' title='bbox 458 1860 525 1914; x_wconf 90' lang='lat' dir='ltr'><strong>ad</strong></span> <span class='ocrx_word' id='word_1_128' title='bbox 555 1876 716 1914; x_wconf 90' lang='lat' dir='ltr'><strong>unam</strong></span> <span class='ocrx_word' id='word_1_129' title='bbox 749 1869 804 1916; x_wconf 89' lang='lat' dir='ltr'><strong>et</strong></span> <span class='ocrx_word' id='word_1_130' title='bbox 833 1862 999 1917; x_wconf 86' lang='lat' dir='ltr'><strong>semis</strong></span> <span class='ocrx_word' id='word_1_131' title='bbox 1030 1872 1709 1929; x_wconf 80' lang='lat' dir='ltr'><strong>staturamexcresceret,</strong></span> <span class='ocrx_word' id='word_1_132' title='bbox 1743 1872 1907 1934; x_wconf 88' lang='lat' dir='ltr'><strong>atque</strong></span> 
     </span>
    </p>
   </div>
   <div class='ocr_carea' id='block_1_20' title="bbox 320 1953 1929 2025">
    <p class='ocr_par' dir='ltr' id='par_1_20' title="bbox 320 1953 1929 2025">
     <span class='ocr_line' id='line_1_20' title="bbox 320 1953 1929 2025; baseline 0.005 -23"><span class='ocrx_word' id='word_1_133' title='bbox 320 1965 349 2002; x_wconf 91' lang='lat' dir='ltr'><strong>a</strong></span> <span class='ocrx_word' id='word_1_134' title='bbox 380 1958 536 2019; x_wconf 88' lang='lat' dir='ltr'><strong>porta</strong></span> <span class='ocrx_word' id='word_1_135' title='bbox 568 1953 743 2006; x_wconf 86' lang='lat' dir='ltr'><strong>sancti</strong></span> <span class='ocrx_word' id='word_1_136' title='bbox 775 1953 917 2006; x_wconf 83' lang='lat' dir='ltr'><strong>Petri</strong></span> <span class='ocrx_word' id='word_1_137' title='bbox 950 1970 1118 2023; x_wconf 63' lang='lat' dir='ltr'><strong>usque</strong></span> <span class='ocrx_word' id='word_1_138' title='bbox 1147 1955 1213 2007; x_wconf 91' lang='lat' dir='ltr'><strong>ad</strong></span> <span class='ocrx_word' id='word_1_139' title='bbox 1240 1963 1457 2021; x_wconf 90' lang='lat' dir='ltr'><strong>pontem</strong></span> <span class='ocrx_word' id='word_1_140' title='bbox 1484 1954 1737 2009; x_wconf 83' lang='lat' dir='ltr'><strong>Mulvium</strong></span> <span class='ocrx_word' id='word_1_141' title='bbox 1767 1967 1929 2025; x_wconf 87' lang='lat' dir='ltr'><strong>aque&#39;</strong></span> 
     </span>
    </p>
   </div>
   <div class='ocr_carea' id='block_1_21' title="bbox 318 2042 1908 2115">
    <p class='ocr_par' dir='ltr' id='par_1_21' title="bbox 318 2042 1908 2115">
     <span class='ocr_line' id='line_1_21' title="bbox 318 2042 1908 2115; baseline 0.004 -20"><span class='ocrx_word' id='word_1_142' title='bbox 318 2042 716 2107; x_wconf 72' lang='lat' dir='ltr'><strong>descendentes</strong></span> <span class='ocrx_word' id='word_1_143' title='bbox 768 2046 1181 2115; x_wconf 89' lang='lat' dir='ltr'><strong>conjungerent.</strong></span> <span class='ocrx_word' id='word_1_144' title='bbox 1234 2046 1433 2102; x_wconf 85' lang='lat' dir='ltr'><strong>Mansit</strong></span> <span class='ocrx_word' id='word_1_145' title='bbox 1484 2057 1664 2102; x_wconf 88' lang='lat' dir='ltr'><strong>autem</strong></span> <span class='ocrx_word' id='word_1_146' title='bbox 1716 2048 1908 2103; x_wconf 90' lang='lat' dir='ltr'><strong>diebus</strong></span> 
     </span>
    </p>
   </div>
   <div class='ocr_carea' id='block_1_22' title="bbox 318 2133 1923 2205">
    <p class='ocr_par' dir='ltr' id='par_1_22' title="bbox 318 2133 1923 2205">
     <span class='ocr_line' id='line_1_22' title="bbox 318 2133 1923 2205; baseline 0.005 -20"><span class='ocrx_word' id='word_1_147' title='bbox 318 2141 551 2201; x_wconf 83' lang='lat' dir='ltr'><strong>septem,</strong></span> <span class='ocrx_word' id='word_1_148' title='bbox 583 2133 755 2188; x_wconf 89' lang='lat' dir='ltr'><strong>donec</strong></span> <span class='ocrx_word' id='word_1_149' title='bbox 782 2137 1063 2205; x_wconf 75' lang='lat' dir='ltr'><strong>agentibus</strong></span> <span class='ocrx_word' id='word_1_150' title='bbox 1092 2136 1319 2192; x_wconf 90' lang='lat' dir='ltr'><strong>letanias</strong></span> <span class='ocrx_word' id='word_1_151' title='bbox 1346 2138 1552 2194; x_wconf 88' lang='lat' dir='ltr'><strong>crebris</strong></span> <span class='ocrx_word' id='word_1_152' title='bbox 1580 2139 1786 2194; x_wconf 87' lang='lat' dir='ltr'><strong>vicibus</strong></span> <span class='ocrx_word' id='word_1_153' title='bbox 1812 2137 1923 2193; x_wconf 49' lang='lat' dir='ltr'><strong>de?</strong></span> 
     </span>
    </p>
   </div>
   <div class='ocr_carea' id='block_1_23' title="bbox 319 2224 1906 2307">
    <p class='ocr_par' dir='ltr' id='par_1_23' title="bbox 319 2224 1906 2307">
     <span class='ocr_line' id='line_1_23' title="bbox 319 2224 1906 2307; baseline 0.003 -28"><span class='ocrx_word' id='word_1_154' title='bbox 319 2224 524 2279; x_wconf 78' lang='lat' dir='ltr'><strong>cimum</strong></span> <span class='ocrx_word' id='word_1_155' title='bbox 571 2224 711 2278; x_wconf 90' lang='lat' dir='ltr'><strong>diem</strong></span> <span class='ocrx_word' id='word_1_156' title='bbox 755 2227 1000 2281; x_wconf 85' lang='lat' dir='ltr'><strong>revertit.</strong></span> <span class='ocrx_word' id='word_1_157' title='bbox 1042 2227 1211 2296; x_wconf 74' lang='grc' dir='ltr'><strong>(ΒεοΑ</strong></span> <span class='ocrx_word' id='word_1_158' title='bbox 1250 2227 1327 2282; x_wconf 86' lang='lat' dir='ltr'><strong>De</strong></span> <span class='ocrx_word' id='word_1_159' title='bbox 1367 2245 1460 2283; x_wconf 76' lang='lat' dir='ltr'><strong>sea:</strong></span> <span class='ocrx_word' id='word_1_160' title='bbox 1496 2240 1641 2283; x_wconf 66' lang='lat' dir='ltr'><strong>aetat.</strong></span> <span class='ocrx_word' id='word_1_161' title='bbox 1679 2232 1906 2307; x_wconf 72' lang='lat' dir='ltr'><strong>mundi.)</strong></span> 
     </span>
    </p>
   </div>
   <div class='ocr_carea' id='block_1_24' title="bbox 321 2314 1911 2391">
    <p class='ocr_par' dir='ltr' id='par_1_24' title="bbox 321 2314 1911 2391">
     <span class='ocr_line' id='line_1_24' title="bbox 321 2314 1911 2391; baseline 0.004 -24"><span class='ocrx_word' id='word_1_162' title='bbox 321 2314 418 2391; x_wconf 85' lang='lat' dir='ltr'><strong>llis</strong></span> <span class='ocrx_word' id='word_1_163' title='bbox 462 2316 797 2385; x_wconf 86' lang='lat' dir='ltr'><strong>temporibus</strong></span> <span class='ocrx_word' id='word_1_164' title='bbox 837 2318 990 2372; x_wconf 91' lang='lat' dir='ltr'><strong>multi</strong></span> <span class='ocrx_word' id='word_1_165' title='bbox 1036 2319 1330 2390; x_wconf 80' lang='lat' dir='ltr'><strong>Anglorum</strong></span> <span class='ocrx_word' id='word_1_166' title='bbox 1363 2330 1579 2389; x_wconf 86' lang='lat' dir='ltr'><strong>gentes,</strong></span> <span class='ocrx_word' id='word_1_167' title='bbox 1625 2322 1831 2377; x_wconf 90' lang='lat' dir='ltr'><strong>nobiles</strong></span> <span class='ocrx_word' id='word_1_168' title='bbox 1856 2332 1911 2376; x_wconf 90' lang='lat' dir='ltr'><strong>et</strong></span> 
     </span>
    </p>
   </div>
   <div class='ocr_carea' id='block_1_25' title="bbox 322 2407 1908 2481">
    <p class='ocr_par' dir='ltr' id='par_1_25' title="bbox 322 2407 1908 2481">
     <span class='ocr_line' id='line_1_25' title="bbox 322 2407 1908 2481; baseline 0.005 -22"><span class='ocrx_word' id='word_1_169' title='bbox 322 2407 607 2477; x_wconf 81' lang='lat' dir='ltr'><strong>ignobiles,</strong></span> <span class='ocrx_word' id='word_1_170' title='bbox 656 2407 759 2464; x_wconf 89' lang='lat' dir='ltr'><strong>viri</strong></span> <span class='ocrx_word' id='word_1_171' title='bbox 803 2420 857 2463; x_wconf 90' lang='lat' dir='ltr'><strong>et</strong></span> <span class='ocrx_word' id='word_1_172' title='bbox 904 2410 1137 2477; x_wconf 77' lang='lat' dir='ltr'><strong>fcmime,</strong></span> <span class='ocrx_word' id='word_1_173' title='bbox 1188 2412 1353 2466; x_wconf 90' lang='lat' dir='ltr'><strong>duces</strong></span> <span class='ocrx_word' id='word_1_174' title='bbox 1387 2421 1441 2465; x_wconf 92' lang='lat' dir='ltr'><strong>et</strong></span> <span class='ocrx_word' id='word_1_175' title='bbox 1478 2413 1704 2481; x_wconf 80' lang='lat' dir='ltr'><strong>privati,</strong></span> <span class='ocrx_word' id='word_1_176' title='bbox 1740 2412 1908 2467; x_wconf 88' lang='lat' dir='ltr'><strong>divini</strong></span> 
     </span>
    </p>
   </div>
   <div class='ocr_carea' id='block_1_26' title="bbox 326 2498 1909 2563">
    <p class='ocr_par' dir='ltr' id='par_1_26' title="bbox 326 2498 1909 2563">
     <span class='ocr_line' id='line_1_26' title="bbox 326 2498 1909 2563; baseline 0.007 -15"><span class='ocrx_word' id='word_1_177' title='bbox 326 2498 531 2561; x_wconf 88' lang='lat' dir='ltr'><strong>amoris</strong></span> <span class='ocrx_word' id='word_1_178' title='bbox 561 2500 851 2563; x_wconf 90' lang='lat' dir='ltr'><strong>instinctu,</strong></span> <span class='ocrx_word' id='word_1_179' title='bbox 888 2501 953 2554; x_wconf 88' lang='lat' dir='ltr'><strong>de</strong></span> <span class='ocrx_word' id='word_1_180' title='bbox 992 2500 1235 2555; x_wconf 84' lang='lat' dir='ltr'><strong>Britania</strong></span> <span class='ocrx_word' id='word_1_181' title='bbox 1272 2502 1500 2556; x_wconf 81' lang='lat' dir='ltr'><strong>Romam</strong></span> <span class='ocrx_word' id='word_1_182' title='bbox 1541 2504 1729 2559; x_wconf 88' lang='lat' dir='ltr'><strong>venire</strong></span> <span class='ocrx_word' id='word_1_183' title='bbox 1774 2520 1909 2558; x_wconf 88' lang='lat' dir='ltr'><strong>con-</strong></span> 
     </span>
    </p>
   </div>
   <div class='ocr_carea' id='block_1_27' title="bbox 324 2592 1912 2663">
    <p class='ocr_par' dir='ltr' id='par_1_27' title="bbox 324 2592 1912 2663">
     <span class='ocr_line' id='line_1_27' title="bbox 324 2592 1912 2663; baseline 0.006 -22"><span class='ocrx_word' id='word_1_184' title='bbox 324 2599 637 2663; x_wconf 77' lang='lat' dir='ltr'><strong>sueverant.</strong></span> <span class='ocrx_word' id='word_1_185' title='bbox 688 2592 835 2646; x_wconf 89' lang='lat' dir='ltr'><strong>lnter</strong></span> <span class='ocrx_word' id='word_1_186' title='bbox 861 2608 996 2662; x_wconf 87' lang='lat' dir='ltr'><strong>quos</strong></span> <span class='ocrx_word' id='word_1_187' title='bbox 1028 2594 1190 2648; x_wconf 87' lang='lat' dir='ltr'><strong>etiam</strong></span> <span class='ocrx_word' id='word_1_188' title='bbox 1224 2596 1705 2651; x_wconf 88' lang='lat' dir='ltr'><strong>reverendissimns</strong></span> <span class='ocrx_word' id='word_1_189' title='bbox 1745 2597 1912 2652; x_wconf 84' lang='lat' dir='ltr'><strong>abbas</strong></span> 
     </span>
    </p>
   </div>
   <div class='ocr_carea' id='block_1_28' title="bbox 325 2680 1912 2754">
    <p class='ocr_par' dir='ltr' id='par_1_28' title="bbox 325 2680 1912 2754">
     <span class='ocr_line' id='line_1_28' title="bbox 325 2680 1912 2754; baseline 0.006 -21"><span class='ocrx_word' id='word_1_190' title='bbox 325 2680 631 2747; x_wconf 80' lang='lat' dir='ltr'><strong>Ceolfridus</strong></span> <span class='ocrx_word' id='word_1_191' title='bbox 659 2697 828 2736; x_wconf 90' lang='lat' dir='ltr'><strong>annos</strong></span> <span class='ocrx_word' id='word_1_192' title='bbox 857 2693 1016 2736; x_wconf 89' lang='lat' dir='ltr'><strong>natus</strong></span> <span class='ocrx_word' id='word_1_193' title='bbox 1037 2683 1122 2747; x_wconf 64' lang='grc'><strong>74,</strong></span> <span class='ocrx_word' id='word_1_194' title='bbox 1151 2700 1274 2737; x_wconf 91' lang='lat' dir='ltr'><strong>cum</strong></span> <span class='ocrx_word' id='word_1_195' title='bbox 1297 2694 1441 2739; x_wconf 91' lang='lat' dir='ltr'><strong>esset</strong></span> <span class='ocrx_word' id='word_1_196' title='bbox 1464 2686 1734 2754; x_wconf 72' lang='lat' dir='ltr'><strong>presbiter</strong></span> <span class='ocrx_word' id='word_1_197' title='bbox 1756 2689 1912 2743; x_wconf 85' lang='lat' dir='ltr'><strong>annis</strong></span> 
     </span>
    </p>
   </div>
   <div class='ocr_carea' id='block_1_29' title="bbox 326 2773 1912 2843">
    <p class='ocr_par' dir='ltr' id='par_1_29' title="bbox 326 2773 1912 2843">
     <span class='ocr_line' id='line_1_29' title="bbox 326 2773 1912 2843; baseline 0.004 -19"><span class='ocrx_word' id='word_1_198' title='bbox 326 2773 687 2840; x_wconf 82' lang='lat' dir='ltr'><strong>quadraginta</strong></span> <span class='ocrx_word' id='word_1_199' title='bbox 711 2783 941 2843; x_wconf 87' lang='lat' dir='ltr'><strong>septem,</strong></span> <span class='ocrx_word' id='word_1_200' title='bbox 971 2774 1138 2828; x_wconf 89' lang='lat' dir='ltr'><strong>abbas</strong></span> <span class='ocrx_word' id='word_1_201' title='bbox 1165 2787 1344 2829; x_wconf 87' lang='lat' dir='ltr'><strong>autem</strong></span> <span class='ocrx_word' id='word_1_202' title='bbox 1372 2777 1529 2830; x_wconf 87' lang='lat' dir='ltr'><strong>annis</strong></span> <span class='ocrx_word' id='word_1_203' title='bbox 1555 2777 1643 2841; x_wconf 71' lang='lat'><strong>35,</strong></span> <span class='ocrx_word' id='word_1_204' title='bbox 1675 2776 1760 2831; x_wconf 88' lang='lat' dir='ltr'><strong>ubi</strong></span> <span class='ocrx_word' id='word_1_205' title='bbox 1788 2778 1912 2831; x_wconf 86' lang='lat' dir='ltr'><strong>Liu-</strong></span> 
     </span>
    </p>
   </div>
   <div class='ocr_carea' id='block_1_30' title="bbox 327 2864 1913 2935">
    <p class='ocr_par' dir='ltr' id='par_1_30' title="bbox 327 2864 1913 2935">
     <span class='ocr_line' id='line_1_30' title="bbox 327 2864 1913 2935; baseline 0.004 -19"><span class='ocrx_word' id='word_1_206' title='bbox 327 2879 501 2934; x_wconf 86' lang='lat' dir='ltr'><strong>gonas</strong></span> <span class='ocrx_word' id='word_1_207' title='bbox 553 2865 818 2933; x_wconf 87' lang='lat' dir='ltr'><strong>pervenit,</strong></span> <span class='ocrx_word' id='word_1_208' title='bbox 878 2866 951 2919; x_wconf 92' lang='lat' dir='ltr'><strong>ibi</strong></span> <span class='ocrx_word' id='word_1_209' title='bbox 1004 2864 1310 2930; x_wconf 90' lang='lat' dir='ltr'><strong>defunctus,</strong></span> <span class='ocrx_word' id='word_1_210' title='bbox 1363 2875 1523 2935; x_wconf 82' lang='lat' dir='ltr'><strong>atque</strong></span> <span class='ocrx_word' id='word_1_211' title='bbox 1577 2866 1630 2920; x_wconf 91' lang='lat' dir='ltr'><strong>in</strong></span> <span class='ocrx_word' id='word_1_212' title='bbox 1683 2868 1913 2923; x_wconf 81' lang='lat' dir='ltr'><strong>ecclesia</strong></span> 
     </span>
    </p>
   </div>
   <div class='ocr_carea' id='block_1_31' title="bbox 331 2957 1911 3029">
    <p class='ocr_par' dir='ltr' id='par_1_31' title="bbox 331 2957 1911 3029">
     <span class='ocr_line' id='line_1_31' title="bbox 331 2957 1911 3029; baseline 0.004 -20"><span class='ocrx_word' id='word_1_213' title='bbox 331 2957 614 3010; x_wconf 81' lang='lat' dir='ltr'><strong>beatorum</strong></span> <span class='ocrx_word' id='word_1_214' title='bbox 664 2958 1003 3026; x_wconf 90' lang='lat' dir='ltr'><strong>geminorum</strong></span> <span class='ocrx_word' id='word_1_215' title='bbox 1046 2968 1345 3029; x_wconf 84' lang='lat' dir='ltr'><strong>martyrum</strong></span> <span class='ocrx_word' id='word_1_216' title='bbox 1382 2960 1619 3028; x_wconf 87' lang='lat' dir='ltr'><strong>sepultus</strong></span> <span class='ocrx_word' id='word_1_217' title='bbox 1662 2970 1763 3016; x_wconf 89' lang='lat' dir='ltr'><strong>est.</strong></span> <span class='ocrx_word' id='word_1_218' title='bbox 1811 2963 1911 3029; x_wconf 81' lang='lat' dir='ltr'><strong>Qui</strong></span> 
     </span>
    </p>
   </div>
   <div class='ocr_carea' id='block_1_32' title="bbox 334 3047 1913 3120">
    <p class='ocr_par' dir='ltr' id='par_1_32' title="bbox 334 3047 1913 3120">
     <span class='ocr_line' id='line_1_32' title="bbox 334 3047 1913 3120; baseline 0.006 -22"><span class='ocrx_word' id='word_1_219' title='bbox 334 3048 481 3100; x_wconf 89' lang='lat' dir='ltr'><strong>inter</strong></span> <span class='ocrx_word' id='word_1_220' title='bbox 510 3047 872 3113; x_wconf 61' lang='lat' dir='ltr'><strong>alia;donaria</strong></span> <span class='ocrx_word' id='word_1_221' title='bbox 903 3066 1022 3118; x_wconf 63' lang='lat' dir='ltr'><strong>quae</strong></span> <span class='ocrx_word' id='word_1_222' title='bbox 1050 3050 1244 3106; x_wconf 80' lang='lat' dir='ltr'><strong>afferre</strong></span> <span class='ocrx_word' id='word_1_223' title='bbox 1264 3052 1627 3120; x_wconf 85' lang='lat' dir='ltr'><strong>disposuerat,</strong></span> <span class='ocrx_word' id='word_1_224' title='bbox 1646 3053 1791 3109; x_wconf 88' lang='lat' dir='ltr'><strong>misit</strong></span> <span class='ocrx_word' id='word_1_225' title='bbox 1820 3069 1913 3108; x_wconf 90' lang='lat' dir='ltr'><strong>ec-</strong></span> 
     </span>
    </p>
   </div>
   <div class='ocr_carea' id='block_1_33' title="bbox 333 3139 1913 3211">
    <p class='ocr_par' dir='ltr' id='par_1_33' title="bbox 333 3139 1913 3211">
     <span class='ocr_line' id='line_1_33' title="bbox 333 3139 1913 3211; baseline 0.006 -20"><span class='ocrx_word' id='word_1_226' title='bbox 333 3139 516 3193; x_wconf 72' lang='lat' dir='ltr'><strong>clesiae</strong></span> <span class='ocrx_word' id='word_1_227' title='bbox 550 3142 723 3195; x_wconf 90' lang='lat' dir='ltr'><strong>sancti</strong></span> <span class='ocrx_word' id='word_1_228' title='bbox 770 3141 914 3196; x_wconf 90' lang='lat' dir='ltr'><strong>Petri</strong></span> <span class='ocrx_word' id='word_1_229' title='bbox 962 3144 1231 3211; x_wconf 82' lang='lat' dir='ltr'><strong>pandente</strong></span> <span class='ocrx_word' id='word_1_230' title='bbox 1265 3160 1295 3199; x_wconf 89' lang='lat' dir='ltr'><strong>a</strong></span> <span class='ocrx_word' id='word_1_231' title='bbox 1327 3146 1485 3199; x_wconf 77' lang='lat' dir='ltr'><strong>beato</strong></span> <span class='ocrx_word' id='word_1_232' title='bbox 1521 3146 1829 3202; x_wconf 86' lang='lat' dir='ltr'><strong>llieronimo</strong></span> <span class='ocrx_word' id='word_1_233' title='bbox 1863 3148 1913 3201; x_wconf 92' lang='lat' dir='ltr'><strong>in</strong></span> 
     </span>
    </p>
   </div>
   <div class='ocr_carea' id='block_1_34' title="bbox 334 3230 1787 3293">
    <p class='ocr_par' dir='ltr' id='par_1_34' title="bbox 334 3230 1787 3293">
     <span class='ocr_line' id='line_1_34' title="bbox 334 3230 1787 3293; baseline 0.005 -9"><span class='ocrx_word' id='word_1_234' title='bbox 334 3230 589 3286; x_wconf 87' lang='lat' dir='ltr'><strong>Latinum</strong></span> <span class='ocrx_word' id='word_1_235' title='bbox 619 3248 686 3287; x_wconf 77' lang='lat' dir='ltr'><strong>ex</strong></span> <span class='ocrx_word' id='word_1_236' title='bbox 716 3233 927 3288; x_wconf 87' lang='lat' dir='ltr'><strong>Hebreo</strong></span> <span class='ocrx_word' id='word_1_237' title='bbox 958 3234 1038 3288; x_wconf 90' lang='lat' dir='ltr'><strong>vel</strong></span> <span class='ocrx_word' id='word_1_238' title='bbox 1066 3235 1241 3290; x_wconf 83' lang='lat' dir='ltr'><strong>Greco</strong></span> <span class='ocrx_word' id='word_1_239' title='bbox 1265 3235 1414 3290; x_wconf 89' lang='lat' dir='ltr'><strong>fonte</strong></span> <span class='ocrx_word' id='word_1_240' title='bbox 1446 3237 1787 3293; x_wconf 87' lang='lat' dir='ltr'><strong>translatum.</strong></span> 
     </span>
    </p>
   </div>
   <div class='ocr_carea' id='block_1_35' title="bbox 342 3322 1919 3399">
    <p class='ocr_par' dir='ltr' id='par_1_35' title="bbox 342 3322 1919 3399">
     <span class='ocr_line' id='line_1_35' title="bbox 342 3322 1919 3399; baseline 0.006 -24"><span class='ocrx_word' id='word_1_241' title='bbox 342 3354 345 3357; x_wconf 66' lang='grc'>‹</span> <span class='ocrx_word' id='word_1_242' title='bbox 406 3322 611 3376; x_wconf 79' lang='lat' dir='ltr'><strong>Eodem</strong></span> <span class='ocrx_word' id='word_1_243' title='bbox 658 3333 897 3394; x_wconf 84' lang='lat' dir='ltr'><strong>tempore</strong></span> <span class='ocrx_word' id='word_1_244' title='bbox 944 3334 1156 3380; x_wconf 91' lang='lat' dir='ltr'><strong>mortuo</strong></span> <span class='ocrx_word' id='word_1_245' title='bbox 1194 3326 1471 3397; x_wconf 84' lang='lat' dir='ltr'><strong>llonorato</strong></span> <span class='ocrx_word' id='word_1_246' title='bbox 1510 3329 1794 3399; x_wconf 88' lang='lat' dir='ltr'><strong>episcopo,</strong></span> <span class='ocrx_word' id='word_1_247' title='bbox 1826 3330 1919 3399; x_wconf 89' lang='lat' dir='ltr'><strong>qui</strong></span> 
     </span>
    </p>
   </div>
   <div class='ocr_carea' id='block_1_36' title="bbox 336 3413 1921 3484">
    <p class='ocr_par' dir='ltr' id='par_1_36' title="bbox 336 3413 1921 3484">
     <span class='ocr_line' id='line_1_36' title="bbox 336 3413 1921 3484; baseline 0.006 -18"><span class='ocrx_word' id='word_1_248' title='bbox 336 3413 672 3468; x_wconf 79' lang='lat' dir='ltr'><strong>Altinensem</strong></span> <span class='ocrx_word' id='word_1_249' title='bbox 716 3414 1004 3470; x_wconf 89' lang='lat' dir='ltr'><strong>ecclesiam</strong></span> <span class='ocrx_word' id='word_1_250' title='bbox 1059 3428 1277 3472; x_wconf 82' lang='lat' dir='ltr'><strong>rexerat</strong></span> <span class='ocrx_word' id='word_1_251' title='bbox 1320 3420 1478 3473; x_wconf 91' lang='lat' dir='ltr'><strong>annis</strong></span> <span class='ocrx_word' id='word_1_252' title='bbox 1521 3420 1573 3484; x_wconf 88' lang='lat'><strong>7,</strong></span> <span class='ocrx_word' id='word_1_253' title='bbox 1624 3421 1813 3475; x_wconf 81' lang='lat' dir='ltr'><strong>Vitalis</strong></span> <span class='ocrx_word' id='word_1_254' title='bbox 1853 3422 1921 3476; x_wconf 91' lang='lat' dir='ltr'><strong>ad</strong></span> 
     </span>
    </p>
   </div>
   <div class='ocr_carea' id='block_1_37' title="bbox 338 3507 1922 3581">
    <p class='ocr_par' dir='ltr' id='par_1_37' title="bbox 338 3507 1922 3581">
     <span class='ocr_line' id='line_1_37' title="bbox 338 3507 1922 3581; baseline 0.008 -23"><span class='ocrx_word' id='word_1_255' title='bbox 338 3507 632 3574; x_wconf 84' lang='lat' dir='ltr'><strong>regendam</strong></span> <span class='ocrx_word' id='word_1_256' title='bbox 678 3509 919 3577; x_wconf 81' lang='lat' dir='ltr'><strong>suscepit</strong></span> <span class='ocrx_word' id='word_1_257' title='bbox 969 3510 1277 3565; x_wconf 89' lang='lat' dir='ltr'><strong>ecclesiam.</strong></span> <span class='ocrx_word' id='word_1_258' title='bbox 1317 3512 1399 3575; x_wconf 86' lang='lat' dir='ltr'><strong>(P.</strong></span> <span class='ocrx_word' id='word_1_259' title='bbox 1437 3513 1502 3566; x_wconf 92' lang='lat' dir='ltr'><strong>D.</strong></span> <span class='ocrx_word' id='word_1_260' title='bbox 1542 3530 1618 3579; x_wconf 81' lang='lat' dir='ltr'><strong>vi,</strong></span> <span class='ocrx_word' id='word_1_261' title='bbox 1654 3514 1767 3581; x_wconf 75' lang='grc'><strong>47.)</strong></span> <span class='ocrx_word' id='word_1_262' title='bbox 1812 3514 1922 3571; x_wconf 82' lang='lat' dir='ltr'><strong>Leo</strong></span> 
     </span>
    </p>
   </div>
   <div class='ocr_carea' id='block_1_38' title="bbox 338 3599 1925 3661">
    <p class='ocr_par' dir='ltr' id='par_1_38' title="bbox 338 3599 1925 3661">
     <span class='ocr_line' id='line_1_38' title="bbox 338 3599 1925 3661; baseline 0.005 -8"><span class='ocrx_word' id='word_1_263' title='bbox 338 3599 500 3653; x_wconf 74' lang='lat' dir='ltr'><strong>anuis</strong></span> <span class='ocrx_word' id='word_1_264' title='bbox 529 3600 582 3654; x_wconf 89' lang='lat'><strong>8.</strong></span> <span class='ocrx_word' id='word_1_265' title='bbox 616 3599 905 3656; x_wconf 88' lang='lat' dir='ltr'><strong>Sarraceni</strong></span> <span class='ocrx_word' id='word_1_266' title='bbox 934 3619 1058 3657; x_wconf 91' lang='lat' dir='ltr'><strong>cum</strong></span> <span class='ocrx_word' id='word_1_267' title='bbox 1099 3604 1363 3659; x_wconf 91' lang='lat' dir='ltr'><strong>immenso</strong></span> <span class='ocrx_word' id='word_1_268' title='bbox 1386 3606 1630 3660; x_wconf 81' lang='lat' dir='ltr'><strong>exercitu</strong></span> <span class='ocrx_word' id='word_1_269' title='bbox 1656 3608 1925 3661; x_wconf 72' lang='lat' dir='ltr'><strong>Constan-</strong></span> 
     </span>
    </p>
   </div>
   <div class='ocr_carea' id='block_1_39' title="bbox 341 3690 1920 3762">
    <p class='ocr_par' dir='ltr' id='par_1_39' title="bbox 341 3690 1920 3762">
     <span class='ocr_line' id='line_1_39' title="bbox 341 3690 1920 3762; baseline 0.004 -18"><span class='ocrx_word' id='word_1_270' title='bbox 341 3690 638 3761; x_wconf 87' lang='lat' dir='ltr'><strong>tinopolym</strong></span> <span class='ocrx_word' id='word_1_271' title='bbox 686 3692 966 3748; x_wconf 87' lang='lat' dir='ltr'><strong>venientes</strong></span> <span class='ocrx_word' id='word_1_272' title='bbox 1019 3695 1253 3748; x_wconf 87' lang='lat' dir='ltr'><strong>triennio</strong></span> <span class='ocrx_word' id='word_1_273' title='bbox 1313 3697 1590 3750; x_wconf 87' lang='lat' dir='ltr'><strong>civitatem</strong></span> <span class='ocrx_word' id='word_1_274' title='bbox 1642 3698 1920 3762; x_wconf 90' lang='lat' dir='ltr'><strong>obsident,</strong></span> 
     </span>
    </p>
   </div>
   <div class='ocr_carea' id='block_1_40' title="bbox 336 3781 1922 3854">
    <p class='ocr_par' dir='ltr' id='par_1_40' title="bbox 336 3781 1922 3854">
     <span class='ocr_line' id='line_1_40' title="bbox 336 3781 1922 3854; baseline 0.006 -21"><span class='ocrx_word' id='word_1_275' title='bbox 336 3781 538 3845; x_wconf 88' lang='lat' dir='ltr'><strong>donec,</strong></span> <span class='ocrx_word' id='word_1_276' title='bbox 561 3782 771 3836; x_wconf 88' lang='lat' dir='ltr'><strong>civibus</strong></span> <span class='ocrx_word' id='word_1_277' title='bbox 791 3783 955 3837; x_wconf 82' lang='lat' dir='ltr'><strong>multa</strong></span> <span class='ocrx_word' id='word_1_278' title='bbox 980 3784 1236 3838; x_wconf 87' lang='lat' dir='ltr'><strong>instantia</strong></span> <span class='ocrx_word' id='word_1_279' title='bbox 1260 3784 1327 3838; x_wconf 89' lang='lat' dir='ltr'><strong>ad</strong></span> <span class='ocrx_word' id='word_1_280' title='bbox 1350 3786 1518 3840; x_wconf 91' lang='lat' dir='ltr'><strong>Deum</strong></span> <span class='ocrx_word' id='word_1_281' title='bbox 1539 3786 1922 3854; x_wconf 89' lang='lat' dir='ltr'><strong>clamantibus,</strong></span> 
     </span>
    </p>
   </div>
   <div class='ocr_carea' id='block_1_41' title="bbox 339 3872 1923 3948">
    <p class='ocr_par' dir='ltr' id='par_1_41' title="bbox 339 3872 1923 3948">
     <span class='ocr_line' id='line_1_41' title="bbox 339 3872 1923 3948; baseline 0.006 -26"><span class='ocrx_word' id='word_1_282' title='bbox 339 3872 558 3940; x_wconf 85' lang='lat' dir='ltr'><strong>plurimi</strong></span> <span class='ocrx_word' id='word_1_283' title='bbox 591 3888 778 3926; x_wconf 88' lang='lat' dir='ltr'><strong>eorum</strong></span> <span class='ocrx_word' id='word_1_284' title='bbox 812 3874 971 3937; x_wconf 86' lang='lat' dir='ltr'><strong>fame,</strong></span> <span class='ocrx_word' id='word_1_285' title='bbox 997 3875 1217 3945; x_wconf 84' lang='lat' dir='ltr'><strong>frigore,</strong></span> <span class='ocrx_word' id='word_1_286' title='bbox 1244 3875 1549 3944; x_wconf 88' lang='lat' dir='ltr'><strong>pestilentia</strong></span> <span class='ocrx_word' id='word_1_287' title='bbox 1576 3876 1836 3944; x_wconf 85' lang='lat' dir='ltr'><strong>perirent,</strong></span> <span class='ocrx_word' id='word_1_288' title='bbox 1859 3893 1923 3948; x_wconf 87' lang='lat' dir='ltr'><strong>ac</strong></span> 
     </span>
    </p>
   </div>
   <div class='ocr_carea' id='block_1_42' title="bbox 336 3963 1929 4034">
    <p class='ocr_par' dir='ltr' id='par_1_42' title="bbox 336 3963 1929 4034">
     <span class='ocr_line' id='line_1_42' title="bbox 336 3963 1929 4034; baseline 0.003 -17"><span class='ocrx_word' id='word_1_289' title='bbox 336 3965 382 4018; x_wconf 84' lang='lat' dir='ltr'><strong>si</strong></span> <span class='ocrx_word' id='word_1_290' title='bbox 418 3964 463 3994; x_wconf 82' lang='lat'><strong>&quot;</strong></span> <span class='ocrx_word' id='word_1_291' title='bbox 498 3963 713 4033; x_wconf 75' lang='lat' dir='ltr'><strong>pertzesi</strong></span> <span class='ocrx_word' id='word_1_292' title='bbox 750 3964 1047 4020; x_wconf 86' lang='lat' dir='ltr'><strong>obsidionis</strong></span> <span class='ocrx_word' id='word_1_293' title='bbox 1089 3966 1464 4021; x_wconf 87' lang='lat' dir='ltr'><strong>abscederent.</strong></span> <span class='ocrx_word' id='word_1_294' title='bbox 1491 3967 1590 4034; x_wconf 83' lang='lat' dir='ltr'><strong>Qui</strong></span> <span class='ocrx_word' id='word_1_295' title='bbox 1631 3968 1684 4021; x_wconf 92' lang='lat' dir='ltr'><strong>in</strong></span> <span class='ocrx_word' id='word_1_296' title='bbox 1730 3967 1817 4022; x_wconf 91' lang='lat' dir='ltr'><strong>die</strong></span> <span class='ocrx_word' id='word_1_297' title='bbox 1841 3983 1929 4022; x_wconf 82' lang='lat' dir='ltr'><strong>re-</strong></span> 
     </span>
    </p>
   </div>
   <div class='ocr_carea' id='block_1_43' title="bbox 337 4056 1927 4128">
    <p class='ocr_par' dir='ltr' id='par_1_43' title="bbox 337 4056 1927 4128">
     <span class='ocr_line' id='line_1_43' title="bbox 337 4056 1927 4128; baseline 0.004 -20"><span class='ocrx_word' id='word_1_298' title='bbox 337 4056 534 4125; x_wconf 83' lang='lat' dir='ltr'><strong>gressi,</strong></span> <span class='ocrx_word' id='word_1_299' title='bbox 581 4057 932 4125; x_wconf 78' lang='lat' dir='ltr'><strong>Vulgarorum</strong></span> <span class='ocrx_word' id='word_1_300' title='bbox 974 4065 1188 4128; x_wconf 86' lang='lat' dir='ltr'><strong>gentem</strong></span> <span class='ocrx_word' id='word_1_301' title='bbox 1213 4098 1227 4123; x_wconf 94' lang='lat'><strong>,</strong></span> <span class='ocrx_word' id='word_1_302' title='bbox 1257 4074 1377 4127; x_wconf 73' lang='lat' dir='ltr'><strong>qum</strong></span> <span class='ocrx_word' id='word_1_303' title='bbox 1408 4070 1492 4113; x_wconf 88' lang='lat' dir='ltr'><strong>est</strong></span> <span class='ocrx_word' id='word_1_304' title='bbox 1537 4073 1702 4128; x_wconf 83' lang='lat' dir='ltr'><strong>supra</strong></span> <span class='ocrx_word' id='word_1_305' title='bbox 1749 4058 1927 4114; x_wconf 90' lang='lat' dir='ltr'><strong>Danu-</strong></span> 
     </span>
    </p>
   </div>
   <div class='ocr_carea' id='block_1_44' title="bbox 338 4149 1929 4222">
    <p class='ocr_par' dir='ltr' id='par_1_44' title="bbox 338 4149 1929 4222">
     <span class='ocr_line' id='line_1_44' title="bbox 338 4149 1929 4222; baseline 0.003 -19"><span class='ocrx_word' id='word_1_306' title='bbox 338 4150 515 4212; x_wconf 90' lang='lat' dir='ltr'><strong>bium,</strong></span> <span class='ocrx_word' id='word_1_307' title='bbox 541 4149 679 4203; x_wconf 89' lang='lat' dir='ltr'><strong>bello</strong></span> <span class='ocrx_word' id='word_1_308' title='bbox 707 4152 1079 4219; x_wconf 83' lang='lat' dir='ltr'><strong>agrediuntur,</strong></span> <span class='ocrx_word' id='word_1_309' title='bbox 1114 4162 1168 4206; x_wconf 91' lang='lat' dir='ltr'><strong>et</strong></span> <span class='ocrx_word' id='word_1_310' title='bbox 1200 4151 1268 4205; x_wconf 90' lang='lat' dir='ltr'><strong>ab</strong></span> <span class='ocrx_word' id='word_1_311' title='bbox 1302 4153 1404 4206; x_wconf 89' lang='lat' dir='ltr'><strong>hac</strong></span> <span class='ocrx_word' id='word_1_312' title='bbox 1432 4166 1648 4222; x_wconf 85' lang='lat' dir='ltr'><strong>quoque</strong></span> <span class='ocrx_word' id='word_1_313' title='bbox 1685 4153 1813 4206; x_wconf 88' lang='lat' dir='ltr'><strong>victi</strong></span> <span class='ocrx_word' id='word_1_314' title='bbox 1846 4169 1929 4207; x_wconf 87' lang='lat' dir='ltr'><strong>re-</strong></span> 
     </span>
    </p>
   </div>
   <div class='ocr_carea' id='block_1_45' title="bbox 340 4240 1927 4312">
    <p class='ocr_par' dir='ltr' id='par_1_45' title="bbox 340 4240 1927 4312">
     <span class='ocr_line' id='line_1_45' title="bbox 340 4240 1927 4312; baseline 0.003 -18"><span class='ocrx_word' id='word_1_315' title='bbox 340 4240 575 4311; x_wconf 78' lang='lat' dir='ltr'><strong>fugiunt,</strong></span> <span class='ocrx_word' id='word_1_316' title='bbox 606 4256 671 4294; x_wconf 90' lang='lat' dir='ltr'><strong>ac</strong></span> <span class='ocrx_word' id='word_1_317' title='bbox 701 4256 864 4296; x_wconf 88' lang='lat' dir='ltr'><strong>naves</strong></span> <span class='ocrx_word' id='word_1_318' title='bbox 890 4252 1140 4312; x_wconf 90' lang='lat' dir='ltr'><strong>repetunt</strong></span> <span class='ocrx_word' id='word_1_319' title='bbox 1167 4258 1324 4307; x_wconf 86' lang='lat' dir='ltr'><strong>suas;</strong></span> <span class='ocrx_word' id='word_1_320' title='bbox 1355 4243 1574 4312; x_wconf 88' lang='lat' dir='ltr'><strong>quibus,</strong></span> <span class='ocrx_word' id='word_1_321' title='bbox 1609 4259 1730 4297; x_wconf 90' lang='lat' dir='ltr'><strong>cum</strong></span> <span class='ocrx_word' id='word_1_322' title='bbox 1758 4243 1927 4298; x_wconf 87' lang='lat' dir='ltr'><strong>altmn</strong></span> 
     </span>
    </p>
   </div>
   <div class='ocr_carea' id='block_1_46' title="bbox 341 4331 1928 4402">
    <p class='ocr_par' dir='ltr' id='par_1_46' title="bbox 341 4331 1928 4402">
     <span class='ocr_line' id='line_1_46' title="bbox 341 4331 1928 4402; baseline 0.003 -19"><span class='ocrx_word' id='word_1_323' title='bbox 341 4339 610 4399; x_wconf 78' lang='lat' dir='ltr'><strong>peterent,</strong></span> <span class='ocrx_word' id='word_1_324' title='bbox 637 4331 915 4400; x_wconf 88' lang='lat' dir='ltr'><strong>ingruente</strong></span> <span class='ocrx_word' id='word_1_325' title='bbox 933 4332 1110 4387; x_wconf 90' lang='lat' dir='ltr'><strong>subita</strong></span> <span class='ocrx_word' id='word_1_326' title='bbox 1137 4341 1478 4402; x_wconf 81' lang='lat' dir='ltr'><strong>tempestate,</strong></span> <span class='ocrx_word' id='word_1_327' title='bbox 1500 4332 1713 4402; x_wconf 91' lang='lat' dir='ltr'><strong>plurimi</strong></span> <span class='ocrx_word' id='word_1_328' title='bbox 1739 4335 1928 4400; x_wconf 90' lang='lat' dir='ltr'><strong>etiam,</strong></span> 
     </span>
    </p>
   </div>
   <div class='ocr_carea' id='block_1_47' title="bbox 344 4423 1929 4494">
    <p class='ocr_par' dir='ltr' id='par_1_47' title="bbox 344 4423 1929 4494">
     <span class='ocr_line' id='line_1_47' title="bbox 344 4423 1929 4494; baseline 0.003 -17"><span class='ocrx_word' id='word_1_329' title='bbox 344 4424 539 4478; x_wconf 84' lang='lat' dir='ltr'><strong>mersis</strong></span> <span class='ocrx_word' id='word_1_330' title='bbox 568 4425 681 4478; x_wconf 82' lang='lat' dir='ltr'><strong>sive</strong></span> <span class='ocrx_word' id='word_1_331' title='bbox 717 4423 1015 4481; x_wconf 80' lang='lat' dir='ltr'><strong>conlractis</strong></span> <span class='ocrx_word' id='word_1_332' title='bbox 1044 4441 1138 4494; x_wconf 88' lang='lat' dir='ltr'><strong>per</strong></span> <span class='ocrx_word' id='word_1_333' title='bbox 1166 4426 1347 4480; x_wconf 89' lang='lat' dir='ltr'><strong>littora</strong></span> <span class='ocrx_word' id='word_1_334' title='bbox 1390 4425 1616 4480; x_wconf 87' lang='lat' dir='ltr'><strong>navibus</strong></span> <span class='ocrx_word' id='word_1_335' title='bbox 1635 4466 1649 4490; x_wconf 94' lang='lat'><strong>,</strong></span> <span class='ocrx_word' id='word_1_336' title='bbox 1681 4436 1809 4481; x_wconf 89' lang='lat' dir='ltr'><strong>sunt</strong></span> <span class='ocrx_word' id='word_1_337' title='bbox 1838 4443 1929 4483; x_wconf 76' lang='lat' dir='ltr'><strong>ne-</strong></span> 
     </span>
    </p>
   </div>
   <div class='ocr_carea' id='block_1_48' title="bbox 2000 583 3580 657">
    <p class='ocr_par' dir='ltr' id='par_1_48' title="bbox 2000 583 3580 657">
     <span class='ocr_line' id='line_1_48' title="bbox 2000 583 3580 657; baseline -0.004 -16"><span class='ocrx_word' id='word_1_338' title='bbox 2000 590 2118 642; x_wconf 85' lang='lat' dir='ltr'><strong>luce</strong></span> <span class='ocrx_word' id='word_1_339' title='bbox 2172 588 2459 656; x_wconf 85' lang='lat' dir='ltr'><strong>migravit,</strong></span> <span class='ocrx_word' id='word_1_340' title='bbox 2527 588 2619 657; x_wconf 87' lang='lat' dir='ltr'><strong>qui</strong></span> <span class='ocrx_word' id='word_1_341' title='bbox 2683 586 2969 641; x_wconf 73' lang='lat' dir='ltr'><strong>ecclesiam</strong></span> <span class='ocrx_word' id='word_1_342' title='bbox 3027 584 3362 639; x_wconf 86' lang='lat' dir='ltr'><strong>Cradeusem</strong></span> <span class='ocrx_word' id='word_1_343' title='bbox 3436 583 3580 635; x_wconf 75' lang='lat' dir='ltr'><strong>rexit</strong></span> 
     </span>
    </p>
   </div>
   <div class='ocr_carea' id='block_1_49' title="bbox 2001 675 3378 745">
    <p class='ocr_par' dir='ltr' id='par_1_49' title="bbox 2001 675 3378 745">
     <span class='ocr_line' id='line_1_49' title="bbox 2001 675 3378 745; baseline -0.004 -14"><span class='ocrx_word' id='word_1_344' title='bbox 2001 678 2157 734; x_wconf 86' lang='lat' dir='ltr'><strong>annis</strong></span> <span class='ocrx_word' id='word_1_345' title='bbox 2186 679 2238 732; x_wconf 87' lang='grc'><strong>7.</strong></span> <span class='ocrx_word' id='word_1_346' title='bbox 2271 678 2407 733; x_wconf 88' lang='lat' dir='ltr'><strong>Huic</strong></span> <span class='ocrx_word' id='word_1_347' title='bbox 2438 677 2698 732; x_wconf 89' lang='lat' dir='ltr'><strong>successit</strong></span> <span class='ocrx_word' id='word_1_348' title='bbox 2725 678 3028 731; x_wconf 84' lang='lat' dir='ltr'><strong>Antoninus</strong></span> <span class='ocrx_word' id='word_1_349' title='bbox 3052 675 3378 745; x_wconf 86' lang='lat' dir='ltr'><strong>patriarcha.</strong></span> 
     </span>
    </p>
   </div>
   <div class='ocr_carea' id='block_1_50' title="bbox 2072 765 3582 838">
    <p class='ocr_par' dir='ltr' id='par_1_50' title="bbox 2072 765 3582 838">
     <span class='ocr_line' id='line_1_50' title="bbox 2072 765 3582 838; baseline -0.003 -15"><span class='ocrx_word' id='word_1_350' title='bbox 2072 770 2273 824; x_wconf 80' lang='lat' dir='ltr'><strong>Eodem</strong></span> <span class='ocrx_word' id='word_1_351' title='bbox 2307 784 2522 838; x_wconf 88' lang='lat' dir='ltr'><strong>quoque</strong></span> <span class='ocrx_word' id='word_1_352' title='bbox 2557 777 2797 838; x_wconf 81' lang='lat' dir='ltr'><strong>tempore</strong></span> <span class='ocrx_word' id='word_1_353' title='bbox 2835 766 3115 837; x_wconf 63' lang='lat' dir='ltr'><strong>praelibato</strong></span> <span class='ocrx_word' id='word_1_354' title='bbox 3152 765 3408 818; x_wconf 81' lang='lat' dir='ltr'><strong>Marcello</strong></span> <span class='ocrx_word' id='word_1_355' title='bbox 3444 780 3582 819; x_wconf 84' lang='lat' dir='ltr'><strong>nuce</strong></span> 
     </span>
    </p>
   </div>
   <div class='ocr_carea' id='block_1_51' title="bbox 2001 856 3582 930">
    <p class='ocr_par' dir='ltr' id='par_1_51' title="bbox 2001 856 3582 930">
     <span class='ocr_line' id='line_1_51' title="bbox 2001 856 3582 930; baseline -0.004 -14"><span class='ocrx_word' id='word_1_356' title='bbox 2001 872 2236 925; x_wconf 88' lang='lat' dir='ltr'><strong>mortuo,</strong></span> <span class='ocrx_word' id='word_1_357' title='bbox 2268 862 2359 929; x_wconf 84' lang='lat' dir='ltr'><strong>qui</strong></span> <span class='ocrx_word' id='word_1_358' title='bbox 2392 860 2532 930; x_wconf 89' lang='lat' dir='ltr'><strong>apud</strong></span> <span class='ocrx_word' id='word_1_359' title='bbox 2573 859 2858 914; x_wconf 86' lang='lat' dir='ltr'><strong>Civitatem</strong></span> <span class='ocrx_word' id='word_1_360' title='bbox 2897 874 3088 912; x_wconf 85' lang='lat' dir='ltr'><strong>novam</strong></span> <span class='ocrx_word' id='word_1_361' title='bbox 3137 856 3380 911; x_wconf 76' lang='lat' dir='ltr'><strong>Veuecize</strong></span> <span class='ocrx_word' id='word_1_362' title='bbox 3417 857 3582 910; x_wconf 83' lang='lat' dir='ltr'><strong>duca-</strong></span> 
     </span>
    </p>
   </div>
   <div class='ocr_carea' id='block_1_52' title="bbox 2003 950 3579 1021">
    <p class='ocr_par' dir='ltr' id='par_1_52' title="bbox 2003 950 3579 1021">
     <span class='ocr_line' id='line_1_52' title="bbox 2003 950 3579 1021; baseline -0.005 -12"><span class='ocrx_word' id='word_1_363' title='bbox 2003 964 2116 1009; x_wconf 89' lang='lat' dir='ltr'><strong>tum</strong></span> <span class='ocrx_word' id='word_1_364' title='bbox 2160 970 2318 1008; x_wconf 82' lang='lat' dir='ltr'><strong>annis</strong></span> <span class='ocrx_word' id='word_1_365' title='bbox 2350 954 2415 1007; x_wconf 72' lang='lat'><strong>12</strong></span> <span class='ocrx_word' id='word_1_366' title='bbox 2449 962 2502 1006; x_wconf 90' lang='lat' dir='ltr'><strong>et</strong></span> <span class='ocrx_word' id='word_1_367' title='bbox 2533 952 2723 1006; x_wconf 86' lang='lat' dir='ltr'><strong>diebus</strong></span> <span class='ocrx_word' id='word_1_368' title='bbox 2753 952 2822 1004; x_wconf 54' lang='grc' dir='ltr'>ευ</span> <span class='ocrx_word' id='word_1_369' title='bbox 2860 952 3289 1021; x_wconf 86' lang='lat' dir='ltr'><strong>gubernaverat;</strong></span> <span class='ocrx_word' id='word_1_370' title='bbox 3334 950 3417 1003; x_wconf 93' lang='lat' dir='ltr'><strong>cui</strong></span> <span class='ocrx_word' id='word_1_371' title='bbox 3452 964 3579 1001; x_wconf 86' lang='lat' dir='ltr'><strong>suc-</strong></span> 
     </span>
    </p>
   </div>
   <div class='ocr_carea' id='block_1_53' title="bbox 2002 1042 3582 1114">
    <p class='ocr_par' dir='ltr' id='par_1_53' title="bbox 2002 1042 3582 1114">
     <span class='ocr_line' id='line_1_53' title="bbox 2002 1042 3582 1114; baseline -0.005 -11"><span class='ocrx_word' id='word_1_372' title='bbox 2002 1048 2168 1103; x_wconf 88' lang='lat' dir='ltr'><strong>cessit</strong></span> <span class='ocrx_word' id='word_1_373' title='bbox 2203 1046 2371 1101; x_wconf 89' lang='lat' dir='ltr'><strong>Ursus</strong></span> <span class='ocrx_word' id='word_1_374' title='bbox 2421 1046 2551 1108; x_wconf 75' lang='lat' dir='ltr'><strong>dnx,</strong></span> <span class='ocrx_word' id='word_1_375' title='bbox 2594 1044 2686 1114; x_wconf 80' lang='lat' dir='ltr'><strong>qui</strong></span> <span class='ocrx_word' id='word_1_376' title='bbox 2728 1044 2889 1097; x_wconf 88' lang='lat' dir='ltr'><strong>etiam</strong></span> <span class='ocrx_word' id='word_1_377' title='bbox 2944 1045 2995 1095; x_wconf 89' lang='lat' dir='ltr'><strong>in</strong></span> <span class='ocrx_word' id='word_1_378' title='bbox 3043 1044 3229 1095; x_wconf 87' lang='lat' dir='ltr'><strong>eadem</strong></span> <span class='ocrx_word' id='word_1_379' title='bbox 3265 1042 3329 1076; x_wconf 77' lang='grc'>³⁸⁸</span> <span class='ocrx_word' id='word_1_380' title='bbox 3360 1042 3582 1095; x_wconf 89' lang='lat' dir='ltr'><strong>civitate</strong></span> 
     </span>
    </p>
   </div>
   <div class='ocr_carea' id='block_1_54' title="bbox 2003 1133 3579 1207">
    <p class='ocr_par' dir='ltr' id='par_1_54' title="bbox 2003 1133 3579 1207">
     <span class='ocr_line' id='line_1_54' title="bbox 2003 1133 3579 1207; baseline -0.004 -15"><span class='ocrx_word' id='word_1_381' title='bbox 2003 1138 2350 1207; x_wconf 57' lang='lat' dir='ltr'><strong>expedit-tum</strong></span> <span class='ocrx_word' id='word_1_382' title='bbox 2402 1137 2655 1190; x_wconf 87' lang='lat' dir='ltr'><strong>ducatum</strong></span> <span class='ocrx_word' id='word_1_383' title='bbox 2706 1144 2920 1188; x_wconf 78' lang='lat' dir='ltr'><strong>rexerat</strong></span> <span class='ocrx_word' id='word_1_384' title='bbox 2969 1135 3129 1189; x_wconf 86' lang='lat' dir='ltr'><strong>anuis</strong></span> <span class='ocrx_word' id='word_1_385' title='bbox 3168 1135 3227 1187; x_wconf 77' lang='lat' dir='ltr'><strong>ll</strong></span> <span class='ocrx_word' id='word_1_386' title='bbox 3281 1142 3334 1187; x_wconf 87' lang='lat' dir='ltr'><strong>et</strong></span> <span class='ocrx_word' id='word_1_387' title='bbox 3379 1133 3579 1187; x_wconf 83' lang='lat' dir='ltr'><strong>mensi-</strong></span> 
     </span>
    </p>
   </div>
   <div class='ocr_carea' id='block_1_55' title="bbox 2003 1223 3584 1296">
    <p class='ocr_par' dir='ltr' id='par_1_55' title="bbox 2003 1223 3584 1296">
     <span class='ocr_line' id='line_1_55' title="bbox 2003 1223 3584 1296; baseline -0.003 -14"><span class='ocrx_word' id='word_1_388' title='bbox 2003 1228 2103 1282; x_wconf 91' lang='lat' dir='ltr'><strong>bus</strong></span> <span class='ocrx_word' id='word_1_389' title='bbox 2131 1228 2185 1281; x_wconf 83' lang='lat'><strong>5.</strong></span> <span class='ocrx_word' id='word_1_390' title='bbox 2220 1227 2372 1283; x_wconf 86' lang='lat' dir='ltr'><strong>Unde</strong></span> <span class='ocrx_word' id='word_1_391' title='bbox 2401 1227 2744 1296; x_wconf 89' lang='lat' dir='ltr'><strong>postmodum</strong></span> <span class='ocrx_word' id='word_1_392' title='bbox 2775 1223 3017 1279; x_wconf 78' lang='lat' dir='ltr'><strong>Venetici</strong></span> <span class='ocrx_word' id='word_1_393' title='bbox 3062 1225 3208 1277; x_wconf 90' lang='lat' dir='ltr'><strong>illum</strong></span> <span class='ocrx_word' id='word_1_394' title='bbox 3250 1225 3361 1277; x_wconf 88' lang='lat' dir='ltr'><strong>aeri</strong></span> <span class='ocrx_word' id='word_1_395' title='bbox 3412 1224 3584 1277; x_wconf 80' lang='lat' dir='ltr'><strong>livore</strong></span> 
     </span>
    </p>
   </div>
   <div class='ocr_carea' id='block_1_56' title="bbox 2007 1315 3586 1388">
    <p class='ocr_par' dir='ltr' id='par_1_56' title="bbox 2007 1315 3586 1388">
     <span class='ocr_line' id='line_1_56' title="bbox 2007 1315 3586 1388; baseline -0.005 -13"><span class='ocrx_word' id='word_1_396' title='bbox 2007 1322 2402 1382; x_wconf 89' lang='lat' dir='ltr'><strong>iuterimeutes,</strong></span> <span class='ocrx_word' id='word_1_397' title='bbox 2430 1319 2669 1388; x_wconf 85' lang='lat' dir='ltr'><strong>quinque</strong></span> <span class='ocrx_word' id='word_1_398' title='bbox 2696 1333 2960 1371; x_wconf 89' lang='lat' dir='ltr'><strong>annorum</strong></span> <span class='ocrx_word' id='word_1_399' title='bbox 2990 1317 3166 1384; x_wconf 86' lang='lat' dir='ltr'><strong>spatio</strong></span> <span class='ocrx_word' id='word_1_400' title='bbox 3190 1315 3458 1385; x_wconf 79' lang='lat' dir='ltr'><strong>magistris</strong></span> <span class='ocrx_word' id='word_1_401' title='bbox 3486 1315 3557 1367; x_wconf 89' lang='lat' dir='ltr'><strong>mi</strong></span> <span class='ocrx_word' id='word_1_402' title='bbox 3582 1345 3586 1348; x_wconf 94' lang='lat'><strong>-</strong></span> 
     </span>
    </p>
   </div>
   <div class='ocr_carea' id='block_1_57' title="bbox 2006 1405 3587 1477">
    <p class='ocr_par' dir='ltr' id='par_1_57' title="bbox 2006 1405 3587 1477">
     <span class='ocr_line' id='line_1_57' title="bbox 2006 1405 3587 1477; baseline -0.005 -10"><span class='ocrx_word' id='word_1_403' title='bbox 2006 1413 2160 1467; x_wconf 90' lang='lat' dir='ltr'><strong>litum</strong></span> <span class='ocrx_word' id='word_1_404' title='bbox 2201 1411 2573 1465; x_wconf 90' lang='lat' dir='ltr'><strong>tantummodo</strong></span> <span class='ocrx_word' id='word_1_405' title='bbox 2608 1409 2817 1477; x_wconf 81' lang='lat' dir='ltr'><strong>subditi</strong></span> <span class='ocrx_word' id='word_1_406' title='bbox 2861 1422 3083 1462; x_wconf 88' lang='lat' dir='ltr'><strong>manere</strong></span> <span class='ocrx_word' id='word_1_407' title='bbox 3121 1406 3426 1459; x_wconf 90' lang='lat' dir='ltr'><strong>voluerunt.</strong></span> <span class='ocrx_word' id='word_1_408' title='bbox 3470 1405 3587 1459; x_wconf 77' lang='lat' dir='ltr'><strong>Pri-</strong></span> 
     </span>
    </p>
   </div>
   <div class='ocr_carea' id='block_1_58' title="bbox 2006 1494 3585 1572">
    <p class='ocr_par' dir='ltr' id='par_1_58' title="bbox 2006 1494 3585 1572">
     <span class='ocr_line' id='line_1_58' title="bbox 2006 1494 3585 1572; baseline -0.005 -15"><span class='ocrx_word' id='word_1_409' title='bbox 2006 1518 2128 1557; x_wconf 87' lang='lat' dir='ltr'><strong>mus</strong></span> <span class='ocrx_word' id='word_1_410' title='bbox 2148 1516 2377 1572; x_wconf 86' lang='lat' dir='ltr'><strong>quorum</strong></span> <span class='ocrx_word' id='word_1_411' title='bbox 2410 1500 2625 1554; x_wconf 89' lang='lat' dir='ltr'><strong>nomine</strong></span> <span class='ocrx_word' id='word_1_412' title='bbox 2672 1499 2781 1553; x_wconf 87' lang='lat' dir='ltr'><strong>Leo</strong></span> <span class='ocrx_word' id='word_1_413' title='bbox 2812 1497 3114 1561; x_wconf 90' lang='lat' dir='ltr'><strong>dicebatur,</strong></span> <span class='ocrx_word' id='word_1_414' title='bbox 3145 1494 3300 1563; x_wconf 86' lang='lat' dir='ltr'><strong>cujus</strong></span> <span class='ocrx_word' id='word_1_415' title='bbox 3344 1505 3585 1563; x_wconf 76' lang='lat' dir='ltr'><strong>potestas</strong></span> 
     </span>
    </p>
   </div>
   <div class='ocr_carea' id='block_1_59' title="bbox 2007 1587 3585 1665">
    <p class='ocr_par' dir='ltr' id='par_1_59' title="bbox 2007 1587 3585 1665">
     <span class='ocr_line' id='line_1_59' title="bbox 2007 1587 3585 1665; baseline -0.006 -16"><span class='ocrx_word' id='word_1_416' title='bbox 2007 1611 2169 1665; x_wconf 88' lang='lat' dir='ltr'><strong>super</strong></span> <span class='ocrx_word' id='word_1_417' title='bbox 2198 1593 2413 1647; x_wconf 92' lang='lat' dir='ltr'><strong>eosdem</strong></span> <span class='ocrx_word' id='word_1_418' title='bbox 2448 1592 2549 1646; x_wconf 89' lang='lat' dir='ltr'><strong>luit</strong></span> <span class='ocrx_word' id='word_1_419' title='bbox 2584 1606 2726 1645; x_wconf 87' lang='lat' dir='ltr'><strong>anno</strong></span> <span class='ocrx_word' id='word_1_420' title='bbox 2758 1592 2807 1644; x_wconf 87' lang='lat' dir='ltr'><strong>l.</strong></span> <span class='ocrx_word' id='word_1_421' title='bbox 2839 1590 3043 1644; x_wconf 90' lang='lat' dir='ltr'><strong>Deinde</strong></span> <span class='ocrx_word' id='word_1_422' title='bbox 3075 1590 3344 1643; x_wconf 88' lang='lat' dir='ltr'><strong>secundus</strong></span> <span class='ocrx_word' id='word_1_423' title='bbox 3373 1587 3585 1640; x_wconf 88' lang='lat' dir='ltr'><strong>illorum</strong></span> 
     </span>
    </p>
   </div>
   <div class='ocr_carea' id='block_1_60' title="bbox 2008 1679 3588 1753">
    <p class='ocr_par' dir='ltr' id='par_1_60' title="bbox 2008 1679 3588 1753">
     <span class='ocr_line' id='line_1_60' title="bbox 2008 1679 3588 1753; baseline -0.005 -13"><span class='ocrx_word' id='word_1_424' title='bbox 2008 1685 2392 1741; x_wconf 88' lang='lat' dir='ltr'><strong>nominabatur</strong></span> <span class='ocrx_word' id='word_1_425' title='bbox 2431 1682 2582 1737; x_wconf 76' lang='lat' dir='ltr'><strong>Felix</strong></span> <span class='ocrx_word' id='word_1_426' title='bbox 2613 1690 2974 1753; x_wconf 89' lang='lat' dir='ltr'><strong>cognomento</strong></span> <span class='ocrx_word' id='word_1_427' title='bbox 3010 1680 3331 1743; x_wconf 87' lang='lat' dir='ltr'><strong>Cornicula,</strong></span> <span class='ocrx_word' id='word_1_428' title='bbox 3370 1679 3462 1749; x_wconf 86' lang='lat' dir='ltr'><strong>qui</strong></span> <span class='ocrx_word' id='word_1_429' title='bbox 3512 1680 3588 1732; x_wconf 92' lang='lat' dir='ltr'><strong>si-</strong></span> 
     </span>
    </p>
   </div>
   <div class='ocr_carea' id='block_1_61' title="bbox 2010 1772 3593 1842">
    <p class='ocr_par' dir='ltr' id='par_1_61' title="bbox 2010 1772 3593 1842">
     <span class='ocr_line' id='line_1_61' title="bbox 2010 1772 3593 1842; baseline -0.003 -11"><span class='ocrx_word' id='word_1_430' title='bbox 2010 1776 2212 1831; x_wconf 91' lang='lat' dir='ltr'><strong>militer</strong></span> <span class='ocrx_word' id='word_1_431' title='bbox 2238 1776 2358 1830; x_wconf 83' lang='lat' dir='ltr'><strong>illos</strong></span> <span class='ocrx_word' id='word_1_432' title='bbox 2400 1775 2560 1829; x_wconf 90' lang='lat' dir='ltr'><strong>unius</strong></span> <span class='ocrx_word' id='word_1_433' title='bbox 2598 1774 2723 1827; x_wconf 88' lang='lat' dir='ltr'><strong>anui</strong></span> <span class='ocrx_word' id='word_1_434' title='bbox 2763 1774 2940 1842; x_wconf 89' lang='lat' dir='ltr'><strong>spatio</strong></span> <span class='ocrx_word' id='word_1_435' title='bbox 2978 1782 3212 1827; x_wconf 81' lang='lat' dir='ltr'><strong>rexerat.</strong></span> <span class='ocrx_word' id='word_1_436' title='bbox 3245 1772 3452 1826; x_wconf 78' lang='lat' dir='ltr'><strong>Exinde</strong></span> <span class='ocrx_word' id='word_1_437' title='bbox 3488 1780 3593 1826; x_wconf 88' lang='lat' dir='ltr'><strong>ter-</strong></span> 
     </span>
    </p>
   </div>
   <div class='ocr_carea' id='block_1_62' title="bbox 2009 1860 3594 1936">
    <p class='ocr_par' dir='ltr' id='par_1_62' title="bbox 2009 1860 3594 1936">
     <span class='ocr_line' id='line_1_62' title="bbox 2009 1860 3594 1936; baseline -0.005 -13"><span class='ocrx_word' id='word_1_438' title='bbox 2009 1868 2125 1923; x_wconf 90' lang='lat' dir='ltr'><strong>cius</strong></span> <span class='ocrx_word' id='word_1_439' title='bbox 2167 1867 2427 1936; x_wconf 88' lang='lat' dir='ltr'><strong>magister</strong></span> <span class='ocrx_word' id='word_1_440' title='bbox 2468 1863 2701 1918; x_wconf 90' lang='lat' dir='ltr'><strong>militum</strong></span> <span class='ocrx_word' id='word_1_441' title='bbox 2736 1862 3075 1917; x_wconf 89' lang='lat' dir='ltr'><strong>vocitabatur</strong></span> <span class='ocrx_word' id='word_1_442' title='bbox 3114 1863 3409 1925; x_wconf 90' lang='lat' dir='ltr'><strong>Deusdedi,</strong></span> <span class='ocrx_word' id='word_1_443' title='bbox 3452 1860 3594 1915; x_wconf 82' lang='lat' dir='ltr'><strong>ﬁlius</strong></span> 
     </span>
    </p>
   </div>
   <div class='ocr_carea' id='block_1_63' title="bbox 2010 1955 3593 2031">
    <p class='ocr_par' dir='ltr' id='par_1_63' title="bbox 2010 1955 3593 2031">
     <span class='ocr_line' id='line_1_63' title="bbox 2010 1955 3593 2031; baseline -0.004 -16"><span class='ocrx_word' id='word_1_444' title='bbox 2010 1960 2285 2031; x_wconf 64' lang='lat' dir='ltr'><strong>saepedicti</strong></span> <span class='ocrx_word' id='word_1_445' title='bbox 2331 1957 2558 2015; x_wconf 89' lang='lat' dir='ltr'><strong>Ursonis</strong></span> <span class='ocrx_word' id='word_1_446' title='bbox 2590 1956 2861 2011; x_wconf 82' lang='lat' dir='ltr'><strong>interfecti</strong></span> <span class='ocrx_word' id='word_1_447' title='bbox 2900 1956 3077 2020; x_wconf 86' lang='lat' dir='ltr'><strong>ducis,</strong></span> <span class='ocrx_word' id='word_1_448' title='bbox 3107 1956 3197 2025; x_wconf 90' lang='lat' dir='ltr'><strong>qui</strong></span> <span class='ocrx_word' id='word_1_449' title='bbox 3240 1956 3405 2009; x_wconf 90' lang='lat' dir='ltr'><strong>etiam</strong></span> <span class='ocrx_word' id='word_1_450' title='bbox 3432 1955 3593 2009; x_wconf 87' lang='lat' dir='ltr'><strong>unius</strong></span> 
     </span>
    </p>
   </div>
   <div class='ocr_carea' id='block_1_64' title="bbox 2010 2044 3593 2120">
    <p class='ocr_par' dir='ltr' id='par_1_64' title="bbox 2010 2044 3593 2120">
     <span class='ocr_line' id='line_1_64' title="bbox 2010 2044 3593 2120; baseline -0.006 -13"><span class='ocrx_word' id='word_1_451' title='bbox 2010 2052 2135 2107; x_wconf 90' lang='lat' dir='ltr'><strong>anni</strong></span> <span class='ocrx_word' id='word_1_452' title='bbox 2184 2051 2361 2120; x_wconf 88' lang='lat' dir='ltr'><strong>spatio</strong></span> <span class='ocrx_word' id='word_1_453' title='bbox 2397 2050 2539 2104; x_wconf 88' lang='lat' dir='ltr'><strong>illius</strong></span> <span class='ocrx_word' id='word_1_454' title='bbox 2587 2048 2874 2118; x_wconf 86' lang='lat' dir='ltr'><strong>potestatis</strong></span> <span class='ocrx_word' id='word_1_455' title='bbox 2924 2046 3101 2100; x_wconf 81' lang='lat' dir='ltr'><strong>fuerat</strong></span> <span class='ocrx_word' id='word_1_456' title='bbox 3140 2046 3206 2099; x_wconf 83' lang='grc'><strong>³⁷.</strong></span> <span class='ocrx_word' id='word_1_457' title='bbox 3239 2044 3593 2099; x_wconf 87' lang='lat' dir='ltr'><strong>Postmodum</strong></span> 
     </span>
    </p>
   </div>
   <div class='ocr_carea' id='block_1_65' title="bbox 2010 2133 3591 2213">
    <p class='ocr_par' dir='ltr' id='par_1_65' title="bbox 2010 2133 3591 2213">
     <span class='ocr_line' id='line_1_65' title="bbox 2010 2133 3591 2213; baseline -0.006 -16"><span class='ocrx_word' id='word_1_458' title='bbox 2010 2151 2239 2213; x_wconf 88' lang='lat' dir='ltr'><strong>quartus</strong></span> <span class='ocrx_word' id='word_1_459' title='bbox 2274 2157 2341 2195; x_wconf 75' lang='lat' dir='ltr'><strong>ex</strong></span> <span class='ocrx_word' id='word_1_460' title='bbox 2369 2140 2435 2195; x_wconf 91' lang='lat' dir='ltr'><strong>iis</strong></span> <span class='ocrx_word' id='word_1_461' title='bbox 2472 2139 2775 2194; x_wconf 88' lang='lat' dir='ltr'><strong>habebatur</strong></span> <span class='ocrx_word' id='word_1_462' title='bbox 2802 2136 3067 2193; x_wconf 86' lang='lat' dir='ltr'><strong>Jubianus</strong></span> <span class='ocrx_word' id='word_1_463' title='bbox 3100 2137 3321 2191; x_wconf 90' lang='lat' dir='ltr'><strong>nomine</strong></span> <span class='ocrx_word' id='word_1_464' title='bbox 3366 2133 3591 2204; x_wconf 86' lang='lat' dir='ltr'><strong>Ypatus,</strong></span> 
     </span>
    </p>
   </div>
   <div class='ocr_carea' id='block_1_66' title="bbox 2011 2227 3595 2305">
    <p class='ocr_par' dir='ltr' id='par_1_66' title="bbox 2011 2227 3595 2305">
     <span class='ocr_line' id='line_1_66' title="bbox 2011 2227 3595 2305; baseline -0.003 -18"><span class='ocrx_word' id='word_1_465' title='bbox 2011 2235 2102 2305; x_wconf 88' lang='lat' dir='ltr'><strong>qui</strong></span> <span class='ocrx_word' id='word_1_466' title='bbox 2141 2236 2185 2274; x_wconf 77' lang='grc'><strong>³³</strong></span> <span class='ocrx_word' id='word_1_467' title='bbox 2225 2232 2465 2303; x_wconf 84' lang='lat' dir='ltr'><strong>ejusdem</strong></span> <span class='ocrx_word' id='word_1_468' title='bbox 2506 2230 2731 2285; x_wconf 90' lang='lat' dir='ltr'><strong>honoris</strong></span> <span class='ocrx_word' id='word_1_469' title='bbox 2763 2230 2922 2285; x_wconf 91' lang='lat' dir='ltr'><strong>unius</strong></span> <span class='ocrx_word' id='word_1_470' title='bbox 2954 2230 3081 2283; x_wconf 90' lang='lat' dir='ltr'><strong>anni</strong></span> <span class='ocrx_word' id='word_1_471' title='bbox 3123 2228 3375 2283; x_wconf 90' lang='lat' dir='ltr'><strong>similiter</strong></span> <span class='ocrx_word' id='word_1_472' title='bbox 3417 2227 3595 2297; x_wconf 89' lang='lat' dir='ltr'><strong>spatio</strong></span> 
     </span>
    </p>
   </div>
   <div class='ocr_carea' id='block_1_67' title="bbox 2012 2319 3591 2395">
    <p class='ocr_par' dir='ltr' id='par_1_67' title="bbox 2012 2319 3591 2395">
     <span class='ocr_line' id='line_1_67' title="bbox 2012 2319 3591 2395; baseline -0.005 -15"><span class='ocrx_word' id='word_1_473' title='bbox 2012 2340 2296 2395; x_wconf 82' lang='lat' dir='ltr'><strong>possessor</strong></span> <span class='ocrx_word' id='word_1_474' title='bbox 2343 2322 2541 2378; x_wconf 86' lang='lat' dir='ltr'><strong>fuerat.</strong></span> <span class='ocrx_word' id='word_1_475' title='bbox 2583 2321 2748 2391; x_wconf 89' lang='lat' dir='ltr'><strong>Cujus</strong></span> <span class='ocrx_word' id='word_1_476' title='bbox 2793 2337 3008 2392; x_wconf 88' lang='lat' dir='ltr'><strong>quoque</strong></span> <span class='ocrx_word' id='word_1_477' title='bbox 3063 2321 3253 2376; x_wconf 88' lang='lat' dir='ltr'><strong>diebus</strong></span> <span class='ocrx_word' id='word_1_478' title='bbox 3296 2320 3413 2386; x_wconf 85' lang='lat' dir='ltr'><strong>(an.</strong></span> <span class='ocrx_word' id='word_1_479' title='bbox 3465 2319 3591 2388; x_wconf 71' lang='lat'><strong>729)</strong></span> 
     </span>
    </p>
   </div>
   <div class='ocr_carea' id='block_1_68' title="bbox 2011 2408 3594 2483">
    <p class='ocr_par' dir='ltr' id='par_1_68' title="bbox 2011 2408 3594 2483">
     <span class='ocr_line' id='line_1_68' title="bbox 2011 2408 3594 2483; baseline -0.008 -11"><span class='ocrx_word' id='word_1_480' title='bbox 2011 2416 2279 2472; x_wconf 84' lang='lat' dir='ltr'><strong>exarchus</strong></span> <span class='ocrx_word' id='word_1_481' title='bbox 2324 2415 2594 2468; x_wconf 66' lang='lat' dir='ltr'><strong>Ravennae</strong></span> <span class='ocrx_word' id='word_1_482' title='bbox 2636 2413 2837 2483; x_wconf 89' lang='lat' dir='ltr'><strong>primas</strong></span> <span class='ocrx_word' id='word_1_483' title='bbox 2885 2410 3164 2466; x_wconf 79' lang='lat' dir='ltr'><strong>Venetiam</strong></span> <span class='ocrx_word' id='word_1_484' title='bbox 3209 2410 3456 2471; x_wconf 89' lang='lat' dir='ltr'><strong>veniens,</strong></span> <span class='ocrx_word' id='word_1_485' title='bbox 3505 2408 3594 2461; x_wconf 91' lang='lat' dir='ltr'><strong>ui-</strong></span> 
     </span>
    </p>
   </div>
   <div class='ocr_carea' id='block_1_69' title="bbox 2014 2500 3593 2574">
    <p class='ocr_par' dir='ltr' id='par_1_69' title="bbox 2014 2500 3593 2574">
     <span class='ocr_line' id='line_1_69' title="bbox 2014 2500 3593 2574; baseline -0.006 -14"><span class='ocrx_word' id='word_1_486' title='bbox 2014 2507 2287 2574; x_wconf 87' lang='lat' dir='ltr'><strong>miumque</strong></span> <span class='ocrx_word' id='word_1_487' title='bbox 2334 2503 2621 2558; x_wconf 85' lang='lat' dir='ltr'><strong>Veneticos</strong></span> <span class='ocrx_word' id='word_1_488' title='bbox 2662 2500 2975 2571; x_wconf 90' lang='lat' dir='ltr'><strong>postulans,</strong></span> <span class='ocrx_word' id='word_1_489' title='bbox 3007 2510 3275 2569; x_wconf 89' lang='lat' dir='ltr'><strong>quatenus</strong></span> <span class='ocrx_word' id='word_1_490' title='bbox 3318 2500 3593 2568; x_wconf 89' lang='lat' dir='ltr'><strong>pr0priam</strong></span> 
     </span>
    </p>
   </div>
   <div class='ocr_carea' id='block_1_70' title="bbox 2014 2590 3599 2664">
    <p class='ocr_par' dir='ltr' id='par_1_70' title="bbox 2014 2590 3599 2664">
     <span class='ocr_line' id='line_1_70' title="bbox 2014 2590 3599 2664; baseline -0.005 -13"><span class='ocrx_word' id='word_1_491' title='bbox 2014 2598 2226 2659; x_wconf 89' lang='lat' dir='ltr'><strong>urbem,</strong></span> <span class='ocrx_word' id='word_1_492' title='bbox 2252 2610 2415 2664; x_wconf 90' lang='lat' dir='ltr'><strong>quam</strong></span> <span class='ocrx_word' id='word_1_493' title='bbox 2442 2592 2797 2648; x_wconf 86' lang='lat' dir='ltr'><strong>lldebrandus</strong></span> <span class='ocrx_word' id='word_1_494' title='bbox 2831 2607 2999 2661; x_wconf 89' lang='lat' dir='ltr'><strong>nepos</strong></span> <span class='ocrx_word' id='word_1_495' title='bbox 3038 2592 3336 2645; x_wconf 89' lang='lat' dir='ltr'><strong>Liubrandi</strong></span> <span class='ocrx_word' id='word_1_496' title='bbox 3374 2590 3514 2661; x_wconf 87' lang='lat' dir='ltr'><strong>regis</strong></span> <span class='ocrx_word' id='word_1_497' title='bbox 3543 2600 3599 2643; x_wconf 87' lang='lat' dir='ltr'><strong>et</strong></span> 
     </span>
    </p>
   </div>
   <div class='ocr_carea' id='block_1_71' title="bbox 2013 2680 3598 2751">
    <p class='ocr_par' dir='ltr' id='par_1_71' title="bbox 2013 2680 3598 2751">
     <span class='ocr_line' id='line_1_71' title="bbox 2013 2680 3598 2751; baseline -0.003 -12"><span class='ocrx_word' id='word_1_498' title='bbox 2013 2686 2287 2740; x_wconf 88' lang='lat' dir='ltr'><strong>Paradeus</strong></span> <span class='ocrx_word' id='word_1_499' title='bbox 2332 2683 2648 2738; x_wconf 75' lang='lat' dir='ltr'><strong>Vieentinus</strong></span> <span class='ocrx_word' id='word_1_500' title='bbox 2693 2682 2803 2735; x_wconf 83' lang='lat' dir='ltr'><strong>dux</strong></span> <span class='ocrx_word' id='word_1_501' title='bbox 2846 2690 3059 2751; x_wconf 89' lang='lat' dir='ltr'><strong>captam</strong></span> <span class='ocrx_word' id='word_1_502' title='bbox 3094 2682 3417 2744; x_wconf 90' lang='lat' dir='ltr'><strong>habuerant,</strong></span> <span class='ocrx_word' id='word_1_503' title='bbox 3458 2680 3598 2734; x_wconf 86' lang='lat' dir='ltr'><strong>tueri</strong></span> 
     </span>
    </p>
   </div>
   <div class='ocr_carea' id='block_1_72' title="bbox 2015 2772 3602 2847">
    <p class='ocr_par' dir='ltr' id='par_1_72' title="bbox 2015 2772 3602 2847">
     <span class='ocr_line' id='line_1_72' title="bbox 2015 2772 3602 2847; baseline -0.003 -15"><span class='ocrx_word' id='word_1_504' title='bbox 2015 2788 2177 2847; x_wconf 89' lang='lat' dir='ltr'><strong>atque</strong></span> <span class='ocrx_word' id='word_1_505' title='bbox 2209 2775 2499 2831; x_wconf 85' lang='lat' dir='ltr'><strong>defendere</strong></span> <span class='ocrx_word' id='word_1_506' title='bbox 2526 2791 2711 2831; x_wconf 91' lang='lat' dir='ltr'><strong>eorum</strong></span> <span class='ocrx_word' id='word_1_507' title='bbox 2739 2774 2955 2829; x_wconf 79' lang='lat' dir='ltr'><strong>auxiliis</strong></span> <span class='ocrx_word' id='word_1_508' title='bbox 2985 2774 3267 2843; x_wconf 87' lang='lat' dir='ltr'><strong>potuisset.</strong></span> <span class='ocrx_word' id='word_1_509' title='bbox 3299 2773 3462 2844; x_wconf 87' lang='lat' dir='ltr'><strong>Cujus</strong></span> <span class='ocrx_word' id='word_1_510' title='bbox 3496 2772 3602 2827; x_wconf 63' lang='grc' dir='ltr'><strong>γε.</strong></span> 
     </span>
    </p>
   </div>
   <div class='ocr_carea' id='block_1_73' title="bbox 2016 2862 3605 2936">
    <p class='ocr_par' dir='ltr' id='par_1_73' title="bbox 2016 2862 3605 2936">
     <span class='ocr_line' id='line_1_73' title="bbox 2016 2862 3605 2936; baseline -0.006 -12"><span class='ocrx_word' id='word_1_511' title='bbox 2016 2869 2183 2925; x_wconf 89' lang='lat' dir='ltr'><strong>netiei</strong></span> <span class='ocrx_word' id='word_1_512' title='bbox 2208 2868 2451 2922; x_wconf 85' lang='lat' dir='ltr'><strong>faventes</strong></span> <span class='ocrx_word' id='word_1_513' title='bbox 2483 2866 2752 2936; x_wconf 90' lang='lat' dir='ltr'><strong>petitioni,</strong></span> <span class='ocrx_word' id='word_1_514' title='bbox 2785 2864 2964 2917; x_wconf 88' lang='lat' dir='ltr'><strong>navali</strong></span> <span class='ocrx_word' id='word_1_515' title='bbox 2996 2880 3118 2918; x_wconf 91' lang='lat' dir='ltr'><strong>cum</strong></span> <span class='ocrx_word' id='word_1_516' title='bbox 3154 2864 3392 2917; x_wconf 81' lang='lat' dir='ltr'><strong>exercitu</strong></span> <span class='ocrx_word' id='word_1_517' title='bbox 3422 2862 3605 2931; x_wconf 72' lang='lat' dir='ltr'><strong>prieli-</strong></span> 
     </span>
    </p>
   </div>
   <div class='ocr_carea' id='block_1_74' title="bbox 2018 2952 3606 3025">
    <p class='ocr_par' dir='ltr' id='par_1_74' title="bbox 2018 2952 3606 3025">
     <span class='ocr_line' id='line_1_74' title="bbox 2018 2952 3606 3025; baseline -0.006 -9"><span class='ocrx_word' id='word_1_518' title='bbox 2018 2963 2200 3016; x_wconf 88' lang='lat' dir='ltr'><strong>batam</strong></span> <span class='ocrx_word' id='word_1_519' title='bbox 2237 2958 2553 3014; x_wconf 81' lang='lat' dir='ltr'><strong>Ravennam</strong></span> <span class='ocrx_word' id='word_1_520' title='bbox 2585 2956 2651 3010; x_wconf 90' lang='lat' dir='ltr'><strong>ad</strong></span> <span class='ocrx_word' id='word_1_521' title='bbox 2678 2955 2867 3010; x_wconf 88' lang='lat' dir='ltr'><strong>urbem</strong></span> <span class='ocrx_word' id='word_1_522' title='bbox 2902 2964 3276 3025; x_wconf 90' lang='lat' dir='ltr'><strong>properantes,</strong></span> <span class='ocrx_word' id='word_1_523' title='bbox 3309 2969 3448 3007; x_wconf 89' lang='lat' dir='ltr'><strong>unus</strong></span> <span class='ocrx_word' id='word_1_524' title='bbox 3488 2952 3606 3006; x_wconf 65' lang='lat' dir='ltr'><strong>illo«</strong></span> 
     </span>
    </p>
   </div>
   <div class='ocr_carea' id='block_1_75' title="bbox 2019 3048 3602 3120">
    <p class='ocr_par' dir='ltr' id='par_1_75' title="bbox 2019 3048 3602 3120">
     <span class='ocr_line' id='line_1_75' title="bbox 2019 3048 3602 3120; baseline -0.008 -11"><span class='ocrx_word' id='word_1_525' title='bbox 2019 3072 2163 3120; x_wconf 88' lang='lat' dir='ltr'><strong>rum,</strong></span> <span class='ocrx_word' id='word_1_526' title='bbox 2193 3053 2544 3108; x_wconf 86' lang='lat' dir='ltr'><strong>lldebrandus</strong></span> <span class='ocrx_word' id='word_1_527' title='bbox 2568 3054 2612 3084; x_wconf 83' lang='lat'><strong>&quot;</strong></span> <span class='ocrx_word' id='word_1_528' title='bbox 2644 3049 2875 3114; x_wconf 89' lang='lat' dir='ltr'><strong>scilicet,</strong></span> <span class='ocrx_word' id='word_1_529' title='bbox 2904 3049 3057 3103; x_wconf 87' lang='lat' dir='ltr'><strong>vivus</strong></span> <span class='ocrx_word' id='word_1_530' title='bbox 3075 3049 3144 3103; x_wconf 90' lang='lat' dir='ltr'><strong>ab</strong></span> <span class='ocrx_word' id='word_1_531' title='bbox 3166 3048 3245 3101; x_wconf 90' lang='lat' dir='ltr'><strong>eis</strong></span> <span class='ocrx_word' id='word_1_532' title='bbox 3272 3055 3461 3115; x_wconf 90' lang='lat' dir='ltr'><strong>captus</strong></span> <span class='ocrx_word' id='word_1_533' title='bbox 3482 3056 3560 3098; x_wconf 89' lang='lat' dir='ltr'><strong>est</strong></span> <span class='ocrx_word' id='word_1_534' title='bbox 3587 3061 3602 3109; x_wconf 89' lang='lat'><strong>;</strong></span> 
     </span>
    </p>
   </div>
   <div class='ocr_carea' id='block_1_76' title="bbox 2023 3137 3611 3215">
    <p class='ocr_par' dir='ltr' id='par_1_76' title="bbox 2023 3137 3611 3215">
     <span class='ocr_line' id='line_1_76' title="bbox 2023 3137 3611 3215; baseline -0.009 -12"><span class='ocrx_word' id='word_1_535' title='bbox 2023 3150 2158 3204; x_wconf 90' lang='lat' dir='ltr'><strong>alter</strong></span> <span class='ocrx_word' id='word_1_536' title='bbox 2200 3164 2331 3203; x_wconf 88' lang='lat' dir='ltr'><strong>vero</strong></span> <span class='ocrx_word' id='word_1_537' title='bbox 2372 3146 2463 3215; x_wconf 87' lang='lat' dir='ltr'><strong>qui</strong></span> <span class='ocrx_word' id='word_1_538' title='bbox 2519 3144 2800 3199; x_wconf 89' lang='lat' dir='ltr'><strong>dicebatur</strong></span> <span class='ocrx_word' id='word_1_539' title='bbox 2842 3142 3148 3206; x_wconf 84' lang='lat' dir='ltr'><strong>Paradeus,</strong></span> <span class='ocrx_word' id='word_1_540' title='bbox 3196 3140 3408 3194; x_wconf 87' lang='lat' dir='ltr'><strong>occisus</strong></span> <span class='ocrx_word' id='word_1_541' title='bbox 3451 3137 3611 3191; x_wconf 52' lang='lat' dir='ltr'><strong>dimi.</strong></span> 
     </span>
    </p>
   </div>
   <div class='ocr_carea' id='block_1_77' title="bbox 2023 3230 3606 3305">
    <p class='ocr_par' dir='ltr' id='par_1_77' title="bbox 2023 3230 3606 3305">
     <span class='ocr_line' id='line_1_77' title="bbox 2023 3230 3606 3305; baseline -0.009 -8"><span class='ocrx_word' id='word_1_542' title='bbox 2023 3242 2195 3297; x_wconf 89' lang='lat' dir='ltr'><strong>cando</strong></span> <span class='ocrx_word' id='word_1_543' title='bbox 2214 3240 2562 3295; x_wconf 89' lang='lat' dir='ltr'><strong>occubuerat.</strong></span> <span class='ocrx_word' id='word_1_544' title='bbox 2600 3236 2778 3305; x_wconf 78' lang='lat' dir='ltr'><strong>Atque</strong></span> <span class='ocrx_word' id='word_1_545' title='bbox 2804 3234 3111 3304; x_wconf 90' lang='lat' dir='ltr'><strong>bujusmodi</strong></span> <span class='ocrx_word' id='word_1_546' title='bbox 3152 3232 3392 3288; x_wconf 78' lang='lat' dir='ltr'><strong>exarcho</strong></span> <span class='ocrx_word' id='word_1_547' title='bbox 3422 3230 3606 3299; x_wconf 66' lang='lat' dir='ltr'><strong>praeli-</strong></span> 
     </span>
    </p>
   </div>
   <div class='ocr_carea' id='block_1_78' title="bbox 2022 3320 3608 3400">
    <p class='ocr_par' dir='ltr' id='par_1_78' title="bbox 2022 3320 3608 3400">
     <span class='ocr_line' id='line_1_78' title="bbox 2022 3320 3608 3400; baseline -0.009 -14"><span class='ocrx_word' id='word_1_548' title='bbox 2022 3332 2151 3386; x_wconf 75' lang='lat' dir='ltr'><strong>baro</strong></span> <span class='ocrx_word' id='word_1_549' title='bbox 2177 3330 2393 3400; x_wconf 88' lang='lat' dir='ltr'><strong>primati</strong></span> <span class='ocrx_word' id='word_1_550' title='bbox 2432 3328 2562 3381; x_wconf 89' lang='lat' dir='ltr'><strong>urbs</strong></span> <span class='ocrx_word' id='word_1_551' title='bbox 2604 3326 2864 3380; x_wconf 90' lang='lat' dir='ltr'><strong>decenter</strong></span> <span class='ocrx_word' id='word_1_552' title='bbox 2892 3333 2973 3379; x_wconf 90' lang='lat' dir='ltr'><strong>est</strong></span> <span class='ocrx_word' id='word_1_553' title='bbox 3012 3324 3282 3379; x_wconf 90' lang='lat' dir='ltr'><strong>restituta.</strong></span> <span class='ocrx_word' id='word_1_554' title='bbox 3317 3320 3399 3376; x_wconf 90' lang='lat' dir='ltr'><strong>0b</strong></span> <span class='ocrx_word' id='word_1_555' title='bbox 3441 3333 3608 3389; x_wconf 88' lang='lat' dir='ltr'><strong>quam</strong></span> 
     </span>
    </p>
   </div>
   <div class='ocr_carea' id='block_1_79' title="bbox 2026 3412 3610 3492">
    <p class='ocr_par' dir='ltr' id='par_1_79' title="bbox 2026 3412 3610 3492">
     <span class='ocr_line' id='line_1_79' title="bbox 2026 3412 3610 3492; baseline -0.008 -16"><span class='ocrx_word' id='word_1_556' title='bbox 2026 3437 2138 3477; x_wconf 90' lang='lat' dir='ltr'><strong>rem</strong></span> <span class='ocrx_word' id='word_1_557' title='bbox 2160 3419 2455 3492; x_wconf 84' lang='lat' dir='ltr'><strong>Gregorius</strong></span> <span class='ocrx_word' id='word_1_558' title='bbox 2485 3432 2699 3487; x_wconf 85' lang='lat' dir='ltr'><strong>quoque</strong></span> <span class='ocrx_word' id='word_1_559' title='bbox 2740 3415 3070 3486; x_wconf 91' lang='lat' dir='ltr'><strong>apostolicus</strong></span> <span class='ocrx_word' id='word_1_560' title='bbox 3099 3414 3251 3468; x_wconf 89' lang='lat' dir='ltr'><strong>urbis</strong></span> <span class='ocrx_word' id='word_1_561' title='bbox 3284 3412 3468 3466; x_wconf 76' lang='lat' dir='ltr'><strong>Roma:</strong></span> <span class='ocrx_word' id='word_1_562' title='bbox 3497 3420 3610 3464; x_wconf 83' lang='lat' dir='ltr'><strong>tota</strong></span> 
     </span>
    </p>
   </div>
   <div class='ocr_carea' id='block_1_80' title="bbox 2025 3501 3610 3580">
    <p class='ocr_par' dir='ltr' id='par_1_80' title="bbox 2025 3501 3610 3580">
     <span class='ocr_line' id='line_1_80' title="bbox 2025 3501 3610 3580; baseline -0.01 -12"><span class='ocrx_word' id='word_1_563' title='bbox 2025 3514 2284 3568; x_wconf 80' lang='lat' dir='ltr'><strong>aviditate</strong></span> <span class='ocrx_word' id='word_1_564' title='bbox 2338 3511 2641 3580; x_wconf 67' lang='lat' dir='ltr'><strong>saapedicta:</strong></span> <span class='ocrx_word' id='word_1_565' title='bbox 2689 3508 2807 3561; x_wconf 91' lang='lat' dir='ltr'><strong>urbi</strong></span> <span class='ocrx_word' id='word_1_566' title='bbox 2870 3504 3281 3566; x_wconf 86' lang='lat' dir='ltr'><strong>subveniendo,</strong></span> <span class='ocrx_word' id='word_1_567' title='bbox 3333 3501 3610 3571; x_wconf 80' lang='lat' dir='ltr'><strong>propriam</strong></span> 
     </span>
    </p>
   </div>
   <div class='ocr_carea' id='block_1_81' title="bbox 2026 3596 3610 3677">
    <p class='ocr_par' dir='ltr' id='par_1_81' title="bbox 2026 3596 3610 3677">
     <span class='ocr_line' id='line_1_81' title="bbox 2026 3596 3610 3677; baseline -0.01 -14"><span class='ocrx_word' id='word_1_568' title='bbox 2026 3607 2317 3677; x_wconf 89' lang='lat' dir='ltr'><strong>epistolam</strong></span> <span class='ocrx_word' id='word_1_569' title='bbox 2363 3620 2482 3673; x_wconf 73' lang='lat' dir='ltr'><strong>qua:</strong></span> <span class='ocrx_word' id='word_1_570' title='bbox 2523 3602 2750 3656; x_wconf 89' lang='lat' dir='ltr'><strong>inferius</strong></span> <span class='ocrx_word' id='word_1_571' title='bbox 2799 3600 2993 3669; x_wconf 80' lang='lat' dir='ltr'><strong>legitur</strong></span> <span class='ocrx_word' id='word_1_572' title='bbox 3021 3598 3295 3652; x_wconf 82' lang='lat' dir='ltr'><strong>Antonino</strong></span> <span class='ocrx_word' id='word_1_573' title='bbox 3339 3596 3610 3649; x_wconf 88' lang='lat' dir='ltr'><strong>Gradensi</strong></span> 
     </span>
    </p>
   </div>
   <div class='ocr_carea' id='block_1_82' title="bbox 2026 3686 3614 3769">
    <p class='ocr_par' dir='ltr' id='par_1_82' title="bbox 2026 3686 3614 3769">
     <span class='ocr_line' id='line_1_82' title="bbox 2026 3686 3614 3769; baseline -0.011 -17"><span class='ocrx_word' id='word_1_574' title='bbox 2026 3695 2351 3769; x_wconf 75' lang='lat' dir='ltr'><strong>patriarcha:</strong></span> <span class='ocrx_word' id='word_1_575' title='bbox 2384 3693 2628 3754; x_wconf 86' lang='lat' dir='ltr'><strong>miserat,</strong></span> <span class='ocrx_word' id='word_1_576' title='bbox 2660 3698 2733 3745; x_wconf 88' lang='lat' dir='ltr'><strong>ut.</strong></span> <span class='ocrx_word' id='word_1_577' title='bbox 2759 3688 3047 3744; x_wconf 86' lang='lat' dir='ltr'><strong>Veneticos</strong></span> <span class='ocrx_word' id='word_1_578' title='bbox 3085 3686 3304 3741; x_wconf 88' lang='lat' dir='ltr'><strong>amabili</strong></span> <span class='ocrx_word' id='word_1_579' title='bbox 3350 3686 3614 3739; x_wconf 83' lang='lat' dir='ltr'><strong>obsecra-</strong></span> 
     </span>
    </p>
   </div>
   <div class='ocr_carea' id='block_1_83' title="bbox 2031 3776 3615 3843">
    <p class='ocr_par' dir='ltr' id='par_1_83' title="bbox 2031 3776 3615 3843">
     <span class='ocr_line' id='line_1_83' title="bbox 2031 3776 3615 3843; baseline -0.009 -1"><span class='ocrx_word' id='word_1_580' title='bbox 2031 3790 2175 3843; x_wconf 90' lang='lat' dir='ltr'><strong>tione</strong></span> <span class='ocrx_word' id='word_1_581' title='bbox 2202 3786 2427 3841; x_wconf 91' lang='lat' dir='ltr'><strong>inlicere</strong></span> <span class='ocrx_word' id='word_1_582' title='bbox 2459 3782 2703 3843; x_wconf 88' lang='lat' dir='ltr'><strong>deberet,</strong></span> <span class='ocrx_word' id='word_1_583' title='bbox 2734 3780 2799 3833; x_wconf 92' lang='lat' dir='ltr'><strong>ad</strong></span> <span class='ocrx_word' id='word_1_584' title='bbox 2831 3780 3061 3833; x_wconf 87' lang='lat' dir='ltr'><strong>eandem</strong></span> <span class='ocrx_word' id='word_1_585' title='bbox 3094 3776 3489 3833; x_wconf 80' lang='lat' dir='ltr'><strong>defendendam</strong></span> <span class='ocrx_word' id='word_1_586' title='bbox 3521 3791 3615 3829; x_wconf 87' lang='lat' dir='ltr'><strong>ur-</strong></span> 
     </span>
    </p>
   </div>
   <div class='ocr_carea' id='block_1_84' title="bbox 2028 3848 3616 3937">
    <p class='ocr_par' dir='ltr' id='par_1_84' title="bbox 2028 3848 3616 3937">
     <span class='ocr_line' id='line_1_84' title="bbox 2028 3848 3616 3937; baseline -0.009 -4"><span class='ocrx_word' id='word_1_587' title='bbox 2028 3882 2152 3934; x_wconf 89' lang='lat' dir='ltr'><strong>bem</strong></span> <span class='ocrx_word' id='word_1_588' title='bbox 2183 3876 2431 3930; x_wconf 84' lang='lat' dir='ltr'><strong>venirent</strong></span> <span class='ocrx_word' id='word_1_589' title='bbox 2472 3890 2485 3925; x_wconf 89' lang='lat'>:</span> <span class='ocrx_word' id='word_1_590' title='bbox 2538 3871 2887 3925; x_wconf 76' lang='lat' dir='ltr'><strong>Dilectissimo</strong></span> <span class='ocrx_word' id='word_1_591' title='bbox 2917 3868 3073 3937; x_wconf 79' lang='lat' dir='ltr'><strong>fratri</strong></span> <span class='ocrx_word' id='word_1_592' title='bbox 3107 3868 3372 3921; x_wconf 84' lang='lat' dir='ltr'><strong>Antonino</strong></span> <span class='ocrx_word' id='word_1_593' title='bbox 3417 3848 3616 3935; x_wconf 71' lang='lat' dir='ltr'><strong>Grego-</strong></span> 
     </span>
    </p>
   </div>
   <div class='ocr_carea' id='block_1_85' title="bbox 2030 3957 3615 4035">
    <p class='ocr_par' dir='ltr' id='par_1_85' title="bbox 2030 3957 3615 4035">
     <span class='ocr_line' id='line_1_85' title="bbox 2030 3957 3615 4035; baseline -0.009 -12"><span class='ocrx_word' id='word_1_594' title='bbox 2030 3970 2160 4023; x_wconf 84' lang='lat' dir='ltr'><strong>rius.</strong></span> <span class='ocrx_word' id='word_1_595' title='bbox 2191 3967 2330 4034; x_wconf 82' lang='lat' dir='ltr'><strong>Quia</strong></span> <span class='ocrx_word' id='word_1_596' title='bbox 2356 3975 2567 4035; x_wconf 87' lang='lat' dir='ltr'><strong>peccato</strong></span> <span class='ocrx_word' id='word_1_597' title='bbox 2595 3963 2817 4033; x_wconf 80' lang='lat' dir='ltr'><strong>faciente</strong></span> <span class='ocrx_word' id='word_1_598' title='bbox 2849 3959 3232 4013; x_wconf 78' lang='lat' dir='ltr'><strong>Ravcnantium</strong></span> <span class='ocrx_word' id='word_1_599' title='bbox 3275 3957 3479 4021; x_wconf 81' lang='lat' dir='ltr'><strong>civitas,</strong></span> <span class='ocrx_word' id='word_1_600' title='bbox 3525 3957 3615 4025; x_wconf 85' lang='lat' dir='ltr'><strong>qui</strong></span> 
     </span>
    </p>
   </div>
   <div class='ocr_carea' id='block_1_86' title="bbox 2030 4046 3616 4128">
    <p class='ocr_par' dir='ltr' id='par_1_86' title="bbox 2030 4046 3616 4128">
     <span class='ocr_line' id='line_1_86' title="bbox 2030 4046 3616 4128; baseline -0.009 -15"><span class='ocrx_word' id='word_1_601' title='bbox 2030 4070 2182 4128; x_wconf 86' lang='lat' dir='ltr'><strong>caput</strong></span> <span class='ocrx_word' id='word_1_602' title='bbox 2208 4067 2318 4112; x_wconf 85' lang='lat' dir='ltr'><strong>erat</strong></span> <span class='ocrx_word' id='word_1_603' title='bbox 2346 4057 2603 4121; x_wconf 87' lang='lat' dir='ltr'><strong>omnium,</strong></span> <span class='ocrx_word' id='word_1_604' title='bbox 2637 4054 2701 4107; x_wconf 89' lang='lat' dir='ltr'><strong>ab</strong></span> <span class='ocrx_word' id='word_1_605' title='bbox 2734 4069 2825 4105; x_wconf 88' lang='lat' dir='ltr'><strong>nec</strong></span> <span class='ocrx_word' id='word_1_606' title='bbox 2863 4050 3087 4104; x_wconf 80' lang='lat' dir='ltr'><strong>dicenda</strong></span> <span class='ocrx_word' id='word_1_607' title='bbox 3122 4057 3270 4119; x_wconf 84' lang='lat' dir='ltr'><strong>gente</strong></span> <span class='ocrx_word' id='word_1_608' title='bbox 3311 4046 3616 4117; x_wconf 81' lang='lat' dir='ltr'><strong>Langobar-</strong></span> 
     </span>
    </p>
   </div>
   <div class='ocr_carea' id='block_1_87' title="bbox 2031 4139 3611 4219">
    <p class='ocr_par' dir='ltr' id='par_1_87' title="bbox 2031 4139 3611 4219">
     <span class='ocr_line' id='line_1_87' title="bbox 2031 4139 3611 4219; baseline -0.009 -15"><span class='ocrx_word' id='word_1_609' title='bbox 2031 4153 2217 4205; x_wconf 84' lang='lat' dir='ltr'><strong>dorum</strong></span> <span class='ocrx_word' id='word_1_610' title='bbox 2263 4158 2417 4219; x_wconf 89' lang='lat' dir='ltr'><strong>capta</strong></span> <span class='ocrx_word' id='word_1_611' title='bbox 2463 4157 2561 4211; x_wconf 85' lang='lat' dir='ltr'><strong>est,</strong></span> <span class='ocrx_word' id='word_1_612' title='bbox 2605 4155 2652 4199; x_wconf 88' lang='lat' dir='ltr'><strong>et</strong></span> <span class='ocrx_word' id='word_1_613' title='bbox 2701 4143 2843 4213; x_wconf 75' lang='lat' dir='ltr'><strong>ﬁlius</strong></span> <span class='ocrx_word' id='word_1_614' title='bbox 2896 4151 3073 4194; x_wconf 86' lang='lat' dir='ltr'><strong>noster</strong></span> <span class='ocrx_word' id='word_1_615' title='bbox 3117 4140 3340 4193; x_wconf 74' lang='lat' dir='ltr'><strong>eximius</strong></span> <span class='ocrx_word' id='word_1_616' title='bbox 3386 4139 3611 4190; x_wconf 84' lang='lat' dir='ltr'><strong>domnus</strong></span> 
     </span>
    </p>
   </div>
   <div class='ocr_carea' id='block_1_88' title="bbox 2031 4227 3615 4307">
    <p class='ocr_par' dir='ltr' id='par_1_88' title="bbox 2031 4227 3615 4307">
     <span class='ocr_line' id='line_1_88' title="bbox 2031 4227 3615 4307; baseline -0.011 -11"><span class='ocrx_word' id='word_1_617' title='bbox 2031 4240 2285 4296; x_wconf 75' lang='lat' dir='ltr'><strong>cxarchus</strong></span> <span class='ocrx_word' id='word_1_618' title='bbox 2309 4238 2449 4307; x_wconf 78' lang='lat' dir='ltr'><strong>apud</strong></span> <span class='ocrx_word' id='word_1_619' title='bbox 2487 4236 2756 4298; x_wconf 75' lang='lat' dir='ltr'><strong>Venecias,</strong></span> <span class='ocrx_word' id='word_1_620' title='bbox 2784 4242 2839 4285; x_wconf 86' lang='lat' dir='ltr'><strong>ut</strong></span> <span class='ocrx_word' id='word_1_621' title='bbox 2865 4230 3214 4301; x_wconf 76' lang='lat' dir='ltr'><strong>cognovimus,</strong></span> <span class='ocrx_word' id='word_1_622' title='bbox 3240 4240 3497 4290; x_wconf 84' lang='lat' dir='ltr'><strong>moratur,</strong></span> <span class='ocrx_word' id='word_1_623' title='bbox 3529 4227 3615 4279; x_wconf 85' lang='lat' dir='ltr'><strong>dc-</strong></span> 
     </span>
    </p>
   </div>
   <div class='ocr_carea' id='block_1_89' title="bbox 2034 4324 3617 4400">
    <p class='ocr_par' dir='ltr' id='par_1_89' title="bbox 2034 4324 3617 4400">
     <span class='ocr_line' id='line_1_89' title="bbox 2034 4324 3617 4400; baseline -0.009 -15"><span class='ocrx_word' id='word_1_624' title='bbox 2034 4332 2146 4385; x_wconf 86' lang='lat' dir='ltr'><strong>beat</strong></span> <span class='ocrx_word' id='word_1_625' title='bbox 2193 4341 2286 4384; x_wconf 88' lang='lat' dir='ltr'><strong>tua</strong></span> <span class='ocrx_word' id='word_1_626' title='bbox 2332 4330 2567 4400; x_wconf 79' lang='lat' dir='ltr'><strong>fraterna</strong></span> <span class='ocrx_word' id='word_1_627' title='bbox 2616 4326 2869 4380; x_wconf 73' lang='lat' dir='ltr'><strong>sanctitas</strong></span> <span class='ocrx_word' id='word_1_628' title='bbox 2914 4324 2961 4377; x_wconf 88' lang='lat' dir='ltr'><strong>ei</strong></span> <span class='ocrx_word' id='word_1_629' title='bbox 3004 4324 3273 4383; x_wconf 77' lang='lat' dir='ltr'><strong>adwrere,</strong></span> <span class='ocrx_word' id='word_1_630' title='bbox 3313 4331 3360 4373; x_wconf 87' lang='lat' dir='ltr'><strong>et</strong></span> <span class='ocrx_word' id='word_1_631' title='bbox 3405 4336 3521 4374; x_wconf 89' lang='lat' dir='ltr'><strong>cum</strong></span> <span class='ocrx_word' id='word_1_632' title='bbox 3558 4336 3617 4372; x_wconf 91' lang='lat' dir='ltr'><strong>eo</strong></span> 
     </span>
    </p>
   </div>
   <div class='ocr_carea' id='block_1_90' title="bbox 2034 4416 3619 4492">
    <p class='ocr_par' dir='ltr' id='par_1_90' title="bbox 2034 4416 3619 4492">
     <span class='ocr_line' id='line_1_90' title="bbox 2034 4416 3619 4492; baseline -0.009 -14"><span class='ocrx_word' id='word_1_633' title='bbox 2034 4436 2214 4478; x_wconf 85' lang='lat' dir='ltr'><strong>nostra</strong></span> <span class='ocrx_word' id='word_1_634' title='bbox 2242 4424 2348 4477; x_wconf 80' lang='lat' dir='ltr'><strong>vice</strong></span> <span class='ocrx_word' id='word_1_635' title='bbox 2381 4422 2578 4492; x_wconf 82' lang='lat' dir='ltr'><strong>pariter</strong></span> <span class='ocrx_word' id='word_1_636' title='bbox 2619 4421 2908 4483; x_wconf 84' lang='lat' dir='ltr'><strong>decertare,</strong></span> <span class='ocrx_word' id='word_1_637' title='bbox 2936 4426 2992 4471; x_wconf 87' lang='lat' dir='ltr'><strong>ut</strong></span> <span class='ocrx_word' id='word_1_638' title='bbox 3019 4417 3087 4470; x_wconf 87' lang='lat' dir='ltr'><strong>ad</strong></span> <span class='ocrx_word' id='word_1_639' title='bbox 3112 4416 3391 4485; x_wconf 85' lang='lat' dir='ltr'><strong>pristinum</strong></span> <span class='ocrx_word' id='word_1_640' title='bbox 3423 4422 3619 4467; x_wconf 77' lang='lat' dir='ltr'><strong>statuat</strong></span> 
     </span>
    </p>
   </div>
   <div class='ocr_carea' id='block_1_91' title="bbox 338 4505 3616 4588">
    <p class='ocr_par' dir='ltr' id='par_1_91' title="bbox 338 4505 3616 4588">
     <span class='ocr_line' id='line_1_91' title="bbox 338 4505 3616 4588; baseline -0.003 -24"><span class='ocrx_word' id='word_1_641' title='bbox 338 4513 466 4566; x_wconf 81' lang='lat' dir='ltr'><strong>cati.</strong></span> <span class='ocrx_word' id='word_1_642' title='bbox 498 4517 571 4582; x_wconf 90' lang='lat' dir='ltr'><strong>(c.</strong></span> <span class='ocrx_word' id='word_1_643' title='bbox 594 4514 710 4582; x_wconf 75' lang='grc'><strong>48.)</strong></span> <span class='ocrx_word' id='word_1_644' title='bbox 738 4515 1080 4585; x_wconf 87' lang='lat' dir='ltr'><strong>Linprandus</strong></span> <span class='ocrx_word' id='word_1_645' title='bbox 1108 4517 1333 4571; x_wconf 89' lang='lat' dir='ltr'><strong>audiens</strong></span> <span class='ocrx_word' id='word_1_646' title='bbox 1351 4516 1494 4586; x_wconf 89' lang='lat' dir='ltr'><strong>quod</strong></span> <span class='ocrx_word' id='word_1_647' title='bbox 1525 4517 1808 4583; x_wconf 85' lang='lat' dir='ltr'><strong>Saraceni,</strong></span> <span class='ocrx_word' id='word_1_648' title='bbox 1833 4518 1927 4573; x_wconf 85' lang='lat' dir='ltr'><strong>de-</strong></span> <span class='ocrx_word' id='word_1_649' title='bbox 1964 4530 2009 4588; x_wconf 80' lang='grc' dir='ltr'>ι)</span> <span class='ocrx_word' id='word_1_650' title='bbox 2036 4524 2232 4570; x_wconf 74' lang='lat' dir='ltr'><strong>sancta:</strong></span> <span class='ocrx_word' id='word_1_651' title='bbox 2280 4515 2354 4569; x_wconf 87' lang='lat' dir='ltr'><strong>rei</strong></span> <span class='ocrx_word' id='word_1_652' title='bbox 2383 4512 2604 4584; x_wconf 74' lang='lat' dir='ltr'><strong>publica:</strong></span> <span class='ocrx_word' id='word_1_653' title='bbox 2639 4522 2686 4565; x_wconf 86' lang='lat' dir='ltr'><strong>et</strong></span> <span class='ocrx_word' id='word_1_654' title='bbox 2722 4509 2985 4579; x_wconf 80' lang='lat' dir='ltr'><strong>imperiali</strong></span> <span class='ocrx_word' id='word_1_655' title='bbox 3020 4507 3238 4562; x_wconf 81' lang='lat' dir='ltr'><strong>servicio</strong></span> <span class='ocrx_word' id='word_1_656' title='bbox 3285 4505 3616 4559; x_wconf 86' lang='lat' dir='ltr'><strong>dominorum</strong></span> 
     </span>
    </p>
   </div>
   <div class='ocr_carea' id='block_1_92' title="bbox 338 4594 3626 4678">
    <p class='ocr_par' dir='ltr' id='par_1_92' title="bbox 338 4594 3626 4678">
     <span class='ocr_line' id='line_1_92' title="bbox 338 4594 3626 4678; baseline -0.005 -18"><span class='ocrx_word' id='word_1_657' title='bbox 338 4609 594 4678; x_wconf 79' lang='lat' dir='ltr'><strong>pepulata</strong></span> <span class='ocrx_word' id='word_1_658' title='bbox 630 4610 901 4675; x_wconf 87' lang='lat' dir='ltr'><strong>Sardinia,</strong></span> <span class='ocrx_word' id='word_1_659' title='bbox 933 4611 1098 4666; x_wconf 90' lang='lat' dir='ltr'><strong>etiam</strong></span> <span class='ocrx_word' id='word_1_660' title='bbox 1130 4611 1244 4666; x_wconf 92' lang='lat' dir='ltr'><strong>loca</strong></span> <span class='ocrx_word' id='word_1_661' title='bbox 1273 4609 1522 4666; x_wconf 88' lang='lat' dir='ltr'><strong>fedarent</strong></span> <span class='ocrx_word' id='word_1_662' title='bbox 1564 4612 1655 4667; x_wconf 91' lang='lat' dir='ltr'><strong>illa</strong></span> <span class='ocrx_word' id='word_1_663' title='bbox 1681 4612 1770 4667; x_wconf 90' lang='lat' dir='ltr'><strong>ubi</strong></span> <span class='ocrx_word' id='word_1_664' title='bbox 1802 4594 1928 4669; x_wconf 87' lang='lat' dir='ltr'><strong>ossa</strong></span> <span class='ocrx_word' id='word_1_665' title='bbox 2036 4608 2369 4677; x_wconf 77' lang='lat' dir='ltr'><strong>ﬁliarumquc</strong></span> <span class='ocrx_word' id='word_1_666' title='bbox 2399 4615 2697 4659; x_wconf 84' lang='lat' dir='ltr'><strong>nostrorum</strong></span> <span class='ocrx_word' id='word_1_667' title='bbox 2730 4601 2917 4655; x_wconf 88' lang='lat' dir='ltr'><strong>Leonis</strong></span> <span class='ocrx_word' id='word_1_668' title='bbox 2944 4611 2989 4655; x_wconf 89' lang='lat' dir='ltr'><strong>et</strong></span> <span class='ocrx_word' id='word_1_669' title='bbox 3013 4596 3367 4659; x_wconf 81' lang='lat' dir='ltr'><strong>Constantini,</strong></span> <span class='ocrx_word' id='word_1_670' title='bbox 3410 4608 3626 4662; x_wconf 87' lang='lat' dir='ltr'><strong>magno-</strong></span> 
     </span>
    </p>
   </div>
   <div class='ocr_carea' id='block_1_93' title="bbox 337 4679 3629 4771">
    <p class='ocr_par' dir='ltr' id='par_1_93' title="bbox 337 4679 3629 4771">
     <span class='ocr_line' id='line_1_93' title="bbox 337 4679 3629 4771; baseline -0.007 -19"><span class='ocrx_word' id='word_1_671' title='bbox 337 4699 513 4752; x_wconf 88' lang='lat' dir='ltr'><strong>sancti</strong></span> <span class='ocrx_word' id='word_1_672' title='bbox 549 4699 834 4769; x_wconf 83' lang='lat' dir='ltr'><strong>Augustini</strong></span> <span class='ocrx_word' id='word_1_673' title='bbox 868 4702 1105 4769; x_wconf 91' lang='lat' dir='ltr'><strong>episcopi</strong></span> <span class='ocrx_word' id='word_1_674' title='bbox 1148 4709 1368 4771; x_wconf 90' lang='lat' dir='ltr'><strong>propter</strong></span> <span class='ocrx_word' id='word_1_675' title='bbox 1407 4703 1769 4756; x_wconf 89' lang='lat' dir='ltr'><strong>vastationem</strong></span> <span class='ocrx_word' id='word_1_676' title='bbox 1802 4704 1931 4757; x_wconf 67' lang='lat' dir='ltr'><strong>bar-</strong></span> <span class='ocrx_word' id='word_1_677' title='bbox 2038 4715 2152 4751; x_wconf 87' lang='lat' dir='ltr'><strong>rum</strong></span> <span class='ocrx_word' id='word_1_678' title='bbox 2188 4699 2598 4767; x_wconf 81' lang='lat' dir='ltr'><strong>imperatorum,</strong></span> <span class='ocrx_word' id='word_1_679' title='bbox 2631 4696 2745 4762; x_wconf 86' lang='lat' dir='ltr'><strong>ipsa</strong></span> <span class='ocrx_word' id='word_1_680' title='bbox 2783 4702 3048 4746; x_wconf 75' lang='lat' dir='ltr'><strong>revocetur</strong></span> <span class='ocrx_word' id='word_1_681' title='bbox 3088 4687 3471 4741; x_wconf 79' lang='lat' dir='ltr'><strong>Ravenantium</strong></span> <span class='ocrx_word' id='word_1_682' title='bbox 3503 4679 3629 4734; x_wconf 81' lang='lat' dir='ltr'><strong>ciri-</strong></span> 
     </span>
    </p>
   </div>
   <div class='ocr_carea' id='block_1_94' title="bbox 335 4768 3631 4850">
    <p class='ocr_par' dir='ltr' id='par_1_94' title="bbox 335 4768 3631 4850">
     <span class='ocr_line' id='line_1_94' title="bbox 335 4768 3631 4850; baseline -0.007 -5"><span class='ocrx_word' id='word_1_683' title='bbox 335 4788 600 4845; x_wconf 83' lang='lat' dir='ltr'><strong>barorum</strong></span> <span class='ocrx_word' id='word_1_684' title='bbox 630 4791 757 4844; x_wconf 90' lang='lat' dir='ltr'><strong>olim</strong></span> <span class='ocrx_word' id='word_1_685' title='bbox 794 4790 1055 4844; x_wconf 88' lang='lat' dir='ltr'><strong>translata</strong></span> <span class='ocrx_word' id='word_1_686' title='bbox 1096 4801 1152 4845; x_wconf 91' lang='lat' dir='ltr'><strong>et</strong></span> <span class='ocrx_word' id='word_1_687' title='bbox 1195 4791 1495 4845; x_wconf 85' lang='lat' dir='ltr'><strong>honorifice</strong></span> <span class='ocrx_word' id='word_1_688' title='bbox 1540 4790 1755 4845; x_wconf 88' lang='lat' dir='ltr'><strong>fuerant</strong></span> <span class='ocrx_word' id='word_1_689' title='bbox 1799 4808 1928 4846; x_wconf 88' lang='lat' dir='ltr'><strong>con-</strong></span> <span class='ocrx_word' id='word_1_690' title='bbox 2038 4798 2141 4850; x_wconf 69' lang='lat' dir='ltr'><strong>tas,</strong></span> <span class='ocrx_word' id='word_1_691' title='bbox 2170 4797 2226 4839; x_wconf 75' lang='lat' dir='ltr'><strong>ut</strong></span> <span class='ocrx_word' id='word_1_692' title='bbox 2255 4786 2365 4840; x_wconf 72' lang='lat' dir='ltr'><strong>zelo</strong></span> <span class='ocrx_word' id='word_1_693' title='bbox 2390 4794 2439 4839; x_wconf 75' lang='lat' dir='ltr'><strong>et</strong></span> <span class='ocrx_word' id='word_1_694' title='bbox 2472 4800 2651 4837; x_wconf 83' lang='lat' dir='ltr'><strong>amore</strong></span> <span class='ocrx_word' id='word_1_695' title='bbox 2674 4786 2871 4835; x_wconf 70' lang='lat' dir='ltr'><strong>saneta:</strong></span> <span class='ocrx_word' id='word_1_696' title='bbox 2905 4780 3029 4850; x_wconf 80' lang='lat' dir='ltr'><strong>ﬁdei</strong></span> <span class='ocrx_word' id='word_1_697' title='bbox 3062 4786 3257 4830; x_wconf 71' lang='lat' dir='ltr'><strong>nostra:</strong></span> <span class='ocrx_word' id='word_1_698' title='bbox 3284 4774 3340 4826; x_wconf 88' lang='lat' dir='ltr'><strong>in</strong></span> <span class='ocrx_word' id='word_1_699' title='bbox 3378 4781 3518 4827; x_wconf 84' lang='lat' dir='ltr'><strong>statu</strong></span> <span class='ocrx_word' id='word_1_700' title='bbox 3556 4768 3631 4819; x_wconf 85' lang='lat' dir='ltr'><strong>rei</strong></span> 
     </span>
    </p>
   </div>
   <div class='ocr_carea' id='block_1_95' title="bbox 340 4855 1914 4951">
    <p class='ocr_par' dir='ltr' id='par_1_95' title="bbox 340 4880 1914 4951">
     <span class='ocr_line' id='line_1_95' title="bbox 340 4880 1914 4951; baseline 0.003 -17"><span class='ocrx_word' id='word_1_701' title='bbox 340 4881 472 4942; x_wconf 80' lang='lat' dir='ltr'><strong>dita,</strong></span> <span class='ocrx_word' id='word_1_702' title='bbox 502 4880 677 4945; x_wconf 88' lang='lat' dir='ltr'><strong>misit,</strong></span> <span class='ocrx_word' id='word_1_703' title='bbox 708 4890 763 4934; x_wconf 89' lang='lat' dir='ltr'><strong>et</strong></span> <span class='ocrx_word' id='word_1_704' title='bbox 795 4880 922 4934; x_wconf 89' lang='lat' dir='ltr'><strong>dato</strong></span> <span class='ocrx_word' id='word_1_705' title='bbox 948 4896 1143 4951; x_wconf 87' lang='lat' dir='ltr'><strong>magno</strong></span> <span class='ocrx_word' id='word_1_706' title='bbox 1177 4882 1363 4951; x_wconf 89' lang='lat' dir='ltr'><strong>precio</strong></span> <span class='ocrx_word' id='word_1_707' title='bbox 1392 4882 1634 4951; x_wconf 87' lang='lat' dir='ltr'><strong>accepit,</strong></span> <span class='ocrx_word' id='word_1_708' title='bbox 1662 4894 1716 4936; x_wconf 85' lang='lat' dir='ltr'><strong>et</strong></span> <span class='ocrx_word' id='word_1_709' title='bbox 1749 4896 1914 4939; x_wconf 88' lang='lat' dir='ltr'><strong>trans-</strong></span> 
     </span>
    </p>
   </div>
   <div class='ocr_carea' id='block_1_96' title="bbox 2016 4855 3635 4951">
    <p class='ocr_par' dir='ltr' id='par_1_96' title="bbox 2037 4855 3635 4948">
     <span class='ocr_line' id='line_1_96' title="bbox 2037 4855 3635 4948; baseline -0.018 -17"><span class='ocrx_word' id='word_1_710' title='bbox 2037 4874 2261 4948; x_wconf 79' lang='lat' dir='ltr'><strong>publicw</strong></span> <span class='ocrx_word' id='word_1_711' title='bbox 2287 4884 2337 4929; x_wconf 88' lang='lat' dir='ltr'><strong>et</strong></span> <span class='ocrx_word' id='word_1_712' title='bbox 2358 4870 2617 4941; x_wconf 85' lang='lat' dir='ltr'><strong>imperiali</strong></span> <span class='ocrx_word' id='word_1_713' title='bbox 2658 4872 2875 4925; x_wconf 83' lang='lat' dir='ltr'><strong>servicio</strong></span> <span class='ocrx_word' id='word_1_714' title='bbox 2913 4868 3053 4938; x_wconf 83' lang='lat' dir='ltr'><strong>ﬁrmi</strong></span> <span class='ocrx_word' id='word_1_715' title='bbox 3096 4862 3378 4935; x_wconf 84' lang='lat' dir='ltr'><strong>persistere</strong></span> <span class='ocrx_word' id='word_1_716' title='bbox 3413 4855 3635 4912; x_wconf 83' lang='lat' dir='ltr'><strong>Domino</strong></span> 
     </span>
    </p>
   </div>
   <div class='ocr_carea' id='block_1_97' title="bbox 344 4951 1914 5049">
    <p class='ocr_par' dir='ltr' id='par_1_97' title="bbox 344 4975 1909 5049">
     <span class='ocr_line' id='line_1_97' title="bbox 344 4975 1909 5049; baseline 0.004 -23"><span class='ocrx_word' id='word_1_717' title='bbox 344 4975 464 5028; x_wconf 88' lang='lat' dir='ltr'><strong>tulit</strong></span> <span class='ocrx_word' id='word_1_718' title='bbox 503 4989 567 5029; x_wconf 89' lang='lat' dir='ltr'><strong>ea</strong></span> <span class='ocrx_word' id='word_1_719' title='bbox 609 4975 660 5029; x_wconf 94' lang='lat' dir='ltr'><strong>in</strong></span> <span class='ocrx_word' id='word_1_720' title='bbox 700 4975 921 5037; x_wconf 90' lang='lat' dir='ltr'><strong>Ticino,</strong></span> <span class='ocrx_word' id='word_1_721' title='bbox 974 4976 1157 5046; x_wconf 78' lang='lat' dir='ltr'><strong>ibique</strong></span> <span class='ocrx_word' id='word_1_722' title='bbox 1198 4990 1320 5029; x_wconf 92' lang='lat' dir='ltr'><strong>cum</strong></span> <span class='ocrx_word' id='word_1_723' title='bbox 1364 4976 1545 5030; x_wconf 90' lang='lat' dir='ltr'><strong>debito</strong></span> <span class='ocrx_word' id='word_1_724' title='bbox 1588 4984 1735 5031; x_wconf 87' lang='lat' dir='ltr'><strong>tanto</strong></span> <span class='ocrx_word' id='word_1_725' title='bbox 1789 4988 1909 5049; x_wconf 82' lang='lat' dir='ltr'><strong>patr</strong></span> 
     </span>
    </p>
   </div>
   <div class='ocr_carea' id='block_1_98' title="bbox 2016 4951 3639 5049">
    <p class='ocr_par' dir='ltr' id='par_1_98' title="bbox 2036 4951 3639 5043">
     <span class='ocr_line' id='line_1_98' title="bbox 2036 4951 3639 5043; baseline -0.018 -20"><span class='ocrx_word' id='word_1_726' title='bbox 2036 4986 2142 5043; x_wconf 86' lang='lat' dir='ltr'><strong>quo</strong></span> <span class='ocrx_word' id='word_1_727' title='bbox 2172 4970 2216 5001; x_wconf 83' lang='grc' dir='ltr'><strong>³ο</strong></span> <span class='ocrx_word' id='word_1_728' title='bbox 2249 4974 2556 5037; x_wconf 82' lang='lat' dir='ltr'><strong>cooperante</strong></span> <span class='ocrx_word' id='word_1_729' title='bbox 2587 4963 2873 5018; x_wconf 81' lang='lat' dir='ltr'><strong>valeamus.</strong></span> <span class='ocrx_word' id='word_1_730' title='bbox 2907 4962 3049 5015; x_wconf 84' lang='lat' dir='ltr'><strong>Deus</strong></span> <span class='ocrx_word' id='word_1_731' title='bbox 3082 4968 3130 5010; x_wconf 90' lang='lat' dir='ltr'><strong>te</strong></span> <span class='ocrx_word' id='word_1_732' title='bbox 3152 4951 3473 5007; x_wconf 80' lang='lat' dir='ltr'><strong>incolumem</strong></span> <span class='ocrx_word' id='word_1_733' title='bbox 3519 4960 3639 4997; x_wconf 86' lang='lat' dir='ltr'><strong>cus-</strong></span> 
     </span>
    </p>
   </div>
   <div class='ocr_carea' id='block_1_99' title="bbox 342 5055 2798 5092">
    <p class='ocr_par' dir='ltr' id='par_1_99' title="bbox 342 5055 2798 5092">
     <span class='ocr_line' id='line_1_99' title="bbox 342 5055 2798 5092; baseline 0 0"><span class='ocrx_word' id='word_1_734' title='bbox 342 5066 553 5092; x_wconf 64' lang='grc' dir='ltr'><strong>ιιΛι-Λ-ιι</strong></span> <span class='ocrx_word' id='word_1_735' title='bbox 584 5066 889 5092; x_wconf 61' lang='grc' dir='ltr'><strong>-.ιΛ.ιιιι³ἷ.Ιῖο</strong></span> <span class='ocrx_word' id='word_1_736' title='bbox 2038 5064 2208 5092; x_wconf 60' lang='grc' dir='ltr'><strong>ΙΛι,;η.</strong></span> <span class='ocrx_word' id='word_1_737' title='bbox 2269 5056 2599 5092; x_wconf 66' lang='grc' dir='ltr'><strong>ΛῖΙαρΙίεείηιο</strong></span> <span class='ocrx_word' id='word_1_738' title='bbox 2635 5055 2798 5092; x_wconf 59' lang='lat' dir='ltr'><strong>rfn&#39;l’r</strong></span> 
     </span>
    </p>
   </div>
  </div>
