4108 5412
479 359 583 414 8.5

1684 359 1960 418 DANle
2000 364 2270 420 DIACONI
2311 365 2555 421 VENETI

3633 364 3738 423 896

483 473 658 538 spatio
694 477 966 526 manserat
987 511 1002 536 ,
1035 470 1311 543 ipsiusque
1335 472 1501 528 etiam
1532 489 1561 527 a
1611 474 1880 531 V’cueticts
1916 478 2060 531 oeuli
2092 487 2135 542 Α
2165 479 2326 542 oculi,
2360 481 2634 551 ipsiusque
2661 480 2912 538 ducatum
2937 483 3189 540 auferens
3210 499 3597 554 possessorth
3624 485 3742 553 ejus

485 563 654 619 avulsi
679 570 828 619 sunt.

563 655 658 710 His
689 669 903 725 quoque
940 652 1270 724 temporibus
1305 654 1612 712 Antoninus
1647 656 1937 713 Gradensis
1970 672 2068 728 pa-

488 746 729 799 triarcha
754 760 785 798 a
812 747 1067 814 praesenti
1097 745 1218 800 luce
1251 746 1607 817 migraverat;
1646 747 1799 817 cujus
1828 748 2070 816 regimen

492 848 753 890 annorum
792 832 863 887 22
896 841 952 889 et
986 834 1250 889 mensiqu
1286 836 1382 900 lt),
1416 836 1635 904 insuper
1665 845 1720 891 et
1755 836 1960 891 dierum
2001 835 2071 890 20

493 927 688 979 fuerat.
731 923 951 981 Hisdem
980 927 1146 981 etiam
1187 925 1377 982 diebus
1410 926 1743 995 Forjuleusis
1782 926 2010 982 ecclesia
2039 942 2071 981 a

496 1016 699 1070 Sereno
741 1014 971 1083 praesule
1000 1018 1305 1086 regebatur,
1343 1017 1458 1087 qui,
1499 1017 1699 1072 nullius
1720 1015 1948 1086 justititn
1979 1032 2076 1071 ex-

494 1116 700 1175 pertus,
733 1106 858 1173 sibi,
895 1107 1263 1179 usurpationis
1288 1123 1486 1176 causa,
1515 1108 1665 1178 regia
1703 1115 1969 1177 potestate
2005 1107 2073 1161 ab

493 1202 789 1272 apostolica
817 1203 947 1259 sede
972 1202 1188 1274 pallium
1226 1205 1432 1274 primus
1470 1201 1846 1258 tantummodo
1890 1203 2076 1272 acqui-

496 1295 640 1359 sivit,
677 1310 740 1350 ac
782 1294 1089 1365 hujusmodi
1134 1293 1415 1365 epistolam
1462 1309 1494 1348 a
1534 1293 1798 1364 Gregorio
1832 1292 2078 1347 antistite

499 1386 744 1441 lloutauo
769 1387 1043 1454 accepisse
1067 1385 1366 1440 dinoscitur
1391 1403 1404 1439 :

572 1479 742 1534 Tanto
769 1494 981 1538 munere
1004 1480 1120 1550 quis
1143 1479 1366 1542 ditatnr,
1395 1488 1651 1548 quantum
1679 1478 1735 1532 in
1762 1476 2079 1532 sublimitate

498 1569 698 1640 positus
726 1569 790 1623 de
816 1585 872 1623 se
897 1584 962 1623 ea:
993 1568 1243 1623 mandato
1280 1570 1477 1623 domini
1514 1568 1874 1640 Redemptoris
1909 1567 2081 1621 Immi-

414 1704 423 1709 -
502 1660 624 1715 liter
645 1662 824 1715 sentit.
873 1658 1080 1715 Etenim
1106 1660 1388 1732 pastoralis
1410 1661 1639 1732 dignitas
1658 1659 1998 1731 singulariter
2016 1674 2082 1712 ea:

503 1748 795 1806 humilitate
847 1761 1107 1817 ornatur;
1149 1752 1497 1822 spernendum
1557 1751 1743 1826 quippe
1791 1751 2079 1822 apostolica

2173 572 2330 625 unius
2357 573 2480 626 anui
2501 573 2676 641 spatio
2702 572 2896 628 fuerat.
2913 574 3085 644 Super
3106 591 3264 643 quem
3290 575 3480 630 deinde
3495 573 3747 640 Venetici

2172 672 2687 731 irruenécsmuaque
2710 664 3088 733 conspirantes
3099 665 3583 732 voluntate,oculos
3594 666 3745 720 sitni-

2172 756 2295 810 liter
2326 754 2466 809 illius
2499 763 2774 810 erucruut.
2807 753 2950 810 Loco
2983 756 3137 825 cujus
3175 756 3510 811 Dominicum
3539 770 3745 826 cogno-

2175 856 2355 902 mento
2387 846 2772 918 Mouegarium,
2798 846 3305 915 Metamaucensem,
3336 848 3521 903 ducem
3546 848 3646 901 sibi
3673 846 3750 899 l'c-

2175 946 2387 992 cerunt.
2405 938 2471 991 Et
2496 937 2838 1007 utmosvulgi
2863 944 2965 1001 est,
2981 937 3068 1006 qui
3091 952 3361 1007 nunquam
3384 935 3436 990 in
3463 935 3751 1006 praeposita

2175 1031 2456 1086 voluntate
2483 1028 2780 1099 persistens
2811 1028 2876 1092 “,
2913 1027 3004 1084 sed
3059 1027 3328 1099 quandam
3374 1026 3751 1098 superstitiosa

2176 1122 2402 1178 stultitia
2444 1122 2577 1176 alias
2610 1131 2772 1191 atque
2812 1121 2945 1176 alias
2979 1119 3388 1176 adinventiones
3414 1120 3753 1190 excogitaus,

2176 1217 2351 1287 primo
2376 1215 2521 1269 illius
2553 1214 2731 1269 ducati
2763 1228 2905 1269 anno
2936 1214 3180 1269 tribunos
3205 1212 3361 1277 duos,
3402 1211 3493 1282 qui
3520 1211 3623 1267 sub
3658 1211 3759 1263 du-

2178 1307 2277 1363 cali
2312 1308 2532 1363 decretu
2563 1305 2959 1371 consisterent,
2999 1305 3100 1361 sibi
3136 1308 3563 1376 prtepOSuerunt.
3602 1299 3759 1368 Quod

2178 1400 2340 1455 etiam
2376 1414 2471 1469 per
2505 1397 2743 1468 singulos
2788 1411 2958 1451 annos
3004 1394 3377 1467 prtenominati
3430 1392 3584 1446 ducis
3634 1391 3762 1443 vitae

2181 1488 2361 1544 littere
2409 1488 2588 1543 conati
2640 1497 2784 1543 sunt.
2834 1487 3037 1541 Deinde
3084 1485 3292 1555 praefati
3322 1482 3564 1537 Venetici
3616 1479 3762 1534 facta

2183 1583 2581 1652 conspiratione
2604 1581 2843 1653 ejusdem
2886 1580 3146 1636 Dominici
3169 1580 3321 1635 ducis
3351 1577 3535 1634 oculos
3571 1575 3770 1631 evelle-

2185 1682 2331 1728 ruut.
2353 1672 2701 1742 Fueruntque
2720 1671 2844 1726 anni
2869 1672 3093 1726 ducatus
3117 1668 3260 1724 illius
3286 1683 3513 1723 numero
3531 1667 3584 1721 8.

2256 1763 2385 1819 Post
2439 1764 2483 1795 ⁸³
2532 1762 2801 1818 dicessum
2846 1760 2893 1794 ³⁵
2945 1759 3099 1831 cujus
3159 1759 3336 1815 omnis
3384 1756 3766 1813 Veneticorum

506 1844 658 1899 lectio
699 1845 874 1915 arguit
915 1844 1120 1910 elatos;
1166 1855 1214 1899 ct
1247 1847 1289 1899 si
1318 1846 1562 1912 accepisti
1582 1885 1598 1908 ,
1635 1845 1762 1916 quid
1795 1844 2042 1915 gloriaris
2068 1881 2083 1908 ,

2204 1854 2491 1924 ‘rcqueutia
2535 1852 2695 1908 simul
2737 1852 2986 1917 collecta,
3038 1850 3307 1921 quendam
3364 1847 3535 1902 civem
3578 1843 3770 1899 lbera-

505 1935 656 2005 quasi
682 1937 725 1989 si
749 1952 854 1990 non
879 1937 1163 2007 acceperis.
1189 1934 1332 1989 Nunt
1354 1936 1480 1988 dum
1507 1936 1575 1989 ad
1599 1935 1867 1990 cumulum
1889 1936 1966 1988 tui
1992 1935 2089 1989 ho-

509 2027 652 2083 noris
675 2027 912 2096 precibus
937 2027 1115 2081 eximii
1145 2025 1242 2094 filii
1267 2025 1433 2081 nostri
1459 2026 1591 2095 regis
1613 2025 1739 2094 ﬂexi
1756 2065 1772 2089 ,
1803 2024 2089 2096 plurimum

509 2124 665 2177 etiam
685 2136 776 2191 pro
807 2119 1115 2175 rectitudine
1147 2119 1275 2188 ﬁdei
1286 2135 1452 2189 quam
1472 2129 1522 2172 te
1546 2108 1793 2188 tuamque
1820 2116 2091 2171 ecclesiam

510 2228 681 2272 tenere
716 2225 762 2268 et
809 2214 1121 2282 amplectere
1169 2213 1501 2282 cognorimus
1544 2213 1830 2283 provocati,
1871 2210 2094 2281 pallium

512 2305 605 2359 tibi
631 2305 938 2370 direximus,
987 2303 1352 2357 interdicentes
1398 2313 1446 2357 et
1486 2304 1623 2356 inter
1664 2312 1859 2366 cetera,
1905 2317 1968 2355 ne
1998 2317 2095 2354 un-

510 2411 669 2467 quam
690 2394 864 2448 aliena
875 2394 1005 2464 jura
1026 2394 1293 2448 invaderes
1309 2434 1324 2459 ,
1348 2402 1441 2447 aut
1462 2394 1767 2447 temeritatis
1785 2409 1920 2447 ausu
1942 2408 2096 2446 usur-
2120 2442 2127 2451 ,

512 2502 666 2557 pares
683 2485 1110 2555 jurisdictionem
1145 2484 1487 2556 cujusquam,
1510 2485 1598 2538 sed
1622 2484 1677 2536 in
1702 2484 1783 2537 his
1812 2500 1949 2539 esses
1973 2499 2097 2537 con-

515 2587 687 2631 tentus
708 2593 824 2647 qua:
846 2592 1009 2646 usque
1048 2586 1262 2630 actenus
1300 2574 1596 2644 possedisti.
1642 2571 1800 2627 Nunc
1841 2589 1985 2637 vero,
2037 2581 2095 2626 ut

515 2668 848 2738 cognovimus
871 2706 889 2733 ,
940 2664 1226 2722 Gradensis
1282 2667 1523 2737 praesulis
1571 2666 1753 2720 niteris
1819 2663 2101 2734 pervadere

509 2758 661 2831 jura,
697 2769 853 2831 atque
877 2775 944 2814 ea:
966 2759 1047 2814 Itis
1069 2775 1184 2830 qua:
1207 2758 1435 2827 possedit
1474 2773 1614 2812 nunc
1639 2773 1801 2827 usque
1825 2771 2099 2825 usurpare.

522 2846 606 2903 Nc
631 2864 752 2920 ergo
773 2850 828 2904 in
853 2850 1083 2921 quodam
1123 2849 1319 2904 emistus
1352 2857 1654 2913 temerator,
1700 2861 1768 2901 ea:
1812 2845 2104 2915 apostolica

519 2941 832 2995 auctoritate
871 2940 1204 3010 pracipimus
1235 2955 1299 2993 ne
1338 2937 1447 2992 ullo
1475 2939 1630 2991 modo
1665 2936 1915 2991 terminos
1957 2950 2107 2989 e..ce-

523 3033 620 3086 das
649 3032 718 3085 ad
745 3047 866 3085 eum
894 3046 1180 3099 possessos,
1206 3030 1297 3085 sed
1334 3029 1506 3083 solum
1536 3028 1758 3099 sufﬁciat
1791 3028 1847 3081 in
1876 3026 1958 3081 his
1992 3041 2108 3085 ante

525 3126 679 3183 modo
722 3141 884 3195 usque
916 3124 1226 3194 possedisti;
1267 3139 1360 3177 nec
1384 3120 1610 3192 amplius
1631 3137 1789 3193 quam
1823 3122 1878 3174 in
1911 3120 2107 3189 ﬁnibus

529 3218 712 3287 procul
734 3216 894 3269 dubio
919 3215 1084 3286 gentis
1106 3213 1577 3284 Langobardorum
1604 3212 1944 3267 existentibus
1965 3210 2108 3282 gres-

530 3322 647 3359 sum
691 3307 901 3360 tendere
944 3322 1309 3376 pra’summus,
1355 3315 1543 3358 utnon
1584 3303 1780 3373 injuste
1826 3304 2112 3369 suscepisse

535 3397 761 3466 gratiam
784 3396 1035 3450 collatam
1062 3395 1103 3426 ³⁸
1139 3395 1291 3465 pallii
1319 3411 1384 3449 ea:
1411 3400 1812 3465 praesumptione
1834 3394 2110 3459 ostendas;

535 3498 582 3540 et
614 3487 738 3541 inde
758 3487 1032 3555 apostolici
1064 3488 1235 3558 vigore
1263 3487 1499 3554 concilii,
1525 3489 1571 3541 si
1604 3487 1904 3551 inobediens
1927 3487 2112 3558 fueris,

536 3578 840 3646 reprobutus
869 3579 1091 3632 multum
1114 3588 1162 3632 et
1190 3579 1437 3648 indignus
1451 3577 1734 3646 judiceris.

617 3670 817 3725 Eodem
849 3669 1013 3724 etiam
1045 3677 1287 3738 tempore
1316 3668 1615 3723 Emiliauus
1644 3669 1949 3739 patriarcha
1971 3708 1987 3731 ,
2024 3668 2117 3738 qui

541 3759 872 3815 Gradensem
904 3759 1190 3814 ecclesiam
1220 3760 1378 3814 anuis
1406 3759 1455 3821 ,8
1483 3767 1540 3813 ct
1570 3758 1758 3814 diebus
1785 3757 1819 3812 5
1846 3760 2115 3829 guberna-

540 3862 716 3917 verat,
742 3852 795 3907 in
825 3868 956 3924 pace
996 3853 1165 3908 vitam
1215 3852 1407 3907 ﬁnivit.
1441 3850 1539 3908 Cui
1577 3852 1773 3908 deinde
1814 3851 2121 3907 Vitalianus

534 3944 598 3999 in
626 3944 817 4000 eadem
857 3951 1196 4000 successerat
1221 3944 1370 4000 sede.

617 4056 710 4111 His
760 4071 974 4127 quoque
1026 4056 1359 4125 temporibus
1389 4052 1700 4124 praelibatus
1749 4051 1975 4115 Vitalis,
2030 4053 2123 4122 qui

538 4149 878 4204 ‘Altinettsettt
918 4150 1076 4204 anuis
1112 4148 1147 4204 9
1179 4158 1234 4204 et
1280 4148 1561 4204 tneusihus
1596 4147 1628 4202 6
1658 4147 1938 4203 ecclesiam
1972 4162 2126 4201 rexe-

551 4248 659 4303 rat,
696 4238 765 4291 ab
806 4240 906 4293 hac
937 4237 1057 4293 luce
1086 4237 1395 4293 subtractus
1428 4246 1531 4292 est.
1565 4236 1860 4292 Severinus
1889 4246 2130 4306 postmo-

552 4329 680 4381 dum
707 4328 830 4381 vitte
857 4327 1012 4395 cujus
1040 4327 1328 4381 adsebulor
1361 4326 1413 4380 in
1442 4325 1631 4382 eadem
1659 4327 1834 4380 fuerat
1863 4325 2129 4392 dignitate

552 4419 854 4473 ordinatus.
894 4419 1109 4472 Eisdem
1145 4419 1309 4472 etiam
1343 4417 1536 4474 diebus
1564 4416 1806 4474 Venetici
1846 4418 2131 4488 magistro-

2188 1949 2379 2003 cliana:
2432 1944 2671 2000 civitatis
2718 1940 3035 1997 Mauricium
3085 1939 3325 2003 nomine,
3380 1933 3770 2007 peritissimum

2190 2037 2435 2094 Surculari
2464 2035 2663 2101 studio,
2695 2034 2919 2090 ducatus
2949 2032 3153 2087 honore
3181 2029 3319 2098 apud
3364 2027 3773 2083 Metamauceu—

2192 2148 2304 2187 seu
2333 2129 2560 2185 insulam
2586 2125 2915 2183 sublimavit.
2941 2124 3041 2191 Qui
3066 2127 3190 2177 dum
3218 2120 3489 2188 sapienter
3517 2123 3572 2172 et
3598 2116 3777 2170 hono-

2196 2224 2344 2277 rillce
2384 2218 2769 2275 Veneticorum
2822 2228 3042 2270 causam
3092 2214 3146 2268 in
3195 2211 3445 2266 omnibus
3489 2211 3775 2266 tractaret,

2196 2309 2479 2366 undecimo
2508 2307 2590 2363 sui
2618 2306 2844 2361 ducatus
2896 2317 3038 2357 anno
3075 2300 3215 2371 apud
3245 2297 3610 2355 Olivolensem
3659 2291 3775 2365 (46)

2198 2405 2428 2462 insulam
2459 2399 2753 2474 apostolica
2801 2395 3123 2454 auctoritate
3175 2407 3373 2447 novum
3408 2390 3779 2460 episcopatum

2200 2498 2315 2554 fore
2349 2493 2610 2552 decrevit.
2632 2490 2689 2546 ln
2718 2503 2827 2560 quo
2865 2486 3132 2558 quendam
3170 2481 3445 2543 clericum,
3472 2476 3779 2535 Obellieha-

2202 2598 2314 2645 tum
2338 2586 2579 2649 nomine,
2601 2583 2915 2654 episcopum
2955 2575 3248 2632 ordinavit.
3280 2572 3488 2627 Dehinc
3527 2585 3651 2624 cum
3683 2566 3778 2622 tri-

2201 2680 2349 2751 ginta
2388 2683 2445 2731 et
2483 2688 2592 2729 uno
2629 2684 2773 2726 anno
2818 2669 3047 2725 ducatus
3086 2663 3400 2734 dignitatem
3431 2662 3783 2751 gubernaret,

2196 2748 2311 2841 jam
2351 2765 2574 2822 eﬂ‘ectus
2610 2775 2797 2826 senex,
2825 2757 3024 2829 populo
3061 2752 3457 2824 interpellante,
3485 2748 3783 2841 Johan‘nem

2205 2833 2361 2916 suum
2392 2855 2559 2910 lilium
2594 2849 2815 2907 honoris
2839 2846 2921 2903 sui
2970 2844 3172 2899 habere
3215 2848 3519 2896 consortem
3550 2833 3790 2905 compla-

2206 2948 2340 3005 cuit.
2365 2946 2583 3002 Duobus
2611 2936 2953 3012 postmodum
3000 2934 3158 2989 annis
3205 2945 3328 2988 cum
3376 2927 3560 2983 sobole
3585 2923 3768 2982 extitit

2207 3050 2260 3097 et
2282 3040 2362 3095 sic
2388 3035 2634 3091 ultimum
2661 3031 2715 3084 in
2740 3043 2872 3100 pace
2894 3026 3067 3080 ﬁnivit
3100 3023 3265 3080 diem.

2280 3127 2531 3182 Preterea
2569 3136 2693 3177 cum
2736 3125 2922 3175 essent
2960 3112 3087 3170 anni
3144 3111 3212 3166 ab
3267 3105 3649 3164 incarnatione
3692 3104 3795 3159 Do-

2215 3218 2344 3274 mini
2401 3210 2695 3279 octiugenti
2743 3207 2933 3277 viginti
2979 3213 3113 3268 tres,
3164 3199 3481 3260 Jobannes,
3550 3190 3793 3248 Mauricii

2214 3304 2469 3363 autedicti
2502 3303 2664 3367 illius,
2695 3296 2920 3353 honoris
2957 3291 3232 3362 fastigium
3275 3284 3415 3357 apud
3455 3282 3687 3338 eandem
3714 3283 3797 3334 in-

2215 3396 2388 3453 sulam
2413 3392 2641 3447 adorsus
2681 3395 2767 3442 est
2813 3384 3137 3455 gubernare,
3177 3390 3338 3448 quem
3382 3388 3557 3443 neque
3595 3368 3800 3439 scripto

2216 3500 2393 3558 neque
2419 3483 2683 3539 relatione
2708 3475 2918 3547 experti
2946 3464 3132 3528 sumus
3152 3482 3264 3525 sum
3301 3466 3491 3558 patriae
3512 3460 3800 3558 commoda

2218 3548 2355 3635 bene
2380 3584 2660 3631 tractasse.
2695 3564 3133 3636 Extititquidem
3173 3559 3221 3592 ιε
3265 3557 3370 3613 sibi
3414 3554 3559 3609 [ilius
3598 3548 3801 3605 Mauri-

2220 3671 2338 3728 cius
2374 3665 2616 3727 nomine,
2646 3660 2733 3716 cui
2782 3666 2978 3713 octavo
3015 3653 3226 3709 decimo
3255 3663 3399 3705 anno
3436 3646 3522 3701 sui
3573 3646 3803 3698 ducatus

2220 3759 2465 3831 ejusdem
2489 3750 2767 3827 dignitatis
2786 3747 3100 3804 societatem
3121 3739 3412 3799 concessit.
3429 3732 3805 3831 ‘Temporibus

2223 3826 2452 3923 quorum
2504 3826 2647 3917 apud
2702 3839 2995 3897 Vetteciam
3047 3834 3181 3890 adeo
3226 3826 3703 3923 excrevitumare,
3748 3828 3809 3875 ut

2225 3913 2414 4000 omnes
2461 3913 2665 3995 ins—uias
2691 3934 2835 3989 ultra
2864 3928 3080 3986 modum
3122 3923 3449 3994 cooperiret.
3479 3916 3636 3973 Circa
3689 3913 3807 3968 lucc

2227 4006 2761 4109 siquidemtempora
2793 4020 3139 4080 Constantini
3183 4013 3397 4086 augusti
3424 4008 3566 4109 oculi
3679 4004 3808 4074 qui-

2227 4098 2453 4186 busdam
2488 4098 2603 4181 suis
2631 4098 2890 4176 militibus
2918 4112 3092 4172 evulsi
3139 4117 3282 4169 sunt,
3332 4115 3389 4159 et
3433 4098 3663 4157 llercnis
3709 4110 3811 4150 au-

2231 4231 2386 4295 gusta
2414 4216 2700 4289 imperium
2735 4210 2877 4280 cepit
2901 4208 3207 4279 gubernare
3227 4202 3339 4269 (an.

2302 4281 2509 4371 Mortuo
2529 4324 2658 4366 vero
2685 4302 2998 4362 Obeliebato
3024 4296 3300 4368 episcopo,
3327 4288 3420 4359 qui
3441 4281 3810 4377 Qlivolensem

2232 4406 2603 4477 episcopatum
2640 4399 2857 4451 rexerat
2898 4386 3056 4444 annis
3096 4372 3816 4477 23,-Christol'oruslextitit

540 4515 675 4564 “rum
702 4509 928 4563 militum
962 4508 1254 4579 pradihatae
1285 4510 1619 4578 praefectura:
1655 4462 1972 4581 dignitatem
2000 4511 2128 4565 abo-
2159 4516 2211 4576 D
2234 4497 2285 4554 ei
2317 4504 2618 4551 δυοοεδδοτ·
2673 4486 2829 4581 A_""°
2873 4492 3004 4534 vero
3041 4462 3816 4581 _"‘g33if'f?‘_‘f'_°jfnf'“,ﬁf:'f

555 4601 844 4664 minantes,
870 4614 1055 4655 rursus
1081 4608 1139 4655 ut
1159 4601 1427 4669 quondam
1450 4602 1661 4665 ducem,
1688 4600 1938 4657 videlicet
1965 4601 2132 4657 Deus-

560 4692 774 4754 dedetn,
813 4691 1083 4762 saepedicti
1112 4690 1338 4748 Ursonis
1368 4689 1523 4760 Ypati
1567 4689 1760 4754 lilium,
1788 4691 1843 4745 in
1879 4690 2132 4746 Melaniu-

558 4797 719 4838 ceuse
769 4783 940 4838 insula
988 4783 1093 4839 sibi
1137 4791 1412 4838 crearunt.
1460 4780 1627 4851 Cujus
1676 4782 1915 4853 regimen
1954 4784 2135 4838 extitit

559 4875 737 4944 spatio
781 4890 1045 4931 annorum
1075 4876 1161 4931 15.
1201 4875 1318 4944 Ipse
1356 4888 1568 4944 quoque
1599 4884 1719 4946 post
1742 4875 1855 4947 ha;c
1890 4892 2012 4930 cum
2043 4877 2138 4931 de-

554 4965 707 5020 coris
745 4975 800 5020 ct
848 4965 1149 5021 honestatis
1194 4965 1367 5033 gratia
1393 4972 1630 5018 castrum
1662 4965 1803 5034 quod
1833 4964 2138 5020 Brundulus

562 5055 764 5084 δῖηἷιηιι
785 5069 890 5084 unus
915 5070 979 5084 nn
1029 5053 1146 5084 lnnn
1192 5054 1244 5084 :u
1277 5068 1382 5084 nun
1411 5071 1548 5084 una-nn
1576 5055 1734 5084 οἴει-ιν-
1783 5055 1995 5084 υἷιΙΑΙηκ
2047 5056 2139 5084 οη.

2235 4551 2464 4664 prodicti
2495 4578 2771 4640 Johannis,
2814 4577 3091 4642 comperta
3127 4561 3412 4664 occasione
3441 4569 3600 4664 suum
3623 4551 3815 4664 [ηαξ
3882 4552 3889 4559 ·

2241 4646 2558 4737 λιαυτὶοῑυηι
2583 4668 2757 4726 navali
2787 4662 3029 4720 exercitu
3058 4661 3126 4713 ad
3150 4654 3482 4711 Gradeusetn
3512 4646 3727 4737 urbem,
3760 4648 3818 4694 ut

2231 4733 2496 4827 domuum
2522 4762 2820 4819 Iohannem
2844 4749 3247 4811 sanctissimum
3266 4737 3636 4832 patriarchant
3652 4733 3822 4832 inter-

2244 4824 2449 4925 liceret,
2485 4850 2789 4912 destinavit.
2831 4844 2934 4901 Ubi
2967 4840 3093 4897 illuc
3135 4832 3401 4926 pervenit,
3430 4824 3670 4897 paternis
3696 4824 3822 4926 .jus-

2245 4920 2491 5010 siouibus
2533 4947 2908 5011 obtemperare
2954 4931 3203 4989 studens,
3255 4920 3488 4979 eundern
3535 4920 3819 5013 sanctissio

2249 5060 2395 5084 mum
2426 5041 2603 5084 virum
2627 5027 2923 5084 crudeliter
2946 5017 3237 5079 interfecit.
3279 5011 3445 5075 Cujus
3478 5020 3625 5061 mors
3654 5011 3822 5056 mast-
