4108 5412
322 319 424 374 8'7

1564 301 1954 362 CllllUNlCON
1998 300 2262 377 νεξςιετυ
2275 299 2331 352 .‘J.

3475 295 3578 350 898

318 430 747 487 viruradensem
768 429 1052 484 πρηθείη)
1076 427 1232 482 ann-Is
1252 426 1318 481 56
1343 426 1408 488 η’
1431 423 1776 495 sepultusque
1795 421 1892 473 ίιιίι
1923 421 1966 477 Α
1997 430 2101 484 que
2152 413 2323 475 sedes,
2383 428 2501 482 quin
2551 412 2766 482 proprio
2807 421 3022 481 pastore
3064 428 3230 467 vacua
3273 413 3576 482 videbatur,

319 522 374 577 in
401 521 574 576 sancti
608 519 774 574 Marci
808 518 1012 589 capella
1046 517 1158 588 (45)
1201 527 1321 587 post
1360 525 1667 570 sanctorum
1698 528 1899 582 marty—

321 627 439 666 rum
468 609 766 666 mausolca.
791 609 960 677 Quem
985 607 1245 663 successit.
1273 605 1601 661 Fortunatus
1619 604 1684 657 ad
1713 621 1900 673 regen-

320 701 384 755 da
394 717 442 754 nt
471 699 782 754 ecclesiam.

389 789 592 845 Eodem
617 801 833 859 quoque
864 795 1104 857 tempore
1132 787 1361 840 domnus
1400 785 1625 840 Carolus
1663 783 1902 839 Franco-

321 895 440 934 rum
472 894 570 934 rex
603 877 834 934 Romam
876 877 1008 931 adiit
1039 874 1150 945 (an.
1177 875 1299 942 800,
1334 874 1455 928 Dec.
1486 874 1602 945 25),
1633 875 1812 943 ibique
1834 875 1903 926 ab

321 970 621 1041 apostolico
668 977 960 1024 coronatus
1003 976 1058 1021 et
1099 978 1294 1020 unctus
1338 977 1420 1020 est
1455 966 1505 1020 in
1555 967 1898 1036 imperatore.

323 1061 531 1117 Mortua
561 1070 644 1116 est
673 1074 908 1130 namque
952 1057 1178 1113 llerenis
1226 1068 1476 1127 augusta,
1521 1074 1638 1126 quin
1690 1068 1904 1111 rexerat

321 1151 589 1220 inperium
627 1150 786 1204 annis
823 1149 876 1214 8,
925 1158 979 1203 et
1015 1147 1296 1218 Nicyforns
1324 1148 1599 1217 imperiale
1628 1147 1902 1218 fastigium

324 1243 551 1311 adeptus
581 1253 685 1297 est.
729 1243 898 1310 Quem
929 1239 1145 1312 quidam
1196 1245 1493 1308 tirrannus,
1542 1243 1772 1298 Turcbis
1811 1260 1904 1297 no-

323 1335 487 1399 mine,
516 1351 710 1405 magna
760 1337 1104 1404 expedicione
1156 1337 1385 1405 stipatus
1410 1377 1426 1403 ,
1468 1346 1692 1392 conatus
1730 1337 1904 1392 estad

325 1427 564 1494 pnelium
596 1442 910 1496 provocare.
964 1428 1065 1482 Sed
1098 1436 1359 1498 angustus
1403 1444 1526 1482 cum
1565 1428 1647 1482 sui
1690 1427 1903 1498 imperii

324 1531 463 1585 pene
490 1519 669 1570 omnia
710 1517 824 1570 loca
883 1525 1068 1571 contra
1123 1527 1440 1590 tyrrannum
1493 1525 1754 1582 tueretur,
1789 1527 1905 1573 tan-

327 1609 603 1661 tummodo
623 1608 796 1661 solum
811 1606 1146 1662 Tarsaticum
1169 1608 1446 1662 destruere
1472 1610 1640 1678 potuit
1663 1609 1728 1661 ³⁷.
1756 1607 1904 1662 Post-

325 1699 541 1752 Inodunt
570 1713 704 1754 vero
727 1700 1000 1770 prodictus
1029 1701 1302 1754 tirraunus
1333 1701 1594 1770 pmnitens
1617 1701 1758 1771 quod
1779 1717 1905 1755 con-

328 1795 407 1842 tra
432 1787 710 1859 imperiale
743 1804 940 1846 numen
965 1789 1180 1860 aliquod
1208 1789 1361 1845 nefas
1386 1791 1702 1861 peregisset,
1743 1791 1906 1846 devo-

328 1885 411 1932 tus
440 1885 494 1932 et
523 1892 758 1932 cernuus
789 1894 941 1932 suam
969 1879 1248 1934 atlinvenit
1284 1880 1531 1950 gratiam.

393 1966 703 2022 Prelibalus
722 1969 987 2038 siquidem
1020 1969 1348 2026 Fortunatus
1375 1972 1679 2042 patriarcha
1708 1971 1906 2025 acriter

326 2060 513 2114 dolens
569 2060 1000 2117 interfectionem
1055 2064 1134 2117 sui
1190 2065 1488 2118 decessoris
1532 2074 1586 2118 ct
1645 2064 1904 2132 parentis,

325 2149 552 2204 insidias
608 2151 868 2206 adversus
921 2152 1240 2206 Mauricium
1296 2162 1350 2208 et
1392 2152 1690 2208 Johannem
1745 2153 1907 2208 duces

325 2241 626 2310 composuit
657 2241 726 2307 ³⁸,
755 2253 809 2298 et
839 2243 1024 2298 relicta
1061 2245 1187 2299 sede
1213 2254 1267 2300 et
1295 2246 1428 2299 urbe
1476 2246 1543 2298 ad
1576 2245 1778 2298 italiam
1810 2260 1904 2314 pe-

325 2332 467 2383 rexit
500 2330 549 2362 ³⁸
582 2337 632 2398 ‘;
665 2348 824 2402 quem
875 2335 1039 2388 etiam
1089 2345 1306 2391 secutus
1359 2347 1442 2390 est
1485 2336 1700 2405 quidam
1739 2336 1906 2389 tribu-

325 2437 428 2476 nus
457 2420 780 2479 Obellierius
805 2426 1024 2479 nomine
1054 2425 1524 2493 Metamauceosis,
1560 2426 1708 2482 Felix
1736 2429 1907 2480 tribu-

324 2526 448 2577 nus,
482 2513 784 2582 Dimitrius,
831 2515 1162 2572 Marinianus
1190 2533 1284 2572 seu
1325 2517 1599 2574 Fuscarus
1635 2517 1904 2589 Gregorii,

327 2611 383 2656 et
405 2603 648 2660 nonnulli
679 2605 772 2660 alii
798 2605 1182 2662 Veneticorum
1236 2609 1468 2679 majores
1511 2611 1622 2680 (an.
1651 2610 1797 2680 803).
1829 2611 1905 2666 Ex

324 2695 524 2763 quibus
581 2697 725 2754 solus
775 2701 1085 2770 patriarcha
1134 2702 1185 2756 in
1237 2701 1521 2758 Franciam
1572 2703 1686 2758 ivit.
1729 2703 1907 2759 Ceteri

323 2797 458 2839 vero
490 2799 868 2844 remanserunt
896 2791 947 2845 in
977 2791 1208 2861 quadam
1245 2792 1464 2848 civitate
1506 2808 1611 2848 non
1651 2794 1835 2863 procul
1875 2811 1905 2849 a

325 2872 587 2942 Venecia,
617 2880 835 2934 nomine
861 2881 1138 2949 Tarvisio;
1174 2883 1352 2953 ibique
1407 2900 1512 2938 non
1562 2885 1762 2941 diutius
1809 2886 1905 2940 de-

325 2973 535 3031 gentes.
594 2969 817 3024 consilio
869 2969 1081 3025 illorum
1119 2973 1398 3027 anunoniti
1447 2974 1538 3042 qui
1582 2975 1635 3029 in
1682 2974 1904 3031 Venetia

325 3055 698 3122 morabantur,
721 3057 1067 3114 Obellierium
1093 3060 1204 3132 (46)
1236 3062 1508 3116 tribunum
1525 3065 1713 3119 ducem
1730 3065 1905 3137 elege-

323 3153 472 3198 runt.

395 3239 516 3305 Quo
543 3237 816 3294 Iohannes
842 3247 896 3293 et
923 3239 1211 3295 Mauricius
1231 3242 1392 3296 duces
1414 3252 1707 3312 comperto,
1733 3244 1904 3299 attriti

326 3324 693 3392 timoratione,
732 3326 863 3398 lapsi
898 3338 1040 3382 sunt.
1084 3329 1234 3383 Alter
1263 3331 1473 3384 illorum
1505 3331 1810 3396 Franciam,
1855 3333 1904 3385 id

325 3423 412 3469 est
438 3415 751 3481 Mauricius,
780 3418 918 3471 alter
945 3434 1071 3472 vero
1101 3417 1369 3473 Mantuam
1403 3422 1590 3488 adivit,
1638 3423 1728 3477 ubi
1772 3423 1906 3477 adeo

325 3505 647 3558 commorati
694 3517 838 3571 sunt,
878 3516 936 3560 ut
973 3519 1164 3562 neuter
1194 3508 1227 3561 il
1254 3524 1406 3562 orum
1451 3510 1740 3565 Veneciam
1772 3513 1908 3566 redi-

326 3602 433 3656 ret,
460 3594 553 3647 sed
585 3593 694 3648 illic
718 3595 858 3649 diem
892 3597 1204 3651 clauserunt
1244 3612 1568 3654 ertremum.
1608 3602 1908 3656 Cbristofo-

326 3698 420 3736 rus
448 3684 610 3738 etiam
636 3684 1289 3757 Olivolensis_episcopus,
1323 3691 1447 3741 dum
1477 3689 1729 3744 Obelierii
1756 3691 1909 3746 ducis

327 3775 617 3830 adventum
667 3793 774 3833 non
821 3781 1046 3834 auderet
1091 3781 1373 3850 prestolari
1403 3821 1416 3844 ,
1469 3797 1592 3835 cum
1656 3783 1910 3851 predictis

326 3865 562 3919 ducibus
607 3867 729 3937 fuga
767 3869 949 3938 lapsus
992 3882 1095 3926 est.
1147 3872 1297 3926 'l‘unc
1347 3873 1556 3927 hisdem
1612 3873 1910 3931 Obelierius

334 3957 599 4012 audacter
631 3959 912 4016 Veueciam
943 3964 1191 4028 intravit;
1223 3965 1311 4032 qui
1356 3979 1475 4019 cum
1521 3965 1712 4036 devote
1738 3976 1792 4022 et
1818 3968 1913 4021 ho-

326 4046 555 4100 norifice
595 4064 623 4102 a
677 4052 870 4120 populo
915 4065 1196 4122 susceptus
1243 4064 1407 4118 esset,
1453 4071 1609 4110 suum
1663 4055 1909 4122 fratrem,

325 4138 579 4193 videlicet
598 4140 819 4196 Beatum
847 4146 1380 4216 nomine.diguitatis
1397 4145 1523 4202 fecit
1549 4148 1650 4202 sibi
1678 4149 1904 4204 socium.

326 4227 442 4283 Hac
472 4231 632 4284 etiam
682 4243 998 4304 tempeState
1047 4237 1250 4290 Civitas
1306 4253 1464 4301 nova,
1522 4254 1642 4308 quat
1693 4249 1913 4295 vocatur

326 4319 634 4385 Eracliana,
657 4340 684 4375 a
716 4324 986 4381 Veneticis
1015 4329 1287 4383 destructa
1317 4339 1420 4384 est.
1453 4330 1656 4387 Deinde
1685 4335 1910 4403 prcdicti

327 4413 495 4468 duces
536 4416 777 4471 navalem
804 4421 1102 4475 exercitum
1145 4424 1212 4476 ad
1261 4424 1657 4482 Dalmaciarum
1691 4429 1906 4497 provin-

2001 505 2233 559 Johanni
2259 504 2486 558 diacono
2515 504 2688 558 electo
2713 520 2742 557 a
2775 504 2929 574 plebe
2957 503 3129 558 fuerat
3159 505 3454 561 adtributa.

2075 599 2202 654 Post
2247 598 2463 667 aliquod
2494 613 2619 652 vero
2648 608 2856 669 tempus
2893 598 3223 653 Fortunatus
3271 599 3579 668 patriarcha

2002 705 2123 743 cum
2149 687 2488 743 Christoforo
2513 689 2765 759 episcopo
2789 690 2854 744 de
2874 688 3101 743 Francia
3126 690 3422 758 repedavit.
3450 689 3584 757 Qui-

2006 779 2103 832 bus
2127 795 2248 832 eum
2280 777 2360 832 fas
2381 795 2487 833 non
2511 788 2655 834 esset
2681 779 2967 834 Veneciam
2998 788 3305 850 penetrare,
3329 780 3383 834 in
3412 781 3582 836 sancti

2003 870 2248 940 Cipriani
2288 869 2539 935 ecclesia,
2571 871 2726 942 plebe
2751 873 3232 928 scilicctAltinatis
3263 876 3517 946 episcOpii
3543 878 3585 910 ³⁸

2003 980 2122 1032 qua:
2151 963 2282 1017 scita
2315 973 2396 1018 est
2423 965 2564 1034 apud
2603 964 2899 1020 Mistriuam
2933 966 3066 1037 (47),
3109 967 3324 1037 ospitali
3378 978 3431 1022 et
3487 969 3584 1022 ali-

2005 1056 2256 1126 quamdiu
2287 1057 2605 1112 commorati
2644 1067 2790 1113 sunt.
2823 1058 3018 1113 Verum
3046 1074 3328 1130 postquam
3353 1061 3586 1117 domnus

2004 1147 2337 1203 Fortunatus
2387 1149 2707 1204 Christefori
2746 1151 2980 1221 episcopi
3031 1153 3212 1206 sedem
3262 1169 3291 1206 a
3339 1153 3586 1208 Johauue

2005 1235 2232 1292 diacono
2261 1239 2461 1309 injuste
2482 1251 2796 1310 usurpatam
2827 1242 3033 1305 didicit,
3060 1259 3281 1311 prorsus
3307 1246 3499 1311 doluit,
3529 1255 3588 1299 et

2006 1335 2240 1383 tractare
2274 1329 2666 1385 studiosissime
2703 1332 2847 1401 cepit
2881 1332 3112 1402 qualiter
3135 1335 3234 1389 sibi
3267 1335 3490 1402 faveret,
3524 1347 3586 1390 ut

2005 1436 2126 1474 eum
2159 1421 2224 1474 ad
2249 1423 2521 1491 prepriam
2557 1424 2740 1479 sedem
2773 1426 3059 1480 restituere
3081 1438 3280 1496 posset.
3310 1427 3586 1485 Iohannes

2007 1511 2048 1564 si
2077 1511 2289 1580 quidem
2325 1513 2613 1581 praedictus
2648 1513 2908 1569 diaconus
2943 1516 3171 1585 quadam
3204 1517 3291 1572 die
3329 1533 3453 1573 cum
3508 1520 3591 1573 in-

2007 1609 2197 1653 cautus
2236 1600 2362 1666 iret,
2393 1616 2423 1655 a
2464 1599 2761 1656 Fortunato
2788 1603 3096 1673 patriarcha
3143 1615 3334 1676 captus
3387 1617 3444 1663 et
3496 1610 3586 1663 diu

2007 1686 2255 1742 detentus
2282 1700 2382 1744 est.
2437 1690 2541 1745 Sed
2590 1699 2647 1746 ιιι
2675 1694 3004 1764 excogitaret
3047 1695 3174 1765 quid
3201 1698 3266 1752 de
3311 1696 3399 1751 illo
3430 1713 3592 1770 agere

1943 1767 1980 1824 Β
2012 1778 2251 1844 (Ι·.·Ι›ΘΓΕΙ,
2280 1790 2435 1835 nocte
2462 1781 2582 1853 fuga
2613 1783 2793 1854 lapsus
2813 1787 3004 1853 evasit,
3052 1796 3109 1842 et
3143 1788 3410 1845 instanter
3452 1767 3592 1846 Obe-

2011 1872 2219 1925 lierium
2250 1873 2438 1927 ducem
2468 1876 2653 1929 adivit.
2687 1876 2784 1931 Cui
2808 1894 2930 1930 cum
2959 1894 3022 1932 ca
3052 1895 3156 1949 que
3183 1897 3373 1951 passus
3395 1898 3424 1936 a
3460 1883 3596 1938 For-

2011 1970 2198 2016 lunato
2230 1963 2403 2017 fuerat
2431 1965 2620 2020 ordine
2653 1967 2926 2033 recitaret,
2957 1971 3142 2038 pocius
3168 1973 3319 2028 ducis
3347 1975 3589 2030 animum

2009 2054 2268 2108 adversus
2297 2056 2526 2110 eundem
2557 2058 2921 2126 patri..rcba:n
2954 2060 3006 2114 itt
3031 2061 3211 2116 odium
3245 2080 3403 2132 quam
3428 2075 3590 2121 antea

2008 2157 2150 2197 esset
2187 2146 2464 2200 excitavit.
2499 2147 2699 2204 Tamen
2730 2152 3046 2206 consulente
3070 2154 3402 2223 patriarcha,
3433 2158 3593 2212 Chri-

2008 2233 2244 2288 stoforus
2271 2237 2450 2290 sedem
2503 2255 2654 2293 suam
2711 2243 2923 2296 tandem
2958 2242 3002 2274 ⁸⁰
3063 2247 3286 2315 recepit,
3316 2245 3593 2303 Johanues

2008 2337 2137 2377 vero
2182 2323 2440 2381 diaconus
2486 2343 2737 2383 reversus
2792 2343 2874 2384 est
2926 2333 2992 2386 ad
3045 2336 3318 2406 pr0priam
3349 2341 3589 2393 domum.

2010 2412 2180 2483 Igitur
2210 2413 2539 2472 Fortunatus
2569 2420 2873 2488 patriarcha
2900 2437 3021 2476 cum
3041 2439 3138 2493 per
3158 2423 3432 2496 aliquanta
3457 2437 3591 2483 tent-

2007 2521 2196 2576 porum
2227 2509 2406 2578 spacia
2439 2510 2560 2564 exul
2585 2527 2613 2564 a
2645 2514 2860 2582 propria
2895 2514 3022 2571 sede
3062 2529 3324 2586 maneret,
3349 2518 3596 2576 Graden-

2009 2613 2120 2653 sem
2150 2599 2414 2668 disposuit
2435 2601 2775 2672 reciprocare
2805 2605 3014 2658 urbem.
3046 2606 3278 2676 Ethuia
3319 2611 3474 2666 valde
3502 2611 3597 2666 Ni-

2008 2697 2140 2743 cetze
2178 2690 2390 2759 patricii
2436 2692 2724 2746 adventum
2777 2695 3059 2763 prestolari
3113 2697 3457 2764 formidabat,
3500 2704 3592 2772 qui

2010 2788 2138 2833 tunc
2171 2779 2365 2834 missus
2406 2780 2474 2835 ab
2520 2781 2846 2849 imperatore
2883 2798 3003 2838 cum
3031 2787 3271 2842 exercitu
3321 2789 3372 2844 in
3411 2804 3594 2859 partes

2010 2873 2401 2928 Dalmaciarum
2457 2887 2622 2946 atque
2671 2874 3024 2932 Veneciarum
3076 2881 3343 2948 veniebat,
3403 2885 3594 2942 relicta

2008 2967 2134 3022 sede
2163 2977 2216 3022 et
2247 2970 2464 3038 propria
2519 2972 2671 3036 ttrbc,
2719 2973 2917 3027 iterum
2957 2973 3243 3031 Franciam
3298 2979 3600 3051 petiit(rm..

2009 3058 2154 3128 806).
2187 3059 2463 3116 Jobannes
2491 3077 2620 3117 vero
2648 3065 2930 3132 diaconus,
2964 3069 3053 3138 qui
3094 3068 3299 3126 electus
3331 3071 3507 3127 fuerat
3537 3073 3591 3127 iu

1937 3137 2321 3222 Ccpiscopatu
2384 3153 2732 3226 Olyvolensi,
2791 3137 3071 3217 ordinatus
3123 3173 3206 3219 est
3263 3167 3592 3236 patriarcha.

2008 3240 2308 3297 Obelierius
2332 3244 2595 3314 siquidem
2627 3248 2729 3301 dux
2759 3264 2856 3318 per
2888 3251 3128 3307 Nicctam
3157 3255 3443 3325 patricium
3472 3273 3596 3327 spa-

2010 3333 2169 3386 tharii
2207 3333 2319 3406 (48)
2359 3336 2618 3391 honorem
2659 3342 2915 3410 suscepit.
2968 3343 3164 3400 Beatus
3212 3363 3366 3416 vero,
3423 3348 3595 3406 frater

2007 3426 2143 3494 ejus,
2169 3444 2290 3483 cum
2323 3432 2563 3499 predicto
2595 3432 2780 3488 Niceta
2808 3436 3325 3509 Constantinopolim
3357 3442 3471 3507 ivit,
3503 3458 3593 3497 se-

2010 3534 2243 3589 cumque
2266 3520 2512 3578 deferens
2548 3523 2920 3581 Venetieorum
2950 3529 3166 3584 obsides
3194 3539 3249 3586 et
3294 3530 3596 3590 Christofo—

2009 3628 2127 3666 rum
2158 3614 2539 3683 cpiscopumet
2563 3616 2794 3673 Felicem
2831 3621 3104 3674 tribunum
3132 3623 3242 3692 (an.
3271 3623 3418 3693 807).
3447 3625 3596 3692 Quos

2011 3713 2273 3774 angustus
2302 3706 2463 3760 exilio
2495 3709 2826 3778 dampnavit.
2876 3711 3209 3767 Guberuavit
3250 3729 3429 3769 autetn
3467 3733 3593 3787 prc-

2009 3794 2183 3849 dictus
2213 3795 2580 3852 Christoforus
2611 3799 2972 3855 Olivolensem
3000 3803 3286 3858 ecclesiam
3314 3807 3472 3860 annis
3499 3808 3589 3861 12.

2010 3887 2180 3954 Quem
2212 3891 2475 3944 successit
2504 3891 2874 3947 Cbristoforus
2921 3896 3229 3967 presbyter,
3281 3897 3372 3966 qui
3416 3901 3590 3954 sancti

2012 3979 2178 4051 Moysi
2210 3982 2454 4037 ecclesia:
2477 3985 2650 4039 cstitit
2679 3986 2958 4056 plebanus.
2985 3988 3185 4044 Eodem
3211 4007 3424 4061 quoque
3456 4003 3591 4050 tem-

2010 4087 2141 4140 pore
2183 4071 2375 4127 civitas
2406 4074 2690 4129 Eracliana
2722 4095 2750 4130 a
2790 4079 3058 4135 Veneticis
3090 4081 3286 4136 iterum
3317 4084 3597 4140 devastata

2008 4170 2064 4215 et
2088 4161 2207 4229 igne
2231 4163 2508 4218 combusta
2540 4176 2642 4220 est.

2083 4249 2234 4305 'l'unc
2265 4251 2458 4308 Beatus
2490 4256 2617 4321 dux,
2669 4257 2760 4326 qui
2809 4272 2927 4310 cum
2972 4257 3158 4314 Niceta
3190 4262 3418 4330 patricio
3447 4265 3596 4320 Con-

2011 4341 2416 4410 stantinopolim
2448 4344 2564 4412 ivit,
2605 4346 2655 4399 in
2691 4345 2975 4402 Vcneciam
3015 4365 3285 4417 reversus,
3327 4354 3393 4409 ab
3426 4356 3594 4424 impe-

2012 4443 2194 4488 ratore
2237 4435 2443 4491 honore
2467 4440 2611 4509 ypati
2638 4440 2748 4509 (49)
2771 4443 3165 4497 condecoratus
3191 4454 3272 4499 est
3298 4445 3364 4500 “.
3391 4447 3599 4502 Deinde

328 4503 471 4556 ciam
502 4504 926 4575 depopulandam
955 4512 1378 4569 destinaverunt.
1397 4515 1730 4588 Olyvolensis
1753 4537 1906 4574 nam-
1937 4514 1982 4572 D
2011 4521 2313 4581 Obelierius
2359 4536 2414 4583 et
2463 4503 2661 4586 Beatus
2708 4503 2872 4587 duces
2927 4535 3306 4603 Valentinum,
3366 4542 3598 4596 lereium

1577 4656 1808 4715 VARle
1868 4660 2269 4720 LECTIONES.

401 4751 444 4832 ’ξ
475 4771 746 4838 numerum
769 4775 884 4838 hope
933 4763 1166 4818 chronici
1217 4765 1502 4822 Gradensis
1546 4770 1814 4838 suppleri;
1864 4775 2003 4826 deest
2053 4775 2104 4825 in
2158 4775 2176 4826 'l
2227 4787 2272 4828 et
2305 4777 2388 4830 ed.

328 4823 572 4889 scriptum
615 4829 664 4879 Ι.
766 4830 811 4859 ³⁸
842 4839 854 4847 '

898 4839 1237 4902 suprascript.
1284 4839 1334 4890 i.

327 4899 477 4962 scrip:
489 4914 517 4947 α
560 4914 655 4950 rex
695 4899 744 4951 l.

1437 4839 1480 4870 ³³
1519 4854 1571 4908 p.
1605 4857 1649 4892 s.
1695 4844 1758 4896 A.
1796 4863 1844 4898 e.
1898 4862 1948 4896 zu
1989 4860 2224 4913 margine
2266 4849 2447 4900 addita
2488 4849 2535 4903 l.

2486 4777 2531 4855 f"
2570 4784 2924 4855 suprascripta
2957 4801 3055 4837 vox
3093 4787 3139 4840 l.
3217 4787 3263 4817 ⁵³
3304 4791 3374 4844 ad
3416 4802 3608 4855 supra-

2627 4850 2675 4881 “
2719 4856 3132 4923 suprascriptum
3175 4856 3217 4908 Ι.
3326 4863 3373 4892 δι
3416 4850 3611 4925 supra-

1833 5025 2057 5082 ΜΠᾹΞ.
