4108 5412
495 332 597 393 899

1705 320 1815 378 10A
1827 319 1980 376 NNIS
2006 317 2276 375 DIACONI
2313 317 2557 375 VENETI

3650 320 3751 377 9tt0

494 447 708 502 illorum
769 443 1014 509 fratrem,
1060 440 1115 497 in
1168 439 1425 511 dignitate
1477 436 1560 491 sui
1606 436 1832 491 ducatus
1868 433 2067 489 habere
2093 436 2141 495 Α
2171 432 2282 504 (50)
2307 434 2490 503 petiit;
2514 433 2857 505 quiquinque
2878 449 3143 493 annorum
3167 437 3349 508 spacio
3369 437 3749 497 Veneticornm

493 548 806 594 consortem
850 536 1150 590 voluerunt.

562 628 772 682 Interea
824 625 998 680 ftedus
1045 623 1187 694 qttod
1227 621 1605 677 Veneticorum
1655 620 1883 692 populus
1928 614 2071 692 olym

492 733 615 771 cum
644 716 828 771 italico
878 730 1000 786 rege
1047 714 1300 779 habebat,
1362 713 1450 767 illo
1496 721 1734 784 tempore
1774 716 1885 785 (an.
1922 715 2070 787 8l0),

493 808 681 876 P-ipino
715 817 908 880 agente
938 818 1081 878 rege,
1124 806 1424 875 disruptum
1463 814 1565 870 est,
1616 814 1672 861 et
1725 803 1931 861 hisdem
1977 824 2073 863 rex

492 881 764 972 ingentem
811 899 1108 955 exercitum
1156 896 1631 967 Langobardorum
1677 896 1745 950 ad
1794 892 2074 952 Venetico—

493 1005 611 1045 rum
661 989 996 1059 provinciam
1052 987 1369 1058 capiendam
1428 984 1718 1054 promovit.
1788 982 1889 1051 Qui
1949 1000 2072 1039 cum

494 1092 687 1149 magna
741 1077 1051 1133 dilIicul‘tate
1099 1084 1288 1146 portus
1336 1074 1429 1143 qui
1484 1074 1731 1128 dividunt
1774 1074 2073 1129 insularum

493 1168 673 1224 littora
711 1170 1110 1239 pertransisset,
1142 1167 1358 1221 tandem
1389 1165 1455 1220 ad
1479 1166 1749 1236 quendam
1777 1165 1954 1221 locum
1981 1165 2075 1236 qui

493 1261 701 1316 Albiola
732 1270 959 1314 vocatur
995 1257 1242 1328 pervenit
1271 1255 1337 1322 δ’,
1398 1256 1541 1310 nulla
1591 1256 1803 1310 ratione
1857 1255 2073 1310 inantea

493 1354 814 1419 pertendere
843 1366 1087 1419 gressum
1113 1348 1300 1402 valuit.
1342 1346 1527 1416 Ibique
1548 1346 1714 1401 duces
1746 1346 1929 1417 stipati
1963 1363 2075 1401 ma-

493 1457 598 1514 gna
625 1441 1000 1498 Veneticorum
1026 1439 1375 1510 eXpedieione
1411 1438 1639 1493 eundem
1673 1453 1854 1508 regem
1908 1439 2078 1492 auda-

495 1543 612 1589 cter
649 1535 887 1606 aggressi
916 1543 1062 1599 sunt,
1090 1541 1146 1589 et
1182 1531 1439 1588 divinitus
1467 1532 1648 1587 datum
1693 1540 1779 1586 est
1807 1530 2076 1587 Veneticis

495 1626 561 1679 de
588 1625 824 1681 inimicis
851 1626 1214 1695 triumphum;
1246 1627 1431 1695 sicque
1458 1624 1733 1696 predictus
1760 1640 1854 1680 rex
1882 1625 2076 1681 confu-

493 1729 587 1769 sus
617 1715 862 1770 recessit.
911 1715 1080 1785 [gitur
1103 1730 1247 1770 anno
1273 1715 1670 1771 incarnacionis
1719 1717 2077 1786 redemptoris

493 1805 664 1860 nostri
707 1844 722 1859 .

491 1896 623 1951 Jun.
654 1898 770 1968 2t),
798 1907 853 1953 et
875 1897 1459 1969 Constantinopolitani
1504 1898 1677 1963 missi,
1726 1897 1818 1968 qui
1856 1908 1984 1953 tunc
2011 1900 2077 1955 ad

494 2004 617 2045 eum
648 1989 936 2062 legationis
964 2006 1125 2046 causa
1151 1990 1458 2055 veniebant,
1489 1998 1702 2044 mortuo
1724 1988 1842 2058 ipso
1872 1990 2074 2046 reversi

494 2091 640 2137 sunt.
670 2083 945 2139 Johannes
979 2084 1245 2154 siquidem
1281 2084 1615 2155 patriarcha,
1645 2083 1735 2153 qtti
1779 2097 1877 2152 per
1917 2082 1952 2136 ι
1982 2100 2079 2139 an-

496 2187 692 2227 norum
752 2174 932 2244 spacia
985 2172 1318 2228 Gradensem
1358 2174 1541 2228 sedem
1592 2174 1807 2229 vivente
1858 2183 2079 2244 pastore

496 2267 811 2335 usurpavit,
874 2265 1100 2322 siuodali
1159 2281 1390 2323 censura
1447 2267 1722 2337 depositus
1777 2275 1880 2321 est.
1928 2267 2081 2324 Licet

496 2355 694 2425 injuste
723 2359 904 2412 sedem
931 2358 1230 2422 invaderet,
1247 2366 1426 2413 tamen
1455 2366 1581 2413 ante
1600 2369 1910 2414 sanctorum
1936 2374 2076 2413 mar-

496 2458 674 2518 tyrum
704 2448 1085 2504 flermachorae
1112 2459 1166 2503 et
1192 2449 1609 2513 Fortunati,seu
1640 2449 1862 2522 llyllarii
1893 2460 1949 2506 et
1974 2451 2079 2505 Ta-

499 2536 644 2592 ciani
695 2553 947 2609 corpora,
995 2555 1096 2594 nec
1134 2556 1240 2597 non
1284 2548 1339 2594 et
1383 2540 1558 2595 sancti
1594 2539 1760 2597 Marci
1794 2541 2076 2611 capellam,

495 2628 819 2683 marmoreis
867 2629 1132 2684 columnis
1180 2640 1236 2686 et
1290 2624 1488 2685 tabulis
1538 2630 1832 2685 honorifice
1882 2631 2080 2687 choros

497 2736 823 2793 componere
852 2725 1078 2780 studuit.
1120 2724 1177 2780 ln
1222 2733 1426 2780 sanctae
1469 2739 1601 2781 vero
1654 2725 1747 2781 Dei
1800 2724 2079 2797 genitricis

496 2810 681 2868 Mariae
705 2814 931 2891 ecclesia
963 2830 1126 2886 supra
1168 2814 1339 2871 altare
1364 2815 1629 2871 ciborium
1680 2816 1906 2885 peregit.
1938 2813 2083 2893 For-1

498 2902 724 2961 tunattis
749 2903 946 2962 dehinc
980 2907 1046 2961 ad
1086 2908 1361 2977 propriam
1390 2906 1573 2963 sedem
1608 2922 1856 2962 reversus
1879 2916 1982 2962 est.
2009 2906 2080 2962 Et

497 2997 623 3065 quia
651 2997 799 3052 nulla
836 2999 1049 3054 ratione
1074 3000 1157 3055 sui
1198 2998 1381 3079 Operis
1426 2999 1812 3070 plenitudinem
1852 3014 2081 3055 exarare

497 3105 585 3144 me
612 3105 768 3159 posse
794 3092 1070 3158 existimo,
1097 3102 1307 3162 partem
1358 3108 1522 3163 quant
1563 3093 1910 3148 corrumdam
1938 3092 2080 3147 rela-

2173 522 2429 576 dit‘catutn
2469 525 2924 593 gubernaverunt.

2247 606 2447 669 Deinde
2473 631 2593 670 cum
2610 625 2792 671 essent
2815 619 2938 672 anni
2963 622 3031 676 ab
3056 620 3427 681 incarnatione
3458 628 3670 682 Domini
3711 624 3754 663 ε’

2171 705 2248 763 8..
2293 704 2442 779 [815]
2462 702 2509 738 ⁴⁸
2543 709 2682 777 ap‘ud
2728 705 3123 767 Rivoalteuseut
3163 714 3393 771 inSulam
3430 719 3675 774 Venetici
3711 722 3750 750 “

2173 798 2445 852 communi
2474 798 2691 854 decreto
2725 800 2952 856 ducatus
2978 803 3160 858 sedem
3191 805 3390 861 habere
3419 808 3750 870 malneiunt,

2172 897 2228 943 et
2257 889 2323 943 ad
2359 889 2503 944 hunc
2543 890 2799 945 honorem
2847 893 3117 963 quendam
3168 894 3342 950 virum
3379 886 3670 968 Agnellum
3713 906 3756 938 ι·

2176 977 2285 1050 (51)
2323 980 2562 1044 nomine;
2604 980 2694 1049 qui
2725 980 2906 1051 palatii
2951 981 3232 1053 hucusque
3270 990 3540 1043 manentis
3578 989 3758 1044 fuerat

2174 1069 2491 1137 fabricator,
2542 1071 2923 1127 sublimarunt.
2971 1074 3084 1129 Sub
3114 1075 3376 1147 dignitate
3403 1080 3570 1133 etiam
3603 1082 3758 1151 cujus

2175 1162 2309 1216 duos
2340 1163 2584 1218 tribunos
2607 1178 2705 1233 per
2723 1164 2963 1234 singulos
2999 1181 3171 1222 annos
3193 1167 3308 1223 fieri
3331 1172 3752 1226 constituerunt.

2177 1252 2377 1307 Eo'lem
2425 1253 2641 1324 quidem
2679 1270 2821 1310 anno
2866 1255 3129 1312 Michahel
3184 1259 3479 1330 imperator
3522 1277 3647 1316 cum
3690 1264 3757 1316 ad

2177 1349 2586 1417 expugnandam
2614 1346 2963 1420 Bulgarorum
3010 1362 3225 1421 gentem
3254 1370 3545 1425 aggressus
3592 1372 3757 1422 essez,

2178 1438 2231 1493 in
2267 1449 2470 1495 tantum
2498 1440 2837 1497 inimiborum
2861 1445 3259 1503 multitudinem
3287 1453 3607 1519 perterritus
3637 1453 3758 1518 fuit,

2178 1538 2257 1593 ttt,
2284 1530 2502 1599 pr0prio
2529 1530 2717 1585 relicto
2737 1534 3004 1601 exercitu,
3030 1535 3206 1606 fugam
3237 1537 3761 1612 Constantinopolim

2178 1620 2426 1690 arripuit.
2448 1620 2516 1674 Et
2544 1620 2670 1691 quia
2693 1622 2847 1677 valde
2872 1623 2973 1679 sibi
2998 1625 3410 1696 ignominiosum
3433 1630 3534 1687 hoc
3562 1630 3762 1688 fecisse

2180 1710 2483 1779 videbatur,
2534 1728 2638 1769 non
2683 1702 2952 1785 palaciutn
3002 1718 3095 1772 sed
3148 1724 3535 1777 monasterium
3583 1725 3759 1794 petiit.

767 1844 782 1860 .
826 1844 842 1860 .
882 1805 1104 1878 Pipinus
1133 1822 1229 1862 rex
1253 1806 1498 1876 deposuit
1525 1807 1796 1861 hominem
1820 1804 1932 1877 (an.
1948 1807 2074 1874 810,
2109 1807 2153 1866 Β
2181 1804 2330 1862 Tunc
2358 1805 2466 1862 Leo
2494 1806 2584 1877 qui
2616 1805 2758 1862 illius
2782 1809 3056 1864 exercitus
3079 1811 3272 1868 ductor
3296 1823 3350 1866 et
3372 1814 3601 1886 signifer
3619 1827 3761 1882 erat,

2178 1913 2411 1969 pugnam
2451 1908 2667 1968 patrare
2695 1899 2917 1955 minime
2948 1901 3145 1966 timuit,
3173 1914 3229 1957 et
3260 1904 3368 1961 Deo
3394 1905 3611 1961 favente
3638 1923 3761 1963 cum

2179 1989 2451 2060 triumpho
2490 1989 2678 2044 urbem
2722 2004 2973 2059 reversus
3013 2001 3114 2047 est.
3156 1992 3326 2060 Quem
3374 1996 3761 2065 imperatorem

2177 2096 2368 2136 omnes
2396 2080 2515 2136 fieri
2555 2080 3040 2138 conlaudaverunt.
3078 2083 3422 2142 Postmodum
3466 2102 3594 2142 vero
3622 2087 3765 2142 Con-

2178 2171 2496 2237 stantiuum,
2527 2187 2684 2226 suum
2723 2172 2915 2237 filium,
2944 2173 3151 2229 socium
3196 2174 3397 2230 habere
3435 2175 3488 2229 in
3537 2177 3641 2231 hac
3685 2179 3765 2230 di-

2178 2265 2385 2336 gnitate
2416 2264 2604 2319 voluit.

2254 2355 2552 2411 Prelibatns
2583 2352 2847 2425 siquidem
2888 2349 3151 2428 Agnellus
3192 2355 3299 2411 dux
3340 2374 3463 2413 cum
3503 2358 3639 2413 duos
3665 2360 3765 2412 ha-

2179 2448 2336 2503 beret
2380 2447 2558 2512 natos,
2593 2464 2732 2502 unus
2758 2448 2993 2513 illorum,
3033 2448 3084 2503 id
3113 2458 3196 2504 est
3226 2448 3587 2515 Justinianus,
3616 2450 3764 2504 Cou-

2180 2541 2589 2613 stantinopolim
2616 2532 2939 2608 destinavit;
2962 2557 3122 2612 quem
3147 2542 3438 2613 imperator
3465 2543 3768 2596 honorifice

2179 2631 2499 2702 suspiciens,
2538 2630 2669 2701 ipati
2709 2631 2969 2686 honorem
2996 2631 3098 2685 sibi
3130 2632 3374 2702 largivit;
3402 2632 3636 2686 alterum
3672 2647 3765 2684 re-

2182 2740 2263 2787 ro,
2308 2721 2361 2777 id
2407 2732 2493 2777 est
2520 2708 2779 2787 Joannes,
2830 2724 3022 2777 ducem
3064 2722 3180 2777 fieri
3231 2726 3516 2794 promovit.
3561 2724 3770 2778 Dehine

2179 2820 2360 2868 autem
2374 2829 2478 2867 non
2492 2808 3064 2884 postlongumtempus
3074 2812 3410 2869 Justinianus
3423 2815 3626 2883 impera
3636 2826 3671 2867 lt
3692 2828 3723 2868 r
3741 2829 3771 2869 ι

2180 2908 2225 2948 δέ
2244 2908 2421 2977 ipatus
2440 2905 2902 2975 Constantinopoli
2918 2907 2984 2959 ad
3000 2906 3216 2975 propria
3241 2906 3541 2975 repedavit,
3554 2904 3771 2961 dolensa

2180 3013 2287 3070 que
2330 2992 2556 3051 fratrem
2579 3012 2735 3050 suum
2759 2997 2811 3050 in
2837 2998 3041 3052 honore
3065 2998 3420 3069 fastigiatum‘,
3443 2997 3774 3067 contempsit

2182 3090 2333 3146 adire
2367 3086 2648 3159 palatium,
2684 3085 2779 3142 sed
2821 3086 2875 3142 in
2927 3090 3100 3144 sancti
3142 3088 3334 3144 Severi
3384 3087 3613 3145 ecclesia
3663 3104 3768 3141 una

500 3184 648 3239 tione
663 3195 920 3254 espertus
937 3202 1053 3241 sum
1071 3187 1194 3241 stilo
1210 3187 1471 3243 adnotare
1491 3187 1694 3242 studui.
1714 3187 2079 3242 Ecclesiarum
2109 3178 2155 3241 C
2185 3202 2308 3243 cum
2328 3202 2425 3242 sua
2454 3186 2680 3257 conjuge
2707 3186 3011 3256 hospitatus
3035 3194 3138 3240 est.
3184 3184 3346 3239 Pater
3386 3196 3621 3252 namque
3656 3180 3773 3265 ejus

502 3291 737 3347 namque
759 3278 952 3333 altaria
973 3278 1270 3334 Gradensis
1302 3281 1473 3346 urbis,
1505 3280 1779 3335 lamminis
1808 3283 2080 3352 argenteis

500 3372 905 3438 condecoravit,
938 3382 993 3428 et
1035 3388 1193 3444 supra
1234 3372 1426 3427 altaria
1466 3383 1767 3445 martyrum
1821 3385 2079 3444 argentea

503 3463 704 3534 templa
748 3465 1068 3534 composuit.
1114 3464 1411 3519 Ecelesiam
1460 3480 1589 3519 vero
1627 3473 1829 3520 sancta:
1875 3465 2082 3537 Agathe

503 3556 761 3626 martyris
788 3570 817 3609 a
863 3556 1228 3611 fundamentis
1278 3557 1392 3627 ipse
1439 3555 1695 3612 ediﬁcare
1737 3557 2082 3612 devotissime

501 3645 652 3700 fecit.
686 3644 786 3702 Ubi
837 3656 1134 3718 martyrum
1183 3649 1540 3719 quadraginta
1588 3657 1645 3703 et
1690 3648 1796 3704 duo
1850 3664 2081 3720 corpora

503 3734 556 3786 in
586 3734 827 3805 ejusdem
873 3737 1115 3791 ecclesia:
1154 3738 1326 3807 cripta
1356 3736 1402 3769 ”
1453 3737 1769 3793 recondivit.
1827 3737 2078 3794 Ceterum

504 3839 636 3879 vero
676 3826 933 3897 quicquid
972 3827 1025 3881 in
1072 3829 1341 3883 thesauris
1378 3842 1473 3883 seu
1521 3829 1575 3883 in
1605 3829 1957 3885 ecclesiarum
1998 3845 2084 3885 or-

503 3915 774 3969 namentis
815 3915 1045 3988 peregit,
1093 3932 1254 3972 nemo
1294 3918 1614 3973 nominatim
1644 3920 1948 3988 exprimere
1987 3938 2083 3992 po-

506 4014 629 4060 ιρει.

572 4096 685 4151 Hac
712 4094 928 4165 quidem
961 4101 1280 4162 tempestate
1324 4093 1555 4148 nuntius-
1591 4092 2083 4164 Constantinopoli-

503 4195 660 4240 tauus
701 4184 916 4238 nomine
943 4183 1269 4253 Ebersapius
1297 4183 1577 4239 Venetiam
1606 4186 1792 4249 adivit,
1832 4194 1887 4240 et
1913 4185 2090 4242 Vene-

505 4279 733 4332 ticorum
760 4275 989 4331 consilio
1017 4283 1072 4328 et
1100 4276 1298 4329 virtute
1323 4276 1427 4330 hoc
1448 4277 1675 4346 peregit,
1711 4284 1769 4330 ut
1789 4276 1836 4307 “
1869 4270 2107 4347 utriqne'

504 4373 670 4425 duces
706 4379 761 4425 et
787 4369 1100 4439 dignitatem
1131 4380 1186 4423 et
1206 4369 1436 4437 patriant
1461 4369 1797 4423 amitterent.
1828 4367 2001 4433 Unus,
2033 4371 2086 4425 id

503 4471 587 4516 est
616 4460 937 4524 Obelierius,
958 4459 1499 4530 Constantinopolim,
1532 4461 1671 4515 alter
1701 4477 1826 4516 vero
1847 4460 2085 4517 Jateram

2187 3294 2294 3334 non
2340 3278 2429 3334 diu
2473 3277 2566 3332 filii
2605 3276 3038 3333 molestationem
3093 3285 3148 3330 et
3201 3274 3536 3329 absceutiam
3582 3287 3774 3343 passus

2187 3367 2312 3435 fuit,
2338 3370 2596 3440 quoniam
2629 3369 2782 3424 valde
2810 3368 2960 3422 illum
2993 3367 3269 3436 diligebat.
3292 3365 3579 3420 lnterdixit
3602 3365 3775 3421 hono-

2189 3475 2305 3515 rem
2334 3459 2593 3523 Johanni,
2640 3468 2696 3514 et
2722 3458 2949 3529 expulso
2977 3457 3024 3492 ⁸⁸
3061 3472 3092 3510 a
3122 3455 3321 3527 patria,
3363 3455 3503 3526 apud
3531 3453 3775 3509 Jateratn

2190 3550 2469 3605 civitatem
2495 3550 2658 3605 exilio
2697 3559 2943 3604 retrosus
2973 3556 3075 3604 est.
3119 3548 3272 3601 Tunc
3317 3545 3638 3601 satisfacere
3681 3560 3784 3609 per.

2189 3644 2369 3698 omnia
2399 3641 2567 3698 voluit
2596 3641 2903 3697 Justiniano
2937 3656 3036 3696 suo
3068 3640 3197 3705 lilio,
3233 3653 3339 3693 non
3378 3638 3550 3692 solum
3598 3636 3777 3706 ipsum

2189 3733 2282 3789 sed
2314 3733 2790 3805 etiam_Agnelltttn
2828 3747 2984 3786 suum
3025 3739 3299 3802 nepotem,
3329 3729 3574 3800 ejusdem
3602 3726 3779 3781 Justi—

2191 3826 2336 3879 niani
2365 3833 2902 3894 natum,consortem
2928 3825 3011 3878 sui
3053 3823 3183 3879 fecit
3232 3824 3481 3878 ducatus.
3513 3819 3669 3875 Unde
3700 3820 3780 3873 la-

2190 3930 2338 3973 ctum
2377 3928 2462 3972 est
2498 3926 2557 3972 ut
2585 3916 2884 3982 Joltannes,
2920 3917 3011 3987 qui
3052 3916 3191 3986 apud
3228 3914 3466 3970 Jateram
3496 3912 3776 3973 exulabat,

2196 4010 2316 4080 fuga
2345 4009 2527 4079 lapsus
2582 4009 2817 4078 primum
2855 4007 3218 4073 Sclaveniam,
3244 4006 3439 4061 deinde
3467 4006 3536 4060 ad
3563 4004 3778 4059 Italiam

2192 4104 2260 4156 ad
2287 4101 2535 4173 Bergatni
2561 4101 2839 4156 civitatem
2870 4100 3134 4169 pervenit.
3161 4098 3374 4154 Interea
3407 4106 3562 4167 pater
3582 4106 3641 4150 et
3670 4096 3779 4149 fra-

2193 4201 2278 4247 ter
2309 4193 2410 4247 hoc
2443 4192 2744 4256 audientes,
2773 4192 3038 4246 miserunt
3072 4190 3300 4245 nuncios
3329 4189 3646 4257 imperatori
3675 4186 3789 4240 Lua

2194 4284 2406 4350 dorico,
2442 4283 2799 4354 efﬂagitantes
2838 4292 2896 4337 ut
2935 4283 3036 4338 sibi
3081 4283 3334 4338 redderet
3360 4280 3529 4335 lilium
3556 4279 3600 4311 "
3652 4278 3776 4349 fuga

2193 4374 2426 4445 lapsum.
2467 4374 2765 4444 Imperator
2809 4389 2938 4429 vero
2978 4372 3212 4428 libenter
3261 4370 3471 4427 illorum
3525 4371 3780 4440 precibus

2193 4468 2598 4534 obtemperans,
2635 4465 2868 4520 reddidit
2904 4465 3007 4521 sibi
3036 4464 3317 4535 fugitivum
3343 4483 3359 4528 ;
3390 4478 3552 4533 quem
3575 4461 3778 4529 absque

1787 4574 2016 4629 mune
2063 4576 2461 4636 LECTIONES.
2654 4644 2657 4647 ν

588 4694 632 4725 δ’
664 4690 858 4763 Supple
880 4694 996 4755 sed,
1026 4704 1117 4747 aut
1144 4692 1252 4763 lege
1280 4701 1333 4746 et
1363 4690 1577 4763 tandem
1607 4688 1976 4763 ad_quendam
2004 4690 2182 4763 locum
2211 4724 2281 4733 —-
2307 4692 2658 4763 pervenisset.
2688 4691 2863 4763 ΖΑΝ.
2935 4693 2982 4725 ⁸³
3009 4695 3084 4747 ita
3138 4695 3188 4748 l.
3236 4691 3289 4745 2.
3337 4702 3521 4746 contra
3546 4686 3774 4744 Zanem'i

505 4760 864 4818 assertionem.
940 4763 985 4796 ⁸³⁵
1013 4760 1370 4833 suprascripta
1397 4776 1494 4816 vos:
1524 4760 1574 4812 1.

1653 4758 1697 4790 ⁸⁸
1726 4776 1777 4812 c.
1806 4775 1855 4811 e.
1882 4775 1929 4813 a.
1957 4762 2035 4834 ab
2065 4762 2101 4816 i.
2139 4764 2196 4817 D.
2231 4758 2588 4833 suprascripta
2623 4765 2671 4817 1.
2746 4763 2792 4794 ⁸⁸
2828 4762 2957 4818 VIII¢
2992 4781 3108 4819 vult
3138 4774 3254 4834 post
3301 4763 3482 4816 addita
3527 4763 3777 4834 inmar-

504 4837 644 4904 giue,
666 4844 711 4887 et
741 4835 1020 4888 recentiore
1042 4835 1251 4903 quidem
1283 4847 1473 4904 ntauu;
1497 4841 1615 4884 ante
1639 4846 1912 4883 numerum
1947 4832 2004 4904 in
2030 4834 2264 4903 margine
2292 4850 2478 4887 rasura
2502 4832 2854 4902 cognoscitur.
2887 4834 2954 4888 In
2999 4838 3117 4889 cod.
3139 4832 3194 4888 Ξ.
3236 4835 3292 4888 in
3322 4849 3488 4903 marg.
3507 4832 3776 4904 iadjecmtn

504 4902 577 4957 est
602 4921 620 4966 ,'
650 4905 945 4974 octingenti
975 4902 1223 4973 quatuor,
1254 4902 1434 4956 eadem
1459 4917 1741 4975 manu_q_ua
1767 4908 1907 4975 totus
1944 4902 2079 4975 liber
2115 4914 2364 4957 exoratus
2403 4913 2498 4956 est.
2565 4904 2622 4975 _"
2647 4906 3002 4975 suprascripta
3047 4909 3097 4961 1.
3172 4905 3218 4936 ⁸⁸
3244 4907 3319 4958 ita
3350 4906 3400 4958 1.
3441 4902 3620 4975 ’“Aita
3647 4903 3777 4975 scri-

506 4976 729 5047 bendam
756 4969 886 5031 erit:
911 4969 1204 5047 imperator
1230 4972 1587 5043 apograplmm
1608 4969 1953 5025 Giesebrecltti
1996 4989 2157 5026 manu
2187 4984 2509 5038 correctura;
2555 4972 2657 5045 legi
2695 4969 2921 5045 conﬁcio
2947 4976 3106 5047 impr.
3182 4976 3227 5007 “
3250 4990 3314 5029 ex
3345 4990 3505 5045 supra
3524 4972 3620 5028 lin.
3649 4970 3770 5024 add.

508 5046 560 5098 1.
632 5044 679 5077 ⁸³
700 5046 1112 5116 suprascriptum
1140 5044 1188 5096 1.

2009 5172 2234 5232 NOTAE.

506 5281 729 5338 bellsius
755 5283 806 5338 in
840 5282 986 5338 notis
1011 5283 1077 5337 ad
1106 5260 1512 5344 Theophanem,
1544 5297 1729 5337 vocem
1756 5284 1953 5344 ὕπατος
1979 5301 2084 5340 non

2270 5289 2384 5344 (50)
2420 5289 2577 5344 Zara.
