4108 5412
248 226 345 281 901
1536 221 1923 277 CllRONICON
1954 221 2303 278 VENETUM.

3411 228 3545 283 9οὶ

252 356 404 393 mora
436 336 961 407 Constantinopolim
995 350 1100 392 una
1156 350 1280 390 eum
1328 350 1496 389 uxore
1534 336 1835 391 destinave-
1868 350 1914 405 Α
1944 346 2026 391 tas
2053 338 2106 391 in
2140 352 2240 393 suo
2283 337 2451 391 fratre
2494 339 2757 394 remansit
2799 340 2864 393 ³³.
2909 339 3110 394 Fuerat
3146 354 3381 409 namque
3424 358 3522 410 pre

252 441 399 485 runt.
434 431 511 486 Eo
533 447 752 500 quoque
789 440 1029 500 tempore
1052 429 1161 484 Leo
1196 430 1491 499 imperator
1522 429 1659 497 apud
1688 428 1831 483 Coit-

251 522 662 590 stantinopolim
717 520 1034 575 interfectus
1093 519 1204 589 (an.
1270 517 1422 587 820),
1474 518 1563 586 qui
1622 518 1830 586 imperii

252 618 613 687 principatum
642 618 802 670 anuis
827 615 1217 683 gubernaverat
1241 622 1468 681 septem,
1489 621 1541 665 et
1570 609 1833 665 Michahel

254 711 793 780 imperium'adeptus
814 717 917 763 est.
959 706 1215 776 Agnellns
1252 720 1383 758 vero
1409 704 1685 773 predictus
1725 704 1833 757 dux

254 802 540 870 legationis
562 816 726 855 causa
754 816 908 854 suum
945 807 1191 867 nepotem
1231 805 1285 849 et
1324 796 1657 863 mquivocum
1698 794 1832 848 Con-

253 893 659 962 stantinopolim
692 892 861 951 misit.
892 891 1075 959 ibique
1098 901 1341 942 mortuus
1365 887 1482 940 fuit.
1506 887 1832 940 Fortunatus

253 986 470 1053 quidem
502 983 808 1053 patriarcha
831 998 953 1035 cum
995 997 1099 1035 non
1139 979 1322 1034 sedule
1349 979 1400 1031 in
1428 993 1523 1032 sua
1564 977 1719 1031 vellet
1741 976 1833 1029 de-

254 1090 378 1145 gere
421 1076 568 1139 sede,
615 1075 713 1128 sed
742 1084 930 1128 contra
964 1072 1343 1126 Veneticorum
1383 1070 1711 1125 voluntatem
1744 1084 1833 1123 se-

252 1166 475 1234 pissime
506 1165 789 1219 Franciam
814 1162 1108 1233 repetebat,
1132 1171 1187 1215 et
1213 1162 1337 1231 quia
1363 1162 1466 1215 hoc
1504 1160 1697 1214 amodo
1730 1161 1832 1211 di:-

253 1257 406 1310 cibus
430 1256 767 1325 displicebat,
796 1255 1115 1326 pepulerunt
1139 1254 1284 1307 illum
1316 1269 1345 1307 a
1373 1254 1519 1316 sede,
1551 1260 1605 1307 et
1638 1254 1690 1306 in
1717 1252 1833 1307 loco

253 1346 369 1413 ejus
411 1347 802 1399 ordinaverunt
846 1343 1169 1409 Johannem,
1204 1344 1391 1398 Sancti
1432 1343 1641 1397 Servuli
1666 1342 1832 1397 abba-

255 1446 381 1490 tem.
416 1435 573 1491 Circa
612 1438 726 1491 haec
758 1446 997 1505 tempora
1029 1436 1171 1504 apud
1212 1436 1570 1491 Olivolensem
1604 1435 1831 1489 insulam

254 1527 425 1580 sancti
450 1527 594 1580 Petri
626 1527 853 1581 ecclesia
876 1528 1118 1581 editicari
1147 1530 1353 1595 incepta
1382 1538 1482 1581 est.
1516 1527 1833 1581 Antedictus

254 1618 467 1683 quidem
496 1617 823 1672 Fortunatus
853 1618 1161 1687 patriarcha
1194 1618 1405 1687 propria
1451 1619 1577 1672 sede
1605 1618 1828 1681 amissa,

1936 429 2110 483 dictus
2154 428 2563 485 Justinianus”
2608 433 2876 487 maximus
2922 433 3272 488 ecclesiarum
3308 434 3516 495 cultor;

1936 522 2108 574 sancti
2142 536 2269 575 vero
2300 522 2577 577 Zachariae
2608 534 2662 578 et
2704 526 2875 579 sancti
2911 525 3134 595 Hyllarii
3162 528 3521 582 monasterio-

1934 627 2053 664 rum
2088 612 2201 679 ipse
2225 613 2407 666 extitit
2436 614 2817 669 devotissimus
2846 616 3155 673 fabricator.
3194 619 3395 673 Ultimo
3426 635 3521 674 ve-

1936 717 1996 757 ro
2032 703 2154 757 vita:
2178 720 2286 757 sua:
2316 720 2456 759 anno
2482 709 2806 761 sanctissimi
2839 708 3001 764 Marci
3033 710 3376 780 evangelista:
3398 727 3518 766 cor-

1935 808 2034 863 pus
2061 794 2127 847 de
2151 794 2477 848 Alexandria
2519 797 2563 827 "
2609 813 2637 849 a
2678 796 2951 854 Veneticis
2981 800 3224 865 allatum,
3275 804 3517 871 recipere

1934 884 2247 954 promeruit.
2294 884 2394 950 Qui
2422 888 2551 940 tanti
2586 888 2819 943 thesauri
2854 906 3047 944 munus
3077 892 3373 947 honorifice
3403 908 3519 947 sus-

1934 978 2158 1045 cipiens,
2190 977 2241 1030 in
2272 978 2352 1031 sui
2382 978 2567 1046 palatii
2616 980 2810 1048 angulo
2860 996 3115 1051 peragere
3144 982 3270 1037 fecit
3298 982 3514 1052 cappel-

1934 1068 2039 1124 lim
2072 1071 2161 1125 ubi
2195 1070 2321 1125 illud
2361 1073 2697 1127 reconditum
2746 1086 2928 1143 posset
2961 1076 3250 1138 reservari,
3296 1076 3514 1130 intesim

1933 1161 2159 1216 ecclesia
2176 1171 2323 1216 esset
2360 1163 2592 1232 expleta,
2617 1180 2778 1233 quam
2810 1166 3015 1219 hisdem
3041 1168 3270 1221 domnus
3295 1167 3516 1219 itu-boa-

1935 1253 2033 1317 vit,
2066 1254 2161 1308 sed
2214 1240 2505 1322 prevcntus
2551 1264 2741 1320 morte,
2784 1254 3059 1311 Iohannes
3098 1268 3229 1311 suus
3266 1256 3516 1310 videlicet

1934 1344 2101 1397 frater
2128 1345 2193 1398 ad
2220 1344 2383 1399 linem
2415 1346 2687 1414 perduxit.

2003 1434 2157 1491 Circa
2208 1438 2321 1491 base
2352 1448 2592 1508 tempora
2640 1439 2836 1493 missus
2864 1437 3180 1493 Sclavorum
3231 1442 3297 1495 de
3341 1440 3513 1495 insula

1933 1527 2214 1583 Narrentis
2236 1528 2349 1597 (δὲ)
2372 1530 2437 1581 ad
2460 1530 2717 1583 domuum
2740 1528 3038 1584 Jobannem
3056 1531 3246 1584 ducem
3270 1532 3513 1596 veniens,

1935 1620 2004 1673 ab
2035 1634 2100 1673 eo
2127 1620 2429 1689 baptizatus
2458 1629 2560 1685 est,
2589 1636 2776 1689 pacem
2816 1635 2937 1675 cum
2968 1636 3034 1677 eo
3057 1621 3366 1685 instituens,
3397 1620 3521 1674 licet

252 1710 548 1762 secundum
601 1712 743 1779 quod
788 1710 1022 1764 diximus
1052 1710 1334 1764 Franciam
1383 1727 1504 1764 cum
1535 1710 1833 1765 Grecorum
1868 1708 1912 1765 Β
1941 1711 2163 1765 minime
2187 1721 2241 1766 et
2274 1712 2642 1780 perdurasset.

253 1800 430 1855 missis
472 1804 769 1870 repetebat.
803 1803 984 1871 Ibique
1023 1803 1347 1871 aliquamdiu
1396 1811 1658 1866 moratus,
1686 1802 1827 1856 diem

250 1891 425 1945 ﬁnivit
462 1904 765 1947 extremum
791 1896 900 1964 (an.
928 1893 1074 1958 εει).
1120 1892 1451 1947 Gubernavit
1482 1902 1660 1947 autem
1690 1891 1829 1947 Gra-

249 1983 475 2037 densem
518 1986 802 2039 ecclesiam
852 2002 948 2055 per
990 1986 1176 2055 viginti
1227 1996 1282 2039 et
1315 1995 1518 2055 septem
1565 2000 1829 2039 annorum

247 2075 453 2142 spacia.
502 2076 579 2131 Eo
610 2062 837 2145 quoque
885 2087 1126 2146 tempore
1176 2078 1393 2147 quidam
1452 2076 1830 2133 Veneticorum

246 2164 705 2233 conSpirationem
750 2167 1033 2219 adversum
1062 2168 1225 2221 duces
1255 2165 1434 2221 facere
1464 2169 1640 2220 conati
1667 2176 1829 2233 sunt;

245 2266 311 2305 ex
364 2253 569 2321 quibus
596 2254 699 2308 duo
733 2269 898 2323 prope
928 2257 1101 2309 sancti
1129 2254 1374 2324 Gregorii
1410 2256 1694 2309 ecclesiam
1743 2272 1834 2311 su-

245 2346 431 2411 spensi
461 2356 610 2410 sunt,
648 2347 701 2399 id
742 2356 823 2401 est
862 2346 1135 2403 Jobannes
1161 2348 1506 2412 Tornaricus,
1562 2357 1616 2402 et
1655 2348 1833 2403 Bonus

244 2436 598 2493 Bradanisso.
627 2437 898 2494 Jobannes
926 2451 1108 2494 autem
1138 2441 1470 2494 monetarius
1503 2441 1623 2509 fuga
1649 2442 1831 2510 lapsus

246 2539 331 2585 est
370 2530 441 2584 ad
466 2529 781 2585 Lotharium
814 2548 1029 2602 regem;
1063 2543 1241 2586 tamen
1270 2534 1529 2602 quidquid
1560 2535 1743 2587 habuit
1779 2543 1834 2593 et

248 2621 448 2676 domus
482 2632 539 2676 et
568 2621 780 2676 fortuna
805 2623 1123 2691 depopulata
1152 2633 1296 2678 sunt.
1328 2623 1537 2677 Interea
1560 2622 1833 2678 Joba..nes

248 2709 423 2763 abbas
464 2709 557 2778 qtti
601 2711 802 2766 electus
845 2712 900 2765 in
953 2712 1213 2766 Gradensi
1266 2712 1579 2780 pootil‘tcatu
1633 2712 1830 2778 fuerat,

248 2815 343 2852 sua
378 2809 577 2869 sponte
603 2800 786 2856 relicta
816 2802 961 2867 sede,
993 2804 1165 2857 sancti
1199 2800 1388 2855 Yllarii
1418 2801 1703 2856 ecclesiam
1736 2817 1829 2871 pc-

249 2900 403 2958 tens,
448 2908 556 2946 una
600 2909 721 2947 cum
778 2895 1160 2949 monachorum
1207 2895 1560 2949 contubernio
1599 2896 1741 2963 quod
1776 2895 1829 2949 in

248 2985 426 3038 sancti
456 2985 666 3039 Servoli
695 2988 1019 3041 monasterio
1045 2988 1289 3056 degebat,
1326 2986 1711 3041 monasterium
1757 2987 1825 3040 ibi

248 3075 507 3144 deinceps
526 3076 779 3131 ordinare
804 3078 1039 3131 decrevit
1060 3085 1114 3130 et
1141 3077 1340 3131 habere
1362 3091 1459 3145 pro
1482 3074 1663 3131 futuro
1690 3078 1757 3129 ".

320 3165 587 3221 Venerius
635 3168 824 3224 deinde
868 3168 1202 3224 Gradensem
1248 3171 1472 3238 adeptus
1513 3178 1593 3223 est
1625 3171 1826 3231 sedem,

247 3257 339 3327 qui
366 3259 540 3313 sancti
570 3258 739 3313 Mauri
776 3262 1041 3324 ecclesiae,
1088 3277 1208 3332 qua:
1242 3260 1499 3316 suburbio
1548 3261 1682 3315 scita
1726 3272 1827 3326 est,

248 3348 551 3404 fabricator
575 3351 772 3403 extitit.

316 3440 477 3495 Anno
510 3442 728 3510 quidem
766 3443 1152 3499 incarnationis
1201 3444 1409 3499 Domini
1446 3446 1830 3514 octingenteSI-

248 3548 336 3587 mo
364 3534 628 3603 vigesimo
656 3538 909 3600 secundo,
944 3547 1157 3592 mortuo
1185 3536 1409 3607 Agnello
1436 3538 1589 3601 duce,
1616 3539 1706 3606 qui
1738 3539 1832 3593 de-

247 3642 364 3679 cem
388 3635 445 3679 et
470 3635 594 3681 octo
616 3627 772 3681 annis
802 3627 1179 3684 Veneticorum
1208 3630 1461 3683 ducatum
1490 3630 1827 3699 gubernavit,

244 3719 478 3772 ducatus
510 3718 741 3788 dignitas
769 3719 822 3772 in
860 3735 957 3774 suo
986 3720 1095 3773 lilio
1116 3718 1420 3774 Justiniano
1452 3720 1731 3773 remansit.

312 3808 431 3863 l’lac
462 3810 626 3863 etiam
678 3819 994 3879 tempestate
1025 3814 1136 3881 (an.
1181 3811 1327 3879 827).
1362 3809 1629 3863 Michahel
1667 3811 1831 3879 impe-

240 3910 395 3956 rator
429 3900 651 3955 mittens
685 3894 980 3955 exercitum
1030 3903 1096 3956 ad
1136 3902 1401 3965 Siciliam,
1445 3900 1829 3955 Veneticorum

239 3992 508 4046 auxilium
552 3994 724 4062 petiit,
754 3994 838 4047 cui
878 3993 1217 4048 Justinianus
1254 3994 1359 4046 dux
1384 3993 1645 4063 quasdam
1680 3992 1830 4045 belli-

239 4100 401 4140 cosas
432 4099 599 4138 naves
627 4086 993 4142 transmittere
1023 4088 1249 4140 studuit.
1279 4086 1383 4141 Sed
1420 4096 1645 4153 uterque
1674 4100 1832 4138 exer-

238 4178 384 4231 citus
429 4176 648 4229 minime
685 4176 898 4244 aliquod
947 4178 1279 4246 triumpbttm
1328 4177 1587 4245 consequi
1638 4175 1825 4227 valuit.

237 4263 447 4324 Eodem
479 4284 692 4339 quoque
722 4277 961 4337 tempore
988 4269 1284 4333 Johannes,
1332 4266 1541 4337 Agnelli
1572 4265 1829 4319 antedieti

2003 1801 2208 1856 Interea
2232 1803 2533 1859 Obelierius
2561 1803 2797 1873 dux,qui
2822 1803 2957 1875 apud
2985 1803 3510 1873 Constantinopolim

1933 1893 2095 1947 exilio
2125 1893 2299 1948 fuerat
2336 1895 2677 1963 dampnatus,
2722 1894 3008 1949 Veneciam
3057 1895 3437 1964 reciprocavit,
3468 1903 3523 1947 et

1935 1984 1986 2037 in
2020 1983 2210 2053 V'igilia
2254 1984 2471 2039 civitate
2500 1986 2639 2055 apud
2682 1985 2939 2040 Curidum
2969 1985 3081 2056 (55)
3119 2000 3239 2039 sese
3281 1986 3518 2041 retrnsit.

1934 2073 2050 2139 Quo
2087 2074 2290 2139 audito,
2340 2074 2610 2129 Iohannes
2659 2075 2766 2129 dux
2810 2075 2873 2128 ad
2919 2080 3146 2129 eundem
3199 2075 3522 2145 capiendum

1934 2169 2201 2237 promovit
2229 2170 2546 2224 exercitum.
2586 2170 2691 2223 Sed
2723 2186 2844 2222 cum
2875 2171 2962 2223 diu
2998 2170 3294 2238 predictam
3326 2169 3521 2223 civita-

1936 2268 2039 2313 tem
2062 2258 2341 2312 obsidione
2365 2258 2819 2324 circumvallaret,
2846 2260 3060 2313 tandem
3085 2260 3259 2313 diviso
3281 2260 3520 2313 exercitu

1934 2350 2395 2406 Metatnaucenses
2419 2351 2484 2404 ad
2516 2351 2815 2420 predietum
2855 2351 3182 2405 Obel'erium
3212 2351 3523 2420 confugium

1934 2440 2195 2496 fecerunt.
2223 2442 2503 2496 Exercitus
2531 2456 2658 2494 vero
2681 2442 2779 2518 qui.
2802 2456 2900 2494 suo
2930 2442 3124 2495 sea;or-i
3155 2440 3309 2493 fidem
3340 2454 3522 2493 serva-

1933 2530 2082 2597 bant,
2115 2530 2603 2585 Metamaucensem
2627 2531 2855 2585 insu'am
2879 2538 3271 2600 eXpugnautes,
3297 2543 3521 2597 prorsus

1935 2623 2308 2677 incenderunt.
2372 2622 2522 2677 Tunc
2574 2623 2803 2677 domnus
2845 2622 3119 2675 Jobarnes
3165 2622 3273 2673 dux
3326 2622 3519 2672 iterum

1933 2714 2237 2783 preparavit
2270 2713 2607 2777 exercitum;
2652 2728 2772 2767 cum
2805 2727 2910 2780 quo
2941 2713 3051 2779 ipse
3099 2710 3322 2763 veniens
3375 2709 3523 2777 \‘igs-

1933 2805 2059 2860 liam
2097 2806 2369 2861 civitatem
2398 2805 2743 2875 expugnavit,
2793 2812 2845 2857 et
2878 2811 3035 2871 capto
3065 2800 3315 2857 Obeiiero
3338 2799 3520 2855 decol-

1934 2897 2045 2952 lare
2070 2913 2193 2953 eutn
2212 2897 2391 2966 jussit.
2421 2896 2584 2965 Cujus
2627 2902 2789 2963 caput
2818 2894 2883 2947 ad
2912 2893 3403 2946 Melutttuttccnscm
3435 2889 3518 2941 in-

1934 2989 2105 3043 sulam
2147 2988 2406 3053 dclatum,
2440 2989 2492 3041 in
2528 2986 2735 3042 sabbati
2790 2986 2959 3040 sancti
2996 2985 3081 3037 die
3127 2984 3285 3050 juxta
3334 2981 3461 3035 Sani
3481 2982 3518 3033 ti

1858 3058 1901 3117 Ο
1934 3062 2146 3134 Martini
2175 3081 2470 3149 marginem
2493 3094 2812 3150 suspensum
2837 3086 2938 3131 est.
2966 3077 3039 3130 Eo
3061 3084 3243 3129 autem
3275 3081 3522 3142 tempore

1934 3174 2105 3227 sancti
2131 3173 2273 3227 Petri
2305 3172 2626 3226 ()livolensis
2652 3170 2901 3233 ecclesia,
2934 3183 3052 3236 quae
3084 3182 3180 3236 per
3205 3180 3399 3220 novem
3430 3179 3523 3215 an-

1934 3281 2123 3318 norum
2159 3266 2338 3333 spaeia
2387 3264 2561 3318 fuerat
2596 3262 2857 3317 fabraata
2915 3260 3383 3314 consecrationem
3440 3272 3523 3309 re-

1932 3358 2093 3424 Cepit.

2001 3449 2159 3501 Auno
2183 3462 2310 3500 vero
2338 3447 2507 3501 nostri
2538 3445 2891 3515 redemptoris
2913 3444 2978 3498 ab
3008 3441 3518 3498 incarnatione......

1930 3535 2214 3590 Istrienses
2243 3536 2501 3606 episcopi,
2524 3536 2614 3605 qui
2644 3535 3071 3590 consecrationis
3096 3535 3294 3588 donum
3322 3547 3351 3585 a
3379 3531 3518 3586 Gra-

1933 3630 2082 3683 densi
2107 3630 2420 3696 patriarcha
2444 3644 2594 3681 more
2616 3628 2775 3682 solito
2800 3627 3151 3696 recipiebant.
3175 3624 3517 3694 Aquiiegcnsi

1934 3718 2367 3789 metropolitano,
2400 3718 2873 3788 Langobardorum
2918 3718 3057 3787 regis
3089 3718 3289 3769 virtute
3323 3716 3517 3776 coacti,

1932 3826 2050 3865 sese
2096 3810 2471 3865 subdiderunt.
2506 3810 2713 3865 Interea
2756 3811 2974 3880 quidam
3010 3809 3408 3871 Veneticornm,
3465 3808 3516 3861 id

1933 3913 2015 3956 est
2046 3902 2280 3955 Caresus
2310 3902 2555 3955 tribunus
2586 3914 2639 3956 et
2677 3902 2859 3955 Victor
2900 3901 3249 3970 nonnullith
3298 3901 3413 3963 alii,
3442 3900 3522 3952 fa-

1933 4004 2015 4047 cta
2053 3993 2452 4061 conspiratione
2479 3992 2781 4047 Johannem
2815 3993 3005 4048 ducem
3032 4010 3060 4046 a
3090 3990 3324 4066 Veueeia
3357 4005 3521 4059 pepu-

1932 4082 2108 4136 lerunt
2156 4092 2209 4137 et
2235 4082 2470 4137 Carosus
2502 4084 2640 4137 hanc
2674 4085 2955 4153 ursurpavit
2977 4082 3315 4153 dignitatem.
3367 4082 3519 4134 Tunc

1932 4177 2161 4229 domntts
2188 4176 2464 4231 Johannes
2501 4177 2606 4231 dux
2633 4178 2685 4230 in
2725 4177 3006 4231 Franriam
3034 4177 3096 4229 ad
3122 4174 3373 4230 Carolum
3400 4175 3513 4246 (54)

1934 4282 2111 4335 regem
2144 4268 2269 4333 ivit;
2304 4267 2393 4337 qui
2417 4284 2538 4323 eum
2571 4270 2763 4324 devote
2811 4268 3134 4337 suscipiens,
3172 4268 3432 4322 honorem
3468 4280 3523 4321 et

238 4362 399 4417 ducis
424 4361 565 4415 filius
595 4371 649 4417 et
673 4362 964 4417 Justiniani
994 4362 1183 4426 frater,
1227 4360 1317 4428 qui
1366 4358 1488 4414 exul
1516 4357 1655 4427 apud
1685 4357 1826 4412 Con-
1860 4396 1909 4455 Β
1936 4360 2185 4413 solatium
2216 4362 2317 4415 sibi
2356 4361 2663 4430 impendere
2690 4361 3021 4430 procuravit.

204 4455 653 4538 .stantinopolim
683 4458 882 4521 extitit,
928 4457 994 4511 ad
1039 4454 1315 4510 Venetiam
1366 4468 1614 4507 reversus
1644 4462 1745 4515 est,
1777 4460 1830 4505 et

240 4547 464 4601 favente
494 4545 592 4599 sibi
632 4545 932 4601 Justiniano
963 4547 1149 4608 fratre,
1194 4546 1303 4599 dux
1334 4542 1556 4597 effectus
1588 4552 1689 4595 est.
1721 4541 1829 4595 lte-

238 4654 360 4693 rum
394 4638 721 4707 imperatore
767 4637 1112 4708 elllagitante,
1143 4636 1444 4691 exercitum
1482 4635 1546 4687 ad
1588 4633 1827 4687 Siciliam

236 4740 697 4801 preparaveruut;
728 4731 816 4800 qui
846 4731 1009 4785 etiam
1038 4744 1285 4784 reversus
1305 4737 1387 4783 est
1416 4727 1620 4795 absque
1644 4725 1831 4779 trium-

238 4825 530 4966 prigor-tuo
559 4911 768 4980 quidem
794 4910 1102 4966 Justiuiano
1129 4911 1263 4967 duce
1290 4913 1402 4983 (an.
1432 4911 1581 4979 825),
1605 4909 1695 4979 qui
1721 4924 1824 4962 una

235 5021 360 5060 eum
396 5011 550 5073 patre
581 5002 899 5070 gubernavit
932 5004 1186 5057 ducatum
1219 5005 1376 5058 annis
1406 5003 1589 5056 decem
1625 5011 1680 5054 et
1707 5013 1827 5068 sep-

236 5106 368 5158 tein,
406 5105 460 5148 et
483 5104 605 5164 p0st
631 5106 851 5150 n'tortem
879 5094 1055 5165 patris
1085 5094 1242 5152 unius
1268 5096 1394 5153 anni
1424 5095 1629 5164 spacio,
1656 5093 1828 5161 digni-

2007 4450 2261 4518 Sequenti
2302 4465 2430 4505 vero
2456 4468 2597 4505 anno
2628 4450 2855 4505 Basilius
2889 4450 3135 4503 tribunus
3159 4457 3212 4503 et
3243 4448 3524 4504 Joliannes

1934 4540 2227 4596 Marturius
2252 4551 2304 4595 et
2331 4544 2495 4597 ceteri
2521 4544 2842 4598 nobiliorum
2874 4557 3098 4596 numero
3128 4542 3368 4610 triginta,
3399 4560 3524 4613 pre-

1931 4633 2058 4687 dieti
2090 4634 2351 4691 Johannis
2398 4637 2548 4691 ducis
2596 4636 2850 4690 ﬁdelitate
2882 4654 2909 4689 a
2942 4637 3116 4705 patria
3166 4636 3436 4701 exientes,
3468 4638 3521 4689 in

1935 4724 2109 4779 sancti
2160 4723 2376 4777 Martini
2405 4725 2638 4779 ecclesia
2687 4740 2807 4795 quae
2843 4727 2982 4794 apud
3031 4724 3354 4785 Mistrinam,
3406 4725 3528 4777 luco

1933 4816 2023 4881 qui
2053 4824 2277 4869 vocatur
2302 4814 2504 4881 Strata,
2530 4817 2663 4870 scita
2692 4824 2796 4880 est,
2815 4816 3129 4882 ospitati,et
3153 4810 3352 4865 tamdiu
3383 4830 3534 4869 emn-

1933 4911 2125 4963 morati
2157 4918 2304 4972 sunt,
2337 4910 2509 4963 donec
2559 4908 2939 4963 Veneticorum
2974 4904 3262 4960 multitudo
3305 4904 3375 4955 ad
3408 4905 3537 4958 illos

1930 5001 2267 5063 conveniret,
2309 4997 2673 5053 utVeneciam
2715 4998 2781 5049 ad
2814 4996 3005 5049 Carosi
3048 4994 3199 5045 ducis
3224 4990 3547 5057 periculam

1931 5093 2136 5150 intrare
2167 5094 2285 5146 sine
2328 5094 2508 5163 aliquo
2557 5090 2836 5146 obstaculo
2885 5089 3207 5156 quivissent.
3256 5081 3424 5139 Unde
3481 5094 3554 5141 2a—

1516 5202 1601 5258 VA
1616 5202 1752 5257 Rl/E
1796 5199 2205 5257 LECTIONES.

302 5300 349 5331 ⁸³
379 5307 430 5351 et
465 5297 516 5349 h.
559 5312 611 5365 p.
662 5319 699 5350 ι.
736 5296 1090 5369 suprascripta
1121 5297 1170 5349 1.

232 5370 591 5412 ιηηηιςενξηῑίι
630 5369 677 5412 1-

1276 5301 1323 5332 ⁸³
1346 5298 1397 5353 d.
1426 5296 1462 5349 i.
1499 5312 1543 5350 s.
1591 5298 1628 5351 f.
1689 5313 1732 5349 r.
1775 5296 1955 5349 addita
1982 5296 2036 5349 in
2069 5294 2307 5363 margine
2336 5297 2381 5348 Ι.

2488 5295 2533 5325 ⁸⁸
2558 5310 2607 5347 τ).
2655 5290 2702 5345 J.
2748 5291 3105 5358 suprascripta
3142 5287 3188 5339 1.
3289 5282 3337 5313 ⁸³
3370 5289 3451 5342 de
3490 5291 3552 5343 A.
