4108 5412
543 324 647 383 905

1738 321 2023 378 JOANNIS
2064 319 2333 375 DllCONl
2379 321 2625 376 VENETI

3702 327 3806 382 θυι

542 447 691 495 ctum
721 445 807 493 est
844 448 972 505 quo,
1012 434 1245 505 quadam
1271 433 1379 499 die,
1408 432 1533 488 dum
1563 433 1859 502 prelibatus
1888 431 2125 486 Caresus
2153 434 2197 489 Δ
2229 440 2312 485 ter
2337 429 2442 485 dux
2476 432 2652 487 facere
2676 447 2779 488 non
2808 434 3107 505 denegavit.
3143 433 3296 490 Tunc
3316 449 3629 506 przeparare
3653 455 3809 494 sexa-

542 532 648 586 dux
679 544 903 585 securus
933 528 985 582 in
1009 527 1217 596 palacio
1239 535 1504 593 maneret,
1539 541 1569 580 a
1603 527 1865 596 predictis
1896 526 2127 580 homini-

542 624 645 678 bus
676 630 897 692 captus,
945 620 1144 676 evulsis
1180 619 1352 674 oculis
1393 619 1555 673 exilio
1598 631 1840 673 retrnsus
1877 626 1979 672 est.
2030 616 2124 672 Sui

542 729 759 784 quoque
780 722 1081 776 secutores,
1106 711 1159 766 id
1186 720 1270 765 est
1292 710 1605 766 Deusdedns
1631 709 1861 772 Grnrns,
1888 710 2128 764 Marinus

539 807 825 877 patricius,
880 804 1194 859 Dominicns
1240 803 1576 857 monatarius
1612 812 1667 856 et
1699 800 1942 856 Tritulns
1992 800 2125 855 Gra-

541 898 725 954 densis
756 896 1022 952 interfecti
1049 903 1193 949 sunt.
1225 895 1432 949 Dehinc
1463 893 1732 948 neminem
1764 893 1954 948 ducem
1988 909 2124 947 con-

540 988 769 1043 stituere
796 987 1125 1049 maluerunt,
1154 985 1246 1040 sed
1275 1000 1340 1040 eo
1366 992 1590 1040 calente
1611 986 1678 1043 ab
1706 982 1916 1040 Ursoue
1940 984 2125 1039 011νο-

539 1078 673 1136 lensi
703 1080 953 1150 episcopo
993 1088 1042 1131 cl
1074 1077 1271 1132 Basilio
1306 1088 1361 1131 et
1406 1075 1655 1131 Johanne
1704 1076 1918 1131 tribuno
1964 1077 2126 1131 unius

540 1171 666 1226 anni
688 1170 872 1241 spacio
907 1167 1361 1238 dijudicabantur.
1414 1166 1566 1222 Tune
1594 1166 1824 1222 domnus
1850 1165 2125 1223 Johannes

539 1266 647 1319 dux
675 1265 741 1320 de
767 1262 988 1318 Frantia
1017 1263 1069 1316 in
1101 1261 1272 1316 sancti
1298 1259 1532 1315 Dimitrii
1562 1258 1854 1315 festivitate
1875 1276 2125 1317 reversus

538 1363 653 1418 est;
694 1367 854 1422 quem
901 1351 1142 1409 Venetici
1189 1359 1438 1422 prompte
1465 1350 1838 1421 suscipientes,
1868 1350 2121 1407 ducatum

538 1448 637 1502 sibi
673 1448 959 1503 restituere
1003 1453 1338 1517 satagerunt.
1391 1445 1704 1502 Dominieus
1733 1446 1951 1516 quidem
1988 1447 2124 1501 Tor-

539 1539 792 1595 cellensis
819 1538 1126 1607 episcopus,
1161 1539 1347 1592 relicto
1368 1538 1706 1608 episcopatu,
1732 1540 2122 1595 monasterium

537 1630 724 1702 peciit,
753 1638 810 1686 et
833 1630 885 1684 in
912 1628 1031 1684 loco
1051 1627 1166 1698 ejus
1191 1627 1467 1685 Iohannes
1486 1638 1571 1685 est
1589 1630 1896 1686 ordinatus.

611 1744 764 1798 Circa
802 1744 907 1797 hoc
938 1752 1180 1811 tempore
1209 1742 1449 1798 Venetici
1478 1744 1684 1813 negocii
1714 1759 1877 1799 causa
1903 1744 2029 1798 dum
2056 1744 2122 1801 de

538 1833 846 1888 Benevento
910 1832 1362 1895 revertebantur,
1409 1846 1440 1885 a
1505 1831 1862 1887 Narrentanis
1913 1832 2120 1889 Sclavis

540 1897 705 1992 capti,
739 1939 875 1992 pene
902 1936 1090 1982 omnes
1129 1923 1397 1978 interfecti
1436 1932 1581 1978 sunt.
1611 1922 1782 1979 Isdem
1812 1939 1940 1979 vero
1970 1923 2123 1979 dom-

539 2031 642 2072 nus
666 2015 940 2071 Johannes
968 2018 1076 2071 dux
1102 2016 1430 2073 sanctissimi
1462 2016 1626 2072 Marci
1667 2017 1998 2086 evangeliste
2025 2032 2121 2073 ec-

539 2106 758 2164 clesiam
786 2120 1130 2174 consecrare,
1165 2116 1221 2162 et
1244 2107 1404 2179 digne
1452 2107 1672 2163 beatum
1701 2120 1898 2177 corpus
1924 2107 1977 2162 in
2031 2122 2123 2163 ea—

539 2201 661 2257 dem
694 2200 962 2258 collocare
992 2201 1323 2271 procuravit.
1365 2199 1620 2257 Preterea
1649 2201 1869 2271 quidam
1899 2200 2122 2255 Veneti-

539 2305 751 2357 corum,
788 2298 1146 2362 cognomento
1173 2288 1477 2355 Mastallici,
1510 2288 1773 2345 diabolica
1813 2291 2124 2359 sugestione

539 2380 772 2450 decepti,
801 2380 1028 2436 eundem
1059 2378 1361 2435 Iohannem
1404 2378 1577 2435 sancti
1609 2377 1754 2434 Petri
1797 2381 1864 2434 de
1892 2381 2139 2436 ecclesia

542 2472 597 2526 in
633 2472 873 2543 ejusdem
930 2470 1221 2526 festivitate
1269 2470 1574 2525 venientem
1603 2470 2124 2539 comprehendentes

539 2564 651 2635 (au.
673 2563 822 2631 856;.
852 2565 1077 2618 detonsa
1102 2561 1269 2618 barba
1294 2577 1414 2618 cum
1437 2562 1667 2634 capillis,
1696 2563 1951 2619 clericum
1979 2564 2122 2634 apud

538 2653 873 2710 Gradensem
898 2652 1084 2708 urbem
1115 2666 1437 2707 consecrare
1463 2652 1741 2719 fecerunt;
1775 2654 1862 2723 qui
1894 2653 1964 2707 ibi
1996 2668 2122 2722 pcr-

538 2744 700 2807 stitit,
714 2744 932 2800 interim
948 2744 1089 2800 diem
1104 2745 1352 2801 ultimum
1366 2746 1519 2801 vixit.
1536 2745 1741 2801 Prefuit
1754 2755 1930 2801 autem
1946 2745 2124 2802 Vene-

542 2838 771 2894 ticorum
796 2836 992 2908 populo
1014 2848 1222 2908 septem
1245 2852 1509 2894 annorum
1531 2837 1844 2908 spacio.Cui
1868 2839 2127 2894 successit

540 2929 760 3001 quidam
794 2930 1184 2997 nobilissimus,
1211 2930 1409 2986 Petrus
1439 2931 1678 2999 nomine,
1706 2932 1797 3001 qui
1823 2931 2123 2988 Johannem

542 3040 697 3080 suum
729 3023 894 3079 tilium
924 3033 1229 3080 consortem
1262 3025 1317 3078 in
1344 3024 1553 3082 honore
1577 3023 1777 3080 habere
1806 3024 1997 3080 voluit.
2022 3023 2125 3079 Istc

541 3131 776 3186 namque
821 3117 992 3175 tereio
1029 3117 1112 3173 sui
1149 3117 1376 3173 ducatus
1406 3132 1550 3173 anno
1579 3116 1922 3175 Sclaveniam
1969 3118 2125 3174 lrelli-
2154 3131 2195 3189 ο

542 3208 685 3264 cosis
716 3208 943 3262 navibus
984 3218 1412 3279 expugnaturam
1465 3210 1651 3265 adivit.
1684 3208 1791 3266 Sed
1820 3208 1911 3265 ubi
1952 3211 2017 3263 ad
2047 3210 2125 3265 lo-

543 3287 789 3372 cumqui
821 3309 1048 3355 vocatur
1082 3301 1267 3356 Sancti
1315 3301 1529 3356 Martini
1578 3301 1747 3356 curtis
1794 3302 2121 3371 perveniret,

546 3402 733 3458 pacem
765 3404 889 3444 cum
940 3388 1150 3444 illorum
1181 3390 1422 3458 principe
1454 3389 1744 3448 Muisclavo
1785 3392 2002 3447 nomine
2029 3391 2123 3445 lir-

547 3482 734 3535 mavit.
766 3480 967 3537 Deinde
996 3482 1364 3552 pertransiens
1400 3484 1466 3539 ad
1501 3484 1869 3540 Narrentanas
1898 3486 2125 3552 insulas,

547 3580 669 3626 cum
718 3570 972 3627 Drosaico
1027 3569 1391 3626 Marianorum
1442 3570 1624 3641 judice
1680 3574 1932 3630 similiter
1976 3574 2127 3632 fedns

548 3660 805 3721 instituit,
845 3660 974 3716 licet
1002 3661 1225 3716 minime
1256 3662 1482 3728 valeret;
1512 3673 1567 3719 et
1591 3665 1669 3720 sic
1690 3667 2029 3735 postmodum
2060 3667 2126 3722 ad

548 3751 838 3805 Veni-ciam
863 3764 1112 3807 reversus
1140 3761 1243 3807 est.
1278 3751 1380 3808 Ubi
1412 3753 1499 3807 diu
1530 3757 1852 3810 commorari
1882 3772 2003 3811 eum
2034 3758 2129 3811 mi-

545 3843 695 3898 nime
718 3842 906 3910 licuit;
939 3844 1032 3899 sed
1054 3844 1233 3900 denuo
1261 3848 1582 3917 praeparavit
1603 3849 1901 3905 exercitum
1936 3851 2129 3906 adver-

546 3932 967 3987 sum‘ljuditum
1015 3933 1288 3998 Sclavunt,
1321 3935 1408 3990 ubi
1439 3936 1557 4006 plus
1585 3953 1745 4007 quam
1778 3951 1992 3994 centmn
2026 3940 2128 3996 Ve-

544 4025 711 4079 netici
742 4024 1011 4080 interfecti
1040 4025 1279 4091 fuerunt,
1310 4035 1363 4083 et
1396 4027 1600 4098 absque
1628 4031 1900 4100 triumpho
1947 4046 2129 4086 rever—

546 4134 640 4173 sus
663 4129 763 4174 est.
793 4119 943 4175 Tunc
974 4120 1083 4186 (un.
1130 4119 1255 4190 840)
1300 4136 1351 4175 ιη
1387 4136 1575 4178 mense
1616 4121 1776 4179 Madii
1810 4135 1962 4181 sexta
1994 4126 2125 4182 hora

547 4210 650 4266 diei
682 4211 762 4267 sol
791 4211 1113 4268 obscuratus
1165 4222 1270 4279 est,
1313 4223 1366 4269 et
1398 4213 1574 4270 factus
1612 4225 1697 4271 est
1745 4218 1982 4288 eclipsis.
2018 4217 2128 4274 liae

548 4302 780 4371 denique
824 4312 1139 4372 tempestate
1182 4304 1517 4361 Theodosius
1554 4307 1814 4376 patricius
1855 4307 2127 4364 COIISLIH-

551 4391 769 4461 tinopuli
794 4391 859 4447 ad
890 4391 1175 4447 Vencciam
1204 4395 1451 4462 veniens,
1482 4397 1745 4466 spatharii
1778 4401 1998 4455 bonuris
2050 4402 2129 4454 in-

2228 521 2377 589 ginta
2412 522 2693 578 bellicosas
2717 538 2882 578 naves
2904 525 3049 579 omni
3082 525 3182 580 sub
3204 524 3554 582 festinatione
3576 530 3806 593 stmbrit,

2185 616 2189 620 ’
2225 620 2280 668 et
2308 629 2478 685 usque
2503 617 2569 669 ad
2594 616 2913 705 Tarantum,
2937 615 3027 671 ubi
3056 616 3199 673 Saba
3231 616 3633 673 Saracenorum
3666 619 3809 687 prin-

2226 717 2352 772 ceps
2384 720 2505 759 cum
2540 705 2773 760 niaximo
2806 706 3049 762 exercitu
3087 708 3362 771 manebat,
3391 708 3613 762 easdem
3638 708 3817 763 desti‘

2226 797 2392 850 navit.
2429 796 2532 850 Sed
2558 811 2587 850 a
2614 796 3041 852 Sarracenorum
3084 798 3428 853 multitudine
3450 812 3588 867 pene
3616 814 3814 854 omnes

2228 888 2467 943 Venetici
2494 890 2637 959 capti
2661 900 2717 944 et
2742 889 3011 944 interfecti
3040 899 3185 944 sunt.
3211 890 3372 944 iidem
3397 903 3592 959 nempe
3618 889 3820 944 Sarra-

2224 982 2369 1046 ceni,
2400 983 2646 1037 videntes
2690 983 2834 1052 quod
2863 985 2917 1037 in
2963 985 3281 1039 christianis
3311 986 3597 1040 victoriam
3624 994 3813 1041 essent

2224 1071 2519 1132 consecuti,
2548 1073 2614 1125 a:|
2644 1072 3005 1129 Absarensem
3034 1075 3309 1130 civitatem
3339 1075 3452 1145 (55)
3484 1089 3659 1145 usque
3687 1090 3815 1145 per-

2226 1165 2431 1233 tingere
2454 1180 2558 1220 non
2587 1165 2986 1228 dubitaverunt,
3004 1178 3067 1222 et
3105 1169 3159 1222 in
3197 1169 3330 1223 feria
3360 1175 3594 1224 secunda
3648 1182 3815 1237 pasce

2227 1254 2475 1310 incendio
2511 1271 2634 1311 eam
2685 1259 3052 1324 devastantes,
3102 1261 3169 1314 ad
3214 1260 3494 1327 Anconam
3524 1259 3809 1314 civitatem

2228 1349 2588 1417 transierunt;
2615 1366 2778 1421 quam
2805 1353 3055 1408 similiter
3073 1353 3195 1422 igne
3216 1361 3651 1412 concremantes.
3672 1350 3813 1405 mol-

2226 1446 2310 1495 tes
2335 1440 2575 1510 captivos
2596 1442 2794 1498 exinde
2811 1459 2995 1499 secum
3021 1443 3343 1499 detulerunt.
3366 1444 3567 1498 Deinde
3592 1452 3813 1497 vastum

2222 1546 2323 1603 per
2344 1549 2494 1588 mare
2515 1534 2619 1588 huc
2647 1533 2771 1591 illuc
2806 1535 2857 1566 “
2882 1536 3222 1606 navigantes,
3245 1535 3644 1591 Adrianenscm
3678 1549 3812 1603 por-

2228 1632 2338 1679 tum
2369 1624 2507 1697 (56),
2530 1625 2623 1697 qui
2652 1625 2859 1682 vicinus
2889 1628 3136 1684 Veneciac
3172 1628 3436 1692 subsistit,
3475 1624 3811 1697 applicueie.

2225 1714 2329 1776 Ubi
2355 1730 2476 1772 cum
2507 1717 2669 1773 sortis
2700 1718 2962 1774 industria
2992 1734 3052 1774 se
3081 1719 3189 1774 illic
3231 1719 3432 1773 nullam
3459 1719 3685 1787 prcdam
3713 1730 3811 1770 ca—

2222 1816 2412 1879 pturos
2438 1809 2814 1878 pervidissent,
2848 1809 3140 1865 reddeundi
3167 1811 3272 1864 iter
3289 1811 3355 1865 ad
3378 1809 3653 1880 propriam
3676 1808 3812 1862 arri-

2225 1911 2455 1970 puerunt
2487 1900 2554 1956 ⁵⁷.
2582 1901 2877 1972 Postquam
2908 1918 3037 1959 vero
3065 1904 3133 1957 ad
3163 1904 3371 1959 exitum
3397 1901 3662 1965 Adriatici
3694 1900 3812 1955 cul-

2222 1991 2260 2046 ﬁ
2284 1993 2397 2063 (57)
2426 2004 2813 2064 pervenerunt,
2856 2009 3022 2050 naves
3045 1994 3423 2050 Venetieorutn
3450 2008 3576 2064 quae
3626 1993 3697 2047 de
3724 1991 3816 2047 Si-

2223 2084 2356 2140 cilia
2377 2100 2474 2141 seu
2503 2085 2572 2141 de
2611 2086 2731 2141 aliis
2781 2087 3027 2156 partibus
3056 2087 3485 2153 revertebantur,
3517 2098 3714 2140 omnes
3741 2085 3813 2139 ab

2221 2176 2425 2232 eisdem
2454 2178 2844 2246 comprebeuse
2873 2187 3017 2235 sunt.

2293 2268 2352 2323 ln
2379 2271 2617 2325 secundo
2659 2285 2790 2326 vero
2838 2285 2981 2326 anno
3007 2271 3201 2326 iterum
3252 2271 3478 2339 preuicti
3517 2270 3815 2325 Sarraeeni

2225 2364 2593 2418 maximocum
2616 2365 2858 2419 exercitu
2885 2379 3055 2436 usque
3076 2365 3143 2419 ad
3163 2364 3449 2431 Quarnarii
3465 2364 3669 2423 culfum
3699 2364 3813 2435 (58)

2224 2464 2606 2527 pervenerunt.
2653 2456 2800 2524 Quos
2828 2457 3073 2512 Venetici
3119 2456 3297 2513 na'vali
3328 2456 3685 2527 expedicione
3711 2470 3814 2527 ag-

2225 2548 2555 2618 gredientes,
2579 2552 2783 2604 acriter
2821 2547 2976 2619 juxta
2999 2549 3176 2604 locum
3198 2551 3291 2620 qui
3323 2549 3598 2620 Sansagns
3623 2549 3674 2582 ⁵⁸
3695 2548 3813 2620 (59)

2224 2639 2537 2694 nominatur
2582 2655 2745 2710 supra
2786 2641 3006 2696 eosdem
3039 2642 3316 2697 irrucrunt
3339 2643 3407 2696 ”.
3436 2641 3544 2699 Sed
3591 2643 3827 2699 demum

2225 2728 2470 2786 Venetici
2516 2731 2708 2787 dantes
2754 2740 2924 2805 terga,
2955 2734 3082 2789 victi
3116 2734 3346 2803 regressi
3374 2742 3522 2789 sunt.
3569 2730 3813 2790 Predicti

2228 2820 2515 2878 Sarraceni
2543 2824 2706 2878 etiam
2753 2823 2980 2882 Romam
3011 2825 3126 2879 ausi
3171 2835 3299 2881 sunt
3335 2826 3488 2882 adire
3534 2828 3650 2896 (an.
3681 2827 3814 2885 846.

2227 2914 2408 2983 Aug.),
2442 2915 2841 2986 ecclesiamque
2868 2916 3040 2972 sancti
3070 2917 3217 2972 Petri
3251 2918 3580 2988 depmdare.
3611 2920 3813 2974 Verum

2227 3006 2295 3062 ad
2325 3006 2370 3039 ⁸⁸)
2399 3008 2575 3063 sancti
2603 3007 2754 3063 Pauli
2777 3024 2898 3063 cum
2921 3011 3318 3079 pervenissent,
3341 3028 3370 3065 a
3399 3011 3659 3067 Romanis
3683 3012 3817 3067 clvi-

2229 3100 2330 3154 bus
2354 3114 2488 3169 pene
2513 3115 2703 3155 omnes
2732 3101 2900 3156 occisi
2933 3113 3058 3155 sunt
3083 3101 3215 3173 ((50).

2298 3190 2455 3247 Circa
2488 3192 2605 3247 haec
2650 3201 2890 3263 tempora
2935 3192 3112 3249 Sclavi
3162 3195 3443 3250 venientes
3478 3195 3545 3247 ad
3595 3195 3831 3249 Veneti:

2228 3298 2414 3339 eorum
2442 3284 2559 3339 loca
2603 3286 2990 3356 expugnanda,
3020 3286 3404 3357 Caprulensem
3438 3287 3817 3343 tantummodo

2228 3386 2467 3432 castrum
2507 3377 2958 3446 depredaverunt.

2298 3471 2506 3525 Interea
2527 3470 2831 3526 Ludovicus
2857 3470 3191 3527 Francorum
3219 3488 3309 3527 rex
3336 3471 3633 3527 Beneventi
3667 3473 3825 3539 prin-'

2229 3564 2468 3632 cipatum
2522 3564 2693 3617 adivit
2733 3564 2844 3635 (an.
2893 3563 3040 3636 8l8),
3070 3572 3126 3620 et
3155 3575 3313 3635 captu
3347 3561 3674 3620 Abomasale
3701 3563 3814 3634 (6t)
3896 3576 3907 3583 ‘

2232 3656 2474 3722 inimico,
2508 3672 2628 3710 cum
2662 3659 2772 3712 suis
2812 3655 3039 3712 Romam
3069 3671 3347 3726 regressus
3385 3666 3470 3712 est
3506 3656 3575 3724 “,
3626 3655 3818 3725 sicque

2231 3752 2300 3805 ab
2344 3749 2639 3821 apostolico
2664 3759 2958 3804 coronatus
2987 3757 3039 3803 et
3079 3760 3270 3803 unctus
3303 3749 3463 3803 estin
3491 3761 3675 3818 regem
3703 3750 3817 3818 (an.

2231 3843 2357 3906 850,
2389 3843 2515 3912 Apr.
2539 3842 2616 3911 6).
2649 3840 2842 3896 Fertur
2869 3857 3082 3910 quoque
3109 3852 3236 3896 tunc
3264 3841 3655 3912 Ragnsiensem
3686 3840 3821 3895 civi-

2233 3940 2396 3987 tatem
2430 3932 2598 3986 maris
2638 3940 2687 3987 et
2722 3933 2866 3987 venti
2898 3933 3099 4003 impetu
3128 3932 3363 3987 maxima
3390 3947 3457 3987 ex
3492 3944 3649 4002 parte
3671 3932 3817 3986 ceri-

2231 4025 2396 4079 disse.
2426 4024 2610 4078 Denuo
2640 4023 2897 4078 Anchona
2924 4025 3117 4080 civitas
3137 4024 3182 4056 δ’
3213 4025 3278 4079 iis
3304 4024 3492 4079 diebus
3525 4023 3817 4091 depredata

2231 4127 2333 4172 est.
2370 4118 2631 4172 Venerius
2653 4117 2868 4187 quidem
2896 4116 3189 4173 Gradensis
3214 4118 3538 4185 patriarcha,
3564 4117 3655 4185 qui
3686 4131 3819 4185 pon—

2235 4209 2486 4265 tilicalem
2535 4211 2846 4265 cathedram
2890 4211 3044 4264 annis
3083 4219 3295 4263 rexerat
3319 4208 3391 4262 9.4
3425 4217 3480 4263 et
3540 4208 3820 4262 mensibus

2232 4314 2381 4369 octo,
2410 4314 2657 4359 utortuus
2694 4312 2778 4356 est
2834 4312 2888 4356 et
2938 4300 3125 4356 Victor
3163 4301 3471 4370 patriarcha
3506 4299 3690 4353 extitit
3715 4298 3817 4353 sibi

2235 4412 2535 4453 successor.
2583 4397 2714 4451 Illud
2754 4408 2916 4451 etiam
2964 4410 3069 4449 non
3106 4390 3626 4464 pretermittendutn,
3675 4390 3819 4459 quod

550 4485 865 4537 vestitui-am
899 4483 1059 4540 Petro
1084 4487 1312 4541 contulit
1350 4488 1497 4553 duci,
1525 4488 1842 4561 integreque
1886 4508 2026 4547 anno
2058 4494 2126 4549 ibi
2160 4468 2210 4528 ί)
2235 4491 2487 4545 antedicti
2518 4489 2683 4543 duces
2707 4490 2773 4543 ad
2802 4504 2895 4541 sua
2928 4486 3124 4541 tuenda
3154 4485 3268 4539 loca
3304 4499 3369 4538 eo
3402 4493 3649 4551 tempore
3685 4482 3819 4535 duas

549 4584 914 4632 commoratus
953 4587 1054 4643 est,
1087 4591 1153 4632 ex
1185 4578 1529 4649 imperatoris
1572 4592 1723 4650 parte
1762 4586 1993 4640 eundem
2027 4588 2126 4640 dn-

549 4682 667 4721 cem
688 4666 985 4738 elllagitans
1008 4681 1065 4723 nt
1084 4670 1480 4740 expeditionem
1509 4671 1839 4731 Sarracenos
1874 4675 1939 4729 ad
1963 4693 2130 4748 expu-

549 4758 793 4828 gnandos
820 4759 922 4816 sibi
955 4761 1266 4817 adtribuere
1297 4780 1401 4819 non
1443 4775 1757 4833 recusaret;
1793 4770 1933 4837 quod
1959 4768 2128 4825 liben-

2235 4584 2521 4638 bellieosas
2564 4598 2731 4636 naves
2769 4589 2900 4635 tales
2942 4583 3205 4649 perlicere
3245 4576 3590 4638 stmlueruut,
3631 4571 3819 4643 quales
3856 4612 3871 4627 .

2236 4690 2510 4744 nunquam
2549 4673 2686 4744 apud
2718 4671 3005 4727 Veueciam
3034 4677 3188 4723 antea
3218 4667 3347 4732 fuit;
3372 4681 3491 4737 quae
3518 4681 3696 4735 gncca
3721 4665 3819 4719 lin-

2236 4790 2341 4845 gna
2371 4773 2414 4803 ⁸³
2445 4769 2733 4825 zalandiirc
2755 4768 3028 4823 dicuntur.
3065 4766 3133 4818 lis
3155 4765 3343 4818 diebus
3374 4762 3419 4793 θ’
3444 4760 3615 4817 Ursus
3640 4760 3817 4816 Olim-

1838 4927 2069 4985 VARIIE
2111 4930 2515 4988 LECTIONES.
