4108 5412
297 325 403 383 905

1523 320 1910 376 ειιιιοκιιρολ
1951 320 2164 376 ὙΕΝΕἸ
2183 323 2298 374 tiM.

3437 326 3541 381 903

300 435 463 490 lensis
488 434 713 490 ecclesie
741 434 938 504 presul,
975 435 1062 505 qui
1105 433 1460 506 pontiﬁcalem
1493 434 1675 486 sedem
1708 433 1864 485 annis
1896 442 1938 492 Α
1971 432 2177 498 piranus
2203 431 2268 485 de
2305 429 2522 495 Sabulo,
2568 427 2843 485 Julianues
2873 429 3170 487 Labrest-lla
3201 433 3364 492 occisi
3396 450 3539 495 sunt.

296 528 613 594 guhcrimvit
660 526 747 587 32.
803 529 1068 582 hominem
1120 527 1285 581 exivit
1343 525 1408 577 ⁸³.
1460 524 1554 578 Cui
1612 524 1869 577 successit

296 614 512 668 Mauras
558 617 858 686 episcopus.
898 619 970 672 Eo
1002 635 1128 673 vero
1158 633 1284 670 annr
1343 618 1486 685 (8'30)
1523 618 1644 669 talis
1672 616 1871 685 glacies

299 707 435 772 apud
478 705 763 760 Veneciam
795 710 992 762 dicitur
1023 711 1188 763 fuisse
1219 709 1350 779 (ιθ),
1380 711 1554 777 qualis
1583 725 1680 762 nec
1711 717 1870 760 antea

296 812 396 849 nec
425 811 610 864 postea
646 800 754 850 visa
791 811 893 855 est.

369 887 578 942 Mortuo
626 906 749 943 vero
783 893 994 946 Victore
1032 893 1252 962 patriari
1271 893 1360 954 ha,
1401 892 1489 959 qui
1539 890 1872 945 Cradcnsem

295 979 582 1033 ecelesiam
609 983 764 1034 annis
793 985 1185 1050 gubernaverat
1209 1001 1300 1037 sex
1325 995 1374 1036 et
1404 984 1676 1036 mensibus
1705 983 1875 1036 tribus

298 1079 351 1123 et
380 1072 570 1125 diebus
601 1085 872 1140 quattuor,
909 1077 1091 1128 Vitalis
1129 1078 1264 1129 hanc
1305 1077 1527 1142 adeptus
1558 1084 1637 1127 est
1670 1075 1872 1126 scient.

367 1164 523 1216 Auno
550 1167 765 1233 quidem
799 1168 1002 1221 Domini
1037 1170 1201 1221 nostri
1235 1165 1358 1219 Jesu
1387 1167 1584 1221 Christi
1628 1167 1874 1218 incarna-

297 1255 442 1308 tione
457 1257 500 1286 ⁸⁸
739 1259 1032 1314 Ludovicus
1047 1259 1520 1328 Langobardorum
1539 1275 1625 1311 rex
1642 1271 1876 1310 unaeum

297 1346 524 1416 conjuge
559 1365 653 1402 sua
682 1351 747 1404 ad
777 1351 949 1403 locum
973 1353 1060 1417 qui
1089 1351 1389 1404 Brundulus
1412 1351 1522 1418 (65)
1550 1361 1767 1403 voealur
1795 1366 1880 1403 ve-

296 1439 474 1500 niens,
502 1442 639 1508 apud
659 1444 830 1494 sancti
857 1443 1128 1496 Michaelis
1153 1445 1533 1496 monasterium
1561 1444 1625 1495 ab
1652 1454 1878 1510 utroque.

295 1529 433 1583 duce
457 1523 750 1587 honoriﬁce
763 1545 1043 1603 susceptus
1058 1546 1158 1588 est.
1180 1535 1216 1589 U
1228 1536 1276 1588 bi
1291 1551 1413 1588 eum
1432 1536 1606 1587 triduo
1619 1537 1772 1588 simul
1789 1553 1880 1590 co-

296 1635 605 1686 manerent,
637 1627 703 1679 ad
731 1627 1029 1681 dilectionis
1052 1644 1143 1680 seu
1168 1628 1315 1694 pacis
1339 1626 1604 1680 vinculum
1629 1629 1880 1682 corrobo-

296 1713 527 1763 randum
548 1713 936 1768 Johannesdux
953 1733 1102 1770 suam
1123 1719 1186 1770 de
1211 1733 1364 1770 sacro
1387 1718 1879 1784 Ir:rptismateso!;o-

1975 520 2166 574 I‘emu
2194 521 2408 590 quidem
2437 521 2760 588 Candianus,
2787 533 2839 578 et
2867 523 3054 579 Petrus
3093 526 3413 594 (Ilctensius,
3447 531 3545 586 Pe-

1976 622 2089 664 trus
2123 611 2482 670 Flahiauicus.
2540 615 2846 669 Dominicus
2894 615 3137 671 Faletrus
3187 636 3282 690 per
3324 620 3540 677 Petrum

1977 703 2385 771 quuilegensem
2434 706 2744 774 episeopum
2773 719 2827 760 et
2859 707 3156 763 Johannem
3207 711 3542 771 Gradensern

1976 794 2432 852 arthidiacmiem,
2474 803 2527 846 et
2567 796 2901 851 Dominicum
2939 783 3239 854 Massouem
3269 804 3542 860 Constan—

1977 882 2236 948 tinopolin
2266 884 2328 933 ad
2361 883 2685 936 exrrlanlum
2715 886 2968 940 destinati
3011 900 3153 942 sunt.
3189 891 3364 946 (leteri
3390 911 3544 949 nant—

1976 985 2098 1038 que,
2133 971 2182 1022 i.l
2213 982 2296 1024 est
2325 972 2625 1040 Stephants
2655 974 2961 1030 Candiauus
2984 995 3102 1032 cum
3125 978 3388 1036 Johannis
3409 982 3548 1038 Cra-

1978 1062 2152 1115 donici
2186 1073 2400 1130 nepote,
2432 1077 2524 1116 seu
2555 1079 2742 1119 omnes
2784 1067 3003 1122 sceleris
3045 1074 3268 1139 predieti
3318 1077 3544 1142 conscii,

1978 1152 2173 1218 repulsi
2205 1169 2231 1204 a
2261 1155 2451 1220 patria,
2476 1154 2638 1207 exilio
2662 1157 2799 1223 apud
2827 1155 3110 1213 Franciam
3141 1162 3398 1228 damnati,
3426 1167 3546 1222 red-

1979 1243 2139 1294 eundi
2164 1243 2366 1294 aditum
2393 1260 2682 1312 numquam
2716 1247 2989 1316 repperire
3013 1250 3311 1305 valuerunt.
3343 1254 3544 1310 Tamen

1978 1333 2336 1387 unusillurnm
2354 1335 2442 1402 qui
2460 1337 2598 1403 apud
2618 1335 2900 1392 Veneciam
2918 1345 3196 1406 remansit,
3216 1345 3263 1396 id
3281 1353 3362 1397 est
3377 1341 3547 1401 Ursus

1979 1424 2334 1493 Grngnarius,
2366 1441 2395 1477 a
2420 1427 2667 1480 demonio
2694 1442 3055 1498 conquasalus
3100 1436 3386 1502 expiravit.
3417 1437 3547 1492 Pre-

1980 1513 2178 1568 Ilbatus
2225 1516 2438 1584 quidem
2475 1515 2642 1572 Ursus
2679 1520 2786 1573 dux
2829 1521 3090 1578 adversus
3140 1526 3547 1598 Dommagoum,

1983 1604 2295 1660 Selavorum
2325 1609 2640 1678 principem,
2663 1627 2785 1664 cum
2818 1615 2992 1668 navali
3025 1620 3402 1687 expedietione
3432 1639 3552 1692 pro-

1982 1698 2207 1765 peravit.
2237 1698 2340 1750 Sed
2363 1710 2619 1755 cernente
2639 1717 2702 1754 eo
2726 1700 3101 1760 V'cneticorum
3129 1711 3546 1779 multitudinem,

296 1800 400 1855 Iem
420 1819 596 1874 regem
614 1808 875 1873 pri-movit
894 1811 1277 1875 utsusciperet.
1294 1809 1408 1874 Quo
1424 1820 1638 1878 peracto
1654 1827 1743 1863 rex
1757 1828 1877 1865 cmn

1981 1789 2214 1858 proibuit
2241 1806 2492 1857 pugnam,
2519 1807 2707 1859 pacem
2754 1795 3052 1864 requisivit.
3087 1798 3286 1855 Deimle
3317 1803 3552 1872 accepi:

295 1893 528 1961 conjuge
559 1896 785 1960 Italiam,
818 1899 978 1951 duces
1005 1914 1130 1952 vero
1163 1900 1226 1951 ad
1252 1899 1576 1967 pallaticium
1609 1901 1650 1931 ⁸⁷
1683 1903 1879 1955 reversi

296 1996 443 2036 sunt.
474 1986 548 2038 Eu
573 1995 811 2056 leutpnre
839 1988 1160 2043 Normanno:
1178 2007 1262 2043 u-n
1288 2002 1474 2059 gentes
1489 2009 1607 2046 cum
1628 1995 1880 2049 trecmtis

296 2079 579 2144 Sexaginta
605 2095 692 2131 nat
711 2081 825 2133 ibus
845 2081 1485 2149 Constastiuopolitanam
1518 2102 1566 2135 Ill
1585 2086 1700 2136 hem
1732 2086 1880 2141 adire

296 2167 414 2216 ausi
432 2177 574 2219 sunt.
595 2168 786 2220 Verum
805 2171 924 2236 quia
943 2172 1082 2223 nulla
1098 2173 1310 2225 racione
1329 2173 1790 2241 inexpugnabilem
1807 2175 1880 2228 le-

297 2255 430 2309 dere
463 2259 710 2312 valebant
734 2261 940 2326 urbth
962 2263 1340 2316 sahmb'Janum
1371 2263 1576 2318 fortiter
1605 2277 1879 2334 patrantes

297 2346 501 2400 bellum
518 2352 939 2420 qumnplurimos
964 2355 1030 2406 ihi
1049 2355 1296 2407 occidere
1316 2371 1416 2406 non
1435 2370 1806 2424 pepercerunt,
1824 2369 1878 2413 et

295 2438 378 2492 sic
411 2443 648 2507 predicta
671 2460 714 2510 κ.
738 2459 799 2495 ns
819 2459 882 2495 ctl
910 2463 937 2494 ιι
969 2444 1236 2510 triumpha
1257 2447 1318 2497 ad
1341 2448 1608 2513 propriam
1639 2463 1878 2516 regressa

297 2540 405 2580 est.
430 2531 475 2582 Is
498 2532 659 2584 etiam
676 2534 860 2585 dchus
881 2534 1076 2596 Caroli,
1102 2534 1426 2588 Francorum
1446 2538 1583 2606 regis
1601 2551 1648 2590 et
1677 2539 1875 2592 Lotha-

297 2615 364 2668 rii
408 2615 454 2648 “
478 2619 569 2671 lilii
606 2622 735 2690 (lii),
765 2625 938 2674 exitus
967 2621 1230 2676 Ludovico
1265 2624 1733 2693 Langobardorum
1768 2630 1874 2697 regi

295 2713 646 2767 denuntiatus
658 2725 739 2768 est
753 2719 860 2784 (an.
877 2719 1000 2786 863)
1019 2735 1031 2780 ;
1053 2731 1104 2771 et
1121 2720 1283 2772 isdem
1302 2721 1520 2774 Francis
1535 2722 1875 2790 interpellan-

296 2801 466 2857 tibus.
495 2802 1008 2868 illucirefestinavit,
1027 2825 1223 2876 eosque
1249 2813 1346 2861 sub
1372 2827 1467 2864 suo
1491 2827 1769 2865 mansuros
1792 2829 1876 2868 N-

293 2891 502 2958 giniine
551 2895 865 2963 adquisivit,
912 2900 1245 2969 duorumque
1292 2902 1542 2971 deinceps
1591 2919 1874 2973 rcguozuzn

296 2982 597 3048 imperator
623 2986 841 3039 effectus
863 2999 965 3040 est.
1016 2987 1165 3043 Tunc
1195 3007 1321 3044 vero
1353 2991 1536 3047 Mauro
1571 2993 1874 3050 Olivolense

293 3074 554 3142 episcopo
573 3087 799 3139 mortuo,
822 3081 909 3147 Qui
937 3082 1223 3148 pontiﬁcali
1256 3084 1506 3136 honorem
1543 3086 1674 3138 rexit
1700 3101 1872 3141 annos

296 3166 517 3226 dei-eui,
574 3168 876 3223 Dominicus
909 3173 1192 3242 episcopus
1239 3175 1335 3228 sibi
1367 3191 1646 3229 successor
1675 3189 1761 3231 ext
1790 3188 1871 3234 tu.
1904 3156 1945 3206 ι’

373 3255 581 3308 Interea
629 3274 748 3312 cum
793 3273 971 3313 essent
1003 3279 1127 3314 anm
1159 3263 1227 3316 ab
1280 3265 1650 3320 incarnatione
1702 3270 1873 3321 nostri

296 3345 857 3416 Re.lernptoris........
890 3350 1160 3407 Johannes
1209 3355 1312 3407 dux
1354 3355 1495 3408 diem
1529 3358 1698 3410 ﬁnivit
1746 3375 1876 3428 Sup-

293 3451 570 3504 pretnum,
618 3449 669 3491 et
707 3439 931 3495 ducatus
959 3445 1010 3495 in
1042 3459 1138 3496 suo
1166 3445 1409 3514 genitore
1438 3447 1551 3501 solo
1585 3451 1870 3515 remansit;

294 3526 394 3594 qui
432 3542 532 3580 uno
563 3545 703 3580 anno
732 3540 851 3597 post
876 3530 967 3585 ﬁlii
995 3533 1156 3587 funus
1195 3538 1318 3587 dum
1348 3537 1398 3588 in
1421 3539 1591 3590 sancti
1617 3537 1706 3589 Zai
1727 3539 1874 3592 harie

287 3601 632 3667 'nmnasterio
662 3619 798 3671 diem
845 3620 1142 3675 celebraret
1175 3622 1392 3688 festum,
1433 3640 1461 3676 a
1504 3629 1750 3692 pessimis
1782 3629 1874 3680 lin-

279 3702 558 3768 .minibus,
592 3708 803 3760 exieute
839 3725 924 3772 eo,
956 3721 1174 3779 peracto
1225 3728 1474 3782 vespero,
1515 3717 1582 3768 de
1621 3718 1872 3784 ecclesia,

298 3794 492 3847 insons
546 3797 836 3850 crudeliter
891 3801 1244 3871 interemptus
1296 3814 1398 3857 est.
1459 3804 1622 3873 Cujus
1675 3822 1874 3876 cui-pus

299 3895 502 3938 sancta:
542 3887 799 3941 moaiales
846 3889 896 3942 in
927 3890 1164 3960 ejusdem
1195 3893 1418 3947 ceclesie
1461 3898 1600 3948 atrio
1647 3898 1874 3964 Sepelire

299 3976 540 4028 studiose
573 3991 1015 4044 procuravertmt.
1067 3979 1396 4035 Guhernavit
1433 3994 1613 4035 autem
1662 3983 1876 4038 Veneti-

297 4079 490 4118 eornm
532 4067 944 4134 populuiu.......
994 4087 1255 4125 annorum
1301 4074 1502 4140 spacio.
1556 4073 1759 4128 Deinde
1805 4077 1870 4130 ad

297 4157 531 4209 eundem
563 4158 837 4226 dignitatis
863 4159 1072 4214 culmen
1098 4164 1382 4229 quenulam
1410 4163 1577 4217 virum
1610 4165 1869 4220 UI‘SUKICIII

295 4249 521 4302 ttoniiue
559 4251 911 4304 Sublimarunt
945 4253 1054 4321 (un.
1088 4253 1234 4319 864).
1277 4253 1498 4308 Nomina
1545 4272 1734 4325 nempe
1780 4260 1872 4312 lio-

297 4338 617 4390 micidarum
648 4341 736 4408 qui
780 4343 878 4393 hoe
925 4343 1132 4394 facinus
1183 4354 1524 4410 peregerunt,
1576 4346 1675 4398 hec
1705 4357 1866 4401 sunt:

294 4425 574 4481 Iohannes
604 4429 940 4484 Gradonicus
970 4448 1090 4484 cum
1122 4434 1351 4500 quodam
1400 4449 1499 4485 suo
1528 4444 1740 4501 nepote,
1773 4433 1870 4486 Pe-

300 4526 425 4570 trus
455 4517 708 4586 Stephani
740 4520 997 4574 Candiani
1027 4521 1186 4581 ﬁiius.
1221 4522 1524 4592 Stephanus
1553 4525 1619 4576 de
1650 4523 1867 4589 Sabulo,
1903 4503 1948 4562 ί)

299 4606 612 4661 Dominicus
665 4609 862 4662 Falctri
917 4611 1073 4672 filius,
1130 4609 1296 4664 Ursus
1346 4611 1696 4682 Cruguarius,
1766 4617 1872 4668 duo

299 4693 416 4747 frat
451 4712 509 4748 es
559 4698 795 4752 Salhiani
830 4699 944 4762 ﬁlii,
985 4709 1038 4753 et
1087 4700 1238 4752 nmlti
1287 4699 1400 4766 alii,
1431 4703 1646 4755 nomina
1685 4719 1867 4758 eorum

300 4783 612 4852 ignoramus
643 4788 703 4841 “.
740 4789 847 4842 Sed
896 4789 1070 4841 divina
1103 4789 1391 4842 clemencia
1420 4791 1507 4842 diu
1537 4791 1707 4843 noluit
1739 4795 1865 4846 inul-

303 4885 420 4928 tum
450 4878 546 4930 hoc
573 4882 969 4948 pretermittere
996 4879 1187 4933 scelus.
1218 4880 1271 4931 lu
1301 4881 1468 4933 sancti
1496 4878 1633 4933 Sixti
1661 4882 1870 4938 festivi-

301 4976 418 5019 tate
445 4966 710 5024 Jobanues
757 4969 1091 5025 Gradonicus
1133 4986 1254 5026 cum
1300 4971 1504 5025 duobus
1535 4973 1700 5036 natis,
1754 4975 1873 5031 Ste-

1982 1881 2257 1934 obsidibus
2286 1884 2388 1935 dux
2417 1884 2482 1937 ad
2519 1884 2794 1939 Venetiam
2822 1890 3117 1956 repedavit.
3151 1892 3346 1947 Eodem
3397 1895 3550 1951 vide-

1982 1970 2109 2023 licet
2140 1981 2377 2038 tempore
2428 1972 2741 2029 Deusdedus
2790 1977 3145 2034 Torcellensis
3193 1983 3475 2053 episcopus
3519 2005 3549 2039 a

1983 2060 2190 2113 duobus
2219 2063 2331 2116 suis
2365 2062 2722 2120 servitoribus
2761 2068 2898 2135 apud
2929 2069 3168 2123 Altinum
3212 2072 3547 2141 interfectus,

1981 2149 2121 2206 diem
2151 2153 2322 2208 ﬁnivit
2351 2155 2617 2210 ultimum.
2665 2159 2816 2224 Quod
2843 2161 3093 2216 audiente
3122 2169 3252 2228 dux,
3289 2181 3451 2220 unum
3482 2182 3551 2223 ex

1982 2243 2087 2296 illis
2107 2245 2258 2312 juxta
2283 2243 2477 2300 flumen
2506 2248 2646 2314 quod
2671 2249 2798 2304 Silis
2822 2261 3063 2317 vocatur,
3084 2253 3309 2309 alterum
3347 2272 3470 2312 vero
3495 2259 3552 2314 in

1983 2335 2306 2391 Torccllensi
2338 2338 2526 2393 lacuna
2560 2342 2885 2410 suiSpeadere
2921 2347 3186 2414 permisit.
3216 2347 3421 2402 Prefuit
3449 2367 3550 2404 au-

1981 2435 2086 2480 tem
2112 2429 2331 2480 Altinati
2355 2430 2596 2484 ecclesia:
2619 2433 2920 2486 antedictos
2944 2436 3226 2505 episcopus
3250 2441 3547 2494 annis......

1979 2516 2220 2570 Ecclesia
2255 2533 2485 2586 namque
2537 2530 2722 2574 sancte
2772 2521 2861 2575 Dei
2895 2521 3199 2579 Genetricis
3229 2538 3283 2580 et
3319 2529 3550 2599 Virginis

1979 2605 2181 2671 Mai-ite,
2213 2623 2330 2674 qua:
2378 2617 2643 2662 vetustate
2683 2626 2815 2678 pene
2859 2624 3171 2681 consumpta
3207 2619 3477 2683 manebat,
3517 2637 3548 2674 a

1979 2696 2166 2751 Marini
2211 2699 2422 2767 patricii
2472 2699 2593 2753 filiis
2643 2702 2973 2756 consolidata
3023 2713 3123 2757 est.
3174 2704 3284 2759 llac
3321 2707 3551 2776 denique

1981 2795 2298 2856 tempestate
2344 2788 2570 2842 Michael
2611 2791 2903 2859 imperator
2954 2788 3270 2848 interfectus
3303 2806 3387 2849 est
3433 2803 3546 2866 (an.

1977 2880 2124 2951 86.).
2161 2880 2392 2933 Basilius
2421 2896 2547 2934 vero
2572 2881 2618 2911 ⁷⁰
2649 2896 2771 2933 cum
2800 2897 2899 2936 suo
2926 2881 3035 2936 filio
3066 2883 3421 2940 Constantino
3454 2888 3549 2940 iiu-

1978 2985 2256 3044 peratores
2285 2973 2456 3027 effecti
2485 2974 2528 3004 ’⁷⁸
2567 2984 2709 3028 sunt.
2933 2969 2938 2972 ’

2047 3067 2094 3120 Is
2122 3067 2207 3119 die
2249 3083 2310 3118 us
2354 3064 2543 3120 Ursoni
2575 3065 2950 3122 Veneticorum
2983 3070 3101 3124 duci
3135 3082 3441 3127 nuncmtum
3469 3084 3551 3127 rst

1977 3160 2118 3228 quod
2151 3160 2422 3213 exercitus
2473 3158 2891 3214 Sarracmmrum
2929 3159 3080 3230 juxta
3113 3161 3404 3217 Tarentum
3440 3180 3554 3218 ma-

1978 3260 2146 3304 nent.
2184 3251 2332 3304 Tune
2376 3253 2601 3304 navibus
2643 3251 2911 3308 bellicosis
2941 3254 3156 3308 eosdem
3201 3257 3551 3312 dimicaturos

1977 3343 2166 3395 adivit.
2207 3343 2447 3411 Cumque
2486 3342 2573 3395 diu
2619 3344 2757 3396 inter
2795 3359 2913 3398 sese
2951 3346 2995 3375 ⁷²
3025 3347 3385 3412 decertantes,
3419 3349 3552 3402 Sar-

1979 3436 2160 3490 raceni
2194 3437 2430 3504 superati
2455 3437 2795 3499 cecidissent,
2821 3435 3060 3492 Venetici
3090 3439 3322 3494 victores
3348 3441 3551 3494 reversi

1975 3536 2119 3579 sunt.
2167 3526 2374 3580 Interea
2430 3528 2585 3581 Baris
2633 3529 2826 3583 civitas
2873 3530 3052 3584 domui
3104 3531 3359 3586 Ludovici
3409 3534 3552 3603 regis

1975 3614 2306 3668 FianCorum
2357 3624 2413 3670 et
2460 3615 2931 3685 Langobardorum
2981 3619 3049 3672 ab
3105 3622 3344 3674 exercitu
3391 3634 3548 3692 capta

1975 3717 2059 3761 est
2095 3713 2201 3775 (an.
2236 3709 2358 3771 87l,
2407 3707 2564 3762 Febr.
2612 3709 2696 3779 2);
2749 3726 2910 3778 quam
2950 3711 3196 3765 videlicet
3237 3713 3545 3778 civitatem,

1974 3793 2228 3850 Bandone
2269 3797 2506 3864 ejusdem
2539 3797 2772 3852 civitatis
2805 3799 3067 3866 gastaldio
3103 3811 3316 3869 agente,
3350 3803 3545 3856 Sarra-

1975 3901 2229 3940 cenorurn
2288 3900 2419 3952 gens
2461 3902 2556 3954 per
2616 3902 2785 3940 annos
2843 3890 3056 3941 circiter
3106 3889 3175 3942 50
3239 3899 3547 3946 tenuerun'.

1976 3980 2276 4048 Trigcsimo
2299 3978 2471 4046 primo
2499 3994 2657 4040 anno,
2686 3979 2859 4031 divina
2885 3979 3096 4032 favente
3119 3979 3312 4046 gratia,
3339 3980 3544 4033 reddita

1974 4083 2054 4123 est
2080 4070 2186 4122 illis
2217 4069 2463 4134 impietas
2501 4083 2661 4136 quam
2700 4068 3026 4122 Christianis
3065 4069 3269 4122 civibus
3298 4068 3425 4122 olim
3465 4068 3547 4122 in-

1975 4165 2226 4217 tulerant.
2256 4162 2420 4229 Capta
2451 4171 2534 4214 est
2557 4170 2733 4213 autem
2768 4169 2963 4230 quarto
2999 4159 3177 4213 Nonas
3204 4159 3544 4223 Februarias,

1973 4270 2078 4324 qua
2125 4255 2208 4305 die
2235 4261 2420 4304 sancte
2451 4249 2541 4303 Dei
2571 4249 2860 4304 Geuitricis
2895 4249 3125 4316 Virginis
3149 4247 3330 4301 Maria:
3362 4248 3548 4316 purifi-

1973 4345 2114 4398 catio
2161 4341 2480 4393 celebratur.
2530 4341 2783 4410 Sequenti
2815 4355 2939 4393 vero
2988 4356 3128 4393 anno
3162 4338 3312 4409 (872)
3359 4352 3547 4392 mense

1973 4433 2132 4486 Madii
2168 4433 2290 4484 item
2317 4431 2600 4485 Sarraceui
2626 4433 2780 4486 Creta
2815 4431 2984 4485 insula
3007 4431 3360 4498 egredientes,
3385 4441 3548 4496 quas-

1979 4527 2101 4578 dam
2134 4523 2526 4576 Dalniaciarum
2550 4523 2706 4577 urbes
2729 4523 3030 4593 depopulati
3059 4530 3201 4601 sunt,
3235 4520 3548 4589 pariterque

1978 4616 2138 4668 etiam
2186 4613 2526 4667 Draciensem
2571 4611 2806 4679 ejusdem
2841 4613 3128 4682 provincia:
3155 4611 3200 4642 "
3231 4614 3416 4663 urbem
3459 4610 3544 4662 in-

1977 4715 2248 4758 vaserunt.
2281 4704 2433 4771 Quod
2462 4719 2582 4757 cum
2611 4707 2807 4757 domno
2840 4703 2976 4759 Urso
3013 4704 3132 4756 duci
3163 4702 3549 4753 denuncialum

1977 4796 2135 4856 foret,
2185 4810 2406 4866 parvam
2455 4794 2751 4847 naviculam
2812 4811 2931 4847 cum
2989 4794 3053 4845 Η
3111 4790 3424 4846 horninibus
3483 4785 3551 4837 ad

1977 4889 2188 4942 Istriam
2225 4904 2393 4957 usque
2443 4887 2717 4940 destinare
2768 4887 2868 4938 sub
2914 4885 3266 4939 festinacione
3318 4878 3551 4934 studuit,

1979 4987 2244 5049 quatenus
2271 4977 2555 5034 Sarraceni
2579 4991 2646 5030 ne
2669 4975 2809 5030 forte
2838 4974 3123 5030 Venetiam
3153 4977 3344 5038 petere
3366 4965 3561 5023 vellent

1552 5123 1792 5187 VARIAS
1829 5131 2232 5191 LECTIONES.
