4108 5412
535 451 666 515 μθβτ

1812 429 2092 489 JOA‘NNIS
2132 424 2405 487 DIACOSI
2439 421 2690 479 \‘ENETI

3692 352 3695 355 I
3720 405 3822 467 eos

518 567 647 622 αἱ)
694 562 869 636 qualis
918 573 1104 636 eorum
1172 553 1429 617 fortitudo
1487 549 1804 607 subsisteret
1860 547 2143 619 explorare
2168 555 2221 608 Α
2250 544 2487 599 Domnus
2530 554 2658 595 vero
2710 537 2904 593 Petrus
2947 531 3275 606 patriarcha,
3328 530 3517 586 relicta
3559 527 3824 585 Gradensl

523 659 846 716 deberent.
896 653 1000 720 Qui
1053 667 1174 707 cum
1223 644 1486 704 Gradensi
1540 643 1607 699 de
1656 641 1878 698 civitate
1935 639 2144 696 Istriam

514 748 785 821 ..petituri
826 746 1090 807 exissent,
1142 740 1407 810 predoues
1448 737 1495 768 “
1523 734 1728 800 Sclavi,
1765 732 1857 804 qui
1896 732 1950 787 in
1989 738 2148 802 portu

528 818 804 896 "Silvodis
834 834 1030 890 reclusi
1060 830 1371 893 latitabant,
1398 841 1561 897 supra
1586 823 1816 880 eandem
1841 818 2146 876 naviculam

540 928 829 986 avelociter
864 918 1307 980 irrucrunt.‘Ubi
1357 933 1477 974 cum
1508 924 1736 980 uterque
1765 927 1893 983 pars
1937 910 2151 965 fortiter

563 1017 850 1076 dimicaret
897 1011 1167 1081 multique
1196 1009 1513 1064 Sclavorum
1564 1004 1804 1076 percussi
1836 1002 2147 1064 deficerent,

565 1107 859 1165 novissime
888 1121 1017 1159 vero
1043 1111 1201 1172 capta
1235 1098 1619 1155 Veneticornm
1649 1093 1716 1148 ab
1763 1091 1966 1148 eisdem
2003 1089 2154 1144 Scla-

567 1200 649 1254 vis
680 1195 954 1259 navicula,
975 1207 1168 1249 omnes
1201 1186 1440 1246 Venetici
1470 1186 1561 1256 qui
1616 1184 1761 1239 intus
1796 1187 1954 1235 erant
1987 1176 2153 1234 occisi

562 1299 714 1347 sunt.
744 1286 980 1346 Predicti
1030 1293 1211 1338 autem
1241 1277 1554 1340 Sarraceni,
1586 1274 1811 1330 urbibus
1848 1285 1991 1343 quas
2020 1268 2155 1324 dixi-

552 1395 691 1436 «mus
719 1375 1033 1440 devastatis,
1065 1388 1186 1428 cum
1218 1366 1560 1426 inestimabili
1592 1367 1756 1435 prcda
1789 1363 1855 1418 ad
1882 1361 2153 1432 propriam

564 1485 697 1531 sunt
726 1471 950 1529 reversi.
991 1467 1193 1523 Eodem
1235 1479 1364 1519 vero
1410 1470 1655 1531 tempore
1696 1458 1824 1513 dum
1854 1453 2155 1511 Ludovicus

2249 638 2407 703 urbe,
2433 633 2738 692 Blvoaltum
2762 622 3075 694 adveniens,
3093 626 3230 700 apud
3254 625 3424 683 sancti
3445 618 3643 679 Iuliani
3671 620 3756 678 sui
3780 621 3825 654 "

2249 725 2558 799 patrimonii
2607 723 2892 779 ecclesiam
2939 719 3242 790 ospitatus,
3296 714 3369 769 ibi
3417 728 3515 784 per
3560 713 3827 781 integrum

2251 823 2847 876 annum'commoratus
2893 814 2941 846 "
2984 818 3086 868 est.
3132 808 3335 864 Tamen
3383 803 3679 875 perfectam
3709 816 3828 857 cum

2252 911 2389 967 duce
2422 922 2609 979 pacem
2638 914 2858 978 propter
2898 900 3292 958 Torcellensem
3329 897 3579 953 elfectum
3609 892 3833 949 minime

2254 999 2507 1056 habebat.
2534 996 2772 1052 Tandem
2798 992 3106 1064 patriarcha
3150 988 3272 1045 duci
3323 986 3580 1042 resistere
3608 997 3719 1037 non
3744 995 3835 1035 va-

2253 1093 2407 1156 lens,
2435 1089 2646 1147 occulte
2684 1089 2750 1143 de
2792 1085 3025 1141 Veneria
3069 1081 3258 1146 exivit,
3303 1077 3641 1145 Romamque
3686 1073 3837 1128 adire

2255 1184 2549 1256 disposuit;
2591 1196 2754 1254 quem
2779 1180 3008 1235 domnus
3035 1190 3174 1248 papa
3204 1172 3479 1229 Johannes
3507 1170 3702 1225 devote
3722 1180 3840 1221 sus-

2256 1279 2499 1350 cipiens,
2569 1277 2780 1347 integro
2837 1286 2979 1327 anno
3022 1284 3205 1325 secum
3256 1264 3457 1322 morari
3515 1260 3713 1333 coegit.
3764 1259 3841 1315 Eo

2259 1378 2502 1439 tempore
2530 1366 2762 1421 domnus
2792 1361 2963 1419 Ursus
2995 1362 3104 1416 dux
3129 1357 3430 1414 Iohannem
3461 1352 3632 1409 ﬁlium
3681 1364 3840 1405 suum

2256 1462 2313 1518 in
2341 1460 2601 1531 dignitate
2631 1457 2733 1513 sibi
2776 1463 3083 1511 consortem
3132 1451 3281 1507 fecit.
3313 1450 3463 1504 Tunc
3517 1444 3840 1501 Sclavorum

571 1570 867 1636 imperator
910 1560 1089 1617 adhuc
1129 1560 1270 1630 apud
1312 1556 1678 1611 Beneventum
1729 1556 2158 1606 commoraretur
2250 1556 2497 1629 pessime
2531 1559 2719 1624 gentes
2747 1557 2804 1606 et
2837 1546 3303 1602 Dalmacianorum
3350 1539 3688 1597 Ystriensem
3718 1549 3843 1603 pro.

570 1657 951 1726 exercitusque
973 1651 1089 1721 ejus
1114 1648 1336 1705 Taranti
1364 1647 1636 1702 civitatem
1674 1642 1968 1703 obsideret,
1993 1652 2155 1708 quam

570 1746 861 1807 Sarraceni
908 1753 1118 1816 captam
1171 1740 1505 1804 detinebant,
1540 1732 1814 1791 Adelchisi
1848 1731 2157 1800 Langobar-

570 1840 766 1895 dorum
804 1835 1063 1907 princeps
1111 1834 1491 1903 imperatorem
1543 1827 1862 1897 extinguere
1916 1819 2160 1877 mollitus

2262 1626 2490 1701 vinciam
2551 1641 2851 1713 depredare
2913 1644 3193 1709 ceperunt.
3262 1633 3529 1702 Quattuor
3590 1626 3845 1682 videlicet

2259 1738 2423 1795 urbes
2444 1736 2655 1791 ibidem
2687 1733 3125 1795 devastaverunt,
3152 1728 3204 1783 id
3236 1735 3321 1782 est
3361 1724 3614 1786 Umacus,
3640 1718 3849 1774 Civitas

2262 1845 2421 1897 nova,
2455 1826 2720 1898 Sipiares,
2754 1833 2916 1894 atque
2944 1821 3173 1877 Ruinius
3204 1817 3335 1891 (68).
3376 1814 3583 1872 Deinde
3624 1809 3847 1866 nunciao

567 1937 657 1984 est
686 1889 970 2000 (ain-87!,
997 1889 1136 1994 :tug.
1322 1920 1429 1976 Sed
1480 1934 1605 1974 cum
1656 1889 1816 1974 facile
1865 1915 1966 1970 hoc
2004 1910 2158 1967 nefas
2190 1889 2233 1948 Β
2263 1928 2375 1975 tum
2408 1889 2536 1974 ’ρξε’
2583 1889 2783 1973 ἀοιῃήο
2831 1889 2974 1970 imo
3027 1910 3152 1967 duci
3199 1889 3343 1981 quod
3389 1905 3726 1962 Gratlensem
3777 1899 3848 1954 ad

566 2022 835 2096 perlicere
883 2032 990 2073 non
1017 2016 1244 2080 valeret,
1271 2022 1616 2068 sacramento
1664 2024 1785 2066 cum
1835 2005 2159 2064 constrinxit

564 2112 719 2184 quod
766 2111 909 2167 ultra
960 2110 1013 2165 in
1054 2108 1275 2179 regione
1303 2104 1493 2160 eadem
1521 2119 1622 2158 nec
1653 2103 1765 2173 ipse
1794 2102 1896 2156 nisi
1944 2110 2159 2171 rogatus

560 2204 807 2269 eveniret,
834 2217 936 2259 nec
960 2200 1260 2257 exercitum
1287 2198 1545 2253 mitteret.
1567 2194 1769 2250 Deinde
1797 2194 1861 2246 ad
1887 2192 2081 2247 Bencvt
2099 2207 2161 2245 n-

556 2307 690 2351 ium
729 2309 855 2351 cum
884 2291 1107 2357 rediret,
1136 2287 1471 2343 Sarracenos
1509 2276 1601 2355 qui
1639 2283 1780 2354 apud
1809 2281 2158 2341 Terracinam

546 2383 887 2456 t-Campania:
934 2381 1227 2436 manebant
1255 2390 1543 2447 aggressus
1583 2372 1779 2445 (Sept)
1820 2372 2035 2426 fortiter
2063 2370 2160 2425 de-

521 2478 529 2485 '
576 2474 821 2541 bellavit,
848 2471 1207 2541 undecimque
1233 2468 1379 2523 milia
1409 2481 1478 2523 ex
1520 2465 1601 2522 eis
1639 2463 1874 2530 occidit,
1899 2472 1956 2518 et
1982 2461 2063 2518 sic
2094 2460 2161 2516 ad

576 2566 786 2622 italiam
817 2576 1069 2619 reversus
1110 2569 1215 2616 est.

640 2654 765 2710 ‘llac
793 2653 1027 2724 denique
1049 2656 1371 2720 tempestate
1397 2653 1612 2700 mortuo
1636 2641 1815 2700 Yitale
1850 2641 2163 2713 patriarcha

576 2746 674 2818 qui
723 2744 1058 2801 Gradensem
1098 2739 1387 2796 ecclesiam
1423 2736 1582 2790 annis
1630 2741 1913 2789 rexerat...
1942 2731 1987 2763 ⁷⁸
2028 2729 2162 2804 (65),

552 2841 814 2895 domnus
835 2837 1027 2909 Petrus
1054 2834 1315 2889 diaconus
1344 2831 1397 2884 in
1427 2829 1545 2883 loco
1570 2826 1689 2898 fejus
1715 2825 1920 2881 electus
1949 2832 2051 2889 est,
2084 2824 2167 2877 vir

554 2928 879 2986 sanctitate
902 2926 1213 2997 precipuus,
1241 2919 1594 2992 grammatice
1635 2916 1772 2972 artis
1804 2915 2037 2984 peritus.
2070 2913 2169 2968 Hic

581 3024 712 3078 dum
740 3018 871 3074 tanti
900 3016 1120 3073 honoris
1146 3030 1204 3070 se
1235 3012 1516 3081 indignum
1535 3006 1828 3077 judicarct,
1852 3004 2166 3074 priusquam

579 3112 895 3181 eligeretur,
926 3107 993 3162 ad
1021 3104 1230 3161 Italiam
1253 3099 1528 3168 confugit;
1555 3097 1650 3153 sed
1679 3097 1894 3150 tandem
1921 3093 2172 3164 precibus

580 3206 868 3267 reductus,
909 3199 1110 3254 invitus
1162 3195 1231 3250 ad
1279 3190 1590 3264 pontiﬁcale
1641 3188 1855 3244 culmen
1902 3185 2168 3241 ascendit.
2199 3233 2245 3294 Ε

591 3295 897 3352 Lodovicus
946 3291 1068 3361 plus
1112 3288 1406 3356 imperatur
1455 3291 1584 3338 tunc
1635 3280 1859 3336 Verona:
1897 3276 2007 3349 (66)
2038 3275 2173 3330 obiit

570 3390 703 3460 (an.
736 3383 862 3449 875,
905 3383 1040 3452 Aug.
1078 3378 1190 3449 12).
1224 3375 1383 3446 Apud
1402 3372 1708 3429 Torcellum
1755 3368 1973 3439 quidem
2024 3382 2172 3422 mor-

584 3457 688 3533 tuo
741 3475 1006 3530 Senatore
1071 3470 1361 3540 episeopo,
1422 3465 1513 3534 qui
1582 3460 1837 3516 Altiuatis
1887 3457 2172 3514 ecclesiam

595 3566 754 3621 annis
786 3562 1133 3634 gubernavit,
1165 3557 1487 3625 subrogatus
1533 3560 1618 3608 est
1659 3552 1713 3606 in
1743 3565 1806 3605 ea
1841 3549 1968 3605 sedc
1999 3548 2046 3579 ⁷⁸
2068 3549 2176 3603 ‘Do-

567 3657 830 3711 intinicus
859 3653 1028 3708 abbas
1054 3647 1313 3705 Altinatis
1345 3641 1657 3699 monasterii
1679 3681 1693 3707 ,
1723 3640 1815 3711 qui
1844 3639 1973 3694 olim
2001 3637 2178 3693 fuerat

566 3746 896 3801 -~mouachus
928 3740 1110 3798 sancti
1147 3737 1335 3803 Illarii,
1364 3745 1419 3790 et
1446 3735 1569 3789 inde
1597 3744 1866 3804 egressus,
1898 3745 1996 3801 pro
2026 3730 2181 3800 inpo-

579 3841 704 3895 Asito
745 3837 975 3894 crimine
1018 3841 1234 3891 vcrctro
1291 3830 1394 3885 sibi
1446 3827 1663 3894 absiso,
1717 3826 1857 3896 apud
1900 3823 2177 3896 Spoletum

597 3929 943 4002 postmodum
988 3921 1327 3994 aliquamdiu
1392 3927 1632 3973 moratus
1687 3927 1786 3971 est.
1835 3916 2007 3983 Quem
2052 3915 2180 3970 dum

596 4031 794 4081 contra
822 4018 976 4074 ducis
1011 4017 1298 4071 decretum
1348 4010 1542 4067 Petrus
1579 4008 1829 4080 egregius
1870 4006 2181 4077 patriarcha

596 4115 700 4170 sub
746 4109 1110 4167 anathematis
1139 4105 1354 4161 vincula
1385 4109 1710 4167 coarclaret,
1738 4101 1980 4171 ejusdem
2011 4099 2057 4131 ⁷⁷
2081 4098 2181 4153 du-

592 4206 682 4261 cis
719 4204 914 4259 amissa
959 4200 1135 4272 gratia
1185 4209 1467 4268 egressus,
1499 4193 1806 4250 lstriensem
1851 4192 2014 4264 peciit
2062 4205 2185 4262 pro-

578 4278 875 4361 uinciam.
1226 4292 1231 4293 ⁷

665 4387 833 4442 Circa
864 4384 964 4439 hec
1014 4391 1257 4454 tempora
1292 4379 1581 4437 Sarraceni
1619 4377 1999 4442 advenientes,
2042 4374 2184 4431 Gra-

602 4474 825 4530 densent
853 4472 1042 4528 urbem
1079 4485 1271 4541 capere
1305 4469 1484 4524 conati
1515 4476 1660 4524 sunt.
1704 4466 1809 4522 Sed
1843 4466 2050 4521 civibus
2079 4464 2187 4518 foro

2261 2010 2451 2067 urbem
2483 2005 2684 2063 vellent
2729 2004 2999 2069 transire;
3055 2015 3177 2056 cum
3232 1998 3449 2067 triginta
3501 1992 3730 2047 navibus
3778 1986 3849 2042 ad

2259 2099 2556 2176 predictam
2578 2095 2851 2153 civitatem
2870 2091 3037 2148 venit.
3068 2089 3198 2145 Inde
3215 2084 3585 2160 pertransicns
3606 2081 3846 2142 Istriam,

2261 2173 2520 2248 audacter
2550 2199 2717 2259 super
2749 2182 2966 2240 eosdem
2999 2180 3221 2237 Sclavos
3268 2178 3517 2239 inmens,
3550 2173 3605 2228 in
3635 2179 3848 2226 tantum

2260 2282 2479 2337 eosdem
2527 2276 2657 2336 cede
2700 2272 3012 2348 prostravit,
3049 2279 3106 2326 ut
3153 2282 3312 2323 nemo
3348 2265 3562 2321 illorum
3609 2261 3852 2317 evadens

2261 2376 2492 2451 patriam
2544 2372 2713 2428 valuit
2763 2364 2983 2426 reverti.
3029 2361 3294 2434 Quoniam
3335 2356 3541 2415 hisdem
3592 2353 3854 2425 princeps

2262 2466 2455 2521 celitus
2496 2462 2781 2519 victoriam
2825 2466 3179 2517 consecutus,
3214 2450 3439 2506 Sclavos
3462 2459 3600 2516 quos
3642 2444 3699 2497 in
3746 2441 3853 2495 hoc

2263 2556 2559 2615 certamine
2604 2560 2821 2623 ceperat
2875 2550 3075 2606 liberos
3115 2540 3341 2607 dimisit,
3386 2534 3857 2601 ecclesiarumun

2268 2662 2355 2703 res
2380 2661 2501 2716 quae
2528 2620 2751 2700 sublatae
2781 2642 2834 2697 iu
2856 2639 3116 2713 prelibata
3138 2633 3414 2707 provincia
3442 2626 3662 2683 fuerant
3692 2620 3858 2677 resti-

2268 2712 2607 2808 tuit,_sicque
2639 2712 2951 2805 triumphali
2974 2747 3097 2787 eum
3133 2729 3301 2801 gloria
3341 2722 3598 2798 palatium
3629 2712 3855 2775 reddiit.

2267 2831 2333 2886 Et
2361 2837 2583 2901 pr0pter
2612 2827 2717 2882 hoc
2762 2824 2917 2880 fedus
2954 2823 3097 2893 quod
3138 2821 3278 2875 inter
3324 2816 3549 2873 Sclavos
3574 2820 3630 2867 et
3679 2808 3858 2865 Venev

2272 2923 2406 2977 ticos
2433 2918 2562 2975 olim
2589 2917 2786 2983 fuerat,
2814 2915 3114 2984 disruptum
3136 2920 3239 2968 est.
3267 2910 3342 2963 Eo
3365 2917 3607 2976 tempore
3632 2901 3857 2957 Sandan

2271 3011 2695 3068 Sarracenorum
2736 3006 3010 3077 princeps,
3036 3002 3129 3074 qui
3162 3003 3214 3056 in
3249 2997 3472 3057 Varensi
3501 2996 3551 3076 ⁸⁵,
3577 2993 3713 3050 urbe
3740 2989 3859 3063 (69)

2270 3103 2384 3172 jam
2433 3100 2635 3156 dudum
2684 3073 2873 3169 captus
2899 3073 3071 3165 usque
3109 3092 3174 3149 ad
3218 3099 3429 3159 tempus
3462 3073 3607 3141 istud
3633 3094 3862 3138 carcere

2275 3171 2458 3249 trusus
2503 3189 2775 3254 manebat,
2811 3188 2879 3243 a‘b
2919 3185 3154 3256 Aldegisi
3198 3178 3683 3252 Langobardorum
3720 3171 3865 3225 duco

2276 3286 2531 3342 dimissus
2558 3282 2671 3353 (an.
2703 3281 2851 3352 876),
2885 3279 3078 3335 lterttm
3114 3283 3235 3347 post
3280 3273 3613 3342 aliquantum
3645 3274 3862 3335 tempus

2275 3380 2570 3435 Tarantum
2602 3374 2819 3441 reddiit,
2844 3373 3120 3443 multaque
3150 3378 3335 3442 postea
3360 3360 3687 3421 Christianis
3720 3356 3865 3413 mala

2277 3470 2501 3526 imluxit.
2528 3468 2734 3524 Dehinc
2757 3474 2969 3520 mortuo
2984 3461 3271 3533 Domogoi,
3287 3457 3604 3515 Stlavorum
3623 3451 3865 3524 pessimo

2277 3565 2443 3626 dure,
2488 3563 2718 3617 domnus
2763 3557 2929 3614 Ursus
2980 3556 3087 3609 dux
3135 3562 3191 3608 et
3233 3549 3511 3606 Joltannes
3556 3558 3689 3599 suus
3720 3540 3866 3596 filius

2278 3674 2399 3714 cum
2445 3653 2653 3710 Selavis
2698 3667 2886 3722 pacem
2945 3657 3001 3704 et
3047 3644 3392 3702 concordiam
3455 3639 3593 3695 iniit.
3652 3636 3867 3691 Tamen

2279 3748 2542 3801 adversus
2578 3741 2946 3796 Narrentanos
2969 3753 3092 3794 cum
3123 3736 3317 3807 quibus
3335 3730 3573 3804 jurgium
3606 3725 3864 3790 habebat,

2279 3837 2578 3896 exercitum
2607 3834 2774 3890 misit.
3178 3876 3185 3879 .

2353 3927 2464 3982 Hac
2514 3930 2835 3994 tempestate
2865 3920 3176 3977 Dominicus
3213 3912 3535 3974 Olivolensis
3573 3910 3870 3982 episcopus

2283 4027 2531 4074 mortuus
2558 4024 2664 4081 est,
2697 4015 2790 4085 qui
2835 4012 3196 4070 Olivolensem
3246 4010 3427 4066 sedem
3470 4005 3626 4060 annis
3669 4002 3872 4073 guber-

2283 4108 2570 4172 navit.....;
2603 4105 2836 4160 domnus
2876 4102 3150 4158 Johannes
3194 4098 3638 4159 archidiaconus,
3672 4091 3873 4147 Marini

2283 4196 2499 4270 patricii
2529 4195 2694 4261 ﬁlius,
2740 4194 2793 4248 in
2840 4193 2960 4248 loco
2989 4191 3105 4260 ejus
3131 4189 3412 4248 ordinatus
3435 4193 3536 4241 est.
3569 4185 3772 4240 Petrus
3795 4182 3873 4237 si—

2285 4289 2501 4362 quidem
2557 4285 2897 4359 patriarcha,
2942 4284 3034 4355 qui
3083 4282 3269 4337 Romte
3327 4278 3523 4344 fuerat,
3579 4290 3689 4347 una
3747 4286 3870 4329 cum

2283 4381 2529 4438 Iohanne
2552 4393 2690 4449 papa
2734 4376 3047 4432 Ravennam
3086 4372 3403 4436 adveniens,
3440 4370 3621 4438 ibique
3653 4373 3871 4435 septua-

2288 4471 2433 4542 ginta
2455 4468 2831 4539 episcoporum
2856 4464 3045 4518 sinodo
3064 4468 3411 4532 congregata,
3431 4458 3565 4511 duos
3586 4454 3871 4525 episcopos

604 4558 735 4620 titer
787 4561 1220 4626 decertantibus,
1281 4558 1703 4614 Sarracenorum
1767 4555 2013 4626 impietas
2078 4570 2168 4608 nor

2291 4559 2552 4625 Venetiae,
2584 4557 2637 4611 id
2664 4563 2750 4611 est
2770 4554 2995 4610 Petrum
3023 4551 3365 4623 Equilensem
3411 4556 3466 4604 et
3508 4546 3746 4601 Leonem
3771 4542 3872 4599 Ca-

603 4653 890 4736 prevaluit.
945 4651 1147 4706 Tamen
1207 4666 1329 4707 cum
1388 4648 1594 4706 duobus
1640 4648 1943 4720 predietam
1996 4646 2183 4701 urbem

607 4748 799 4806 diebus
845 4746 1199 4810 obsedissent,
1252 4743 1636 4800 denunciatum
1681 4749 1763 4796 est
1798 4739 2002 4796 domno
2047 4738 2186 4795 Urso

603 4842 763 4908 duci;
785 4840 893 4911 _qui
924 4839 1190 4894 instanter
1211 4834 1511 4891 Johannem
1538 4833 1705 4887 filium
1742 4848 1898 4888 suum
1930 4832 2187 4887 adversus

606 4932 828 4991 eosdem
853 4946 976 4987 cum
1020 4928 1196 4985 navali
1228 4927 1467 4982 exercitu
1497 4925 1661 4981 misit.
1694 4924 1848 4992 Quod
1886 4924 2015 4979 dum
2059 4924 2188 4979 Sar-

1038 5022 1418 5048 ε-ιΩΟΑΑΙῖοΛ-ἰυιιο
1482 5019 1726 5048 σινιΛΙῖ-ιιιιι
1778 5018 2088 5048 κΛηΛιΙηηΙιιο
2122 5017 2188 5048 Ak

2293 4651 2621 4724 prulensem,
2670 4654 2728 4704 et
2773 4661 2867 4702 eos
2906 4645 3005 4717 qui
3052 4652 3210 4700 erant
3257 4642 3311 4696 in
3353 4640 3543 4696 eadem
3588 4635 3870 4709 provincia

2293 4745 2495 4801 electos
2523 4742 2591 4797 ad
2615 4741 2845 4797 eundem
2874 4737 3159 4795 concilium
3190 4732 3529 4798 convocavit,
3560 4740 3621 4786 ut
3649 4738 3872 4786 conten-

2296 4835 2456 4892 tionis
2487 4848 2705 4890 causam
2742 4833 2884 4887 inter
2910 4829 3173 4886 Ursonem
3204 4828 3395 4882 ducem
3424 4837 3481 4881 et
3498 4821 3873 4895 .patriarcham

2294 4926 2708 4999 diligentissime
2735 4923 3145 4979 determinaret.
3176 4919 3283 4977 Sed
3321 4919 3449 4974 dum
3485 4915 3725 4987 episcopi
3753 4927 3875 4970 eum

2506 5018 2658 5048 ιηκιιη
2678 5024 2729 5048 ιιι
2761 5015 2969 5048 αππιαν..
3000 5014 3104 5048 iam
3144 5012 3333 5048 cinndn
3364 5010 3681 5048 Davannom
3722 5007 3877 5048 vani-

2297 5019 2424 5048 ΔΙΑΛ.
2437 5020 2479 5048 :n
