4108 5412
237 407 341 464 900

1514 397 1904 456 CIIRONICON
1949 395 2296 454 VENETL’H.

3395 385 3500 449 νη

241 519 682 596 pellante.solutl
731 529 875 575 sunt.
930 519 1090 574 Circa
1146 519 1262 574 haec
1315 525 1557 587 tempora
1603 506 1902 572 Carolus'A
1931 513 2162 568 electura
2192 522 2381 566 contra
2428 506 2756 564 voluntatem
2784 514 3142 572 consecravit,
3169 501 3422 578 quoniam
3445 509 3504 564 in

241 613 577 668 Francorum
609 624 726 674 rex,
759 625 918 678 quem
949 609 1149 663 dudum
1177 607 1451 662 Johaunes
1477 620 1610 676 papa
1643 618 1823 674 regem

243 700 414 755 Italiae
442 708 670 752 tinxerat
695 698 811 768 (an.
854 693 974 759 877,
1008 697 1202 766 δεμ),
1247 695 1464 766 Papiam
1509 693 1824 757 adveniens,

243 807 474 862 reginam
507 791 734 852 iu‘vasit;
764 789 829 844 ad
859 803 1017 858 quem
1047 804 1182 858 papa
1220 787 1509 858 protectus,
1541 785 1700 855 digno
1727 786 1825 839 ho-

241 896 381 936 nore
407 889 690 946 susceptus
715 887 813 930 est.
841 876 1032 931 Petrus
1067 892 1195 932 vero
1223 876 1528 947 patriarcha
1552 874 1827 929 Boloniam

245 971 495 1033 veniens,
545 969 872 1038 aliquat‘uditt
923 969 994 1022 ibi
1027 978 1413 1031 commoratus,
1465 981 1652 1022 rursus
1699 967 1831 1020 Par-

250 1077 395 1117 mam
426 1061 580 1124 adiit,
627 1076 690 1115 ac
737 1061 928 1114 deinde
975 1061 1157 1115 domui
1199 1077 1348 1131 papa:
1389 1057 1832 1129 amorePapiam

251 1151 426 1221 petiit.
472 1148 570 1202 His
615 1149 803 1202 diebus
846 1147 1235 1204 Callemannus
1286 1149 1666 1203 Baiovarorum
1707 1161 1830 1210 rex,

255 1256 452 1310 magno
502 1255 623 1292 cum
673 1241 915 1294 exercitu
967 1241 1242 1309 ingressus
1295 1239 1531 1304 Italiam,
1579 1237 1834 1293 Carolum

253 1328 527 1398 cﬂ'ugavit.
553 1328 652 1394 Qui
686 1329 1175 1384 videlicetCarolus
1197 1329 1481 1384 Franciam
1504 1345 1623 1383 cum
1655 1339 1838 1398 petere

260 1420 436 1479 vellet,
466 1419 784 1474 inﬁrmitate
814 1422 1084 1485 detentus,
1118 1421 1169 1474 in
1198 1423 1279 1475 via
1307 1425 1554 1476 mortuus
1583 1431 1663 1474 ρει
1692 1419 1835 1490 (Oct.

263 1510 341 1577 6).
393 1508 637 1562 Dominis
686 1509 905 1577 quidem
960 1524 1095 1578 papa
1145 1508 1372 1564 Romam
1426 1522 1674 1564 reversus
1725 1517 1838 1572 est,

263 1600 476 1656 Petrum
525 1612 652 1654 vero
704 1600 1064 1670 patriarcham
1121 1601 1300 1671 Papia:
1356 1601 1590 1670 reliquit.
1623 1600 1724 1667 Qui
1769 1599 1840 1653 ibi

266 1690 559 1760 aliquantis
582 1691 770 1744 diebus
793 1707 1032 1752 manens,
1055 1692 1248 1747 dehinc
1270 1691 1572 1747 Tarvisiuzu
1596 1693 1842 1757 veniens,

262 1797 291 1837 a
321 1781 588 1837 Landouo
627 1784 793 1851 ipsius
820 1783 1058 1838 civitatis
1102 1784 1354 1854 episc0po
1397 1783 1710 1852 dignissima
1750 1798 1840 1837 ve—

1929 617 2041 657 sua:
2062 599 2345 656 electionis
2372 600 2458 655 die
2481 607 2825 655 sacramento
2852 614 2881 652 a
2912 598 3156 668 principe
3175 599 3506 657 constrictus

1929 700 2034 754 est,
2060 690 2354 760 utqualem
2387 691 2502 759 ipse
2529 689 2606 744 illi
2653 689 2885 746 electum
2911 689 3196 760 dirigeret,
3226 690 3387 745 talem
3421 692 3510 745 illo

1931 791 2298 837 consecraret.
2326 779 2471 834 Dixit
2521 789 2701 834 tamen
2752 777 2856 834 sibi
2893 780 3200 850 patriarcha
3233 798 3246 833 :
3297 770 3368 835 Ve
3396 784 3507 843 tibi,

1932 873 2058 943 quia
2086 880 2274 925 temere
2295 872 2364 924 ad
2391 871 2529 924 hunc
2552 870 2756 925 accedis
2783 871 3033 924 honorem
3061 871 3082 924 !
3118 871 3198 925 An
3229 873 3396 927 nescis
3426 863 3515 928 ubi

1933 965 2171 1019 dicitur:
2212 961 2274 1018 Si
2328 965 2445 1034 quis
2499 972 2658 1016 semet
2716 963 2885 1032 ipsum
2939 963 3238 1030 absciderit,
3294 963 3515 1033 dejiciu-

1935 1068 2024 1111 tur
2053 1074 2084 1110 α
2107 1056 2294 1112 clero?
2342 1055 2408 1109 Et
2441 1065 2498 1108 ut
2541 1064 2719 1108 coacta
2768 1071 2848 1109 me
2883 1055 2979 1108 hoc
3006 1055 3176 1124 facere
3221 1059 3428 1122 credas,
3459 1057 3517 1110 in

1937 1147 2228 1217 diejudicii
2255 1163 2350 1216 pro
2389 1146 2488 1199 hoc
2531 1145 2749 1210 honore,
2797 1145 2898 1198 nisi
2951 1145 3206 1214 penitras,
3260 1147 3517 1199 rationem

1935 1237 2150 1298 reddas,
2193 1237 2316 1306 quia
2364 1235 2455 1288 tibi
2517 1235 2616 1305 ipsi
2662 1233 2936 1290 verendam
2987 1243 3261 1304 (inmutare
3307 1236 3518 1290 minimc

1939 1329 2231 1398 pepercisti.

2008 1419 2165 1474 Circa
2192 1413 2310 1474 haec
2342 1425 2578 1488 tempora
2612 1417 2815 1474 mensis
2864 1409 3022 1472 Madii
3079 1417 3166 1474 die
3205 1407 3274 1472 92
3302 1415 3522 1490 sanguis

1944 1510 2011 1565 de
2042 1510 2274 1566 nubibus
2300 1510 2454 1580 pluit.
2490 1511 2640 1566 Tune
2686 1511 2963 1565 .lohannes
2991 1509 3312 1566 Olivoleusis
3353 1503 3523 1564 cccle-

1945 1601 2038 1657 siie
2075 1601 2252 1673 presul
2285 1603 2439 1668 obiit,
2469 1603 2558 1673 qui
2588 1604 2900 1672 prmdictam
2931 1599 3404 1656 ecclesiam'anuis
3425 1616 3525 1670 gu-

1947 1694 2289 1749 bernaverat.
2325 1732 2340 1749 .
2382 1734 2397 1749 .
2431 1733 2446 1749 .
2475 1733 2488 1748 .
2537 1711 2698 1765 quem
2748 1694 3072 1748 Laurentius
3119 1695 3404 1764 presbyter
3459 1685 3526 1747 ad

1952 1787 2090 1841 hanc
2119 1786 2302 1841 sedem
2332 1787 2618 1855 regendam
2648 1796 2870 1841 secutus
2911 1794 3015 1840 est.
3049 1783 3144 1839 llis
3181 1779 3369 1839 diebus
3409 1784 3530 1854 qui-

263 1873 554 1930 neracione
596 1882 882 1943 susceptus
924 1881 1026 1929 est.
1086 1873 1187 1929 Ubi
1243 1889 1403 1938 cum,
1459 1873 1651 1943 legatis
1704 1875 1842 1929 inter
1873 1857 1914 1916 Β
1947 1877 2074 1933 dam
2106 1877 2333 1932 Sclavus
2365 1878 2580 1931 nomine
2630 1876 2940 1940 Brenamir,
2991 1872 3280 1933 interiecto
3328 1869 3531 1932 Sedes-

263 1968 442 2038 ipsum
495 1976 552 2021 et
588 1968 889 2037 predictmn
917 1969 1105 2024 ducem
1152 1969 1422 2034 euntibus,
1475 1972 1688 2024 tandem
1745 1987 1845 2039 pax

267 2057 491 2128 pristina
520 2059 851 2113 consolidata
895 2069 1070 2124 esset,
1103 2061 1270 2114 isdem
1316 2061 1563 2130 egregius
1609 2063 1846 2131 pontifex

270 2148 562 2204 Veneciam
592 2151 887 2220 repedavit,
915 2161 968 2206 et
994 2151 1129 2205 duce
1157 2151 1533 2221 interpellante
1560 2151 1850 2220 aliquantis

266 2238 460 2293 diebus
493 2239 547 2292 in
573 2238 788 2308 palacio
816 2241 1039 2302 mansit;
1071 2257 1133 2295 ea
1158 2251 1289 2296 Vero
1323 2244 1548 2305 ratione,
1589 2254 1642 2295 nt
1675 2244 1852 2297 Domi-

269 2326 428 2381 nicus
470 2329 779 2399 presbyter,
823 2329 1181 2385 Torceltensis
1226 2331 1468 2386 ecclesize
1496 2332 1722 2397 electus,
1757 2347 1853 2403 pm

274 2432 385 2485 quo
423 2419 567 2472 inter
597 2436 688 2473 eos
715 2421 977 2475 ἀίεοοιύὶιι
1007 2421 1212 2488 fuerat,
1236 2423 1424 2478 diebus
1449 2423 1594 2480 Petri
1623 2427 1855 2495 patriar-

272 2505 393 2560 cha:
416 2507 711 2576 episcopali
758 2511 1164 2565 ctmsecratione
1211 2522 1444 2579 careret,
1497 2515 1549 2568 in
1595 2515 1853 2586 episcopii

273 2603 461 2650 tamen
489 2596 650 2651 domo
699 2615 919 2654 manens
962 2601 1176 2656 fruendi
1207 2604 1368 2658 rebus
1409 2605 1574 2674 ipsius
1617 2609 1857 2664 ecclesia:

272 2683 561 2742 liccneiam
592 2687 825 2742 haberet.
861 2689 960 2756 Qui
987 2701 1108 2760 post
1127 2707 1327 2761 paucos
1353 2695 1467 2749 dies
1489 2711 1607 2750 cum
1630 2700 1855 2768 gratiam

270 2783 408 2844 aput
444 2775 746 2830 condictum
777 2781 1086 2848 pontitieem
1119 2784 1431 2851 repperiret,
1461 2800 1583 2840 eum
1630 2788 1680 2841 in
1727 2785 1860 2842 Tort-

272 2867 502 2922 cellensi
542 2869 764 2923 ecclesia
801 2871 866 2924 ad
904 2873 1210 2928 convivium
1243 2875 1512 2930 invitavit.
1561 2877 1762 2933 Deinde
1791 2879 1860 2933 ad

274 2952 616 3010 Gradenscm
652 2957 836 3012 urbem
883 2960 1187 3030 patriarcha
1220 2978 1492 3029 reversus,
1527 2976 1638 3021 tres
1661 2968 1862 3026 electos

277 3046 565 3115 episc0pos
592 3051 946 3116 consecravit,
980 3051 1033 3106 id
1053 3062 1136 3106 est
1155 3051 1457 3110 Johannem
1479 3056 1860 3124 Olivolensem,

276 3149 336 3193 et
369 3135 604 3192 Leonem
645 3139 1128 3196 Metamaucensem
1149 3184 1165 3208 ,
1202 3153 1257 3198 et
1291 3144 1592 3201 Iohannem
1617 3149 1864 3204 Civitatis

281 3240 445 3281 nove.
497 3225 688 3282 Petrus
735 3245 858 3284 vero
889 3233 1194 3300 patriarcha
1231 3245 1353 3305 post
1397 3253 1624 3307 paucum
1655 3247 1866 3311 tempus

282 3321 357 3374 ad
386 3321 429 3352 ⁸¹
461 3321 765 3378 Rivoaltnm
793 3327 1102 3394 adveniens,
1131 3327 1185 3383 in
1218 3332 1389 3384 sancti
1421 3329 1616 3387 Juliani
1650 3333 1866 3390 basilica

284 3409 555 3478 ospitatus
579 3422 690 3478 est;
723 3413 812 3482 qui
861 3431 966 3468 non
1000 3415 1092 3470 diu
1139 3420 1383 3488 corporis
1427 3421 1740 3490 sospitatem
1775 3438 1870 3494 ge-

291 3515 445 3564 rcns,
489 3502 730 3557 molestia
758 3516 1051 3573 prcventus
1097 3507 1150 3562 in
1180 3510 1368 3564 eadem
1396 3511 1653 3576 ecclesia,
1683 3526 1870 3569 sancta

287 3587 411 3654 ejus
446 3590 622 3643 anima
669 3593 921 3660 migravit
960 3593 1026 3649 ad
1052 3595 1300 3667 gloriam.
1323 3597 1657 3656 anernavit
1692 3611 1873 3657 autem

288 3679 625 3735 Gradensem
674 3683 952 3739 ecclesiam
985 3687 1142 3743 annis
1188 3699 1446 3758 quattuor
1492 3700 1547 3746 et
1598 3692 1873 3747 mensibus

296 3783 417 3823 sex.
450 3767 575 3822 Fuit
605 3781 779 3825 autem
814 3783 1020 3828 statura
1050 3777 1246 3832 decens
1286 3789 1341 3834 et
1385 3789 1600 3850 aspectu
1629 3781 1869 3850 pulcher,

294 3877 404 3915 non
438 3862 556 3930 plus
580 3865 752 3919 :etatis
783 3880 944 3934 quam
978 3870 1331 3940 quadraginta
1373 3886 1635 3926 annorum
1675 3873 1874 3928 extitit.

292 3949 462 4018 Cujus
493 3967 688 4022 corpus
739 3957 976 4011 maxime
1021 3974 1142 4013 cum
1190 3961 1397 4017 honore
1446 3963 1683 4019 Venetici
1733 3965 1801 4017 ad
1829 3963 1875 3995 “

292 4039 634 4096 Gradeusem
672 4044 854 4104 urbem
883 4047 1251 4118 deportantes,
1281 4064 1404 4108 ante
1433 4063 1636 4110 sancta:
1663 4053 1879 4124 Euphe-

296 4135 423 4189 ntiae
451 4136 730 4192 ecclesiam
757 4140 811 4193 in
846 4144 986 4195 atrio
1014 4144 1379 4212 sepellierunt.

373 4227 506 4280 Post
533 4228 676 4284 hunc
705 4246 830 4286 vero
879 4233 946 4287 ad
976 4232 1309 4289 Gradcnsem
1344 4236 1752 4307 gubernandum
1784 4256 1876 4295 ec-

300 4313 533 4370 clesiam
573 4316 771 4385 Victor,
816 4325 1097 4394 presbyter
1127 4328 1300 4380 sancti
1359 4327 1604 4382 Silvestri
1637 4329 1880 4392 basilice,

298 4408 595 4492 successit.
627 4410 716 4463 llis
745 4413 930 4468 diebus
956 4413 1332 4482 Sedesclavus,
1361 4417 1606 4473 Tibimiri
1645 4435 1711 4475 ex
1759 4438 1883 4492 pro-

1950 1985 2086 2024 cavo
2133 1969 2300 2037 ipsius
2366 1968 2620 2021 ducatum
2677 1967 2978 2037 usurpavit.
3024 1967 3263 2022 Domnus
3312 1968 3532 2037 quidem

1952 2061 2124 2118 Ursus
2158 2061 2265 2115 dux
2291 2058 2620 2128 eﬂlagitante
2667 2058 2868 2113 Basilio
2915 2062 3240 2129 imperatore
3291 2073 3357 2114 eo
3397 2067 3534 2114 tem.

1949 2165 2082 2220 pore
2141 2149 2205 2203 12
2255 2161 2547 2217 campanas
2599 2147 3116 2218 Constantin'Opolim
3174 2148 3341 2214 misit,
3400 2164 3535 2219 quas

1957 2239 2253 2308 imperator
2277 2239 2328 2291 in
2356 2237 2585 2292 ecclesia
2636 2237 2844 2290 no.iter
2870 2237 2935 2290 ab
2964 2252 3031 2291 eo
3076 2243 3386 2290 constructa
3435 2252 3502 2307 po
3523 2265 3536 2278 ο

1953 2330 2081 2396 suit,
2111 2341 2274 2384 et-ex
2315 2338 2555 2399 tempore
2582 2327 2671 2382 illo
2699 2325 2858 2383 Greci
2889 2342 3178 2398 campanas
3217 2327 3418 2383 habere
3446 2339 3534 2383 eeo

1955 2431 2169 2492 perunt.

2030 2511 2243 2566 Mortuo
2295 2523 2426 2566 vero
2473 2510 2578 2565 hac
2627 2515 2946 2579 tempestate
2994 2507 3104 2579 (nn.
3154 2508 3280 2578 εει)
3341 2505 3539 2562 domno

1959 2603 2099 2658 Urso
2126 2603 2286 2667 duce,
2335 2602 2574 2672 dignitas
2620 2601 2674 2654 in
2705 2598 2950 2655 Johanue
2979 2614 3076 2654 suo
3119 2597 3229 2653 tilio
3256 2597 3538 2653 remansit.

1957 2694 2086 2749 Fuit
2137 2704 2318 2748 autem
2369 2695 2646 2762 predictus
2703 2691 2874 2746 Ursus
2934 2690 3115 2745 multa:
3157 2689 3435 2759 sapientia:
3484 2689 3543 2743 et.

1960 2785 2178 2857 pietatis
2210 2783 2294 2838 vir
2337 2791 2654 2852 amatorque
2703 2781 2873 2850 pacis.
2920 2780 3037 2851 Ipse
3081 2785 3211 2850 aput
3255 2777 3546 2834 Civitatem

1963 2891 2158 2931 novam
2187 2874 2528 2929 Eratliauam
2571 2872 3173 2942 palaciuchnstruere
3201 2869 3347 2926 fecit.
3387 2869 3543 2927 Temr

1961 2969 2183 3037 poribus
2234 2964 2388 3032 cujus
2447 2964 2499 3018 iu
2533 2963 2785 3017 llivoalto
2835 2963 2998 3017 etiam
3043 2961 3265 3032 paludes
3307 2955 3546 3018 cultaudi

1967 3058 2213 3112 homines
2270 3053 2549 3110 liccnciam
2589 3055 2893 3108 habuerunt
2939 3062 2995 3108 et
3040 3054 3227 3110 domos
3260 3043 3548 3113 editicandi

1966 3158 2154 3204 contra
2187 3147 2473 3201 orientem.
2504 3144 2682 3199 insula
2722 3159 2954 3214 namque
2981 3161 3085 3214 que
3117 3145 3545 3203 Dorsumdurdm

1919 3232 1935 3253 ⁴
1970 3246 2214 3301 vocatur,
2271 3235 2590 3291 consulente
2641 3234 2732 3290 illo
2762 3236 3060 3305 composita
3115 3234 3310 3290 fuerat.
3343 3227 3549 3292 Guber-

1971 3328 2120 3385 navit
2147 3336 2326 3382 autem
2355 3327 2654 3398 predictum
2687 3326 2949 3382 honorem
3000 3325 3157 3381 annis
3206 3326 3293 3394 l7,
3322 3336 3380 3383 ct
3410 3344 3555 3383 mor-

1973 3429 2096 3475 tuus
2126 3429 2208 3475 est
2232 3434 2296 3473 ac
2323 3417 2563 3488 sepultus
2591 3417 2645 3471 in
2687 3415 2860 3469 sancti
2894 3415 3171 3470 Zacharia‘:
3197 3419 3552 3472 monasterio.

1971 3511 2244 3567 Johannes
2291 3524 2420 3563 vero
2488 3509 2596 3564 dux
2642 3508 3054 3564 CumaclenSem
3118 3508 3434 3563 comitatum
3484 3524 3554 3566 ex

1974 3607 2200 3661 Romani
2229 3604 2500 3675 pontiﬁcis
2550 3594 2800 3674 largitate
2842 3602 3130 3674 adquirere
3165 3604 3408 3674 cupiens,
3442 3604 3552 3660 Ba-

1973 3701 2258 3754 dovarium
2289 3713 2444 3753 suum
2491 3697 2718 3751 fratrem
2760 3696 2990 3750 Romam
3023 3689 3258 3752 direxit:
3289 3699 3379 3768 qui
3425 3699 3556 3755 dum

1973 3789 2292 3846 Ravennam
2339 3789 2557 3851 adiret,
2611 3786 2850 3841 Marinus
2897 3785 3330 3842 Cutitaclcnsiom
3375 3802 3561 3845 comes

1972 3893 2140 3951 super
2167 3895 2291 3934 eum
2317 3879 2462 3932 viros
2483 3881 2739 3932 a‘rmatos'
2758 3875 2925 3941 misit,
2952 3887 3007 3931 et
3060 3877 3129 3931 ibi
3162 3877 3473 3934 vulneratus
3501 3879 3558 3933 in

1976 3986 2140 4027 crure
2177 3979 2368 4038 captus
2390 3979 2493 4022 est.
2553 3968 2706 4022 Tunc
2745 3968 3026 4038 predictus
3074 3984 3273 4032 comes,
3322 3985 3388 4024 ue
3415 3967 3560 4025 hanc

1979 4063 2232 4132 iniuriam
2288 4063 2608 4132 requireret,
2661 4069 3006 4117 sacramento
3051 4077 3172 4116 eum
3232 4061 3563 4118 constrinxit

1981 4166 2146 4226 atque
2175 4154 2398 4209 dimisit.
2429 4154 2536 4207 Sed
2562 4158 2812 4208 reversus
2848 4151 2914 4205 ad
2955 4151 3002 4184 “
3029 4153 3339 4216 Veneciam,
3368 4153 3560 4208 statim

1981 4250 2145 4302 vitam
2177 4246 2369 4300 ﬁnivit.
2403 4244 2627 4314 Propter
2657 4259 2819 4314 quam
2850 4258 3069 4299 causam
3096 4245 3326 4301 domnus
3347 4244 3553 4301 Johano

1979 4354 2081 4393 nes
2113 4338 2218 4391 dux
2243 4335 2416 4390 navali
2448 4333 2694 4389 eXcreitu
2723 4333 3136 4389 Cumacleusem
3168 4345 3406 4391 castrum
3435 4351 3566 4406 pro-—

1982 4443 2200 4499 peraus,
2229 4425 2576 4495 ejusdemque
2597 4423 2849 4495 populum
2880 4425 3182 4495 atqtrisivlt,
3217 4438 3268 4482 et
3289 4429 3562 4483 ordinatis

303 4498 493 4566 genie,
528 4491 788 4568 imperiali
848 4503 1013 4560 t'ultus
1061 4507 1309 4574 praesidio
1361 4491 1880 4582 Constantinopolim
1913 4491 2065 4588 οἶδί
2103 4491 2397 4575 secundum
2449 4491 2613 4572 suum
2651 4491 2788 4572 velle
2832 4491 3130 4585 iudicibus,
3177 4518 3244 4574 ad
3293 4520 3564 4589 palacium

307 4589 563 4654 veniens,
605 4591 899 4649 Scavorum
945 4591 992 4628 ⁸⁸
1038 4600 1290 4651 ducatum
1344 4600 1597 4670 arripuit,
1645 4602 1890 4672 ﬁliosque

305 4681 570 4751 Domogoi
602 4687 762 4740 exilio
802 4688 982 4742 trusit.
1002 4688 1080 4742 Eo
1117 4689 1369 4744 videlicet
1395 4701 1634 4760 tempore
1658 4693 1890 4749 domnus

309 4771 497 4828 Ursus
527 4776 634 4830 dux
685 4778 751 4830 ab
780 4778 1148 4848 imperialibus
1211 4781 1566 4837 interuunciis
1614 4793 1892 4854 protospa-

307 4867 527 4922 tharius
585 4869 849 4937 etlectus,
909 4873 1065 4927 donis
1117 4873 1462 4942 amplissimis
1523 4875 1724 4929 ditatus
1775 4880 1890 4942 est,

305 4972 576 5027 suamque
601 4959 764 5013 tiliam
791 4962 1005 5017 nomine
1056 4961 1308 5017 Felictam
1353 4964 1649 5026 Itodoaldo.
1683 4964 1888 5020 Johan-

306 5051 401 5106 nis
431 5052 583 5106 ducis
609 5052 844 5109 Bolouize
895 5055 1026 5118 lilio,
1078 5055 1131 5110 in
1162 5055 1468 5126 conjugium
1519 5057 1763 5115 tradidit.
1805 5056 1892 5112 ,1ος

306 5139 498 5199 hanna
538 5140 801 5214 siquidem
849 5147 1143 5214 abbatissa,
1172 5146 1356 5205 domui
1408 5145 1531 5204 Ursi
1574 5149 1731 5204 ducis
1759 5148 1889 5216 tilia,

308 5239 489 5270 cant-5|:
519 5237 796 5270 'I....l...:..
842 5242 1228 5270 cursuacta-sin...
1287 5240 1390 5270 ἕηκ-
1443 5256 1594 5270 ,ιι-ε..-
1643 5251 1860 5270 n'....-..---

1991 4608 2204 4671 reddiit,
2241 4616 2296 4661 et
2331 4615 2505 4660 morte
2534 4605 2722 4660 tratris
2765 4605 3072 4661 ulciscenda
3101 4607 3444 4666 Ravennates
3471 4611 3569 4665 de-

1989 4697 2400 4770 predarijussit.
2436 4697 2593 4750 Circa
2626 4697 2743 4750 hac
2775 4704 3013 4766 tempora
3041 4711 3224 4752 mense
3245 4695 3384 4752 Julio
3411 4694 3568 4753 stella

1992 4793 2060 4846 de
2084 4790 2295 4844 oriente
2347 4788 2398 4840 in
2429 4787 2647 4841 modum
2694 4785 2871 4841 faculc
2904 4787 3018 4840 visa
3062 4795 3147 4841 est
3185 4788 3570 4856 pertransisse,

1991 4896 2101 4952 que
2152 4887 2321 4934 tutum
2373 4891 2507 4946 pene
2558 4875 2820 4930 mundum
2868 4875 3212 4931 illuminavit.
3265 4875 3392 4928 Post
3422 4878 3578 4946 cujus

1993 4969 2283 5026 transitum
2325 4968 2504 5021 ‘visum
2531 4973 2616 5021 est
2661 4964 2972 5040 hominibus
3014 4967 3067 5019 in
3111 4966 3311 5018 cadum
3358 4967 3583 5024 audisse

1995 5063 2048 5117 in
2074 5059 2290 5114 modum
2319 5057 2555 5112 sonitum
2578 5045 2857 5125 portarum
2879 5047 3001 5110 cum
3024 5055 3345 5122 aperiuntur
3366 5066 3426 5109 et
3442 5058 3589 5112 clan-

1998 5154 2226 5212 duntur,
2255 5156 2310 5202 et
2358 5153 2648 5218 propterea
2669 5145 2928 5200 dicebant
2953 5142 3098 5212 quod
3126 5139 3301 5196 celum
3328 5155 3592 5211 apertum

2000 5250 2140 5270 ,ηρηο
2185 5247 2234 5270 ιιι
2271 5238 2508 5270 nim-mnu
2581 5235 2731 5270 'l‘nn‘n
2783 5233 2972 5270 Vinlnr
3016 5232 3322 5270 natu-iureiu-
3368 5248 3439 5270 ον
3489 5239 3598 5270 Imm
