4108 5412
545 230 664 288 Ἧι

1781 229 2061 285 ,ΙΟᾹΝΝΙΞ
2089 228 2356 286 DIACONI
2385 233 2638 290 VENl‘ITl

3731 245 3833 301 9H

565 361 672 402 non
699 343 817 415 plus
845 361 1005 415 quam
1042 361 1184 402 anno
1235 361 1343 400 uno
1385 354 1439 402 et
1466 343 1746 400 mensibus
1771 344 1812 422 ,6
1859 354 1913 398 et
1958 343 2151 398 diebus
2177 347 2226 405 A
2255 349 2501 416 quamvis
2529 351 2706 406 adhuc
2755 349 3006 418 inﬁrmis,
3035 353 3361 422 deprecante
3402 355 3600 427 populo
3644 358 3833 428 adpa-

563 436 626 491 21
664 439 812 492 vixit.
848 437 1002 495 Hunc
1029 438 1220 494 Vitalis
1244 440 1428 509 junior
1458 440 1523 492 ad
1571 419 1862 510 regendam
1888 438 2152 492 successit

565 531 869 586 ecclesiam.
903 532 1140 586 Domnus
1167 532 1429 600 siquidem
1453 531 1725 588 Johanncs
1752 532 1878 595 dux,
1904 531 2151 600 corporis

561 623 882 678 infirmitate
905 625 1173 685 detentus,
1227 623 1446 679 Petrum
1495 625 1778 679 minimum
1831 639 1989 678 suum
2043 623 2151 677 fra-

519 752 522 754 η
560 724 724 787 trem,
757 717 954 786 populo
982 717 1344 782 adclamante,
1378 733 1752 772 successorem
1810 716 1911 771 sibi
1963 717 2146 787 elegit.

561 810 732 876 Quem
760 822 944 880 postea
979 827 1102 865 cum
1140 811 1474 874 convalerct,
1525 811 1724 864 habere
1770 827 1891 865 eum
1926 824 2150 865 consor-

496 977 499 979 _
561 914 673 958 tem
705 905 896 958 voluit.
929 903 1045 974 Ipse
1081 920 1210 959 vero
1240 904 1284 936 ⁸⁸
1336 904 1648 958 inﬁrmitate
1691 913 1995 973 correptus,
2041 921 2147 962 non

563 998 650 1050 diu
699 1013 821 1052 cmn
861 998 1028 1050 fratre
1077 1013 1304 1052 manens
1344 997 1632 1066 expiravit,
1666 997 2016 1066 sepultusque
2048 996 2150 1052 fuit

558 1089 710 1158 juxta
739 1090 1044 1161 predictum
1071 1089 1432 1143 Badovarium
1462 1089 1684 1143 fratrem
1720 1104 1898 1152 suum,
1923 1090 2014 1157 qui
2043 1104 2147 1142 non

559 1181 680 1250 plus
703 1196 966 1235 annorum
993 1196 1154 1248 quam
1177 1180 1248 1233 ἠδ
1291 1183 1487 1232 fuerat.
1522 1178 1760 1233 Domnus
1790 1193 1918 1232 vero
1946 1178 2148 1233 Johan-

561 1289 661 1344 nes
685 1274 791 1326 dux
845 1281 1157 1328 sanctorum
1189 1270 1423 1326 Cornelii
1471 1281 1525 1324 et
1576 1270 1813 1340 Cipriani
1861 1269 2146 1325 ecclesiam

562 1380 592 1416 a
619 1363 985 1417 fundamentis
1012 1363 1064 1415 in
1099 1361 1217 1417 loco
1261 1361 1351 1429 qui
1389 1358 1555 1413 Vinea
1597 1368 1788 1412 contra
1836 1359 2148 1413 nominatur

563 1452 834 1506 editlierre
866 1451 1010 1506 fecit.
1042 1451 1194 1505 Tunc
1231 1451 1526 1521 imperator
1547 1449 1779 1505 Basilius
1801 1450 2052 1522 migravit
2080 1449 2146 1504 ab

562 1533 667 1597 hac
699 1542 818 1596 luce
845 1543 953 1610 (an.
986 1542 1133 1598 886i.

633 1633 934 1688 Prelibatus
956 1632 1228 1688 Jolmnnes
1253 1632 1358 1686 dux
1381 1633 1605 1687 alterum
1625 1647 1944 1703 germanum
1967 1647 2143 1699 suum,

561 1709 767 1778 Ursum
793 1725 1029 1786 nomine,
1065 1722 1165 1778 sibi
1193 1735 1498 1779 consortem
1542 1722 1690 1780 fecit.
1738 1724 2014 1793 Siquidem
2046 1725 2144 1779 do-

567 1831 726 1869 mnus
757 1816 928 1870 L'rsus
952 1824 1053 1870 dux
1087 1817 1211 1870 dum
1242 1827 1499 1888 quattuor
1530 1818 1753 1871 haberet
1789 1818 1951 1884 filios,
1988 1818 2040 1872 id
2066 1827 2150 1873 est

560 1905 886 1972 Iohannem,
919 1907 1293 1973 Badovarium,
1341 1909 1536 1964 Ursum
1587 1919 1641 1963 et
1686 1909 1928 1974 Petrum,
1963 1925 2150 1966 omnes

565 2002 793 2070 duratus
852 2001 1108 2072 dignitate
1162 2011 1358 2072 praeter
1405 2000 1766 2055 Badovarium
1816 2002 2146 2056 claruerunt.

560 2091 766 2166 Eodem
802 2109 927 2148 vero
959 2103 1200 2163 tempore
1231 2091 1382 2162 aqua:
1411 2093 1595 2147 diluvii
1627 2093 1679 2146 in
1739 2093 1937 2146 finibus
1969 2095 2147 2149 Vene-

563 2181 760 2258 tiarum
789 2181 1022 2246 fuerant,
1053 2183 1107 2236 in
1164 2192 1370 2236 tantum
1420 2193 1478 2236 ut
1506 2197 1696 2236 omnes
1735 2182 1994 2236 ccelcsias
2037 2183 2150 2238 sive

563 2275 754 2330 domos
779 2285 1146 2345 penetrarent.
1189 2275 1391 2330 Deinde
1434 2291 1554 2328 cum
1607 2276 1836 2328 domnus
1878 2273 2149 2330 Johannes

541 2367 670 2438 ~_dux
701 2368 874 2422 adhuc
902 2368 1217 2423 infirmitate
1261 2368 1531 2432 detentus,
1560 2367 1728 2427 frater
1753 2365 1867 2435 ejus
1893 2369 2148 2422 ducatum

560 2460 1148 2526 rennnei'et,\"erietici
1203 2463 1392 2516 ducem
1444 2462 1543 2516 sibi
1597 2461 1998 2515 constituerunt
2045 2459 2147 2513 Pe-

563 2565 703 2610 trum
730 2554 1001 2618 videlicet,
1020 2563 1378 2624 cognomento
1397 2554 1755 2617 Catzdianum,
1774 2552 1910 2606 infra
1932 2551 2149 2606 domum

561 2646 735 2713 ipsius
767 2647 829 2698 Π
878 2648 962 2701 die
1002 2647 1204 2700 mensis
1250 2646 1452 2714 Aprilis
1500 2645 1668 2714 (887).
1722 2646 1890 2712 Quem
1922 2645 2151 2698 domnus

559 2716 832 2791 liuhannes
880 2738 987 2790 dux
1039 2738 1340 2791 clementer
1390 2735 1456 2789 ad
1509 2739 1766 2805 palatimn
1819 2750 2148 2799 convocans,

561 2837 773 2896 tipatam
822 2830 934 2899 (70)
989 2828 1297 2897 fustemth
1343 2843 1406 2881 ac
1456 2828 1640 2882 sellam
1693 2827 1740 2880 ei
1787 2827 2146 2889 contradidit,

563 2933 797 2988 eumque
844 2919 944 2972 sibi
998 2934 1369 2973 successorem
1432 2920 1765 2972 constituens
1819 2917 1886 2970 ad
1935 2917 2152 2970 domum

564 3023 718 3060 suam
753 3022 1002 3060 I‘CVCI‘SUS
1033 3017 1135 3060 CSl.

642 3096 905 3163 Suscepto
961 3096 1141 3164 itaque
1179 3097 1376 3150 ducatu
1408 3096 1599 3152 Petrus
1643 3099 1746 3152 dux
1780 3113 1899 3153 cum
1945 3096 2142 3152 domno

563 3185 809 3240 Johanne
833 3187 966 3238 duce
993 3187 1214 3256 ejusque
1238 3204 1497 3258 germano
1525 3191 1658 3244 satis
1687 3191 1978 3245 honorifice
2001 3191 2138 3260 egit;

565 3284 618 3329 et
648 3284 832 3328 contra
866 3274 1234 3331 Narreutanos
1279 3278 1482 3333 Scavos
1527 3280 1812 3333 confestim
1844 3281 2140 3334 exercitum

566 3365 733 3417 misit.
763 3364 862 3429 Qui
892 3381 1012 3418 cum
1041 3368 1156 3420 sine
1187 3367 1380 3421 citeetu
1408 3353 1655 3422 reversus
1684 3378 1842 3434 esset,
1876 3379 2001 3423 tunc
2049 3383 2146 3437 per

569 3466 743 3511 semet
799 3457 969 3522 ipsum
1024 3472 1144 3510 cum
1199 3458 1265 3511 i9.
1321 3459 1544 3513 navibus
1587 3473 1769 3512 mense
1820 3460 2058 3528 Augusto
2091 3461 2142 3512 in

564 3561 718 3600 mare
740 3547 1011 3601 hostiliter
1042 3557 1122 3602 est
1153 3563 1423 3619 egressus,
1458 3560 1511 3604 et
1553 3553 1617 3603 ad
1661 3560 1896 3604 montem
1946 3552 2146 3606 Seavo-

564 3639 687 3689 'rum
728 3638 1069 3704 perveniens,
1124 3638 1176 3692 in
1233 3639 1350 3693 loco
1383 3641 1472 3708 qui
1510 3651 1738 3694 vocatur
1785 3640 2021 3694 lllucules
2049 3656 2144 3694 e2:-

565 3723 690 3789 ivit,
717 3724 841 3778 liuet
882 3742 1006 3780 cum
1042 3728 1247 3795 paucis.
1280 3728 1383 3782 Sed
1416 3729 1637 3783 Silarus
1673 3731 1772 3783 sibi
1807 3732 2144 3795 resistentes,

537 3802 800 3885 primum
828 3818 878 3870 in
910 3817 1090 3888 fugam
1122 3821 1302 3882 vertit,
1331 3820 1637 3889 multosque
1657 3837 1724 3876 ex
1752 3823 1854 3875 illis
1871 3823 2144 3886 occidens,

561 3893 804 3975 quinque
840 3923 1004 3961 naves
1051 3907 1266 3961 illorum
1294 3925 1398 3977 que.
1423 3911 1492 3963 ibi
1523 3921 1697 3976 erant,
1733 3914 2014 3966 securibus
2038 3912 2148 3966 fre-

551 3998 669 4068 .git.
706 3999 811 4052 Sed
854 3999 1068 4052 demum
1121 4001 1454 4055 irruentibus
1503 4005 1710 4068 Scavis,
1740 4004 1938 4059 ibidem
1986 4007 2149 4060 inter-

556 4087 746 4144 ‘fectus
768 4100 849 4143 est
891 4107 1012 4144 cum
1055 4092 1177 4146 aliis
1215 4104 1417 4162 septem
1461 4108 1642 4149 mense
1685 4095 2016 4165 Septembris
2064 4101 2151 4153 die

569 4189 764 4236 octavo
795 4184 1023 4246 decimo,
1065 4187 1230 4238 ceteri
1265 4202 1391 4240 vero
1431 4187 1724 4243 incolomes
1768 4193 1968 4244 rewrsi
2003 4199 2147 4244 sunt.

573 4271 772 4328 Tenuit
800 4286 975 4329 autem
1003 4278 1255 4332 ducatum
1308 4280 1447 4334 idem
1492 4281 1684 4336 Petrus
1722 4284 1826 4337 dux
1856 4299 2069 4338 menses
2095 4285 2148 4339 5.

570 4363 700 4420 Fuit
725 4376 900 4421 autem
931 4370 1013 4423 vir
1036 4371 1323 4427 bellicosus
1347 4382 1401 4426 et
1445 4376 1641 4439 audax,
1673 4378 1888 4446 sapiens
1917 4389 1971 4432 et
1995 4394 2150 4432 amo-
2178 4353 2229 4411 Β

571 4457 699 4511 dum
729 4458 908 4529 largus
935 4477 948 4526 ;
983 4463 1268 4519 ecclesiam
1301 4482 1430 4520 vero
1455 4467 1507 4520 in
1545 4479 1750 4522 tantum
1779 4470 2147 4540 frequentans,

569 4560 631 4605 ut
662 4550 807 4605 nullo
841 4563 1080 4622 tempore
1112 4557 1293 4611 divino
1316 4570 1523 4614 careret
1545 4560 1738 4614 cilicio.
1766 4561 1927 4630 Cujus
1956 4580 2150 4634 corpus

567 4642 812 4718 Andreas
839 4645 1082 4700 tribunus
1105 4649 1386 4704 latentera
1441 4651 1645 4708 Selavis
1697 4654 1968 4710 sublatum
2012 4657 2150 4713 Gra-

570 4734 790 4787 densem
820 4735 1006 4788 urbem
1039 4737 1205 4805 misit,
1256 4741 1439 4810 ibique
1489 4745 1732 4812 sepultus
1777 4755 1861 4799 est
1912 4747 1966 4801 in
2010 4749 2150 4805 atrio

556 4823 830 4878 ecclesiae.
865 4818 988 4878 Fuit
1035 4838 1215 4883 autem
1271 4841 1476 4885 statura
1526 4836 1835 4897 mediocris,
1883 4853 2147 4894 annorum

568 4913 927 4983 quadraginta
952 4917 1212 4989 quinque.
1259 4920 1410 4976 Tunc
1439 4923 1666 4980 domnus
1713 4924 1988 4985 Johannes
2015 4931 2146 4997 dux,

2254 441 2440 497 latium
2466 445 2642 500 rediit.

2327 533 2449 602 (An.
2483 534 2633 604 888.)
2665 534 2772 590 Sed
2796 535 3008 592 diueius
3033 545 3180 594 stare
3207 538 3414 605 nolens,
3441 539 3716 596 licentiam
3739 559 3833 613 po-

2252 626 2379 695 pulo
2402 626 2552 681 dedit
2595 637 2654 681 ut
2688 630 3046 684 constitueret
3079 630 3182 685 sibi
3212 633 3401 686 ducem
3455 648 3619 696 quem
3656 635 3828 691 vellet.

2255 716 2406 772 Tunc
2432 734 2624 773 omnes
2649 721 2852 788 pariter
2880 719 3156 791 elegerunt
3180 723 3281 777 sibi
3327 724 3546 778 Petrum
3595 727 3833 782 nobilem

2251 811 2446 873 virum,
2483 808 2650 863 filium
2679 811 2940 866 Dominici
2966 813 3164 867 tribuni
3192 830 3206 880 ;
3241 816 3332 882 qui
3360 816 3617 872 videlicet
3640 817 3834 874 Petrus

2255 913 2414 958 natus
2448 904 2625 959 fuerat
2656 906 2721 961 de
2745 907 2965 976 Agnella
2994 907 3176 976 neptia
3226 907 3369 962 Petri
3398 910 3701 979 superioris
3741 911 3838 964 du-

2255 995 2357 1058 cis,
2413 1011 2573 1064 quem
2625 997 2693 1051 ad
2742 999 3130 1051 monasterium
3174 998 3407 1052 diximus
3463 999 3831 1055 interfectum.

2251 1086 2668 1154 Mortuoitamtc
2705 1103 2820 1158 ipso
2867 1097 3106 1159 tempore
3157 1089 3329 1144 Vitale
3380 1090 3836 1159 patriarcha,qui

2250 1178 2537 1232 ecclesiam
2565 1177 2898 1233 Gradenscm
2926 1177 3320 1248 gubernaverat
3357 1180 3515 1232 annis
3539 1179 3574 1230 5
3600 1188 3658 1232 et
3689 1195 3836 1234 men-

2250 1270 2400 1323 sibus
2428 1269 2462 1322 5
2497 1269 2794 1339 diebusque
2836 1269 2922 1337 i4,
2955 1267 3217 1323 successit
3264 1269 3363 1324 sibi
3396 1268 3716 1324 Doniinicus
3743 1284 3834 1337 pa-

2251 1359 2510 1413 triarcha.
2557 1359 2796 1426 Domnus
2843 1372 2974 1412 vero
3021 1356 3293 1412 Iohannes
3340 1358 3450 1413 (lux
3497 1373 3718 1413 rursum
3770 1357 3834 1411 ad

2249 1441 2464 1505 domum
2487 1452 2760 1522 propriam
2789 1449 3005 1517 reddiit,
3035 1450 3217 1520 ibique
3239 1464 3409 1519 usque
3431 1450 3500 1504 ad
3526 1449 3650 1504 vita:
3677 1448 3836 1502 finem

2250 1546 2470 1600 mansit.
3763 1597 3768 1599 _

2323 1637 2527 1691 Interea
2580 1635 2694 1704 (an.
2724 1633 2850 1706 899)
2884 1634 3190 1705 Ungrorum
3228 1648 3436 1704 pagana
3488 1643 3542 1688 et
3572 1631 3841 1687 crudelis-

2251 1729 2386 1783 sima
2410 1744 2542 1800 gens
2578 1728 2785 1782 italiam
2830 1729 3072 1794 veniens,
3106 1727 3369 1783 incendiis
3393 1735 3448 1782 et
3476 1725 3683 1795 rapinis
3704 1741 3840 1778 cun-

2251 1829 2336 1875 cta
2366 1816 2703 1882 'devastans,
2763 1819 3164 1888 maximamque
3211 1817 3616 1873 multitudinem
3666 1815 3842 1868 horni-

2251 1928 2378 1983 num
2430 1911 2782 1978 interficiens,
2841 1911 3128 1965 nonnullos
3172 1912 3334 1965 etiam
3375 1911 3624 1980 captivos
3656 1924 3840 1962 reser-

2250 2004 2414 2058 vavit.
2452 2002 2652 2059 Contra
2682 2017 2817 2072 quos
2855 1992 3217 2072 B‘erengarius
3262 2016 3356 2057 rex
3389 2001 3592 2056 direxit
3635 1999 3844 2054 exerci-

2253 2106 2363 2151 tum
2404 2096 2468 2149 l5
2504 2095 2648 2148 milia
2696 2093 2994 2149 hominum.
3030 2092 3138 2150 Sed
3187 2092 3345 2162 pauci
3390 2107 3457 2144 ev
3502 2092 3585 2146 eis
3634 2090 3841 2144 reversi

2251 2199 2396 2244 sunt.
2429 2187 2592 2259 Ungri
2643 2202 2772 2241 vero
2819 2196 3261 2254 pertranscuntes
3297 2184 3622 2246 Tarvisium,
3679 2181 3840 2234 Pata-

2252 2279 2420 2343 vium,
2447 2276 2712 2340 Brixiatn,
2742 2286 3059 2343 ceterosque
3115 2275 3270 2336 lines,
3305 2274 3523 2341 l’apiam
3556 2281 3611 2324 et
3643 2271 3844 2324 Medio-

2239 2370 2433 2446 lanum
2465 2376 2729 2432 venerunt
2773 2375 2828 2421 et
2857 2381 3024 2435 usque
3061 2367 3128 2418 ad
3180 2373 3416 2418 montem
3459 2362 3560 2416 Job
3610 2362 3723 2431 (7|)
3749 2361 3844 2412 de~

2251 2460 2572 2532 populantes
2598 2467 2814 2514 cuneta.
2844 2457 2952 2512 Sed
2974 2459 3039 2512 ad
3069 2456 3330 2512 Venecias
3357 2455 3683 2523 introgressi
3715 2469 3843 2510 cum

2250 2551 2419 2624 requis
2451 2553 2622 2620 adque
2672 2549 2900 2619 pelliciis
2930 2549 2974 2582 ⁸⁸
3021 2547 3251 2601 navibus
3303 2547 3438 2615 (72L),
3475 2552 3654 2614 primo
3697 2545 3844 2599 Civi-

2243 2654 2420 2702 tatem
2470 2657 2688 2706 novam,
2738 2638 2979 2708 fugiente
3025 2638 3242 2707 populo,
3296 2638 3417 2706 igne
3457 2650 3844 2690 concremave-

2255 2744 2398 2787 runt.
2431 2732 2633 2787 Deinde
2690 2729 2961 2799 liquilam,
2991 2727 3201 2793 Finem,
3248 2727 3473 2791 Cloiam,
3504 2725 3844 2795 Caputarge-

2253 2827 2356 2880 lem
2412 2823 2798 2888 incenderunt,
2854 2820 3117 2889 litoraque
3171 2821 3304 2873 mari
3350 2821 3839 2889 depopulaverunt.

2255 2920 2457 2974 Verum
2501 2915 2667 2970 etiam
2727 2921 3056 2981 temptantes
3098 2912 3401 2965 Rivoaltum
3450 2919 3506 2963 et
3540 2911 3843 2963 Metamau-

2176 3018 2220 3079 (ζ
2253 3025 2372 3063 cu.n
2411 3005 2618 3077 ingredi
2649 3018 2747 3073 per
2777 3004 2889 3057 loca
2927 3018 3030 3072 que
3081 3001 3292 3056 Albiola
3340 3011 3602 3056 vocantur
3649 3002 3704 3053 in
3753 3001 3843 3053 die

2245 3100 2517 3174 passionis
2570 3107 2879 3152 sanctorum
2929 3096 3296 3164 apostolorum
3344 3095 3489 3150 Petri
3541 3104 3598 3148 et
3659 3092 3840 3156 Pauli,

2249 3207 2375 3252 tunc
2405 3197 2634 3252 domnus
2662 3193 2852 3250 Petrus
2879 3191 2984 3244 dux
3031 3189 3206 3244 navali
3255 3191 3518 3252 exercitu,
3568 3188 3665 3242 Dei
3717 3202 3844 3254 pre-

2249 3298 2423 3345 tectus
2459 3287 2680 3352 auxilio,
2730 3281 3258 3356 predictosUngros
3311 3282 3364 3335 in
3418 3281 3598 3351 fugam
3652 3281 3839 3333 vertit.

2245 3384 2369 3438 Fuit
2410 3395 2642 3451 namque
2691 3382 2808 3435 haec
2859 3376 3175 3449 persecucio
3205 3377 3257 3429 in
3314 3375 3462 3429 Italia
3509 3382 3564 3428 et
3612 3373 3838 3429 Venetia

2235 3464 2391 3531 anno
2426 3491 2558 3530 uno.
2594 3475 2707 3529 liex
2738 3475 2899 3545 igitur
2943 3472 3324 3540 Berengarius,
3358 3470 3498 3523 datis
3557 3469 3842 3522 obsidibus

2249 3586 2313 3624 ac
2344 3569 2518 3633 donis,
2550 3569 2824 3637 predictos
2851 3565 3060 3637 Ungros
3110 3566 3177 3617 de
3215 3563 3368 3616 italia
3413 3562 3672 3616 rei-cdere
3712 3560 3842 3614 fecit

2249 3679 2372 3719 eum
2405 3665 2549 3716 onmi
2577 3661 2742 3731 pretia
2775 3675 2936 3731 quam
2967 3665 3243 3727 ceperant.
3285 3654 3396 3709 liae
3437 3655 3650 3708 scilicet
3705 3664 3844 3708 tem-

2249 3761 2463 3824 pestate
2511 3753 2823 3808 Dorninicus
2867 3749 3176 3821 patriarcha
3235 3745 3484 3816 migravit
3533 3764 3564 3798 a
3613 3747 3838 3809 sa‘culo,

2250 3847 2534 3903 ecclesiam
2572 3845 2902 3899 Cradensem
2943 3850 3158 3898 rexerat
3184 3841 3342 3894 annis
3381 3840 3410 3893 7
3452 3848 3506 3894 et
3557 3839 3841 3891 mensuras

2252 3941 2340 3994 Η.
2373 3939 2536 4007 Cujus
2571 3939 2902 3993 Laureneius
2941 3952 3224 3992 successor
3265 3935 3464 3989 exritit.
3516 3931 3679 3987 Circa
3739 3934 3841 3986 bec

2254 4047 2385 4088 vero
2419 4042 2663 4099 tempora
2703 4031 2933 4084 domnus
2982 4029 3174 4083 Petrus
3222 4028 3326 4080 dux
3391 4040 3492 4078 una
3543 4040 3671 4076 cum
3726 4023 3842 4076 suis

2253 4127 2529 4181 civitatem
2573 4133 2701 4194 aput
2733 4122 3037 4177 liivoaltum
3089 4122 3342 4175 editicare
3373 4119 3515 4189 cepit
3549 4119 3665 4188 (73)
3697 4131 3843 4170 anno

2255 4218 2336 4270 sui
2363 4218 2590 4271 ducatus
2619 4216 2672 4280 9,
2702 4215 2888 4283 sicque
2927 4213 3035 4266 Leo
3073 4213 3365 4281 imperator
3411 4208 3841 4279 protospatharii

2257 4307 2516 4360 honorem
2541 4305 2639 4359 sibi
2666 4303 2916 4372 injunxit.
2943 4303 3187 4358 Predicte
3213 4316 3342 4355 vero
3365 4300 3604 4354 civitatis
3652 4313 3842 4352 murus

2258 4412 2286 4449 a
2318 4395 2496 4465 capite
2529 4394 2700 4454 rivulis,
2718 4395 2783 4447 de
2821 4392 3043 4447 castello
3075 4406 3242 4460 usque
3278 4391 3343 4444 ad
3375 4388 3663 4444 ceclesiam
3717 4404 3843 4442 san-

2258 4496 2357 4540 cla:
2383 4486 2564 4539 Mariae
2592 4500 2695 4555 que
2727 4486 2792 4538 de
2832 4485 3115 4539 Jubianico
3159 4483 3360 4538 dicitur
3413 4482 3840 4536 extendebatur.

2257 4574 2598 4643 Maximaque
2633 4583 2820 4628 catena
2865 4574 3038 4628 ferrea
3070 4575 3199 4627 inibi
3230 4573 3527 4641 composita
3555 4582 3700 4636 erat,
3721 4586 3842 4640 qua

2256 4682 2363 4720 uno
2391 4665 2568 4735 capite
2604 4665 2656 4718 in
2686 4663 2789 4718 fine
2817 4664 3042 4732 predicti
3077 4663 3236 4725 muri,
3267 4663 3372 4717 alio
3422 4677 3548 4714 vero
3578 4662 3630 4715 in
3663 4660 3838 4715 sancti

2255 4757 2500 4826 Gregorii
2524 4756 2769 4810 ecclesia:
2807 4756 3067 4824 margine,
3101 4771 3218 4824 qum
3254 4763 3400 4808 trans
3449 4753 3626 4822 ripam
3662 4754 3838 4820 posita

2256 4859 2359 4912 est.
2389 4851 2701 4912 coherebat,
2728 4847 2798 4900 ob
2833 4846 2936 4900 hoc
2965 4847 3236 4909 videlicet,
3269 4861 3335 4899 ne
3366 4844 3468 4898 ulla
3497 4845 3650 4897 navis
3678 4857 3842 4912 pene-

2257 4944 2431 4998 trandi
2453 4941 2768 4997 facultatem
2794 4939 2896 4994 nisi
2929 4937 3186 4994 dissoluta
3215 4948 3405 4994 catena
3429 4933 3844 4993 haberet.Vixit

1837 5060 2066 5131 VARle
2127 5076 2524 5135 LECTIONES.

641 5166 686 5198 ⁸³
712 5182 838 5222 vero
863 5151 1270 5243 suprascriptum
1294 5178 1342 5237 l.
1419 5177 1466 5208 "
1495 5179 1569 5232 ita
1592 5180 1614 5235 1
1637 5197 1650 5246 ;
1679 5180 1883 5239 bellicis
1911 5187 1990 5239 ed.

2078 5273 2309 5358 Nom.

654 5398 750 5412 Ι-Αι
794 5401 815 5412 ν
