4108 5412
247 288 350 346 915
385 337 390 341 .

249 500 305 547 et.
334 457 582 544 mortuus
606 493 683 540 est
727 483 840 552 (an.
870 477 1020 546 912),
1065 471 1408 542 sepultusque
1436 465 1487 519 in
1517 460 1690 517 sancti
1722 457 1824 509 Za-

249 579 451 634 chariae
496 551 863 636 monasterio,
917 569 982 623 de
1027 565 1180 633 cujus
1236 561 1421 615 funere
1469 572 1574 610 non
1616 551 1825 608 modice

255 667 494 723 Venetici
520 664 929 722 comloluernnt,
957 656 1210 727 quoniam
1242 653 1430 720 plenus
1468 643 1614 700 omni
1668 641 1824 696 boni-

252 769 366 813 tate
394 756 694 810 honoriﬁce
744 751 884 807 rexit
932 750 1206 802 ducatum.
1240 742 1408 808 Quem
1460 734 1721 791 successit
1762 731 1825 786 ad

253 829 395 908 hanc
438 844 732 912 regendam
788 840 1100 910 dignitatem
1134 834 1364 887 domnus
1412 828 1581 907 Ursus
1624 840 1824 896 cogno-

258 943 441 1010 mento
493 932 850 993 l’articiacus,
879 927 969 998 qui
1026 940 1148 979 mox
1193 931 1253 976 ιιι
1294 923 1399 974 dux
1456 918 1679 971 cﬂ'cctus
1723 922 1824 976 cst,

255 1041 410 1102 suum
458 1025 624 1077 tilium
673 1024 891 1077 Petrum
932 1019 1147 1074 nomine
1191 1007 1707 1078 Constantiimpulim
1763 1003 1828 1056 ad

254 1101 486 1172 Leonem
533 1119 917 1186 imperatorem
968 1107 1278 1165 destinavit.
1326 1103 1493 1170 Quem
1539 1101 1830 1166 imperator

255 1226 375 1265 cum
415 1210 623 1263 honore
677 1206 996 1274 suscipiens,
1053 1195 1542 1271 protospatbarium
1581 1191 1626 1222 ⁸³
1684 1187 1830 1251 fecit,

253 1301 596 1366 dilatumque
629 1296 880 1350 maximis
915 1291 1072 1347 donis
1118 1290 1184 1342 ad
1221 1285 1438 1356 propria
1489 1278 1663 1334 rcdire
1713 1291 1832 1346 pcr-

254 1393 426 1449 misit.
457 1391 557 1467 Qui
609 1390 735 1442 dum
784 1388 1144 1442 Cbroatornm
1193 1382 1325 1434 ﬁnes
1358 1375 1572 1431 rediens
1604 1372 1832 1424 nutrire

255 1485 437 1549 vellet,
459 1499 489 1535 a
520 1464 826 1535 .‘llicbabele
851 1477 1165 1533 Sclavornm
1195 1473 1330 1527 duce
1353 1468 1538 1522 fraude
1558 1464 1810 1531 deceptus

256 1577 621 1644 omnibusque
655 1571 812 1626 bonis
856 1569 1122 1639 privatus,
1151 1574 1312 1632 atque
1364 1558 1650 1629 Vulgarico
1699 1554 1828 1623 regi,

254 1666 496 1728 Simeoni
531 1664 762 1725 nomine,
795 1661 942 1715 exilii
972 1672 1112 1727 pena
1146 1652 1494 1708 transmissus
1521 1658 1619 1704 est.
1661 1647 1831 1712 Quem

227 1767 412 1828 -pater
451 1757 723 1826 perditum
783 1753 985 1806 acriter
1030 1747 1238 1810 dolens,
1286 1743 1508 1799 minime
1552 1739 1834 1807 acquirere

253 1851 459 1921 quivit,
512 1848 730 1901 interim
767 1860 862 1914 per
909 1857 1066 1898 suum
1117 1836 1549 1898 internnncium,
1594 1829 1834 1885 Domini-

253 1957 379 1998 cum
426 1939 681 1993 videlicet
719 1937 1205 1990 hletamaucensem
1239 1925 1702 1987 archidiaconem,
1743 1919 1833 1988 qui

253 2045 446 2106 postea
485 2036 773 2104 episcopus
816 2027 1039 2086 etl‘ectus
1089 2035 1204 2092 est,
1244 2024 1356 2080 suis
1393 2022 1546 2080 donis
1596 2019 1834 2075 redime—

253 2135 355 2181 ret.

327 2239 424 2295 llis
450 2247 628 2294 autem
659 2237 848 2292 diebus
871 2233 1123 2290 defuncto
1145 2231 1328 2286 Leone
1359 2229 1685 2298 imperatore
1720 2226 1830 2294 (an.

253 2331 408 2400 912),
431 2330 821 2386 Constantinus
841 2329 957 2397 ejus
983 2327 1124 2381 ﬁlius
1156 2323 1441 2393 imperium
1477 2321 1703 2387 adeptus
1729 2326 1828 2370 est.

253 2421 377 2490 Ipso
409 2421 574 2475 etiam
607 2429 847 2487 tempore
871 2413 1192 2470 Laurentius
1221 2410 1527 2480 patriarcha
1558 2407 1832 2463 hominem

253 2512 449 2574 exivit,
482 2510 571 2579 qui
609 2509 941 2565 Gradensem
980 2505 1267 2560 ecclesiam
1307 2507 1524 2555 rexerat
1555 2497 1708 2551 annis
1745 2497 1828 2558 l2,

253 2601 538 2666 mensibus
559 2601 612 2664 9,
642 2600 830 2653 diebus
864 2597 952 2657 24,
975 2583 1394 2661 tumulatusque
1431 2598 1515 2645 est
1548 2589 1602 2642 in
1633 2597 1834 2642 sancta:

254 2690 526 2746 Eufemia:
551 2690 709 2744 atrio.
733 2688 901 2756 Quem
935 2686 1172 2740 Marinus
1202 2681 1508 2753 patriarclta
1545 2678 1830 2734 successit.

253 2777 572 2833 Prelibatus
600 2779 777 2847 itaque
824 2776 992 2831 Ursus
1033 2775 1165 2839 dux,
1211 2772 1336 2825 dum
1365 2771 1619 2824 ducatum
1677 2766 1834 2819 annis

254 2877 484 2938 gereret
517 2868 606 2932 20,
625 2866 734 2935 jam
766 2881 934 2921 senex
962 2865 1185 2920 effectus
1222 2871 1434 2916 terrena
1461 2859 1674 2928 penitus
1709 2871 1836 2926 par-

251 2957 564 3028 vipendens
604 2957 1087 3024 cmuobitalemqne
1122 2953 1364 3008 habitum
1395 2951 1448 3004 in
1481 2950 1652 3004 sancti
1686 2947 1829 3002 Feli-

1547 244 1937 312 CllRONlCON
1975 239 2326 300 VENETUM.

249 412 428 456 autem
455 397 568 466 iam
595 396 770 451 dictus
809 390 1000 446 pelms
1019 384 1062 420 ιτ
1095 384 1200 438 dux
1227 380 1279 434 in
1313 349 1506 432 duca-tu
1539 369 1694 425 annis
1729 365 1822 427 2?),
1860 368 1897 422 Α
1931 359 2019 422 sit,
2052 374 2078 410 a
2112 358 2307 428 quibus
2329 346 2789 424 prolospatbarius
2821 341 3064 404 effectus,
3094 351 3216 395 cum
3248 330 3524 466 maxl‘t‘YllS'

1441 465 1444 466 ,
1678 460 1687 466 .
1722 457 1754 466 .-
1946 450 1958 466 1
2019 447 2078 466 ,s,
2120 464 2134 466 _
2167 448 2178 466 ι
2216 443 2496 466 nexum“...
2540 439 2695 466 ..λικε
2763 435 2862 466 nn:
2902 448 3030 466 mum
3061 429 3353 466 nmlilmlne
3429 437 3502 466 ιιι

3393 217 3502 272 θιε

1927 447 2084 502 donis
2115 448 2179 499 ad
2216 423 2501 498 V'cneciam
2539 439 2716 494 rediit.
2763 435 2862 502 Qui
2902 448 3030 486 vero
3061 429 3353 499 prelibatus
3391 423 3503 477 dux

1930 536 2358 608 postadventum
2398 533 2491 586 ﬁlii
2537 546 2642 603 non
2688 528 2805 596 plus
2849 540 3008 592 quam
3059 522 3296 589 quinque
3333 528 3506 568 anno-

1931 645 2048 683 ram
2075 627 2253 699 spacia
2286 627 2490 685 vivens,
2517 622 2585 674 ab
2608 621 2709 672 hac
2733 617 2848 668 lucc
2868 615 3175 665 subtractus
3199 615 3301 661 est.
3331 605 3504 670 Quem

1929 718 2193 774 successit
2230 716 2274 748 ”
2323 713 2516 767 Petrus
2564 708 2790 762 Ursonis
2827 705 2872 736 9°
2917 704 3067 757 ducis
3112 699 3273 762 ﬁlius,
3322 696 3369 749 is
3412 692 3506 763 qui

1931 819 2056 878 aput
2103 806 2452 876 Vulgaricum
2498 814 2677 869 regem
2715 798 2891 849 fuerat
2918 792 3185 846 cantatus.
3227 786 3369 840 Sane
3397 797 3504 836 non

1931 875 2226 951 absurdum
2267 893 2479 944 videtur
2524 889 2883 956 interponere,
2927 879 3194 950 quomodo
3231 875 3505 944 predictus

1935 988 2178 1041 Romano
2209 979 2470 1050 inperiale
2508 976 2785 1044 fastigium
2823 970 3123 1038 usurpavit.
3157 966 3265 1019 Leo
3297 962 3506 1017 scilicet

1933 1078 2227 1146 imperator
2266 1085 2428 1140 quem
2479 1082 2639 1136 supra
2693 1062 3132 1121 memoravimus,
3175 1056 3299 1110 dum
3349 1051 3506 1106 solito

1936 1183 2086 1224 more
2129 1166 2370 1220 navalem
2415 1161 2711 1216 exercitum
2759 1157 2812 1210 in
2859 1155 3190 1207 Sarracenos
3239 1145 3523 1203 mitteret;

1933 1261 2162 1315 etIndem
2197 1258 2460 1315 Romano,
2493 1252 2581 1322 qui
2623 1259 2747 1302 tunc
2780 1243 3072 1314 delongarii
3106 1239 3278 1295 otticio
3315 1237 3506 1304 funge-

1935 1352 2114 1414 batur,
2166 1350 2398 1418 pritnum
2448 1344 2760 1398 cductorem
2810 1337 2976 1405 ipsius
3011 1331 3282 1387 exercitus
3309 1326 3520 1381 consti-'

1938 1443 2058 1496 tuit.
2079 1441 2288 1494 lntcrea
2313 1445 2524 1492 mortuo
2545 1431 2722 1486 Leone
2748 1431 3095 1495 imperatore,
3121 1418 3510 1476 Constantinus

1937 1531 2053 1601 ejus
2095 1531 2233 1583 titius
2258 1528 2497 1598 omnium
2531 1521 2794 1577 electione
2829 1517 3110 1586 imperium
3141 1522 3220 1566 est
3254 1513 3510 1579 adeptus.

1939 1621 2038 1688 Qui
2067 1621 2248 1674 statim
2279 1619 2343 1670 ad
2374 1616 2614 1670 Romano
2641 1625 2766 1664 suos
2794 1606 3060 1676 delegavit
3091 1604 3329 1665 nuntios,
3363 1615 3512 1653 man-

1867 1706 1906 1764 Β
1937 1711 2069 1764 dans
2095 1719 2151 1763 ut
2187 1723 2291 1760 una
2316 1721 2436 1760 cum
2461 1704 2700 1757 exercitu
2733 1693 3256 1761 Constantinopolim
3297 1701 3508 1742 remea-

1938 1808 2066 1863 ret;
2129 1798 2326 1867 quibus
2375 1792 2717 1862 respondisse
2776 1786 2949 1841 fertur
3002 1797 3060 1836 se
3109 1779 3252 1834 nulla
3306 1778 3529 1830 ratione-

1937 1885 2461 1956 Constantinopolim
2511 1882 2870 1942 redditurum,
2925 1890 3099 1943 neque
3153 1888 3263 1926 sua:
3313 1870 3514 1924 dicioni

1937 1983 2462 2050 obtemperaturum,
2495 1977 2598 2031 nisi
2627 1990 2756 2031 eum
2785 1974 2834 2028 in
2859 1971 3070 2041 palaeio
3096 1969 3353 2037 majorem
3385 1973 3532 2018 cou—'

1936 2072 2202 2128 siliarium
2238 2079 2293 2124 et
2328 2068 2481 2138 quasi
2529 2077 2736 2136 patrem
2784 2064 2985 2118 coleret
3014 2079 3025 2110 τ
3053 2061 3132 2112 sin
3178 2074 3304 2110 vero
3333 2056 3510 2116 aliter,

1936 2162 2125 2233 procul
2156 2161 2320 2215 dubio
2353 2173 2473 2226 sese
2507 2157 2634 2211 totis
2667 2155 2874 2207 nisibus
2925 2166 3022 2205 suo
3075 2150 3301 2218 itrperiu
3351 2162 3514 2213 repu-

1937 2261 2223 2322 gnaturnm
2272 2247 2548 2318 promisit.
2601 2245 2722 2298 Mox
2775 2257 3006 2311 namque
3057 2241 3215 2294 verba
3260 2239 3516 2306 operibus

1937 2340 2263 2410 adimpleus,
2295 2338 2566 2391 civitatem
2605 2351 2726 2403 qua:
2770 2333 2961 2386 Avitus
2992 2329 3102 2399 (74)
3133 2327 3328 2381 dicitur
3361 2325 3537 2389 adiit,

1938 2431 2120 2500 ibique
2157 2445 2224 2483 ne
2254 2428 2450 2498 aliquis
2500 2425 2809 2478 alimoniam
2853 2418 3375 2487 Consumtitmpolim
3423 2416 3517 2470 de-

1937 2520 2106 2575 ferret
2141 2520 2355 2589 penitus
2397 2514 2696 2570 interdixit.
2740 2513 2889 2568 Unde
2920 2515 3119 2564 factum
3149 2520 3252 2569 est,
3285 2519 3338 2559 ut
3371 2507 3515 2558 cives

1937 2611 2115 2666 inedia
2145 2624 2280 2680 pene
2328 2605 2665 2673 consumpti,
2717 2601 2979 2670 imperiali
3024 2598 3248 2651 ("Ottsilin
3280 2595 3530 2650 eundem.

1937 2701 1990 2754 in
2041 2699 2251 2770 palacio
2285 2704 2344 2751 ut
2370 2701 2692 2765 exposcerat
2733 2697 3054 2760 receperunt
3090 2691 3197 2756 (an.
3228 2686 3373 2754 919).
3413 2683 3524 2748 Qui

1937 2790 2210 2844 instanter
2257 2802 2409 2841 suam
2464 2787 2629 2839 tiliam
2691 2782 3049 2837 Constantino
3106 2775 3414 2847 imperatori
3461 2776 3512 2828 itt

1935 2879 2187 2949 conjugio
2217 2879 2457 2932 tradidit.
2485 2876 2619 2931 Tum
2650 2876 2760 2944 (75)
2790 2875 2890 2928 sibi
2918 2875 3200 2940 ttihusqne
3222 2870 3335 2924 suis
3363 2869 3513 2931 ﬁliis,

1936 2972 1989 3026 id
2019 2981 2102 3026 est
2140 2969 2503 3034 Christotoro,
2555 2967 2780 3022 Sletano
2827 2978 2882 3020 ct
2924 2964 3300 3027 Constantino,
3348 2963 3518 3030 impc-

254 3050 340 3104 cis
390 3051 713 3104 monasterio
753 3050 942 3104 devote
987 3046 1309 3114 suscipiens,
1341 3042 1412 3096 ibi
1443 3042 1606 3096 vitam
1635 3039 1830 3094 ﬁnivit.
1861 3071 1905 3134 ο
1937 3062 2128 3116 ﬁalem
2175 3077 2431 3116 coronam
2481 3059 2754 3129 imposui“
2806 3057 2992 3126 simne
3043 3056 3093 3108 in
3140 3070 3246 3108 uno
3304 3050 3513 3122 pando

254 3141 468 3197 Fuerat
505 3149 732 3210 namque
759 3140 974 3209 ingenio
1005 3137 1298 3208 preclarus,
1336 3134 1622 3189 sanctitate
1649 3132 1832 3202 predi-

255 3243 377 3298 tus,
396 3233 604 3303 justitie
631 3243 861 3299 amator,
885 3231 1175 3287 elemosina
1203 3227 1450 3295 dapsilis,
1476 3226 1837 3292 omnibusque

255 3327 427 3382 bonis
473 3325 653 3380 fultus.
699 3325 826 3378 Post
865 3322 1018 3391 cujus
1047 3323 1344 3376 discessum
1375 3317 1593 3387 quidam
1617 3314 1838 3369 nobilis-

258 3421 441 3476 simus
472 3419 658 3473 Petrus
711 3425 1069 3488 cognomento
1097 3414 1405 3470 Candianus
1431 3413 1682 3466 ducatum
1714 3425 1836 3464 sus-

255 3511 508 3580 eipiens,
540 3510 706 3564 nihilo
743 3510 924 3564 minus
970 3507 1052 3563 sui
1081 3505 1385 3561 decessoris
1420 3501 1668 3571 exemplo
1704 3502 1836 3556 sub-

257 3603 438 3658 ditum
468 3602 567 3656 sibi
593 3603 845 3672 populum
874 3609 1113 3656 tractare
1151 3607 1380 3654 conatus
1413 3605 1515 3652 est.
1561 3595 1662 3650 Ubi
1706 3595 1833 3649 dum

258 3693 637 3748 Cumaelensis
691 3692 879 3747 insulae
935 3691 1183 3746 homines
1235 3687 1496 3758 quosdam
1548 3685 1836 3740 Vcneticos

259 3795 472 3840 temere
493 3785 1046 3855 comprehendissent,
1073 3785 1186 3854 ipse
1209 3797 1338 3837 vero
1379 3782 1513 3834 tanti
1557 3777 1836 3833 dedecoris

258 3878 522 3948 injuriam
569 3894 673 3932 non
724 3877 926 3941 ferens,
966 3877 1134 3931 misso
1171 3875 1297 3928 illnc
1325 3870 1566 3927 exercitu
1597 3870 1835 3939 ipsorum

262 3979 510 4029 castrum
556 3970 675 4042 igne
698 3969 1025 4035 combussit,
1079 3968 1451 4038 quosdamque
1495 3961 1706 4017 illorum
1759 3962 1837 4015 in-

263 4065 566 4126 terﬁciens,
613 4065 849 4134 reliquos
893 4063 1174 4131 utriusque
1225 4073 1388 4115 sexus
1431 4057 1499 4111 ad
1545 4055 1836 4111 Veneciam

258 4157 441 4222 duxit,
483 4157 662 4227 ibique
691 4157 895 4211 tamdiu
921 4156 1066 4226 ipsos
1097 4154 1348 4216 detinuit,
1377 4152 1550 4205 donec
1577 4162 1697 4203 sese
1722 4162 1834 4202 suae

257 4247 465 4302 dicioni
519 4247 976 4302 sacramentorum
1009 4245 1112 4300 ﬁde
1139 4243 1433 4299 subderent
1458 4251 1514 4296 et
1543 4249 1603 4294 ut
1631 4238 1834 4309 proprii

258 4338 367 4394 sibi
403 4337 652 4406 deinceps
686 4338 739 4391 in
786 4336 1035 4391 omnibus
1066 4335 1524 4403 obtemperarent.
1558 4330 1653 4384 llis
1685 4345 1840 4384 nam-

1938 3153 2178 3222 quinque
2200 3149 2360 3205 simul
2387 3152 2740 3220 imperatores
2771 3147 3084 3199 manebant.
3111 3142 3244 3197 Nam
3273 3140 3517 3196 Christo-

1937 3241 2108 3307 forus,
2140 3240 2312 3309 major
2337 3241 2580 3295 Romano
2609 3238 2770 3303 ﬁlius,
2817 3252 2924 3291 non
2968 3236 3054 3289 diu
3085 3235 3292 3298 vivens,
3341 3233 3514 3303 impe-

1940 3334 2080 3389 rium
2125 3349 2246 3389 cum
2286 3327 2394 3386 vt'ta
2431 3329 2662 3401 perdidit
2693 3331 2803 3398 (an.
2835 3326 2982 3398 99.0).
3017 3325 3111 3379 llis
3140 3326 3328 3378 diebus
3367 3338 3516 3379 mor-

1940 3435 2033 3481 tuo
2079 3425 2238 3480 Petro
2281 3425 2419 3478 duce
2466 3420 2791 3484 Badavario,
2845 3419 2935 3487 qui
2994 3423 3207 3470 rexerat
3260 3416 3530 3469 ducatum-

1941 3519 2096 3572 annis
2136 3518 2191 3582 5,
2228 3515 2487 3571 successit
2533 3513 2727 3567 Petrus
2773 3511 2818 3546 9‘
2877 3509 3208 3572 Candiauus,
3260 3505 3516 3560 antedicti

1939 3607 2083 3662 Petri
2116 3609 2268 3660 ducis
2298 3606 2460 3658 ﬁlius.
2491 3601 2724 3657 Predicti
2772 3615 3008 3668 namque
3045 3608 3300 3667 quattuor
3350 3594 3534 3663 impe-

1938 3706 2152 3750 ratores
2197 3697 2337 3748 inter
2363 3709 2419 3747 se
2449 3693 2662 3746 animos
2693 3699 3073 3759 repugnantes,
3106 3689 3230 3739 dum
3261 3684 3520 3739 Stetanus

1942 3795 1997 3840 et
2023 3785 2410 3841 Constantinus
2452 3783 2649 3837 fratres
2691 3798 2844 3836 suum
2885 3789 3170 3849 cognatum
3204 3777 3516 3831 Constanti-

1939 3894 2068 3933 num
2111 3877 2357 3931 occidere
2411 3875 2755 3937 molirentur,
2810 3873 3220 3926 interdicentem
3277 3870 3520 3922 ltotnano

1939 3977 2144 4038 patrem
2176 3967 2438 4020 violenter
2467 3965 2791 4017 monachum
2826 3961 3072 4016 effectum
3095 4001 3107 4024 ,
3155 3969 3284 4030 aput
3317 3958 3520 4012 insulas

1941 4070 2063 4126 quae
2109 4054 2388 4109 Paonaria:
2439 4053 2549 4122 (76)
2595 4060 2972 4120 nuncupantur
3013 4050 3176 4104 exilio
3221 4050 3532 4103 dantnavem

1938 4154 2083 4199 runt.
2118 4145 2231 4198 [loc
2266 4143 2499 4212 denique
2547 4149 2772 4212 paterno
2816 4141 3018 4195 scelere
3046 4148 3276 4208 patrato,
3318 4138 3516 4199 iterum
3603 4132 3606 4135 ’

1937 4233 2171 4303 qualiter
2227 4233 2530 4303 predictum
2585 4232 2997 4286 Constantintun
3061 4231 3286 4298 perdere
3338 4226 3520 4282 conati

1944 4333 2070 4377 sunt
2095 4321 2377 4376 intimaho.
2404 4320 2639 4388 Antiqua
2671 4319 2869 4374 etenim
2912 4319 3246 4373 consuetudo
3285 4319 3338 4372 in
3379 4318 3519 4371 Con-

258 4443 371 4498 que
396 4405 828 4498 diebusquidam
864 4426 1187 4483 Olivolensis
1213 4424 1499 4494 episcopus
1528 4421 1838 4476 Dominicus
1869 4405 1914 4463 Ι)
1943 4413 2428 4484 stantinopolitano
2463 4411 2672 4481 palaeio
2712 4411 2876 4465 fuisse
2919 4410 3112 4474 fertur,
3145 4425 3254 4480 quo
3289 4410 3521 4480 quisque

258 4519 485 4572 nomine
511 4518 794 4572 defunctus
819 4527 924 4582 est,
960 4531 1120 4586 quem
1149 4515 1410 4570 successit
1439 4513 1654 4575 Petrus,
1690 4510 1835 4567 Petri

224 4622 228 4629 ·
266 4609 468 4663 tribuni
485 4607 656 4661 titius.
681 4609 1000 4662 Antedictus
1022 4621 1150 4661 vero
1178 4607 1369 4661 Petrus
1394 4603 1706 4658 Candianus
1730 4602 1836 4655 dux

261 4715 422 4754 suum
469 4700 720 4754 dilectum
765 4701 1084 4769 equivocum
1118 4699 1283 4752 ﬁlium
1312 4693 1833 4764 ConstantinOpolim

258 4792 329 4846 ad
361 4791 776 4847 Constantinum
807 4799 860 4846 et
888 4790 1132 4847 Romano
1179 4789 1533 4858 imperatores
1577 4785 1830 4840 transmi-

1944 4511 2240 4581 imperator
2265 4509 2466 4564 milites
2498 4508 2606 4562 illic
2645 4508 2872 4561 haberet
2911 4505 3000 4574 qui
3039 4506 3306 4575 palatinas
3355 4519 3534 4557 cacus

1944 4603 2062 4657 bias
2102 4611 2247 4656 sorte
2290 4610 2634 4671 peragerent,
2670 4614 2805 4668 quos
2845 4599 3026 4654 Eolica
3071 4599 3250 4666 lingua
3289 4597 3520 4650 littorias

1936 4693 2054 4764 (77)
2107 4691 2370 4746 nominat.
2413 4693 2658 4760 Cumque
2691 4699 2798 4743 tres
2829 4689 2987 4742 simul
3021 4687 3112 4741 illo
3146 4697 3384 4755 tempore
3422 4685 3522 4737 im-

1937 4785 2145 4854 perium
2179 4782 2566 4853 gubernarent,
2593 4782 2963 4851 unusquisque
2993 4780 3205 4833 illorum
3233 4780 3283 4832 in
3312 4777 3520 4847 palacio

1536 4897 1770 4956 γΑιιιιΕ
1797 4896 2209 4976 Leone-aes.

325 5001 371 5031 ⁸⁷
398 5016 493 5053 vox
533 5000 885 5066 suprascripta
925 4999 974 5052 l.

250 5087 458 5139 praser.
501 5063 660 5123 manu
701 5063 975 5139 recentiori
1010 5063 1424 5123 Xltllcxxxvu

252 5137 530 5194 recentiori
581 5137 859 5193 VllllCXL.

462 5317 710 5412 lito-vdes.

345 5388 432 5412 'l::\
462 5386 519 5412 Il:
545 5386 673 5412 ul“...

702 5383 889 5412 ..Λιιθηι-
911 5383 931 5412 1
955 5384 1234 5412 :...I_..-..A:
1263 5387 1624 5412 nA-nnl:-nA-\1
1681 5381 1806 5412 Anln

1074 4998 1120 5030 ⁸⁸
1156 4995 1308 5050 lllum
1341 4994 1577 5050 additum
1609 5001 1707 5053 est,
1749 4992 1838 5044 sed
1879 4993 2041 5060 signis
2090 4989 2366 5056 suppositis
2401 4988 2679 5060 indicatur,
2708 5002 2810 5060 non
2841 4981 3278 5060 essentegendum.

1530 5065 1577 5097 ’θ
1609 5054 2017 5131 suprascriptum
2064 5054 2231 5118 manu
2268 5057 2537 5112 recentiori
2575 5054 2861 5109 Battuario.

3366 4977 3411 5010 ⁸9
3434 4993 3532 5030 su-

2959 5050 3001 5080 “
3047 5065 3315 5118 suprascr.
3363 5063 3534 5102 manu

1772 5178 1986 5262 nor/t1

2010 5312 2136 5390 (77)
2177 5308 2429 5390 fortasse
2460 5321 2489 5357 a
2517 5303 2708 5390 Latina
2757 5295 3110 5390 νοςοᾳιζειοτι
3159 5292 3351 5351 Grzeco
3384 5307 3564 5390 more,

1943 5365 2258 5412 !!_‘nmlnn|;c
2291 5378 2478 5412 int'lovn
2533 5372 2693 5412 voluti
2724 5365 3213 5412 νηηπιδοῦκτωοαε.
3257 5365 3538 5412 mmm'du-
