  <div class='ocr_page' id='page_1' title='image "/cluster/home/n/w/nwhite01/storage/ocr_20150623/139/hvd.32044015471782/463.png"; bbox 0 0 4108 5412; ppageno 0'>
   <div class='ocr_carea' id='block_1_1' title="bbox 565 240 700 317">
    <p class='ocr_par' dir='ltr' id='par_1_1' title="bbox 565 240 700 317">
     <span class='ocr_line' id='line_1_1' title="bbox 565 240 700 317; baseline 0.007 -1"><span class='ocrx_word' id='word_1_1' title='bbox 565 240 700 317; x_wconf 75' lang='lat' dir='ltr'><strong>sts&#39;</strong></span> 
     </span>
    </p>
   </div>
   <div class='ocr_carea' id='block_1_2' title="bbox 1807 273 2658 349">
    <p class='ocr_par' dir='ltr' id='par_1_2' title="bbox 1807 273 2658 349">
     <span class='ocr_line' id='line_1_2' title="bbox 1807 273 2658 349; baseline 0.008 -17"><span class='ocrx_word' id='word_1_2' title='bbox 1807 273 2090 334; x_wconf 71' lang='lat' dir='ltr'><strong>JOANNIS</strong></span> <span class='ocrx_word' id='word_1_3' title='bbox 2114 274 2386 337; x_wconf 71' lang='lat' dir='ltr'><strong>DlACONl</strong></span> <span class='ocrx_word' id='word_1_4' title='bbox 2408 276 2658 349; x_wconf 68' lang='lat' dir='ltr'><strong>VENETI</strong></span> 
     </span>
    </p>
   </div>
   <div class='ocr_carea' id='block_1_3' title="bbox 3722 284 3833 344">
    <p class='ocr_par' dir='ltr' id='par_1_3' title="bbox 3722 284 3833 344">
     <span class='ocr_line' id='line_1_3' title="bbox 3722 284 3833 344; baseline 0.018 -3"><span class='ocrx_word' id='word_1_5' title='bbox 3722 284 3833 344; x_wconf 68' lang='grc' dir='ltr'><strong>διε</strong></span> 
     </span>
    </p>
   </div>
   <div class='ocr_carea' id='block_1_4' title="bbox 571 373 3831 470">
    <p class='ocr_par' dir='ltr' id='par_1_4' title="bbox 571 373 3831 470">
     <span class='ocr_line' id='line_1_4' title="bbox 571 373 3831 470; baseline 0.009 -41"><span class='ocrx_word' id='word_1_6' title='bbox 571 373 736 470; x_wconf 64' lang='lat' dir='ltr'><strong>tutius</strong></span> <span class='ocrx_word' id='word_1_7' title='bbox 759 373 1092 470; x_wconf 79' lang='lat' dir='ltr'><strong>conditionis</strong></span> <span class='ocrx_word' id='word_1_8' title='bbox 1125 379 1381 453; x_wconf 86' lang='lat' dir='ltr'><strong>proprios</strong></span> <span class='ocrx_word' id='word_1_9' title='bbox 1413 380 1613 443; x_wconf 89' lang='lat' dir='ltr'><strong>milites</strong></span> <span class='ocrx_word' id='word_1_10' title='bbox 1650 384 1907 445; x_wconf 75' lang='lat' dir='ltr'><strong>habebat.</strong></span> <span class='ocrx_word' id='word_1_11' title='bbox 1939 390 2147 460; x_wconf 84' lang='lat' dir='ltr'><strong>Quibus</strong></span> <span class='ocrx_word' id='word_1_12' title='bbox 2172 393 2223 454; x_wconf 80' lang='grc' dir='ltr'>Α</span> <span class='ocrx_word' id='word_1_13' title='bbox 2250 392 2392 449; x_wconf 87' lang='lat' dir='ltr'><strong>illam</strong></span> <span class='ocrx_word' id='word_1_14' title='bbox 2421 395 2612 453; x_wconf 79' lang='lat' dir='ltr'><strong>ordine</strong></span> <span class='ocrx_word' id='word_1_15' title='bbox 2639 405 2906 468; x_wconf 88' lang='lat' dir='ltr'><strong>repetere.</strong></span> <span class='ocrx_word' id='word_1_16' title='bbox 2938 396 3104 470; x_wconf 90' lang='lat' dir='ltr'><strong>lgitur</strong></span> <span class='ocrx_word' id='word_1_17' title='bbox 3131 396 3322 454; x_wconf 82' lang='lat' dir='ltr'><strong>Petrus</strong></span> <span class='ocrx_word' id='word_1_18' title='bbox 3351 396 3665 458; x_wconf 88' lang='lat' dir='ltr'><strong>Candianus</strong></span> <span class='ocrx_word' id='word_1_19' title='bbox 3687 400 3831 470; x_wconf 67' lang='lat' dir='ltr'><strong>dux,</strong></span> 
     </span>
    </p>
   </div>
   <div class='ocr_carea' id='block_1_5' title="bbox 566 463 2145 550">
    <p class='ocr_par' dir='ltr' id='par_1_5' title="bbox 566 463 2145 550">
     <span class='ocr_line' id='line_1_5' title="bbox 566 463 2145 550; baseline 0.014 -34"><span class='ocrx_word' id='word_1_20' title='bbox 566 463 825 521; x_wconf 88' lang='lat' dir='ltr'><strong>omnibus</strong></span> <span class='ocrx_word' id='word_1_21' title='bbox 855 467 1074 539; x_wconf 90' lang='lat' dir='ltr'><strong>quidam</strong></span> <span class='ocrx_word' id='word_1_22' title='bbox 1107 472 1388 532; x_wconf 83' lang='lat' dir='ltr'><strong>eunuchus</strong></span> <span class='ocrx_word' id='word_1_23' title='bbox 1432 473 1619 540; x_wconf 86' lang='lat' dir='ltr'><strong>Gallus</strong></span> <span class='ocrx_word' id='word_1_24' title='bbox 1658 478 1879 539; x_wconf 83' lang='lat' dir='ltr'><strong>nomine</strong></span> <span class='ocrx_word' id='word_1_25' title='bbox 1910 491 2145 550; x_wconf 87' lang='lat' dir='ltr'><strong>preerat,</strong></span> 
     </span>
    </p>
   </div>
   <div class='ocr_carea' id='block_1_6' title="bbox 568 558 2149 633">
    <p class='ocr_par' dir='ltr' id='par_1_6' title="bbox 568 558 2149 633">
     <span class='ocr_line' id='line_1_6' title="bbox 568 558 2149 633; baseline 0.012 -22"><span class='ocrx_word' id='word_1_26' title='bbox 568 570 694 615; x_wconf 74' lang='lat' dir='ltr'><strong>eum</strong></span> <span class='ocrx_word' id='word_1_27' title='bbox 727 570 836 627; x_wconf 86' lang='lat' dir='ltr'><strong>quo</strong></span> <span class='ocrx_word' id='word_1_28' title='bbox 865 560 1102 629; x_wconf 83' lang='lat' dir='ltr'><strong>quadam</strong></span> <span class='ocrx_word' id='word_1_29' title='bbox 1125 560 1214 621; x_wconf 85' lang='lat' dir='ltr'><strong>die</strong></span> <span class='ocrx_word' id='word_1_30' title='bbox 1243 563 1348 620; x_wconf 91' lang='lat' dir='ltr'><strong>duo</strong></span> <span class='ocrx_word' id='word_1_31' title='bbox 1375 563 1592 633; x_wconf 81' lang='lat' dir='ltr'><strong>fratres,</strong></span> <span class='ocrx_word' id='word_1_32' title='bbox 1617 567 1668 627; x_wconf 90' lang='lat' dir='ltr'><strong>id</strong></span> <span class='ocrx_word' id='word_1_33' title='bbox 1694 578 1777 624; x_wconf 86' lang='lat' dir='ltr'><strong>est</strong></span> <span class='ocrx_word' id='word_1_34' title='bbox 1799 558 2059 629; x_wconf 78' lang='lat' dir='ltr'><strong>Stel’auus</strong></span> <span class='ocrx_word' id='word_1_35' title='bbox 2094 584 2149 631; x_wconf 89' lang='lat' dir='ltr'><strong>et</strong></span> 
     </span>
    </p>
   </div>
   <div class='ocr_carea' id='block_1_7' title="bbox 571 646 2149 728">
    <p class='ocr_par' dir='ltr' id='par_1_7' title="bbox 571 646 2149 728">
     <span class='ocr_line' id='line_1_7' title="bbox 571 646 2149 728; baseline 0.012 -26"><span class='ocrx_word' id='word_1_36' title='bbox 571 646 987 712; x_wconf 67' lang='lat' dir='ltr'><strong>Constantinus.</strong></span> <span class='ocrx_word' id='word_1_37' title='bbox 1010 650 1152 710; x_wconf 87' lang='lat' dir='ltr'><strong>clam</strong></span> <span class='ocrx_word' id='word_1_38' title='bbox 1177 653 1273 709; x_wconf 90' lang='lat' dir='ltr'><strong>tali</strong></span> <span class='ocrx_word' id='word_1_39' title='bbox 1296 656 1486 714; x_wconf 88' lang='lat' dir='ltr'><strong>ordine</strong></span> <span class='ocrx_word' id='word_1_40' title='bbox 1512 650 1781 724; x_wconf 82' lang='lat' dir='ltr'><strong>censiliati</strong></span> <span class='ocrx_word' id='word_1_41' title='bbox 1812 672 1966 728; x_wconf 87' lang='lat' dir='ltr'><strong>sunt,</strong></span> <span class='ocrx_word' id='word_1_42' title='bbox 1996 665 2149 720; x_wconf 83' lang='lat' dir='ltr'><strong>vide-</strong></span> 
     </span>
    </p>
   </div>
   <div class='ocr_carea' id='block_1_8' title="bbox 559 737 2149 825">
    <p class='ocr_par' dir='ltr' id='par_1_8' title="bbox 559 737 2149 825">
     <span class='ocr_line' id='line_1_8' title="bbox 559 737 2149 825; baseline 0.014 -35"><span class='ocrx_word' id='word_1_43' title='bbox 559 737 699 818; x_wconf 80' lang='lat' dir='ltr'><strong>licet</strong></span> <span class='ocrx_word' id='word_1_44' title='bbox 746 739 873 825; x_wconf 82' lang='lat' dir='ltr'><strong>dum</strong></span> <span class='ocrx_word' id='word_1_45' title='bbox 921 741 1083 797; x_wconf 82' lang='lat' dir='ltr'><strong>simul</strong></span> <span class='ocrx_word' id='word_1_46' title='bbox 1135 743 1297 800; x_wconf 91' lang='lat' dir='ltr'><strong>solito</strong></span> <span class='ocrx_word' id='word_1_47' title='bbox 1335 746 1381 779; x_wconf 84' lang='grc'><strong>⁶¹</strong></span> <span class='ocrx_word' id='word_1_48' title='bbox 1416 750 1484 802; x_wconf 89' lang='lat' dir='ltr'><strong>ad</strong></span> <span class='ocrx_word' id='word_1_49' title='bbox 1523 764 1766 813; x_wconf 77' lang='lat' dir='ltr'><strong>mensam</strong></span> <span class='ocrx_word' id='word_1_50' title='bbox 1796 755 2149 811; x_wconf 71' lang='lat' dir='ltr'><strong>convenirent</strong></span> 
     </span>
    </p>
   </div>
   <div class='ocr_carea' id='block_1_9' title="bbox 559 828 2150 907">
    <p class='ocr_par' dir='ltr' id='par_1_9' title="bbox 559 828 2150 907">
     <span class='ocr_line' id='line_1_9' title="bbox 559 828 2150 907; baseline 0.016 -30"><span class='ocrx_word' id='word_1_51' title='bbox 559 833 615 885; x_wconf 80' lang='lat' dir='ltr'><strong>et</strong></span> <span class='ocrx_word' id='word_1_52' title='bbox 649 828 800 889; x_wconf 84' lang='lat' dir='ltr'><strong>duris</strong></span> <span class='ocrx_word' id='word_1_53' title='bbox 829 834 1173 891; x_wconf 79' lang='lat' dir='ltr'><strong>sermonibus</strong></span> <span class='ocrx_word' id='word_1_54' title='bbox 1216 830 1523 907; x_wconf 82' lang='lat' dir='ltr'><strong>cognatum</strong></span> <span class='ocrx_word' id='word_1_55' title='bbox 1559 840 1975 903; x_wconf 86' lang='lat' dir='ltr'><strong>Constantinum</strong></span> <span class='ocrx_word' id='word_1_56' title='bbox 2018 861 2150 902; x_wconf 66' lang='lat' dir='ltr'><strong>eaa-</strong></span> 
     </span>
    </p>
   </div>
   <div class='ocr_carea' id='block_1_10' title="bbox 567 927 2146 1006">
    <p class='ocr_par' dir='ltr' id='par_1_10' title="bbox 567 927 2146 1006">
     <span class='ocr_line' id='line_1_10' title="bbox 567 927 2146 1006; baseline 0.015 -37"><span class='ocrx_word' id='word_1_57' title='bbox 567 929 875 989; x_wconf 80' lang='lat' dir='ltr'><strong>sperareut,</strong></span> <span class='ocrx_word' id='word_1_58' title='bbox 903 937 1029 976; x_wconf 82' lang='lat' dir='ltr'><strong>mox</strong></span> <span class='ocrx_word' id='word_1_59' title='bbox 1054 932 1112 976; x_wconf 84' lang='grc' dir='ltr'><strong>ιιι</strong></span> <span class='ocrx_word' id='word_1_60' title='bbox 1137 927 1453 990; x_wconf 78' lang='lat' dir='ltr'><strong>condictum</strong></span> <span class='ocrx_word' id='word_1_61' title='bbox 1479 929 1739 990; x_wconf 82' lang='lat' dir='ltr'><strong>iudicium</strong></span> <span class='ocrx_word' id='word_1_62' title='bbox 1779 936 2041 1006; x_wconf 87' lang='lat' dir='ltr'><strong>magister</strong></span> <span class='ocrx_word' id='word_1_63' title='bbox 2077 938 2146 992; x_wconf 89' lang='lat' dir='ltr'><strong>ab</strong></span> 
     </span>
    </p>
   </div>
   <div class='ocr_carea' id='block_1_11' title="bbox 566 1008 2157 1098">
    <p class='ocr_par' dir='ltr' id='par_1_11' title="bbox 566 1008 2157 1098">
     <span class='ocr_line' id='line_1_11' title="bbox 566 1008 2157 1098; baseline 0.015 -36"><span class='ocrx_word' id='word_1_64' title='bbox 566 1008 676 1065; x_wconf 79' lang='lat' dir='ltr'><strong>illis</strong></span> <span class='ocrx_word' id='word_1_65' title='bbox 726 1011 992 1081; x_wconf 79' lang='lat' dir='ltr'><strong>sentiret,</strong></span> <span class='ocrx_word' id='word_1_66' title='bbox 1050 1019 1286 1090; x_wconf 76' lang='lat' dir='ltr'><strong>propriis</strong></span> <span class='ocrx_word' id='word_1_67' title='bbox 1321 1022 1604 1098; x_wconf 82' lang='lat' dir='ltr'><strong>militibus</strong></span> <span class='ocrx_word' id='word_1_68' title='bbox 1654 1027 1862 1083; x_wconf 87' lang='lat' dir='ltr'><strong>aditum</strong></span> <span class='ocrx_word' id='word_1_69' title='bbox 1913 1032 2157 1093; x_wconf 65' lang='lat' dir='ltr'><strong>exeundi,</strong></span> 
     </span>
    </p>
   </div>
   <div class='ocr_carea' id='block_1_12' title="bbox 566 1104 2150 1193">
    <p class='ocr_par' dir='ltr' id='par_1_12' title="bbox 566 1104 2150 1193">
     <span class='ocr_line' id='line_1_12' title="bbox 566 1104 2150 1193; baseline 0.011 -33"><span class='ocrx_word' id='word_1_70' title='bbox 566 1104 855 1174; x_wconf 81' lang='lat' dir='ltr'><strong>panderet,</strong></span> <span class='ocrx_word' id='word_1_71' title='bbox 886 1109 976 1179; x_wconf 88' lang='lat' dir='ltr'><strong>qui</strong></span> <span class='ocrx_word' id='word_1_72' title='bbox 1009 1113 1259 1175; x_wconf 83' lang='lat' dir='ltr'><strong>eumdem</strong></span> <span class='ocrx_word' id='word_1_73' title='bbox 1283 1110 1699 1193; x_wconf 79' lang='lat' dir='ltr'><strong>Constantinum</strong></span> <span class='ocrx_word' id='word_1_74' title='bbox 1724 1119 1817 1182; x_wconf 83' lang='lat' dir='ltr'><strong>vel</strong></span> <span class='ocrx_word' id='word_1_75' title='bbox 1832 1122 2150 1191; x_wconf 81' lang='lat' dir='ltr'><strong>exstingue-</strong></span> 
     </span>
    </p>
   </div>
   <div class='ocr_carea' id='block_1_13' title="bbox 568 1198 2148 1277">
    <p class='ocr_par' dir='ltr' id='par_1_13' title="bbox 568 1198 2148 1277">
     <span class='ocr_line' id='line_1_13' title="bbox 568 1198 2148 1277; baseline 0.012 -25"><span class='ocrx_word' id='word_1_76' title='bbox 568 1207 695 1271; x_wconf 82' lang='lat' dir='ltr'><strong>rent</strong></span> <span class='ocrx_word' id='word_1_77' title='bbox 723 1198 810 1260; x_wconf 76' lang='lat' dir='ltr'><strong>vel</strong></span> <span class='ocrx_word' id='word_1_78' title='bbox 836 1198 905 1261; x_wconf 87' lang='lat' dir='ltr'><strong>de</strong></span> <span class='ocrx_word' id='word_1_79' title='bbox 928 1201 1142 1271; x_wconf 87' lang='lat' dir='ltr'><strong>palaciu</strong></span> <span class='ocrx_word' id='word_1_80' title='bbox 1191 1207 1421 1277; x_wconf 80' lang='lat' dir='ltr'><strong>turpiter</strong></span> <span class='ocrx_word' id='word_1_81' title='bbox 1465 1208 1832 1277; x_wconf 84' lang='lat' dir='ltr'><strong>elitninarent,</strong></span> <span class='ocrx_word' id='word_1_82' title='bbox 1879 1211 2148 1271; x_wconf 75' lang='lat' dir='ltr'><strong>Constan-</strong></span> 
     </span>
    </p>
   </div>
   <div class='ocr_carea' id='block_1_14' title="bbox 574 1288 2161 1372">
    <p class='ocr_par' dir='ltr' id='par_1_14' title="bbox 574 1288 2161 1372">
     <span class='ocr_line' id='line_1_14' title="bbox 574 1288 2161 1372; baseline 0.012 -29"><span class='ocrx_word' id='word_1_83' title='bbox 574 1288 677 1350; x_wconf 90' lang='lat' dir='ltr'><strong>tini</strong></span> <span class='ocrx_word' id='word_1_84' title='bbox 705 1293 1145 1363; x_wconf 83' lang='lat' dir='ltr'><strong>veromilitibus,</strong></span> <span class='ocrx_word' id='word_1_85' title='bbox 1191 1313 1260 1356; x_wconf 89' lang='lat' dir='ltr'><strong>ne</strong></span> <span class='ocrx_word' id='word_1_86' title='bbox 1289 1300 1389 1354; x_wconf 83' lang='lat' dir='ltr'><strong>sibi</strong></span> <span class='ocrx_word' id='word_1_87' title='bbox 1424 1299 1607 1356; x_wconf 80' lang='lat' dir='ltr'><strong>favere</strong></span> <span class='ocrx_word' id='word_1_88' title='bbox 1650 1311 1891 1372; x_wconf 84' lang='lat' dir='ltr'><strong>possent,</strong></span> <span class='ocrx_word' id='word_1_89' title='bbox 1942 1305 2161 1367; x_wconf 76' lang='lat' dir='ltr'><strong>aditum</strong></span> 
     </span>
    </p>
   </div>
   <div class='ocr_carea' id='block_1_15' title="bbox 573 1382 2152 1464">
    <p class='ocr_par' dir='ltr' id='par_1_15' title="bbox 573 1382 2152 1464">
     <span class='ocr_line' id='line_1_15' title="bbox 573 1382 2152 1464; baseline 0.01 -28"><span class='ocrx_word' id='word_1_90' title='bbox 573 1382 954 1441; x_wconf 81' lang='lat' dir='ltr'><strong>interdiceret.</strong></span> <span class='ocrx_word' id='word_1_91' title='bbox 994 1386 1149 1457; x_wconf 87' lang='lat' dir='ltr'><strong>Quod</strong></span> <span class='ocrx_word' id='word_1_92' title='bbox 1189 1391 1467 1464; x_wconf 67' lang='lat' dir='ltr'><strong>predictus</strong></span> <span class='ocrx_word' id='word_1_93' title='bbox 1503 1394 1689 1451; x_wconf 80' lang='lat' dir='ltr'><strong>Gallus</strong></span> <span class='ocrx_word' id='word_1_94' title='bbox 1718 1394 1952 1456; x_wconf 81' lang='lat' dir='ltr'><strong>libenter</strong></span> <span class='ocrx_word' id='word_1_95' title='bbox 1978 1398 2152 1452; x_wconf 86' lang='lat' dir='ltr'><strong>adim-</strong></span> 
     </span>
    </p>
   </div>
   <div class='ocr_carea' id='block_1_16' title="bbox 568 1472 2153 1557">
    <p class='ocr_par' dir='ltr' id='par_1_16' title="bbox 568 1472 2153 1557">
     <span class='ocr_line' id='line_1_16' title="bbox 568 1472 2153 1557; baseline 0.01 -30"><span class='ocrx_word' id='word_1_96' title='bbox 568 1472 721 1544; x_wconf 72' lang='lat' dir='ltr'><strong>plere</strong></span> <span class='ocrx_word' id='word_1_97' title='bbox 762 1477 1034 1546; x_wconf 85' lang='lat' dir='ltr'><strong>promisit.</strong></span> <span class='ocrx_word' id='word_1_98' title='bbox 1082 1479 1189 1535; x_wconf 90' lang='lat' dir='ltr'><strong>Sed</strong></span> <span class='ocrx_word' id='word_1_99' title='bbox 1234 1481 1328 1537; x_wconf 73' lang='lat' dir='ltr'><strong>Dei</strong></span> <span class='ocrx_word' id='word_1_100' title='bbox 1370 1483 1416 1514; x_wconf 80' lang='lat'><strong>”</strong></span> <span class='ocrx_word' id='word_1_101' title='bbox 1452 1485 1797 1557; x_wconf 70' lang='lat' dir='ltr'><strong>providenda</strong></span> <span class='ocrx_word' id='word_1_102' title='bbox 1842 1487 1934 1557; x_wconf 86' lang='lat' dir='ltr'><strong>qui</strong></span> <span class='ocrx_word' id='word_1_103' title='bbox 1977 1487 2153 1553; x_wconf 82' lang='lat' dir='ltr'><strong>illum,</strong></span> 
     </span>
    </p>
   </div>
   <div class='ocr_carea' id='block_1_17' title="bbox 571 1564 2151 1646">
    <p class='ocr_par' dir='ltr' id='par_1_17' title="bbox 571 1564 2151 1646">
     <span class='ocr_line' id='line_1_17' title="bbox 571 1564 2151 1646; baseline 0.009 -24"><span class='ocrx_word' id='word_1_104' title='bbox 571 1564 781 1634; x_wconf 68' lang='lat' dir='ltr'><strong>scilicet</strong></span> <span class='ocrx_word' id='word_1_105' title='bbox 818 1567 1258 1638; x_wconf 85' lang='lat' dir='ltr'><strong>Constantinum,</strong></span> <span class='ocrx_word' id='word_1_106' title='bbox 1300 1573 1569 1644; x_wconf 79' lang='lat' dir='ltr'><strong>imperare</strong></span> <span class='ocrx_word' id='word_1_107' title='bbox 1606 1577 1971 1646; x_wconf 69' lang='lat' dir='ltr'><strong>disposuerat,</strong></span> <span class='ocrx_word' id='word_1_108' title='bbox 2008 1579 2151 1636; x_wconf 81' lang='lat' dir='ltr'><strong>hanc</strong></span> 
     </span>
    </p>
   </div>
   <div class='ocr_carea' id='block_1_18' title="bbox 571 1656 2148 1732">
    <p class='ocr_par' dir='ltr' id='par_1_18' title="bbox 571 1656 2148 1732">
     <span class='ocr_line' id='line_1_18' title="bbox 571 1656 2148 1732; baseline 0.006 -19"><span class='ocrx_word' id='word_1_109' title='bbox 571 1656 868 1728; x_wconf 69' lang='lat' dir='ltr'><strong>malignam</strong></span> <span class='ocrx_word' id='word_1_110' title='bbox 902 1661 1375 1732; x_wconf 85' lang='lat' dir='ltr'><strong>conspiracioucm</strong></span> <span class='ocrx_word' id='word_1_111' title='bbox 1410 1664 1582 1721; x_wconf 90' lang='lat' dir='ltr'><strong>noluit</strong></span> <span class='ocrx_word' id='word_1_112' title='bbox 1618 1666 1722 1722; x_wconf 83' lang='lat' dir='ltr'><strong>sibi</strong></span> <span class='ocrx_word' id='word_1_113' title='bbox 1753 1667 1941 1724; x_wconf 77' lang='lat' dir='ltr'><strong>latere.</strong></span> <span class='ocrx_word' id='word_1_114' title='bbox 1974 1669 2148 1729; x_wconf 83' lang='lat' dir='ltr'><strong>isdem</strong></span> 
     </span>
    </p>
   </div>
   <div class='ocr_carea' id='block_1_19' title="bbox 568 1722 2227 1825">
    <p class='ocr_par' dir='ltr' id='par_1_19' title="bbox 568 1722 2227 1825">
     <span class='ocr_line' id='line_1_19' title="bbox 568 1722 2227 1825; baseline 0.012 -28"><span class='ocrx_word' id='word_1_115' title='bbox 568 1760 704 1803; x_wconf 74' lang='lat' dir='ltr'><strong>vero</strong></span> <span class='ocrx_word' id='word_1_116' title='bbox 731 1746 939 1817; x_wconf 76' lang='lat' dir='ltr'><strong>Callus,</strong></span> <span class='ocrx_word' id='word_1_117' title='bbox 970 1722 1153 1807; x_wconf 69' lang='lat' dir='ltr'><strong>divina</strong></span> <span class='ocrx_word' id='word_1_118' title='bbox 1183 1752 1564 1825; x_wconf 85' lang='lat' dir='ltr'><strong>inspiratione,</strong></span> <span class='ocrx_word' id='word_1_119' title='bbox 1593 1773 1716 1813; x_wconf 78' lang='lat' dir='ltr'><strong>mox</strong></span> <span class='ocrx_word' id='word_1_120' title='bbox 1741 1749 2150 1817; x_wconf 48' lang='lat' dir='ltr'><strong>creditum&#39;sibi</strong></span> <span class='ocrx_word' id='word_1_121' title='bbox 2184 1722 2227 1784; x_wconf 62' lang='grc' dir='ltr'><strong>Β</strong></span> 
     </span>
    </p>
   </div>
   <div class='ocr_carea' id='block_1_20' title="bbox 571 1840 2149 1923">
    <p class='ocr_par' dir='ltr' id='par_1_20' title="bbox 571 1840 2149 1923">
     <span class='ocr_line' id='line_1_20' title="bbox 571 1840 2149 1923; baseline 0.004 -22"><span class='ocrx_word' id='word_1_122' title='bbox 571 1840 869 1902; x_wconf 68' lang='lat' dir='ltr'><strong>consilium</strong></span> <span class='ocrx_word' id='word_1_123' title='bbox 902 1842 1263 1908; x_wconf 81' lang='lat' dir='ltr'><strong>Constantino</strong></span> <span class='ocrx_word' id='word_1_124' title='bbox 1292 1849 1526 1919; x_wconf 87' lang='lat' dir='ltr'><strong>prodere</strong></span> <span class='ocrx_word' id='word_1_125' title='bbox 1564 1851 1790 1915; x_wconf 78' lang='lat' dir='ltr'><strong>studuit,</strong></span> <span class='ocrx_word' id='word_1_126' title='bbox 1828 1853 2149 1923; x_wconf 87' lang='lat' dir='ltr'><strong>spopondit-</strong></span> 
     </span>
    </p>
   </div>
   <div class='ocr_carea' id='block_1_21' title="bbox 567 1931 2149 2014">
    <p class='ocr_par' dir='ltr' id='par_1_21' title="bbox 567 1931 2149 2014">
     <span class='ocr_line' id='line_1_21' title="bbox 567 1931 2149 2014; baseline 0.009 -30"><span class='ocrx_word' id='word_1_127' title='bbox 567 1943 678 1999; x_wconf 78' lang='lat' dir='ltr'><strong>que</strong></span> <span class='ocrx_word' id='word_1_128' title='bbox 706 1938 770 1987; x_wconf 90' lang='lat' dir='ltr'><strong>ut</strong></span> <span class='ocrx_word' id='word_1_129' title='bbox 797 1931 904 1991; x_wconf 81' lang='lat' dir='ltr'><strong>illis</strong></span> <span class='ocrx_word' id='word_1_130' title='bbox 938 1933 1316 2004; x_wconf 76' lang='lat' dir='ltr'><strong>innuentibus,</strong></span> <span class='ocrx_word' id='word_1_131' title='bbox 1355 1937 1694 1995; x_wconf 82' lang='lat' dir='ltr'><strong>Constantini</strong></span> <span class='ocrx_word' id='word_1_132' title='bbox 1725 1940 1989 1998; x_wconf 88' lang='lat' dir='ltr'><strong>militibus</strong></span> <span class='ocrx_word' id='word_1_133' title='bbox 2012 1959 2149 2014; x_wconf 90' lang='lat' dir='ltr'><strong>quos</strong></span> 
     </span>
    </p>
   </div>
   <div class='ocr_carea' id='block_1_22' title="bbox 569 2021 2152 2105">
    <p class='ocr_par' dir='ltr' id='par_1_22' title="bbox 569 2021 2152 2105">
     <span class='ocr_line' id='line_1_22' title="bbox 569 2021 2152 2105; baseline 0.007 -24"><span class='ocrx_word' id='word_1_134' title='bbox 569 2021 824 2081; x_wconf 78' lang='lat' dir='ltr'><strong>claudere</strong></span> <span class='ocrx_word' id='word_1_135' title='bbox 872 2027 1200 2097; x_wconf 69' lang='lat' dir='ltr'><strong>promissast</strong></span> <span class='ocrx_word' id='word_1_136' title='bbox 1251 2032 1524 2105; x_wconf 69' lang='lat' dir='ltr'><strong>aperiret,</strong></span> <span class='ocrx_word' id='word_1_137' title='bbox 1579 2032 1905 2105; x_wconf 87' lang='lat' dir='ltr'><strong>illorumque</strong></span> <span class='ocrx_word' id='word_1_138' title='bbox 1947 2035 2152 2093; x_wconf 86' lang='lat' dir='ltr'><strong>milites</strong></span> 
     </span>
    </p>
   </div>
   <div class='ocr_carea' id='block_1_23' title="bbox 566 2113 2145 2199">
    <p class='ocr_par' dir='ltr' id='par_1_23' title="bbox 566 2113 2145 2199">
     <span class='ocr_line' id='line_1_23' title="bbox 566 2113 2145 2199; baseline 0.011 -32"><span class='ocrx_word' id='word_1_139' title='bbox 566 2113 769 2184; x_wconf 81' lang='lat' dir='ltr'><strong>quibus</strong></span> <span class='ocrx_word' id='word_1_140' title='bbox 786 2117 998 2187; x_wconf 85' lang='lat' dir='ltr'><strong>aperire</strong></span> <span class='ocrx_word' id='word_1_141' title='bbox 1023 2122 1386 2192; x_wconf 84' lang='lat' dir='ltr'><strong>spoponderat</strong></span> <span class='ocrx_word' id='word_1_142' title='bbox 1419 2125 1718 2183; x_wconf 87' lang='lat' dir='ltr'><strong>clauderet.</strong></span> <span class='ocrx_word' id='word_1_143' title='bbox 1760 2126 1913 2199; x_wconf 86' lang='lat' dir='ltr'><strong>Quod</strong></span> <span class='ocrx_word' id='word_1_144' title='bbox 1943 2128 2145 2185; x_wconf 80' lang='lat' dir='ltr'><strong>factum</strong></span> 
     </span>
    </p>
   </div>
   <div class='ocr_carea' id='block_1_24' title="bbox 569 2205 2148 2279">
    <p class='ocr_par' dir='ltr' id='par_1_24' title="bbox 569 2205 2148 2279">
     <span class='ocr_line' id='line_1_24' title="bbox 569 2205 2148 2279; baseline 0.011 -19"><span class='ocrx_word' id='word_1_145' title='bbox 569 2213 675 2261; x_wconf 74' lang='lat' dir='ltr'><strong>est.</strong></span> <span class='ocrx_word' id='word_1_146' title='bbox 701 2205 946 2278; x_wconf 83' lang='lat' dir='ltr'><strong>Cumque</strong></span> <span class='ocrx_word' id='word_1_147' title='bbox 993 2209 1045 2265; x_wconf 90' lang='lat' dir='ltr'><strong>in</strong></span> <span class='ocrx_word' id='word_1_148' title='bbox 1092 2214 1392 2269; x_wconf 87' lang='lat' dir='ltr'><strong>crastinum</strong></span> <span class='ocrx_word' id='word_1_149' title='bbox 1421 2216 1488 2271; x_wconf 84' lang='lat' dir='ltr'><strong>ad</strong></span> <span class='ocrx_word' id='word_1_150' title='bbox 1521 2232 1762 2274; x_wconf 85' lang='lat' dir='ltr'><strong>mensam</strong></span> <span class='ocrx_word' id='word_1_151' title='bbox 1793 2222 2148 2279; x_wconf 89' lang='lat' dir='ltr'><strong>convenirent</strong></span> 
     </span>
    </p>
   </div>
   <div class='ocr_carea' id='block_1_25' title="bbox 569 2300 2144 2382">
    <p class='ocr_par' dir='ltr' id='par_1_25' title="bbox 569 2300 2144 2382">
     <span class='ocr_line' id='line_1_25' title="bbox 569 2300 2144 2382; baseline 0.011 -33"><span class='ocrx_word' id='word_1_152' title='bbox 569 2300 880 2368; x_wconf 73' lang='lat' dir='ltr'><strong>qtpredicli</strong></span> <span class='ocrx_word' id='word_1_153' title='bbox 943 2302 1144 2360; x_wconf 78' lang='lat' dir='ltr'><strong>fratres</strong></span> <span class='ocrx_word' id='word_1_154' title='bbox 1196 2304 1423 2374; x_wconf 82' lang='lat' dir='ltr'><strong>injurias</strong></span> <span class='ocrx_word' id='word_1_155' title='bbox 1479 2318 1710 2380; x_wconf 81' lang='lat' dir='ltr'><strong>cognato</strong></span> <span class='ocrx_word' id='word_1_156' title='bbox 1764 2310 2144 2382; x_wconf 88' lang='lat' dir='ltr'><strong>imponerent,</strong></span> 
     </span>
    </p>
   </div>
   <div class='ocr_carea' id='block_1_26' title="bbox 571 2390 2150 2473">
    <p class='ocr_par' dir='ltr' id='par_1_26' title="bbox 571 2390 2150 2473">
     <span class='ocr_line' id='line_1_26' title="bbox 571 2390 2150 2473; baseline 0.009 -30"><span class='ocrx_word' id='word_1_157' title='bbox 571 2399 757 2451; x_wconf 75' lang='lat' dir='ltr'><strong>certus</strong></span> <span class='ocrx_word' id='word_1_158' title='bbox 782 2390 1172 2452; x_wconf 86' lang='lat' dir='ltr'><strong>Constantinus</strong></span> <span class='ocrx_word' id='word_1_159' title='bbox 1217 2395 1324 2452; x_wconf 90' lang='lat' dir='ltr'><strong>ﬁde</strong></span> <span class='ocrx_word' id='word_1_160' title='bbox 1360 2396 1521 2466; x_wconf 86' lang='lat' dir='ltr'><strong>Galli,</strong></span> <span class='ocrx_word' id='word_1_161' title='bbox 1576 2399 1738 2456; x_wconf 89' lang='lat' dir='ltr'><strong>illatis</strong></span> <span class='ocrx_word' id='word_1_162' title='bbox 1768 2401 1888 2461; x_wconf 80' lang='lat' dir='ltr'><strong>sibi</strong></span> <span class='ocrx_word' id='word_1_163' title='bbox 1938 2403 2150 2473; x_wconf 73' lang='lat' dir='ltr'><strong>injuriis</strong></span> 
     </span>
    </p>
   </div>
   <div class='ocr_carea' id='block_1_27' title="bbox 569 2483 2152 2557">
    <p class='ocr_par' dir='ltr' id='par_1_27' title="bbox 569 2483 2152 2557">
     <span class='ocr_line' id='line_1_27' title="bbox 569 2483 2152 2557; baseline 0.012 -27"><span class='ocrx_word' id='word_1_164' title='bbox 569 2487 887 2544; x_wconf 68' lang='lat' dir='ltr'><strong>constanter:</strong></span> <span class='ocrx_word' id='word_1_165' title='bbox 910 2483 1081 2539; x_wconf 86' lang='lat' dir='ltr'><strong>vicem</strong></span> <span class='ocrx_word' id='word_1_166' title='bbox 1112 2485 1340 2542; x_wconf 87' lang='lat' dir='ltr'><strong>reddere</strong></span> <span class='ocrx_word' id='word_1_167' title='bbox 1368 2488 1549 2557; x_wconf 63' lang='lat' dir='ltr'><strong>catpit.</strong></span> <span class='ocrx_word' id='word_1_168' title='bbox 1575 2487 1729 2546; x_wconf 87' lang='lat' dir='ltr'><strong>Tunc</strong></span> <span class='ocrx_word' id='word_1_169' title='bbox 1755 2490 1829 2546; x_wconf 91' lang='lat' dir='ltr'><strong>illi</strong></span> <span class='ocrx_word' id='word_1_170' title='bbox 1866 2491 2152 2549; x_wconf 82' lang='lat' dir='ltr'><strong>innuentcs</strong></span> 
     </span>
    </p>
   </div>
   <div class='ocr_carea' id='block_1_28' title="bbox 572 2568 2139 2661">
    <p class='ocr_par' dir='ltr' id='par_1_28' title="bbox 572 2568 2139 2661">
     <span class='ocr_line' id='line_1_28' title="bbox 572 2568 2139 2661; baseline 0.011 -39"><span class='ocrx_word' id='word_1_171' title='bbox 572 2568 869 2661; x_wconf 84' lang='lat' dir='ltr'><strong>inquiunt:</strong></span> <span class='ocrx_word' id='word_1_172' title='bbox 903 2573 1304 2647; x_wconf 61' lang='lat' dir='ltr'><strong>Xantqaidnam</strong></span> <span class='ocrx_word' id='word_1_173' title='bbox 1331 2618 1346 2643; x_wconf 90' lang='lat'><strong>,</strong></span> <span class='ocrx_word' id='word_1_174' title='bbox 1398 2576 1582 2643; x_wconf 77' lang='lat' dir='ltr'><strong>Galle,</strong></span> <span class='ocrx_word' id='word_1_175' title='bbox 1624 2597 1902 2651; x_wconf 81' lang='lat' dir='ltr'><strong>possumus</strong></span> <span class='ocrx_word' id='word_1_176' title='bbox 1942 2585 2139 2661; x_wconf 69' lang='lat' dir='ltr'><strong>(labere</strong></span> 
     </span>
    </p>
   </div>
   <div class='ocr_carea' id='block_1_29' title="bbox 574 2660 2151 2745">
    <p class='ocr_par' dir='ltr' id='par_1_29' title="bbox 574 2660 2151 2745">
     <span class='ocr_line' id='line_1_29' title="bbox 574 2660 2151 2745; baseline 0.007 -29"><span class='ocrx_word' id='word_1_177' title='bbox 574 2660 803 2732; x_wconf 82' lang='lat' dir='ltr'><strong>aliquos,</strong></span> <span class='ocrx_word' id='word_1_178' title='bbox 839 2667 933 2736; x_wconf 83' lang='lat' dir='ltr'><strong>qui</strong></span> <span class='ocrx_word' id='word_1_179' title='bbox 976 2668 1043 2725; x_wconf 59' lang='lat' dir='ltr'><strong>in.</strong></span> <span class='ocrx_word' id='word_1_180' title='bbox 1070 2669 1172 2725; x_wconf 80' lang='lat' dir='ltr'><strong>ista</strong></span> <span class='ocrx_word' id='word_1_181' title='bbox 1212 2682 1496 2741; x_wconf 78' lang='lat' dir='ltr'><strong>arrogante</strong></span> <span class='ocrx_word' id='word_1_182' title='bbox 1524 2683 1731 2728; x_wconf 87' lang='lat' dir='ltr'><strong>nostras</strong></span> <span class='ocrx_word' id='word_1_183' title='bbox 1759 2660 1957 2745; x_wconf 78' lang='lat' dir='ltr'><strong>queant</strong></span> <span class='ocrx_word' id='word_1_184' title='bbox 1980 2677 2151 2731; x_wconf 75' lang='lat' dir='ltr'><strong>vituli.-</strong></span> 
     </span>
    </p>
   </div>
   <div class='ocr_carea' id='block_1_30' title="bbox 573 2754 2152 2839">
    <p class='ocr_par' dir='ltr' id='par_1_30' title="bbox 573 2754 2152 2839">
     <span class='ocr_line' id='line_1_30' title="bbox 573 2754 2152 2839; baseline 0.008 -29"><span class='ocrx_word' id='word_1_185' title='bbox 573 2767 696 2810; x_wconf 71' lang='grc' dir='ltr'><strong>ωτι</strong></span> <span class='ocrx_word' id='word_1_186' title='bbox 740 2754 1007 2824; x_wconf 76' lang='lat' dir='ltr'><strong>injurias?</strong></span> <span class='ocrx_word' id='word_1_187' title='bbox 1049 2758 1279 2815; x_wconf 74' lang='lat' dir='ltr'><strong>Atille:</strong></span> <span class='ocrx_word' id='word_1_188' title='bbox 1309 2760 1559 2827; x_wconf 74' lang='lat' dir='ltr'><strong>Potestis,</strong></span> <span class='ocrx_word' id='word_1_189' title='bbox 1606 2762 1806 2834; x_wconf 88' lang='lat' dir='ltr'><strong>inquit,</strong></span> <span class='ocrx_word' id='word_1_190' title='bbox 1866 2774 1929 2822; x_wconf 86' lang='lat' dir='ltr'><strong>et.</strong></span> <span class='ocrx_word' id='word_1_191' title='bbox 1963 2768 2152 2839; x_wconf 83' lang='lat' dir='ltr'><strong>rapido</strong></span> 
     </span>
    </p>
   </div>
   <div class='ocr_carea' id='block_1_31' title="bbox 578 2843 2163 2911">
    <p class='ocr_par' dir='ltr' id='par_1_31' title="bbox 578 2843 2163 2911">
     <span class='ocr_line' id='line_1_31' title="bbox 578 2843 2163 2911; baseline 0.009 -14"><span class='ocrx_word' id='word_1_192' title='bbox 578 2858 745 2900; x_wconf 64' lang='lat' dir='ltr'><strong>cursu</strong></span> <span class='ocrx_word' id='word_1_193' title='bbox 771 2843 1110 2904; x_wconf 85' lang='lat' dir='ltr'><strong>Constantini</strong></span> <span class='ocrx_word' id='word_1_194' title='bbox 1141 2850 1347 2910; x_wconf 78' lang='lat' dir='ltr'><strong>milites</strong></span> <span class='ocrx_word' id='word_1_195' title='bbox 1380 2852 1449 2910; x_wconf 84' lang='lat' dir='ltr'><strong>ad</strong></span> <span class='ocrx_word' id='word_1_196' title='bbox 1495 2852 1576 2910; x_wconf 86' lang='lat' dir='ltr'><strong>sui</strong></span> <span class='ocrx_word' id='word_1_197' title='bbox 1619 2854 1853 2910; x_wconf 83' lang='lat' dir='ltr'><strong>senioris</strong></span> <span class='ocrx_word' id='word_1_198' title='bbox 1893 2855 2163 2911; x_wconf 78' lang='lat' dir='ltr'><strong>auxilium</strong></span> 
     </span>
    </p>
   </div>
   <div class='ocr_carea' id='block_1_32' title="bbox 574 2941 2163 3017">
    <p class='ocr_par' dir='ltr' id='par_1_32' title="bbox 574 2941 2163 3017">
     <span class='ocr_line' id='line_1_32' title="bbox 574 2941 2163 3017; baseline 0.006 -25"><span class='ocrx_word' id='word_1_199' title='bbox 574 2941 867 3015; x_wconf 76' lang='lat' dir='ltr'><strong>promovit.</strong></span> <span class='ocrx_word' id='word_1_200' title='bbox 900 2942 1003 3011; x_wconf 87' lang='lat' dir='ltr'><strong>Qui</strong></span> <span class='ocrx_word' id='word_1_201' title='bbox 1043 2944 1355 3011; x_wconf 82' lang='lat' dir='ltr'><strong>venientes,</strong></span> <span class='ocrx_word' id='word_1_202' title='bbox 1383 2945 1893 3017; x_wconf 61' lang='lat' dir='ltr'><strong>statimluttumque</strong></span> <span class='ocrx_word' id='word_1_203' title='bbox 1927 2946 2163 3002; x_wconf 81' lang='lat' dir='ltr'><strong>fratrem-</strong></span> 
     </span>
    </p>
   </div>
   <div class='ocr_carea' id='block_1_33' title="bbox 573 3033 2165 3110">
    <p class='ocr_par' dir='ltr' id='par_1_33' title="bbox 573 3033 2165 3110">
     <span class='ocr_line' id='line_1_33' title="bbox 573 3033 2165 3110; baseline 0.009 -27"><span class='ocrx_word' id='word_1_204' title='bbox 573 3033 1131 3103; x_wconf 82' lang='lat' dir='ltr'><strong>eomprebenderuut,</strong></span> <span class='ocrx_word' id='word_1_205' title='bbox 1161 3052 1226 3092; x_wconf 89' lang='lat' dir='ltr'><strong>ac</strong></span> <span class='ocrx_word' id='word_1_206' title='bbox 1251 3037 1596 3109; x_wconf 82' lang='lat' dir='ltr'><strong>Constantini</strong></span> <span class='ocrx_word' id='word_1_207' title='bbox 1622 3038 1793 3110; x_wconf 72' lang='lat' dir='ltr'><strong>jussu</strong></span> <span class='ocrx_word' id='word_1_208' title='bbox 1808 3040 1990 3096; x_wconf 88' lang='lat' dir='ltr'><strong>clerici</strong></span> <span class='ocrx_word' id='word_1_209' title='bbox 2021 3039 2165 3097; x_wconf 76' lang='lat' dir='ltr'><strong>facti.</strong></span> 
     </span>
    </p>
   </div>
   <div class='ocr_carea' id='block_1_34' title="bbox 572 3127 2155 3204">
    <p class='ocr_par' dir='ltr' id='par_1_34' title="bbox 572 3127 2155 3204">
     <span class='ocr_line' id='line_1_34' title="bbox 572 3127 2155 3204; baseline 0.003 -22"><span class='ocrx_word' id='word_1_210' title='bbox 572 3127 643 3183; x_wconf 81' lang='lat' dir='ltr'><strong>nd</strong></span> <span class='ocrx_word' id='word_1_211' title='bbox 688 3138 903 3199; x_wconf 85' lang='lat' dir='ltr'><strong>patrem</strong></span> <span class='ocrx_word' id='word_1_212' title='bbox 940 3133 1294 3199; x_wconf 85' lang='lat' dir='ltr'><strong>monachum,</strong></span> <span class='ocrx_word' id='word_1_213' title='bbox 1329 3148 1491 3204; x_wconf 88' lang='lat' dir='ltr'><strong>quem</strong></span> <span class='ocrx_word' id='word_1_214' title='bbox 1530 3133 1632 3204; x_wconf 89' lang='lat' dir='ltr'><strong>ipsi</strong></span> <span class='ocrx_word' id='word_1_215' title='bbox 1659 3134 2037 3200; x_wconf 65' lang='lat' dir='ltr'><strong>exiliatis-out,</strong></span> <span class='ocrx_word' id='word_1_216' title='bbox 2064 3134 2155 3189; x_wconf 86' lang='lat' dir='ltr'><strong>de-</strong></span> 
     </span>
    </p>
   </div>
   <div class='ocr_carea' id='block_1_35' title="bbox 575 3218 2153 3295">
    <p class='ocr_par' dir='ltr' id='par_1_35' title="bbox 575 3218 2153 3295">
     <span class='ocr_line' id='line_1_35' title="bbox 575 3218 2153 3295; baseline 0.006 -22"><span class='ocrx_word' id='word_1_217' title='bbox 575 3218 836 3277; x_wconf 79' lang='lat' dir='ltr'><strong>tulerunt.</strong></span> <span class='ocrx_word' id='word_1_218' title='bbox 883 3223 1030 3291; x_wconf 88' lang='lat' dir='ltr'><strong>Quos</strong></span> <span class='ocrx_word' id='word_1_219' title='bbox 1061 3240 1183 3279; x_wconf 89' lang='lat' dir='ltr'><strong>cum</strong></span> <span class='ocrx_word' id='word_1_220' title='bbox 1215 3234 1371 3295; x_wconf 87' lang='lat' dir='ltr'><strong>patre</strong></span> <span class='ocrx_word' id='word_1_221' title='bbox 1391 3226 1438 3258; x_wconf 78' lang='lat'><strong>“</strong></span> <span class='ocrx_word' id='word_1_222' title='bbox 1462 3226 1740 3282; x_wconf 80' lang='lat' dir='ltr'><strong>venientes</strong></span> <span class='ocrx_word' id='word_1_223' title='bbox 1765 3239 2036 3292; x_wconf 72' lang='lat' dir='ltr'><strong>cerneret,</strong></span> <span class='ocrx_word' id='word_1_224' title='bbox 2067 3228 2153 3282; x_wconf 90' lang='lat' dir='ltr'><strong>in-</strong></span> 
     </span>
    </p>
   </div>
   <div class='ocr_carea' id='block_1_36' title="bbox 572 3304 2156 3373">
    <p class='ocr_par' dir='ltr' id='par_1_36' title="bbox 572 3304 2156 3373">
     <span class='ocr_line' id='line_1_36' title="bbox 572 3304 2156 3373; baseline 0.004 -9"><span class='ocrx_word' id='word_1_225' title='bbox 572 3308 790 3365; x_wconf 80' lang='lat' dir='ltr'><strong>sultans</strong></span> <span class='ocrx_word' id='word_1_226' title='bbox 811 3310 887 3370; x_wconf 87' lang='lat' dir='ltr'><strong>ait</strong></span> <span class='ocrx_word' id='word_1_227' title='bbox 912 3328 928 3370; x_wconf 88' lang='lat'><strong>:</strong></span> <span class='ocrx_word' id='word_1_228' title='bbox 957 3312 1026 3373; x_wconf 81' lang='lat' dir='ltr'><strong>Et</strong></span> <span class='ocrx_word' id='word_1_229' title='bbox 1056 3314 1194 3368; x_wconf 86' lang='lat' dir='ltr'><strong>unde</strong></span> <span class='ocrx_word' id='word_1_230' title='bbox 1220 3315 1273 3368; x_wconf 87' lang='lat' dir='ltr'><strong>in</strong></span> <span class='ocrx_word' id='word_1_231' title='bbox 1302 3315 1402 3371; x_wconf 78' lang='lat' dir='ltr'><strong>liae</strong></span> <span class='ocrx_word' id='word_1_232' title='bbox 1427 3331 1539 3370; x_wconf 83' lang='lat' dir='ltr'><strong>mea</strong></span> <span class='ocrx_word' id='word_1_233' title='bbox 1561 3315 1708 3371; x_wconf 70' lang='lat' dir='ltr'><strong>exilii</strong></span> <span class='ocrx_word' id='word_1_234' title='bbox 1734 3315 2018 3371; x_wconf 79' lang='lat' dir='ltr'><strong>solitudine</strong></span> <span class='ocrx_word' id='word_1_235' title='bbox 2047 3304 2156 3371; x_wconf 69' lang='lat' dir='ltr'><strong>iam</strong></span> 
     </span>
    </p>
   </div>
   <div class='ocr_carea' id='block_1_37' title="bbox 574 3398 2160 3478">
    <p class='ocr_par' dir='ltr' id='par_1_37' title="bbox 574 3398 2160 3478">
     <span class='ocr_line' id='line_1_37' title="bbox 574 3398 2160 3478; baseline 0.004 -24"><span class='ocrx_word' id='word_1_236' title='bbox 574 3398 750 3455; x_wconf 70' lang='lat' dir='ltr'><strong>devoti</strong></span> <span class='ocrx_word' id='word_1_237' title='bbox 775 3410 824 3455; x_wconf 78' lang='lat' dir='ltr'><strong>et</strong></span> <span class='ocrx_word' id='word_1_238' title='bbox 850 3402 1058 3473; x_wconf 75' lang='lat' dir='ltr'><strong>pulchri</strong></span> <span class='ocrx_word' id='word_1_239' title='bbox 1087 3404 1266 3459; x_wconf 77' lang='lat' dir='ltr'><strong>clerici</strong></span> <span class='ocrx_word' id='word_1_240' title='bbox 1293 3404 1458 3459; x_wconf 78' lang='lat' dir='ltr'><strong>delati</strong></span> <span class='ocrx_word' id='word_1_241' title='bbox 1499 3417 1621 3461; x_wconf 86' lang='lat' dir='ltr'><strong>sunt</strong></span> <span class='ocrx_word' id='word_1_242' title='bbox 1645 3407 1671 3461; x_wconf 73' lang='grc'>2</span> <span class='ocrx_word' id='word_1_243' title='bbox 1693 3404 1799 3464; x_wconf 83' lang='lat' dir='ltr'><strong>Sed</strong></span> <span class='ocrx_word' id='word_1_244' title='bbox 1833 3407 1922 3478; x_wconf 84' lang='lat' dir='ltr'><strong>qui</strong></span> <span class='ocrx_word' id='word_1_245' title='bbox 1954 3416 2160 3476; x_wconf 84' lang='lat' dir='ltr'><strong>patrem</strong></span> 
     </span>
    </p>
   </div>
   <div class='ocr_carea' id='block_1_38' title="bbox 575 3487 2159 3576">
    <p class='ocr_par' dir='ltr' id='par_1_38' title="bbox 575 3487 2159 3576">
     <span class='ocr_line' id='line_1_38' title="bbox 575 3487 2159 3576; baseline 0.008 -36"><span class='ocrx_word' id='word_1_246' title='bbox 575 3487 802 3550; x_wconf 66' lang='lat' dir='ltr'><strong>exiliare</strong></span> <span class='ocrx_word' id='word_1_247' title='bbox 828 3506 930 3547; x_wconf 86' lang='lat' dir='ltr'><strong>non</strong></span> <span class='ocrx_word' id='word_1_248' title='bbox 962 3492 1224 3561; x_wconf 85' lang='lat' dir='ltr'><strong>puduistis</strong></span> <span class='ocrx_word' id='word_1_249' title='bbox 1250 3494 1318 3559; x_wconf 80' lang='lat'><strong>&quot;,</strong></span> <span class='ocrx_word' id='word_1_250' title='bbox 1350 3494 1497 3549; x_wconf 76' lang='lat' dir='ltr'><strong>exilii</strong></span> <span class='ocrx_word' id='word_1_251' title='bbox 1523 3512 1713 3566; x_wconf 80' lang='lat' dir='ltr'><strong>penam</strong></span> <span class='ocrx_word' id='word_1_252' title='bbox 1739 3496 1897 3551; x_wconf 86' lang='lat' dir='ltr'><strong>simul</strong></span> <span class='ocrx_word' id='word_1_253' title='bbox 1919 3514 2020 3576; x_wconf 78' lang='lat' dir='ltr'><strong>non</strong></span> <span class='ocrx_word' id='word_1_254' title='bbox 2039 3514 2159 3552; x_wconf 87' lang='lat' dir='ltr'><strong>sus-</strong></span> 
     </span>
    </p>
   </div>
   <div class='ocr_carea' id='block_1_39' title="bbox 575 3579 2153 3655">
    <p class='ocr_par' dir='ltr' id='par_1_39' title="bbox 575 3579 2153 3655">
     <span class='ocr_line' id='line_1_39' title="bbox 575 3579 2153 3655; baseline 0.007 -20"><span class='ocrx_word' id='word_1_255' title='bbox 575 3579 842 3647; x_wconf 57' lang='lat' dir='ltr'><strong>tinebitis,</strong></span> <span class='ocrx_word' id='word_1_256' title='bbox 885 3592 964 3650; x_wconf 86' lang='lat' dir='ltr'><strong>ut,</strong></span> <span class='ocrx_word' id='word_1_257' title='bbox 997 3600 1152 3655; x_wconf 81' lang='lat' dir='ltr'><strong>quem</strong></span> <span class='ocrx_word' id='word_1_258' title='bbox 1198 3587 1582 3650; x_wconf 80' lang='lat' dir='ltr'><strong>contempsistis</strong></span> <span class='ocrx_word' id='word_1_259' title='bbox 1630 3588 1821 3643; x_wconf 80' lang='lat' dir='ltr'><strong>habere</strong></span> <span class='ocrx_word' id='word_1_260' title='bbox 1861 3600 2153 3646; x_wconf 77' lang='lat' dir='ltr'><strong>consortem</strong></span> 
     </span>
    </p>
   </div>
   <div class='ocr_carea' id='block_1_40' title="bbox 573 3671 2154 3740">
    <p class='ocr_par' dir='ltr' id='par_1_40' title="bbox 573 3671 2154 3740">
     <span class='ocr_line' id='line_1_40' title="bbox 573 3671 2154 3740; baseline 0.006 -14"><span class='ocrx_word' id='word_1_261' title='bbox 573 3671 879 3740; x_wconf 63' lang='lat' dir='ltr'><strong>inhonore,</strong></span> <span class='ocrx_word' id='word_1_262' title='bbox 909 3691 1012 3731; x_wconf 88' lang='lat' dir='ltr'><strong>non</strong></span> <span class='ocrx_word' id='word_1_263' title='bbox 1036 3675 1274 3731; x_wconf 79' lang='lat' dir='ltr'><strong>habeatis</strong></span> <span class='ocrx_word' id='word_1_264' title='bbox 1303 3677 1683 3733; x_wconf 81' lang='lat' dir='ltr'><strong>consolatorem</strong></span> <span class='ocrx_word' id='word_1_265' title='bbox 1718 3679 1771 3733; x_wconf 86' lang='lat' dir='ltr'><strong>in</strong></span> <span class='ocrx_word' id='word_1_266' title='bbox 1795 3678 1996 3735; x_wconf 83' lang='lat' dir='ltr'><strong>dolare.</strong></span> <span class='ocrx_word' id='word_1_267' title='bbox 2033 3680 2154 3735; x_wconf 74' lang='lat' dir='ltr'><strong>Mox</strong></span> 
     </span>
    </p>
   </div>
   <div class='ocr_carea' id='block_1_41' title="bbox 574 3765 2157 3841">
    <p class='ocr_par' dir='ltr' id='par_1_41' title="bbox 574 3765 2157 3841">
     <span class='ocr_line' id='line_1_41' title="bbox 574 3765 2157 3841; baseline 0.005 -26"><span class='ocrx_word' id='word_1_268' title='bbox 574 3777 711 3819; x_wconf 79' lang='lat' dir='ltr'><strong>vero</strong></span> <span class='ocrx_word' id='word_1_269' title='bbox 734 3779 833 3835; x_wconf 79' lang='lat' dir='ltr'><strong>per</strong></span> <span class='ocrx_word' id='word_1_270' title='bbox 861 3765 1097 3822; x_wconf 79' lang='lat' dir='ltr'><strong>nuncios</strong></span> <span class='ocrx_word' id='word_1_271' title='bbox 1134 3766 1554 3823; x_wconf 79' lang='lat' dir='ltr'><strong>Constantinum</strong></span> <span class='ocrx_word' id='word_1_272' title='bbox 1584 3784 1742 3825; x_wconf 88' lang='lat' dir='ltr'><strong>suum</strong></span> <span class='ocrx_word' id='word_1_273' title='bbox 1776 3786 2035 3841; x_wconf 72' lang='lat' dir='ltr'><strong>generum</strong></span> <span class='ocrx_word' id='word_1_274' title='bbox 2080 3779 2157 3824; x_wconf 87' lang='lat' dir='ltr'><strong>ta-</strong></span> 
     </span>
    </p>
   </div>
   <div class='ocr_carea' id='block_1_42' title="bbox 569 3851 2154 3929">
    <p class='ocr_par' dir='ltr' id='par_1_42' title="bbox 569 3851 2154 3929">
     <span class='ocr_line' id='line_1_42' title="bbox 569 3851 2154 3929; baseline 0.007 -22"><span class='ocrx_word' id='word_1_275' title='bbox 569 3852 706 3909; x_wconf 77' lang='lat' dir='ltr'><strong>liter?</strong></span> <span class='ocrx_word' id='word_1_276' title='bbox 738 3851 933 3910; x_wconf 81' lang='lat' dir='ltr'><strong>aﬁ&#39;atus</strong></span> <span class='ocrx_word' id='word_1_277' title='bbox 973 3864 1096 3911; x_wconf 84' lang='lat' dir='ltr'><strong>est:</strong></span> <span class='ocrx_word' id='word_1_278' title='bbox 1126 3853 1278 3925; x_wconf 86' lang='lat' dir='ltr'><strong>Noli,</strong></span> <span class='ocrx_word' id='word_1_279' title='bbox 1329 3873 1506 3928; x_wconf 68' lang='lat' dir='ltr'><strong>quaso,</strong></span> <span class='ocrx_word' id='word_1_280' title='bbox 1544 3874 1743 3913; x_wconf 82' lang='lat' dir='ltr'><strong>mecum</strong></span> <span class='ocrx_word' id='word_1_281' title='bbox 1768 3861 1909 3929; x_wconf 78' lang='lat' dir='ltr'><strong>ﬁlios</strong></span> <span class='ocrx_word' id='word_1_282' title='bbox 1953 3862 2006 3917; x_wconf 89' lang='lat' dir='ltr'><strong>in</strong></span> <span class='ocrx_word' id='word_1_283' title='bbox 2051 3880 2154 3918; x_wconf 90' lang='lat' dir='ltr'><strong>uno</strong></span> 
     </span>
    </p>
   </div>
   <div class='ocr_carea' id='block_1_43' title="bbox 568 3946 2165 4023">
    <p class='ocr_par' dir='ltr' id='par_1_43' title="bbox 568 3946 2165 4023">
     <span class='ocr_line' id='line_1_43' title="bbox 568 3946 2165 4023; baseline 0.007 -22"><span class='ocrx_word' id='word_1_284' title='bbox 568 3946 729 4003; x_wconf 68' lang='lat' dir='ltr'><strong>exilio</strong></span> <span class='ocrx_word' id='word_1_285' title='bbox 752 3949 1204 4018; x_wconf 81' lang='lat' dir='ltr'><strong>essepemtittere,</strong></span> <span class='ocrx_word' id='word_1_286' title='bbox 1248 3951 1374 4022; x_wconf 85' lang='lat' dir='ltr'><strong>quia</strong></span> <span class='ocrx_word' id='word_1_287' title='bbox 1415 3966 1547 4023; x_wconf 86' lang='lat' dir='ltr'><strong>quos</strong></span> <span class='ocrx_word' id='word_1_288' title='bbox 1576 3969 1737 4007; x_wconf 85' lang='lat' dir='ltr'><strong>unum</strong></span> <span class='ocrx_word' id='word_1_289' title='bbox 1761 3953 2028 4023; x_wconf 81' lang='lat' dir='ltr'><strong>palaciutn</strong></span> <span class='ocrx_word' id='word_1_290' title='bbox 2061 3974 2165 4011; x_wconf 82' lang='lat' dir='ltr'><strong>ca-&#39;</strong></span> 
     </span>
    </p>
   </div>
   <div class='ocr_carea' id='block_1_44' title="bbox 569 4036 2154 4116">
    <p class='ocr_par' dir='ltr' id='par_1_44' title="bbox 569 4036 2154 4116">
     <span class='ocr_line' id='line_1_44' title="bbox 569 4036 2154 4116; baseline 0.006 -25"><span class='ocrx_word' id='word_1_291' title='bbox 569 4052 695 4107; x_wconf 73' lang='lat' dir='ltr'><strong>pere</strong></span> <span class='ocrx_word' id='word_1_292' title='bbox 738 4036 985 4110; x_wconf 81' lang='lat' dir='ltr'><strong>nequivit,</strong></span> <span class='ocrx_word' id='word_1_293' title='bbox 1040 4054 1205 4111; x_wconf 75' lang='lat' dir='ltr'><strong>neque</strong></span> <span class='ocrx_word' id='word_1_294' title='bbox 1250 4057 1415 4095; x_wconf 83' lang='lat' dir='ltr'><strong>unum</strong></span> <span class='ocrx_word' id='word_1_295' title='bbox 1472 4041 1692 4096; x_wconf 70' lang='lat' dir='ltr'><strong>exiliunt</strong></span> <span class='ocrx_word' id='word_1_296' title='bbox 1748 4046 1944 4116; x_wconf 82' lang='lat' dir='ltr'><strong>capiat.</strong></span> <span class='ocrx_word' id='word_1_297' title='bbox 2000 4046 2154 4102; x_wconf 85' lang='lat' dir='ltr'><strong>Tunc</strong></span> 
     </span>
    </p>
   </div>
   <div class='ocr_carea' id='block_1_45' title="bbox 570 4125 2153 4201">
    <p class='ocr_par' dir='ltr' id='par_1_45' title="bbox 570 4125 2153 4201">
     <span class='ocr_line' id='line_1_45' title="bbox 570 4125 2153 4201; baseline 0.004 -18"><span class='ocrx_word' id='word_1_298' title='bbox 570 4125 961 4185; x_wconf 79' lang='lat' dir='ltr'><strong>Constantinus</strong></span> <span class='ocrx_word' id='word_1_299' title='bbox 983 4130 1282 4201; x_wconf 83' lang='lat' dir='ltr'><strong>imperator</strong></span> <span class='ocrx_word' id='word_1_300' title='bbox 1315 4130 1544 4186; x_wconf 88' lang='lat' dir='ltr'><strong>alterum</strong></span> <span class='ocrx_word' id='word_1_301' title='bbox 1574 4131 1810 4200; x_wconf 84' lang='lat' dir='ltr'><strong>illorum,</strong></span> <span class='ocrx_word' id='word_1_302' title='bbox 1841 4135 1891 4188; x_wconf 90' lang='lat' dir='ltr'><strong>id</strong></span> <span class='ocrx_word' id='word_1_303' title='bbox 1921 4145 2003 4191; x_wconf 89' lang='lat' dir='ltr'><strong>est</strong></span> <span class='ocrx_word' id='word_1_304' title='bbox 2033 4135 2153 4191; x_wconf 87' lang='lat' dir='ltr'><strong>Ste-.</strong></span> 
     </span>
    </p>
   </div>
   <div class='ocr_carea' id='block_1_46' title="bbox 571 4214 2152 4298">
    <p class='ocr_par' dir='ltr' id='par_1_46' title="bbox 571 4214 2152 4298">
     <span class='ocr_line' id='line_1_46' title="bbox 571 4214 2152 4298; baseline 0.006 -26"><span class='ocrx_word' id='word_1_305' title='bbox 571 4214 795 4287; x_wconf 47' lang='lat' dir='ltr'><strong>fanum,</strong></span> <span class='ocrx_word' id='word_1_306' title='bbox 809 4220 875 4275; x_wconf 88' lang='lat' dir='ltr'><strong>ad</strong></span> <span class='ocrx_word' id='word_1_307' title='bbox 899 4220 1128 4282; x_wconf 81' lang='lat' dir='ltr'><strong>insulam</strong></span> <span class='ocrx_word' id='word_1_308' title='bbox 1153 4236 1258 4291; x_wconf 86' lang='lat' dir='ltr'><strong>quc</strong></span> <span class='ocrx_word' id='word_1_309' title='bbox 1284 4219 1638 4279; x_wconf 83' lang='lat' dir='ltr'><strong>Proconisum</strong></span> <span class='ocrx_word' id='word_1_310' title='bbox 1661 4224 1776 4296; x_wconf 56' lang='lat'><strong>(78)</strong></span> <span class='ocrx_word' id='word_1_311' title='bbox 1793 4236 2152 4298; x_wconf 88' lang='lat' dir='ltr'><strong>nuncupatur,</strong></span> 
     </span>
    </p>
   </div>
   <div class='ocr_carea' id='block_1_47' title="bbox 572 4310 2165 4389">
    <p class='ocr_par' dir='ltr' id='par_1_47' title="bbox 572 4310 2165 4389">
     <span class='ocr_line' id='line_1_47' title="bbox 572 4310 2165 4389; baseline 0.007 -24"><span class='ocrx_word' id='word_1_312' title='bbox 572 4310 819 4370; x_wconf 88' lang='lat' dir='ltr'><strong>alterum.</strong></span> <span class='ocrx_word' id='word_1_313' title='bbox 848 4329 1006 4380; x_wconf 79' lang='lat' dir='ltr'><strong>vero,</strong></span> <span class='ocrx_word' id='word_1_314' title='bbox 1046 4314 1099 4370; x_wconf 87' lang='lat' dir='ltr'><strong>id</strong></span> <span class='ocrx_word' id='word_1_315' title='bbox 1149 4324 1232 4370; x_wconf 86' lang='lat' dir='ltr'><strong>est</strong></span> <span class='ocrx_word' id='word_1_316' title='bbox 1274 4315 1714 4383; x_wconf 81' lang='lat' dir='ltr'><strong>Constantinum,</strong></span> <span class='ocrx_word' id='word_1_317' title='bbox 1749 4320 1814 4373; x_wconf 90' lang='lat' dir='ltr'><strong>ad</strong></span> <span class='ocrx_word' id='word_1_318' title='bbox 1843 4318 2165 4389; x_wconf 86' lang='lat' dir='ltr'><strong>Sumatrap&#39;r</strong></span> 
     </span>
    </p>
   </div>
   <div class='ocr_carea' id='block_1_48' title="bbox 572 4397 2228 4499">
    <p class='ocr_par' dir='ltr' id='par_1_48' title="bbox 572 4397 2228 4499">
     <span class='ocr_line' id='line_1_48' title="bbox 572 4397 2228 4499; baseline 0.008 -46"><span class='ocrx_word' id='word_1_319' title='bbox 572 4397 691 4499; x_wconf 56' lang='lat'><strong>(79)</strong></span> <span class='ocrx_word' id='word_1_320' title='bbox 743 4400 975 4457; x_wconf 85' lang='lat' dir='ltr'><strong>insulam</strong></span> <span class='ocrx_word' id='word_1_321' title='bbox 1013 4403 1229 4459; x_wconf 75' lang='lat' dir='ltr'><strong>exiliari</strong></span> <span class='ocrx_word' id='word_1_322' title='bbox 1252 4402 1447 4473; x_wconf 86' lang='lat' dir='ltr'><strong>jussit;</strong></span> <span class='ocrx_word' id='word_1_323' title='bbox 1478 4407 1572 4477; x_wconf 85' lang='lat' dir='ltr'><strong>qui</strong></span> <span class='ocrx_word' id='word_1_324' title='bbox 1603 4405 1854 4461; x_wconf 85' lang='lat' dir='ltr'><strong>videlicet</strong></span> <span class='ocrx_word' id='word_1_325' title='bbox 1878 4408 2151 4465; x_wconf 70' lang='lat' dir='ltr'><strong>Constan»</strong></span> <span class='ocrx_word' id='word_1_326' title='bbox 2184 4442 2228 4499; x_wconf 75' lang='grc' dir='ltr'>υ</span> 
     </span>
    </p>
   </div>
   <div class='ocr_carea' id='block_1_49' title="bbox 573 4490 2150 4570">
    <p class='ocr_par' dir='ltr' id='par_1_49' title="bbox 573 4490 2150 4570">
     <span class='ocr_line' id='line_1_49' title="bbox 573 4490 2150 4570; baseline 0.01 -29"><span class='ocrx_word' id='word_1_327' title='bbox 573 4490 724 4547; x_wconf 87' lang='lat' dir='ltr'><strong>tinus</strong></span> <span class='ocrx_word' id='word_1_328' title='bbox 779 4501 910 4563; x_wconf 80' lang='lat' dir='ltr'><strong>aput</strong></span> <span class='ocrx_word' id='word_1_329' title='bbox 955 4495 1188 4549; x_wconf 89' lang='lat' dir='ltr'><strong>eandem</strong></span> <span class='ocrx_word' id='word_1_330' title='bbox 1240 4496 1469 4552; x_wconf 84' lang='lat' dir='ltr'><strong>insulam</strong></span> <span class='ocrx_word' id='word_1_331' title='bbox 1518 4506 1641 4567; x_wconf 86' lang='lat' dir='ltr'><strong>post</strong></span> <span class='ocrx_word' id='word_1_332' title='bbox 1679 4513 1908 4568; x_wconf 88' lang='lat' dir='ltr'><strong>parvum</strong></span> <span class='ocrx_word' id='word_1_333' title='bbox 1937 4509 2150 4570; x_wconf 86' lang='lat' dir='ltr'><strong>tempus</strong></span> 
     </span>
    </p>
   </div>
   <div class='ocr_carea' id='block_1_50' title="bbox 574 4583 2163 4655">
    <p class='ocr_par' dir='ltr' id='par_1_50' title="bbox 574 4583 2163 4655">
     <span class='ocr_line' id='line_1_50' title="bbox 574 4583 2163 4655; baseline 0.006 -22"><span class='ocrx_word' id='word_1_334' title='bbox 574 4596 606 4633; x_wconf 85' lang='lat' dir='ltr'><strong>a</strong></span> <span class='ocrx_word' id='word_1_335' title='bbox 655 4583 895 4652; x_wconf 76' lang='lat' dir='ltr'><strong>quodam</strong></span> <span class='ocrx_word' id='word_1_336' title='bbox 941 4583 1285 4655; x_wconf 87' lang='lat' dir='ltr'><strong>imperatoris</strong></span> <span class='ocrx_word' id='word_1_337' title='bbox 1346 4587 1516 4644; x_wconf 86' lang='lat' dir='ltr'><strong>milite</strong></span> <span class='ocrx_word' id='word_1_338' title='bbox 1555 4590 1736 4647; x_wconf 80' lang='lat' dir='ltr'><strong>cauite</strong></span> <span class='ocrx_word' id='word_1_339' title='bbox 1786 4599 1866 4645; x_wconf 86' lang='lat' dir='ltr'><strong>est</strong></span> <span class='ocrx_word' id='word_1_340' title='bbox 1932 4599 2163 4649; x_wconf 80' lang='lat' dir='ltr'><strong>trunca-.</strong></span> 
     </span>
    </p>
   </div>
   <div class='ocr_carea' id='block_1_51' title="bbox 574 4673 760 4728">
    <p class='ocr_par' dir='ltr' id='par_1_51' title="bbox 574 4673 760 4728">
     <span class='ocr_line' id='line_1_51' title="bbox 574 4673 760 4728; baseline 0.011 -3"><span class='ocrx_word' id='word_1_341' title='bbox 574 4683 665 4728; x_wconf 89' lang='lat' dir='ltr'><strong>tus</strong></span> <span class='ocrx_word' id='word_1_342' title='bbox 692 4673 760 4727; x_wconf 84' lang='lat'><strong>“.</strong></span> 
     </span>
    </p>
   </div>
   <div class='ocr_carea' id='block_1_52' title="bbox 646 4763 2169 4842">
    <p class='ocr_par' dir='ltr' id='par_1_52' title="bbox 646 4763 2169 4842">
     <span class='ocr_line' id='line_1_52' title="bbox 646 4763 2169 4842; baseline 0.008 -25"><span class='ocrx_word' id='word_1_343' title='bbox 646 4763 1039 4836; x_wconf 78' lang='lat' dir='ltr'><strong>lmperatorum</strong></span> <span class='ocrx_word' id='word_1_344' title='bbox 1069 4768 1368 4826; x_wconf 80' lang='lat' dir='ltr'><strong>Grecorum</strong></span> <span class='ocrx_word' id='word_1_345' title='bbox 1400 4770 1540 4826; x_wconf 87' lang='lat' dir='ltr'><strong>ratio</strong></span> <span class='ocrx_word' id='word_1_346' title='bbox 1567 4770 1751 4842; x_wconf 79' lang='lat' dir='ltr'><strong>coegit</strong></span> <span class='ocrx_word' id='word_1_347' title='bbox 1775 4785 1875 4826; x_wconf 89' lang='lat' dir='ltr'><strong>nos</strong></span> <span class='ocrx_word' id='word_1_348' title='bbox 1901 4786 1930 4825; x_wconf 91' lang='lat' dir='ltr'><strong>a</strong></span> <span class='ocrx_word' id='word_1_349' title='bbox 1954 4781 2169 4829; x_wconf 53' lang='lat' dir='ltr'><strong>nostra}</strong></span> 
     </span>
    </p>
   </div>
   <div class='ocr_carea' id='block_1_53' title="bbox 573 4855 2155 4933">
    <p class='ocr_par' dir='ltr' id='par_1_53' title="bbox 573 4855 2155 4933">
     <span class='ocr_line' id='line_1_53' title="bbox 573 4855 2155 4933; baseline 0.006 -24"><span class='ocrx_word' id='word_1_350' title='bbox 573 4855 783 4913; x_wconf 77' lang='lat' dir='ltr'><strong>istorite</strong></span> <span class='ocrx_word' id='word_1_351' title='bbox 829 4858 983 4921; x_wconf 79' lang='lat' dir='ltr'><strong>serie</strong></span> <span class='ocrx_word' id='word_1_352' title='bbox 1013 4859 1225 4933; x_wconf 81' lang='lat' dir='ltr'><strong>aliquid</strong></span> <span class='ocrx_word' id='word_1_353' title='bbox 1267 4861 1566 4925; x_wconf 83' lang='lat' dir='ltr'><strong>discedere.</strong></span> <span class='ocrx_word' id='word_1_354' title='bbox 1615 4860 1767 4923; x_wconf 82' lang='lat' dir='ltr'><strong>Nunc</strong></span> <span class='ocrx_word' id='word_1_355' title='bbox 1809 4877 2038 4920; x_wconf 84' lang='lat' dir='ltr'><strong>necesse</strong></span> <span class='ocrx_word' id='word_1_356' title='bbox 2071 4874 2155 4921; x_wconf 66' lang='lat' dir='ltr'><strong>est</strong></span> 
     </span>
    </p>
   </div>
   <div class='ocr_carea' id='block_1_54' title="bbox 2247 488 3823 564">
    <p class='ocr_par' dir='ltr' id='par_1_54' title="bbox 2247 488 3823 564">
     <span class='ocr_line' id='line_1_54' title="bbox 2247 488 3823 564; baseline 0.005 -24"><span class='ocrx_word' id='word_1_357' title='bbox 2247 499 2408 555; x_wconf 90' lang='lat' dir='ltr'><strong>quem</strong></span> <span class='ocrx_word' id='word_1_358' title='bbox 2431 488 2784 564; x_wconf 78' lang='lat' dir='ltr'><strong>prediximus,</strong></span> <span class='ocrx_word' id='word_1_359' title='bbox 2800 496 2956 544; x_wconf 77' lang='lat' dir='ltr'><strong>sexto</strong></span> <span class='ocrx_word' id='word_1_360' title='bbox 2975 489 3057 544; x_wconf 83' lang='lat' dir='ltr'><strong>sui</strong></span> <span class='ocrx_word' id='word_1_361' title='bbox 3080 488 3308 545; x_wconf 76' lang='lat' dir='ltr'><strong>ducatus</strong></span> <span class='ocrx_word' id='word_1_362' title='bbox 3329 504 3492 554; x_wconf 80' lang='lat' dir='ltr'><strong>anno,</strong></span> <span class='ocrx_word' id='word_1_363' title='bbox 3516 490 3742 563; x_wconf 73' lang='lat' dir='ltr'><strong>triginta</strong></span> <span class='ocrx_word' id='word_1_364' title='bbox 3761 500 3823 548; x_wconf 83' lang='lat' dir='ltr'><strong>et</strong></span> 
     </span>
    </p>
   </div>
   <div class='ocr_carea' id='block_1_55' title="bbox 2250 574 3829 655">
    <p class='ocr_par' dir='ltr' id='par_1_55' title="bbox 2250 574 3829 655">
     <span class='ocr_line' id='line_1_55' title="bbox 2250 574 3829 655; baseline 0.005 -27"><span class='ocrx_word' id='word_1_365' title='bbox 2250 583 2364 630; x_wconf 88' lang='lat' dir='ltr'><strong>tres</strong></span> <span class='ocrx_word' id='word_1_366' title='bbox 2388 591 2555 631; x_wconf 85' lang='lat' dir='ltr'><strong>naves</strong></span> <span class='ocrx_word' id='word_1_367' title='bbox 2586 590 2722 655; x_wconf 75' lang='lat' dir='ltr'><strong>quas</strong></span> <span class='ocrx_word' id='word_1_368' title='bbox 2754 574 2999 633; x_wconf 79' lang='lat' dir='ltr'><strong>Venetici</strong></span> <span class='ocrx_word' id='word_1_369' title='bbox 3024 578 3336 647; x_wconf 83' lang='lat' dir='ltr'><strong>gumbarias</strong></span> <span class='ocrx_word' id='word_1_370' title='bbox 3373 578 3658 633; x_wconf 86' lang='lat' dir='ltr'><strong>nominant</strong></span> <span class='ocrx_word' id='word_1_371' title='bbox 3686 594 3829 635; x_wconf 77' lang='lat' dir='ltr'><strong>con-</strong></span> 
     </span>
    </p>
   </div>
   <div class='ocr_carea' id='block_1_56' title="bbox 2248 663 3833 738">
    <p class='ocr_par' dir='ltr' id='par_1_56' title="bbox 2248 663 3833 738">
     <span class='ocr_line' id='line_1_56' title="bbox 2248 663 3833 738; baseline 0.004 -20"><span class='ocrx_word' id='word_1_372' title='bbox 2248 671 2332 719; x_wconf 87' lang='lat' dir='ltr'><strong>tra</strong></span> <span class='ocrx_word' id='word_1_373' title='bbox 2362 663 2730 727; x_wconf 84' lang='lat' dir='ltr'><strong>Narrentanos</strong></span> <span class='ocrx_word' id='word_1_374' title='bbox 2772 667 2995 723; x_wconf 83' lang='lat' dir='ltr'><strong>Sclavos</strong></span> <span class='ocrx_word' id='word_1_375' title='bbox 3032 668 3201 730; x_wconf 85' lang='lat' dir='ltr'><strong>misit,</strong></span> <span class='ocrx_word' id='word_1_376' title='bbox 3228 668 3427 738; x_wconf 84' lang='lat' dir='ltr'><strong>quibus</strong></span> <span class='ocrx_word' id='word_1_377' title='bbox 3454 665 3627 723; x_wconf 85' lang='lat' dir='ltr'><strong>Ursus</strong></span> <span class='ocrx_word' id='word_1_378' title='bbox 3651 667 3833 725; x_wconf 77' lang='lat' dir='ltr'><strong>Bado-</strong></span> 
     </span>
    </p>
   </div>
   <div class='ocr_carea' id='block_1_57' title="bbox 2248 758 3832 830">
    <p class='ocr_par' dir='ltr' id='par_1_57' title="bbox 2248 758 3832 830">
     <span class='ocr_line' id='line_1_57' title="bbox 2248 758 3832 830; baseline 0.004 -21"><span class='ocrx_word' id='word_1_379' title='bbox 2248 758 2434 818; x_wconf 78' lang='lat' dir='ltr'><strong>varius</strong></span> <span class='ocrx_word' id='word_1_380' title='bbox 2476 767 2531 814; x_wconf 92' lang='lat' dir='ltr'><strong>et</strong></span> <span class='ocrx_word' id='word_1_381' title='bbox 2565 758 2764 821; x_wconf 83' lang='lat' dir='ltr'><strong>Petrus</strong></span> <span class='ocrx_word' id='word_1_382' title='bbox 2808 759 3040 815; x_wconf 81' lang='lat' dir='ltr'><strong>Roscius</strong></span> <span class='ocrx_word' id='word_1_383' title='bbox 3087 758 3425 830; x_wconf 77' lang='lat' dir='ltr'><strong>proluerunt.</strong></span> <span class='ocrx_word' id='word_1_384' title='bbox 3473 758 3577 826; x_wconf 87' lang='lat' dir='ltr'><strong>Qui</strong></span> <span class='ocrx_word' id='word_1_385' title='bbox 3620 759 3832 830; x_wconf 76' lang='lat' dir='ltr'><strong>absque</strong></span> 
     </span>
    </p>
   </div>
   <div class='ocr_carea' id='block_1_58' title="bbox 2248 847 3832 918">
    <p class='ocr_par' dir='ltr' id='par_1_58' title="bbox 2248 847 3832 918">
     <span class='ocr_line' id='line_1_58' title="bbox 2248 847 3832 918; baseline 0.001 -15"><span class='ocrx_word' id='word_1_386' title='bbox 2248 847 2442 903; x_wconf 70' lang='lat' dir='ltr'><strong>effectu</strong></span> <span class='ocrx_word' id='word_1_387' title='bbox 2481 849 2686 907; x_wconf 84' lang='lat' dir='ltr'><strong>reversi</strong></span> <span class='ocrx_word' id='word_1_388' title='bbox 2714 856 2861 903; x_wconf 85' lang='lat' dir='ltr'><strong>sunt.</strong></span> <span class='ocrx_word' id='word_1_389' title='bbox 2889 849 3090 904; x_wconf 90' lang='lat' dir='ltr'><strong>lterum</strong></span> <span class='ocrx_word' id='word_1_390' title='bbox 3118 863 3351 918; x_wconf 82' lang='lat' dir='ltr'><strong>namque</strong></span> <span class='ocrx_word' id='word_1_391' title='bbox 3380 848 3605 904; x_wconf 85' lang='lat' dir='ltr'><strong>totidem</strong></span> <span class='ocrx_word' id='word_1_392' title='bbox 3633 858 3832 905; x_wconf 71' lang='lat' dir='ltr'><strong>contra</strong></span> 
     </span>
    </p>
   </div>
   <div class='ocr_carea' id='block_1_59' title="bbox 2250 942 3826 1013">
    <p class='ocr_par' dir='ltr' id='par_1_59' title="bbox 2250 942 3826 1013">
     <span class='ocr_line' id='line_1_59' title="bbox 2250 942 3826 1013; baseline -0.001 -15"><span class='ocrx_word' id='word_1_393' title='bbox 2250 958 2343 998; x_wconf 88' lang='lat' dir='ltr'><strong>eos</strong></span> <span class='ocrx_word' id='word_1_394' title='bbox 2375 943 2587 1006; x_wconf 82' lang='lat' dir='ltr'><strong>mittere</strong></span> <span class='ocrx_word' id='word_1_395' title='bbox 2607 943 2832 999; x_wconf 88' lang='lat' dir='ltr'><strong>studuit.</strong></span> <span class='ocrx_word' id='word_1_396' title='bbox 2873 943 3005 1011; x_wconf 69' lang='lat' dir='ltr'><strong>Quae</strong></span> <span class='ocrx_word' id='word_1_397' title='bbox 3039 942 3224 998; x_wconf 79' lang='lat' dir='ltr'><strong>ledere</strong></span> <span class='ocrx_word' id='word_1_398' title='bbox 3261 942 3476 997; x_wconf 91' lang='lat' dir='ltr'><strong>ﬁrmato</strong></span> <span class='ocrx_word' id='word_1_399' title='bbox 3505 942 3574 997; x_wconf 90' lang='lat' dir='ltr'><strong>ad</strong></span> <span class='ocrx_word' id='word_1_400' title='bbox 3604 943 3826 1013; x_wconf 75' lang='lat' dir='ltr'><strong>propria</strong></span> 
     </span>
    </p>
   </div>
   <div class='ocr_carea' id='block_1_60' title="bbox 2252 1031 3830 1105">
    <p class='ocr_par' dir='ltr' id='par_1_60' title="bbox 2252 1031 3830 1105">
     <span class='ocr_line' id='line_1_60' title="bbox 2252 1031 3830 1105; baseline -0.001 -17"><span class='ocrx_word' id='word_1_401' title='bbox 2252 1034 2550 1090; x_wconf 78' lang='lat' dir='ltr'><strong>redierunt.</strong></span> <span class='ocrx_word' id='word_1_402' title='bbox 2601 1034 2679 1090; x_wconf 85' lang='lat' dir='ltr'><strong>Eo</strong></span> <span class='ocrx_word' id='word_1_403' title='bbox 2716 1034 2968 1090; x_wconf 82' lang='lat' dir='ltr'><strong>videlicet</strong></span> <span class='ocrx_word' id='word_1_404' title='bbox 3011 1043 3252 1105; x_wconf 85' lang='lat' dir='ltr'><strong>tempore</strong></span> <span class='ocrx_word' id='word_1_405' title='bbox 3278 1042 3494 1089; x_wconf 85' lang='lat' dir='ltr'><strong>mortuo</strong></span> <span class='ocrx_word' id='word_1_406' title='bbox 3520 1034 3682 1090; x_wconf 79' lang='lat' dir='ltr'><strong>Petro</strong></span> <span class='ocrx_word' id='word_1_407' title='bbox 3710 1031 3830 1089; x_wconf 59' lang='lat' dir='ltr'><strong>Oli-</strong></span> 
     </span>
    </p>
   </div>
   <div class='ocr_carea' id='block_1_61' title="bbox 2252 1123 3831 1202">
    <p class='ocr_par' dir='ltr' id='par_1_61' title="bbox 2252 1123 3831 1202">
     <span class='ocr_line' id='line_1_61' title="bbox 2252 1123 3831 1202; baseline 0 -25"><span class='ocrx_word' id='word_1_408' title='bbox 2252 1123 2453 1185; x_wconf 79' lang='lat' dir='ltr'><strong>volensi</strong></span> <span class='ocrx_word' id='word_1_409' title='bbox 2483 1125 2755 1202; x_wconf 81' lang='lat' dir='ltr'><strong>episcopo,</strong></span> <span class='ocrx_word' id='word_1_410' title='bbox 2777 1126 2869 1195; x_wconf 87' lang='lat' dir='ltr'><strong>qui</strong></span> <span class='ocrx_word' id='word_1_411' title='bbox 2899 1126 3269 1197; x_wconf 87' lang='lat' dir='ltr'><strong>episcopatum</strong></span> <span class='ocrx_word' id='word_1_412' title='bbox 3308 1124 3450 1180; x_wconf 73' lang='lat' dir='ltr'><strong>rexit</strong></span> <span class='ocrx_word' id='word_1_413' title='bbox 3471 1124 3654 1181; x_wconf 88' lang='lat' dir='ltr'><strong>annis.</strong></span> <span class='ocrx_word' id='word_1_414' title='bbox 3686 1164 3702 1179; x_wconf 98' lang='lat'><strong>.</strong></span> <span class='ocrx_word' id='word_1_415' title='bbox 3736 1162 3754 1179; x_wconf 92' lang='lat'><strong>.</strong></span> <span class='ocrx_word' id='word_1_416' title='bbox 3784 1163 3831 1189; x_wconf 87' lang='lat'><strong>.,</strong></span> 
     </span>
    </p>
   </div>
   <div class='ocr_carea' id='block_1_62' title="bbox 2256 1211 3837 1285">
    <p class='ocr_par' dir='ltr' id='par_1_62' title="bbox 2256 1211 3837 1285">
     <span class='ocr_line' id='line_1_62' title="bbox 2256 1211 3837 1285; baseline 0 -18"><span class='ocrx_word' id='word_1_417' title='bbox 2256 1211 2423 1267; x_wconf 75' lang='lat' dir='ltr'><strong>Ursus</strong></span> <span class='ocrx_word' id='word_1_418' title='bbox 2452 1212 2553 1274; x_wconf 84' lang='lat' dir='ltr'><strong>sibi</strong></span> <span class='ocrx_word' id='word_1_419' title='bbox 2576 1214 2857 1269; x_wconf 88' lang='lat' dir='ltr'><strong>successit.</strong></span> <span class='ocrx_word' id='word_1_420' title='bbox 2884 1212 3208 1270; x_wconf 82' lang='lat' dir='ltr'><strong>Antedictus</strong></span> <span class='ocrx_word' id='word_1_421' title='bbox 3232 1214 3462 1285; x_wconf 44' lang='lat' dir='ltr'><strong>quidem.</strong></span> <span class='ocrx_word' id='word_1_422' title='bbox 3498 1213 3696 1269; x_wconf 84' lang='lat' dir='ltr'><strong>Petrus</strong></span> <span class='ocrx_word' id='word_1_423' title='bbox 3721 1212 3837 1268; x_wconf 71' lang='lat' dir='ltr'><strong>du:</strong></span> 
     </span>
    </p>
   </div>
   <div class='ocr_carea' id='block_1_63' title="bbox 2252 1296 3830 1373">
    <p class='ocr_par' dir='ltr' id='par_1_63' title="bbox 2252 1296 3830 1373">
     <span class='ocr_line' id='line_1_63' title="bbox 2252 1296 3830 1373; baseline -0.001 -16"><span class='ocrx_word' id='word_1_424' title='bbox 2252 1312 2368 1358; x_wconf 88' lang='lat' dir='ltr'><strong>tres</strong></span> <span class='ocrx_word' id='word_1_425' title='bbox 2404 1302 2595 1357; x_wconf 82' lang='lat' dir='ltr'><strong>habuit</strong></span> <span class='ocrx_word' id='word_1_426' title='bbox 2629 1302 2790 1369; x_wconf 86' lang='lat' dir='ltr'><strong>ﬁlios,</strong></span> <span class='ocrx_word' id='word_1_427' title='bbox 2833 1296 3064 1373; x_wconf 88' lang='lat' dir='ltr'><strong>quorum</strong></span> <span class='ocrx_word' id='word_1_428' title='bbox 3109 1318 3275 1358; x_wconf 90' lang='lat' dir='ltr'><strong>unum</strong></span> <span class='ocrx_word' id='word_1_429' title='bbox 3319 1302 3537 1358; x_wconf 89' lang='lat' dir='ltr'><strong>nomine</strong></span> <span class='ocrx_word' id='word_1_430' title='bbox 3584 1300 3830 1366; x_wconf 81' lang='lat' dir='ltr'><strong>Petrum,</strong></span> 
     </span>
    </p>
   </div>
   <div class='ocr_carea' id='block_1_64' title="bbox 2250 1388 3831 1468">
    <p class='ocr_par' dir='ltr' id='par_1_64' title="bbox 2250 1388 3831 1468">
     <span class='ocr_line' id='line_1_64' title="bbox 2250 1388 3831 1468; baseline -0.002 -21"><span class='ocrx_word' id='word_1_431' title='bbox 2250 1393 2448 1464; x_wconf 89' lang='lat' dir='ltr'><strong>populo</strong></span> <span class='ocrx_word' id='word_1_432' title='bbox 2473 1400 2816 1468; x_wconf 83' lang='lat' dir='ltr'><strong>suggerente,</strong></span> <span class='ocrx_word' id='word_1_433' title='bbox 2846 1400 3156 1448; x_wconf 89' lang='lat' dir='ltr'><strong>consortem</strong></span> <span class='ocrx_word' id='word_1_434' title='bbox 3186 1391 3285 1446; x_wconf 90' lang='lat' dir='ltr'><strong>sibi</strong></span> <span class='ocrx_word' id='word_1_435' title='bbox 3323 1390 3489 1461; x_wconf 83' lang='lat' dir='ltr'><strong>elegit</strong></span> <span class='ocrx_word' id='word_1_436' title='bbox 3519 1391 3632 1461; x_wconf 88' lang='lat' dir='ltr'><strong>(an.</strong></span> <span class='ocrx_word' id='word_1_437' title='bbox 3676 1388 3831 1452; x_wconf 75' lang='lat'><strong>959).</strong></span> 
     </span>
    </p>
   </div>
   <div class='ocr_carea' id='block_1_65' title="bbox 2252 1481 3839 1558">
    <p class='ocr_par' dir='ltr' id='par_1_65' title="bbox 2252 1481 3839 1558">
     <span class='ocr_line' id='line_1_65' title="bbox 2252 1481 3839 1558; baseline -0.004 -20"><span class='ocrx_word' id='word_1_438' title='bbox 2252 1483 2353 1558; x_wconf 81' lang='lat' dir='ltr'><strong>Qui</strong></span> <span class='ocrx_word' id='word_1_439' title='bbox 2377 1492 2607 1557; x_wconf 86' lang='lat' dir='ltr'><strong>paterna</strong></span> <span class='ocrx_word' id='word_1_440' title='bbox 2628 1482 2829 1537; x_wconf 88' lang='lat' dir='ltr'><strong>monita</strong></span> <span class='ocrx_word' id='word_1_441' title='bbox 2868 1481 3016 1538; x_wconf 72' lang='lat' dir='ltr'><strong>ﬂecti</strong></span> <span class='ocrx_word' id='word_1_442' title='bbox 3040 1482 3085 1516; x_wconf 83' lang='lat'>&quot;</span> <span class='ocrx_word' id='word_1_443' title='bbox 3121 1482 3381 1552; x_wconf 84' lang='lat' dir='ltr'><strong>pendens,</strong></span> <span class='ocrx_word' id='word_1_444' title='bbox 3412 1481 3678 1535; x_wconf 88' lang='lat' dir='ltr'><strong>adversus</strong></span> <span class='ocrx_word' id='word_1_445' title='bbox 3705 1494 3839 1533; x_wconf 81' lang='lat' dir='ltr'><strong>eum</strong></span> 
     </span>
    </p>
   </div>
   <div class='ocr_carea' id='block_1_66' title="bbox 2252 1573 3838 1646">
    <p class='ocr_par' dir='ltr' id='par_1_66' title="bbox 2252 1573 3838 1646">
     <span class='ocr_line' id='line_1_66' title="bbox 2252 1573 3838 1646; baseline -0.004 -15"><span class='ocrx_word' id='word_1_446' title='bbox 2252 1578 2533 1646; x_wconf 75' lang='lat' dir='ltr'><strong>insurgere</strong></span> <span class='ocrx_word' id='word_1_447' title='bbox 2556 1575 2857 1646; x_wconf 82' lang='lat' dir='ltr'><strong>temptavit,</strong></span> <span class='ocrx_word' id='word_1_448' title='bbox 2873 1576 3009 1631; x_wconf 85' lang='lat' dir='ltr'><strong>adeo</strong></span> <span class='ocrx_word' id='word_1_449' title='bbox 3030 1583 3087 1628; x_wconf 93' lang='lat' dir='ltr'><strong>ut</strong></span> <span class='ocrx_word' id='word_1_450' title='bbox 3106 1573 3339 1644; x_wconf 88' lang='lat' dir='ltr'><strong>quadam</strong></span> <span class='ocrx_word' id='word_1_451' title='bbox 3362 1573 3450 1627; x_wconf 90' lang='lat' dir='ltr'><strong>die</strong></span> <span class='ocrx_word' id='word_1_452' title='bbox 3471 1581 3838 1638; x_wconf 76' lang='lat' dir='ltr'><strong>utrarumque</strong></span> 
     </span>
    </p>
   </div>
   <div class='ocr_carea' id='block_1_67' title="bbox 2254 1660 3841 1735">
    <p class='ocr_par' dir='ltr' id='par_1_67' title="bbox 2254 1660 3841 1735">
     <span class='ocr_line' id='line_1_67' title="bbox 2254 1660 3841 1735; baseline -0.003 -16"><span class='ocrx_word' id='word_1_453' title='bbox 2254 1664 2501 1735; x_wconf 89' lang='lat' dir='ltr'><strong>parcium</strong></span> <span class='ocrx_word' id='word_1_454' title='bbox 2534 1663 2735 1719; x_wconf 84' lang='lat' dir='ltr'><strong>milites</strong></span> <span class='ocrx_word' id='word_1_455' title='bbox 2756 1664 2822 1718; x_wconf 88' lang='lat' dir='ltr'><strong>ad</strong></span> <span class='ocrx_word' id='word_1_456' title='bbox 2846 1678 3080 1734; x_wconf 80' lang='lat' dir='ltr'><strong>pugnam</strong></span> <span class='ocrx_word' id='word_1_457' title='bbox 3113 1661 3472 1733; x_wconf 84' lang='lat' dir='ltr'><strong>peragendam</strong></span> <span class='ocrx_word' id='word_1_458' title='bbox 3495 1660 3548 1715; x_wconf 92' lang='lat' dir='ltr'><strong>in</strong></span> <span class='ocrx_word' id='word_1_459' title='bbox 3578 1660 3841 1715; x_wconf 67' lang='lat' dir='ltr'><strong>liiroalto</strong></span> 
     </span>
    </p>
   </div>
   <div class='ocr_carea' id='block_1_68' title="bbox 2253 1751 3848 1821">
    <p class='ocr_par' dir='ltr' id='par_1_68' title="bbox 2253 1751 3848 1821">
     <span class='ocr_line' id='line_1_68' title="bbox 2253 1751 3848 1821; baseline -0.004 -9"><span class='ocrx_word' id='word_1_460' title='bbox 2253 1758 2373 1813; x_wconf 78' lang='lat' dir='ltr'><strong>foro</strong></span> <span class='ocrx_word' id='word_1_461' title='bbox 2415 1756 2790 1815; x_wconf 79' lang='lat' dir='ltr'><strong>convenirent.</strong></span> <span class='ocrx_word' id='word_1_462' title='bbox 2842 1753 2956 1810; x_wconf 83' lang='lat' dir='ltr'><strong>Sed</strong></span> <span class='ocrx_word' id='word_1_463' title='bbox 2991 1755 3125 1809; x_wconf 87' lang='lat' dir='ltr'><strong>dum</strong></span> <span class='ocrx_word' id='word_1_464' title='bbox 3156 1754 3370 1809; x_wconf 87' lang='lat' dir='ltr'><strong>inﬁrmo</strong></span> <span class='ocrx_word' id='word_1_465' title='bbox 3398 1762 3455 1808; x_wconf 90' lang='lat' dir='ltr'><strong>et</strong></span> <span class='ocrx_word' id='word_1_466' title='bbox 3478 1752 3659 1808; x_wconf 84' lang='lat' dir='ltr'><strong>vetulo</strong></span> <span class='ocrx_word' id='word_1_467' title='bbox 3687 1751 3848 1821; x_wconf 86' lang='lat' dir='ltr'><strong>patri-</strong></span> 
     </span>
    </p>
   </div>
   <div class='ocr_carea' id='block_1_69' title="bbox 2253 1843 3842 1926">
    <p class='ocr_par' dir='ltr' id='par_1_69' title="bbox 2253 1843 3842 1926">
     <span class='ocr_line' id='line_1_69' title="bbox 2253 1843 3842 1926; baseline -0.006 -20"><span class='ocrx_word' id='word_1_468' title='bbox 2253 1847 2429 1919; x_wconf 89' lang='lat' dir='ltr'><strong>major</strong></span> <span class='ocrx_word' id='word_1_469' title='bbox 2471 1862 2599 1926; x_wconf 79' lang='lat' dir='ltr'><strong>pars</strong></span> <span class='ocrx_word' id='word_1_470' title='bbox 2641 1846 2823 1917; x_wconf 81' lang='lat' dir='ltr'><strong>populi</strong></span> <span class='ocrx_word' id='word_1_471' title='bbox 2863 1846 3262 1917; x_wconf 81' lang='lat' dir='ltr'><strong>obtemperaret</strong></span> <span class='ocrx_word' id='word_1_472' title='bbox 3300 1843 3580 1914; x_wconf 81' lang='lat' dir='ltr'><strong>ﬁliumque</strong></span> <span class='ocrx_word' id='word_1_473' title='bbox 3604 1843 3842 1914; x_wconf 81' lang='lat' dir='ltr'><strong>perdere</strong></span> 
     </span>
    </p>
   </div>
   <div class='ocr_carea' id='block_1_70' title="bbox 2253 1935 3840 2012">
    <p class='ocr_par' dir='ltr' id='par_1_70' title="bbox 2253 1935 3840 2012">
     <span class='ocr_line' id='line_1_70' title="bbox 2253 1935 3840 2012; baseline -0.006 -14"><span class='ocrx_word' id='word_1_474' title='bbox 2253 1945 2437 2010; x_wconf 85' lang='lat' dir='ltr'><strong>vellet,</strong></span> <span class='ocrx_word' id='word_1_475' title='bbox 2477 1943 2692 1998; x_wconf 88' lang='lat' dir='ltr'><strong>tandem</strong></span> <span class='ocrx_word' id='word_1_476' title='bbox 2732 1951 2888 2012; x_wconf 85' lang='lat' dir='ltr'><strong>pater</strong></span> <span class='ocrx_word' id='word_1_477' title='bbox 2933 1939 3305 1996; x_wconf 86' lang='lat' dir='ltr'><strong>misericordia</strong></span> <span class='ocrx_word' id='word_1_478' title='bbox 3344 1948 3544 1999; x_wconf 86' lang='lat' dir='ltr'><strong>motus.</strong></span> <span class='ocrx_word' id='word_1_479' title='bbox 3576 1952 3652 1991; x_wconf 82' lang='lat' dir='ltr'><strong>ne</strong></span> <span class='ocrx_word' id='word_1_480' title='bbox 3682 1935 3840 1990; x_wconf 77' lang='lat' dir='ltr'><strong>illum</strong></span> 
     </span>
    </p>
   </div>
   <div class='ocr_carea' id='block_1_71' title="bbox 2250 2026 3843 2104">
    <p class='ocr_par' dir='ltr' id='par_1_71' title="bbox 2250 2026 3843 2104">
     <span class='ocr_line' id='line_1_71' title="bbox 2250 2026 3843 2104; baseline -0.006 -11"><span class='ocrx_word' id='word_1_481' title='bbox 2250 2036 2525 2093; x_wconf 86' lang='lat' dir='ltr'><strong>occideret</strong></span> <span class='ocrx_word' id='word_1_482' title='bbox 2569 2033 2640 2101; x_wconf 81' lang='lat'><strong>“,</strong></span> <span class='ocrx_word' id='word_1_483' title='bbox 2687 2047 2880 2104; x_wconf 82' lang='lat' dir='ltr'><strong>rogare</strong></span> <span class='ocrx_word' id='word_1_484' title='bbox 2923 2031 3098 2103; x_wconf 72' lang='lat' dir='ltr'><strong>ets-pit.</strong></span> <span class='ocrx_word' id='word_1_485' title='bbox 3144 2031 3347 2086; x_wconf 83' lang='lat' dir='ltr'><strong>Tamen</strong></span> <span class='ocrx_word' id='word_1_486' title='bbox 3396 2028 3588 2084; x_wconf 83' lang='lat' dir='ltr'><strong>volens</strong></span> <span class='ocrx_word' id='word_1_487' title='bbox 3631 2026 3843 2098; x_wconf 81' lang='lat' dir='ltr'><strong>populo</strong></span> 
     </span>
    </p>
   </div>
   <div class='ocr_carea' id='block_1_72' title="bbox 2250 2115 3846 2191">
    <p class='ocr_par' dir='ltr' id='par_1_72' title="bbox 2250 2115 3846 2191">
     <span class='ocr_line' id='line_1_72' title="bbox 2250 2115 3846 2191; baseline -0.006 -9"><span class='ocrx_word' id='word_1_488' title='bbox 2250 2127 2382 2182; x_wconf 65' lang='lat' dir='ltr'><strong>satis</strong></span> <span class='ocrx_word' id='word_1_489' title='bbox 2404 2123 2602 2187; x_wconf 76' lang='lat' dir='ltr'><strong>facere,</strong></span> <span class='ocrx_word' id='word_1_490' title='bbox 2628 2131 2789 2178; x_wconf 79' lang='lat' dir='ltr'><strong>extra</strong></span> <span class='ocrx_word' id='word_1_491' title='bbox 2804 2121 3038 2191; x_wconf 75' lang='lat' dir='ltr'><strong>patriam</strong></span> <span class='ocrx_word' id='word_1_492' title='bbox 3070 2120 3219 2176; x_wconf 90' lang='lat' dir='ltr'><strong>illum</strong></span> <span class='ocrx_word' id='word_1_493' title='bbox 3248 2120 3398 2175; x_wconf 80' lang='lat' dir='ltr'><strong>exire</strong></span> <span class='ocrx_word' id='word_1_494' title='bbox 3418 2116 3603 2188; x_wconf 79' lang='lat' dir='ltr'><strong>jussit.</strong></span> <span class='ocrx_word' id='word_1_495' title='bbox 3632 2115 3846 2172; x_wconf 74' lang='lat' dir='ltr'><strong>Deinde</strong></span> 
     </span>
    </p>
   </div>
   <div class='ocr_carea' id='block_1_73' title="bbox 2249 2205 3845 2284">
    <p class='ocr_par' dir='ltr' id='par_1_73' title="bbox 2249 2205 3845 2284">
     <span class='ocr_line' id='line_1_73' title="bbox 2249 2205 3845 2284; baseline -0.008 -12"><span class='ocrx_word' id='word_1_496' title='bbox 2249 2231 2439 2274; x_wconf 85' lang='lat' dir='ltr'><strong>omnes</strong></span> <span class='ocrx_word' id='word_1_497' title='bbox 2461 2226 2568 2270; x_wconf 84' lang='lat' dir='ltr'><strong>tam</strong></span> <span class='ocrx_word' id='word_1_498' title='bbox 2590 2212 2825 2284; x_wconf 78' lang='lat' dir='ltr'><strong>episcopi</strong></span> <span class='ocrx_word' id='word_1_499' title='bbox 2850 2228 3012 2282; x_wconf 88' lang='lat' dir='ltr'><strong>quam</strong></span> <span class='ocrx_word' id='word_1_500' title='bbox 3037 2219 3234 2267; x_wconf 90' lang='lat' dir='ltr'><strong>cuncto</strong></span> <span class='ocrx_word' id='word_1_501' title='bbox 3255 2208 3401 2264; x_wconf 88' lang='lat' dir='ltr'><strong>clero</strong></span> <span class='ocrx_word' id='word_1_502' title='bbox 3422 2222 3545 2263; x_wconf 90' lang='lat' dir='ltr'><strong>cum</strong></span> <span class='ocrx_word' id='word_1_503' title='bbox 3570 2205 3721 2263; x_wconf 89' lang='lat' dir='ltr'><strong>omni</strong></span> <span class='ocrx_word' id='word_1_504' title='bbox 3749 2220 3845 2277; x_wconf 84' lang='lat' dir='ltr'><strong>po-</strong></span> 
     </span>
    </p>
   </div>
   <div class='ocr_carea' id='block_1_74' title="bbox 2248 2301 3842 2382">
    <p class='ocr_par' dir='ltr' id='par_1_74' title="bbox 2248 2301 3842 2382">
     <span class='ocr_line' id='line_1_74' title="bbox 2248 2301 3842 2382; baseline -0.008 -20"><span class='ocrx_word' id='word_1_505' title='bbox 2248 2310 2400 2382; x_wconf 85' lang='lat' dir='ltr'><strong>pulo,</strong></span> <span class='ocrx_word' id='word_1_506' title='bbox 2428 2306 2567 2363; x_wconf 80' lang='lat' dir='ltr'><strong>facta</strong></span> <span class='ocrx_word' id='word_1_507' title='bbox 2600 2304 3006 2376; x_wconf 87' lang='lat' dir='ltr'><strong>conspiratione</strong></span> <span class='ocrx_word' id='word_1_508' title='bbox 3037 2301 3397 2373; x_wconf 50' lang='lat' dir='ltr'><strong>iuraverunt,</strong></span> <span class='ocrx_word' id='word_1_509' title='bbox 3412 2313 3521 2369; x_wconf 87' lang='lat' dir='ltr'><strong>quo</strong></span> <span class='ocrx_word' id='word_1_510' title='bbox 3558 2311 3842 2367; x_wconf 82' lang='lat' dir='ltr'><strong>nunquam</strong></span> 
     </span>
    </p>
   </div>
   <div class='ocr_carea' id='block_1_75' title="bbox 2251 2386 3847 2469">
    <p class='ocr_par' dir='ltr' id='par_1_75' title="bbox 2251 2386 3847 2469">
     <span class='ocr_line' id='line_1_75' title="bbox 2251 2386 3847 2469; baseline -0.01 -12"><span class='ocrx_word' id='word_1_511' title='bbox 2251 2418 2352 2458; x_wconf 89' lang='lat' dir='ltr'><strong>nec</strong></span> <span class='ocrx_word' id='word_1_512' title='bbox 2378 2400 2430 2456; x_wconf 89' lang='lat' dir='ltr'><strong>in</strong></span> <span class='ocrx_word' id='word_1_513' title='bbox 2455 2399 2563 2454; x_wconf 88' lang='lat' dir='ltr'><strong>vita</strong></span> <span class='ocrx_word' id='word_1_514' title='bbox 2588 2413 2688 2454; x_wconf 90' lang='lat' dir='ltr'><strong>nec</strong></span> <span class='ocrx_word' id='word_1_515' title='bbox 2709 2404 2834 2469; x_wconf 87' lang='lat' dir='ltr'><strong>post</strong></span> <span class='ocrx_word' id='word_1_516' title='bbox 2853 2393 3094 2450; x_wconf 88' lang='lat' dir='ltr'><strong>bobitum</strong></span> <span class='ocrx_word' id='word_1_517' title='bbox 3122 2390 3295 2462; x_wconf 91' lang='lat' dir='ltr'><strong>patris</strong></span> <span class='ocrx_word' id='word_1_518' title='bbox 3312 2404 3435 2445; x_wconf 88' lang='lat' dir='ltr'><strong>eum</strong></span> <span class='ocrx_word' id='word_1_519' title='bbox 3458 2389 3656 2444; x_wconf 83' lang='lat' dir='ltr'><strong>ducem</strong></span> <span class='ocrx_word' id='word_1_520' title='bbox 3672 2386 3847 2442; x_wconf 52' lang='lat' dir='ltr'><strong>baltea</strong></span> 
     </span>
    </p>
   </div>
   <div class='ocr_carea' id='block_1_76' title="bbox 2252 2478 3846 2557">
    <p class='ocr_par' dir='ltr' id='par_1_76' title="bbox 2252 2478 3846 2557">
     <span class='ocr_line' id='line_1_76' title="bbox 2252 2478 3846 2557; baseline -0.013 -7"><span class='ocrx_word' id='word_1_521' title='bbox 2252 2500 2392 2550; x_wconf 84' lang='lat' dir='ltr'><strong>rent.</strong></span> <span class='ocrx_word' id='word_1_522' title='bbox 2409 2489 2460 2546; x_wconf 91' lang='lat' dir='ltr'><strong>ls</strong></span> <span class='ocrx_word' id='word_1_523' title='bbox 2484 2486 2664 2545; x_wconf 89' lang='lat' dir='ltr'><strong>autem</strong></span> <span class='ocrx_word' id='word_1_524' title='bbox 2683 2486 2898 2549; x_wconf 90' lang='lat' dir='ltr'><strong>Petrus,</strong></span> <span class='ocrx_word' id='word_1_525' title='bbox 2920 2483 3010 2553; x_wconf 90' lang='lat' dir='ltr'><strong>qui</strong></span> <span class='ocrx_word' id='word_1_526' title='bbox 3039 2481 3212 2554; x_wconf 90' lang='lat' dir='ltr'><strong>patria</strong></span> <span class='ocrx_word' id='word_1_527' title='bbox 3239 2481 3426 2557; x_wconf 83' lang='lat' dir='ltr'><strong>pulsus</strong></span> <span class='ocrx_word' id='word_1_528' title='bbox 3445 2478 3647 2543; x_wconf 73' lang='lat' dir='ltr'><strong>fuerat,</strong></span> <span class='ocrx_word' id='word_1_529' title='bbox 3670 2478 3846 2534; x_wconf 77' lang='lat' dir='ltr'><strong>comi-</strong></span> 
     </span>
    </p>
   </div>
   <div class='ocr_carea' id='block_1_77' title="bbox 2254 2565 3849 2650">
    <p class='ocr_par' dir='ltr' id='par_1_77' title="bbox 2254 2565 3849 2650">
     <span class='ocr_line' id='line_1_77' title="bbox 2254 2565 3849 2650; baseline -0.013 -10"><span class='ocrx_word' id='word_1_530' title='bbox 2254 2595 2403 2640; x_wconf 84' lang='lat' dir='ltr'><strong>tante</strong></span> <span class='ocrx_word' id='word_1_531' title='bbox 2417 2574 2509 2638; x_wconf 87' lang='lat' dir='ltr'><strong>illo</strong></span> <span class='ocrx_word' id='word_1_532' title='bbox 2522 2579 2757 2650; x_wconf 81' lang='lat' dir='ltr'><strong>Georgio</strong></span> <span class='ocrx_word' id='word_1_533' title='bbox 2772 2578 3002 2633; x_wconf 86' lang='lat' dir='ltr'><strong>diacono</strong></span> <span class='ocrx_word' id='word_1_534' title='bbox 3016 2583 3071 2631; x_wconf 88' lang='lat' dir='ltr'><strong>et</strong></span> <span class='ocrx_word' id='word_1_535' title='bbox 3084 2571 3348 2645; x_wconf 85' lang='lat' dir='ltr'><strong>Gregorio</strong></span> <span class='ocrx_word' id='word_1_536' title='bbox 3358 2569 3597 2639; x_wconf 83' lang='lat' dir='ltr'><strong>quodam</strong></span> <span class='ocrx_word' id='word_1_537' title='bbox 3627 2565 3849 2638; x_wconf 55' lang='lat' dir='ltr'><strong>presbia</strong></span> 
     </span>
    </p>
   </div>
   <div class='ocr_carea' id='block_1_78' title="bbox 2255 2656 3847 2740">
    <p class='ocr_par' dir='ltr' id='par_1_78' title="bbox 2255 2656 3847 2740">
     <span class='ocr_line' id='line_1_78' title="bbox 2255 2656 3847 2740; baseline -0.014 -9"><span class='ocrx_word' id='word_1_538' title='bbox 2255 2687 2373 2731; x_wconf 83' lang='lat' dir='ltr'><strong>tero</strong></span> <span class='ocrx_word' id='word_1_539' title='bbox 2386 2688 2492 2728; x_wconf 90' lang='lat' dir='ltr'><strong>una</strong></span> <span class='ocrx_word' id='word_1_540' title='bbox 2505 2686 2627 2727; x_wconf 92' lang='lat' dir='ltr'><strong>cum</strong></span> <span class='ocrx_word' id='word_1_541' title='bbox 2643 2670 2708 2725; x_wconf 71' lang='lat'><strong>12</strong></span> <span class='ocrx_word' id='word_1_542' title='bbox 2721 2666 2956 2740; x_wconf 86' lang='lat' dir='ltr'><strong>propriis</strong></span> <span class='ocrx_word' id='word_1_543' title='bbox 2968 2664 3139 2722; x_wconf 82' lang='lat' dir='ltr'><strong>servis</strong></span> <span class='ocrx_word' id='word_1_544' title='bbox 3150 2662 3218 2719; x_wconf 89' lang='lat' dir='ltr'><strong>ad</strong></span> <span class='ocrx_word' id='word_1_545' title='bbox 3233 2661 3553 2719; x_wconf 81' lang='lat' dir='ltr'><strong>llvvidonem</strong></span> <span class='ocrx_word' id='word_1_546' title='bbox 3569 2656 3847 2715; x_wconf 63' lang='lat' dir='ltr'><strong>marcbioo</strong></span> 
     </span>
    </p>
   </div>
   <div class='ocr_carea' id='block_1_79' title="bbox 2254 2748 3840 2832">
    <p class='ocr_par' dir='ltr' id='par_1_79' title="bbox 2254 2748 3840 2832">
     <span class='ocr_line' id='line_1_79' title="bbox 2254 2748 3840 2832; baseline -0.012 -10"><span class='ocrx_word' id='word_1_547' title='bbox 2254 2781 2398 2830; x_wconf 89' lang='lat' dir='ltr'><strong>nem,</strong></span> <span class='ocrx_word' id='word_1_548' title='bbox 2413 2759 2723 2832; x_wconf 77' lang='lat' dir='ltr'><strong>Bereugarii</strong></span> <span class='ocrx_word' id='word_1_549' title='bbox 2740 2760 2880 2829; x_wconf 85' lang='lat' dir='ltr'><strong>regis</strong></span> <span class='ocrx_word' id='word_1_550' title='bbox 2894 2757 3081 2820; x_wconf 88' lang='lat' dir='ltr'><strong>ﬁlium,</strong></span> <span class='ocrx_word' id='word_1_551' title='bbox 3097 2754 3362 2826; x_wconf 84' lang='lat' dir='ltr'><strong>pervenit.</strong></span> <span class='ocrx_word' id='word_1_552' title='bbox 3380 2752 3482 2820; x_wconf 88' lang='lat' dir='ltr'><strong>Qui</strong></span> <span class='ocrx_word' id='word_1_553' title='bbox 3498 2766 3622 2808; x_wconf 89' lang='lat' dir='ltr'><strong>eum</strong></span> <span class='ocrx_word' id='word_1_554' title='bbox 3639 2748 3840 2804; x_wconf 82' lang='lat' dir='ltr'><strong>devote</strong></span> 
     </span>
    </p>
   </div>
   <div class='ocr_carea' id='block_1_80' title="bbox 2253 2840 3833 2923">
    <p class='ocr_par' dir='ltr' id='par_1_80' title="bbox 2253 2840 3833 2923">
     <span class='ocr_line' id='line_1_80' title="bbox 2253 2840 3833 2923; baseline -0.011 -12"><span class='ocrx_word' id='word_1_555' title='bbox 2253 2853 2573 2923; x_wconf 84' lang='lat' dir='ltr'><strong>suscipiens.</strong></span> <span class='ocrx_word' id='word_1_556' title='bbox 2606 2849 2747 2922; x_wconf 84' lang='lat' dir='ltr'><strong>patri</strong></span> <span class='ocrx_word' id='word_1_557' title='bbox 2777 2847 3107 2919; x_wconf 83' lang='lat' dir='ltr'><strong>Berengario</strong></span> <span class='ocrx_word' id='word_1_558' title='bbox 3139 2846 3250 2916; x_wconf 80' lang='lat' dir='ltr'><strong>regi</strong></span> <span class='ocrx_word' id='word_1_559' title='bbox 3273 2841 3627 2915; x_wconf 83' lang='lat' dir='ltr'><strong>presentavit.</strong></span> <span class='ocrx_word' id='word_1_560' title='bbox 3654 2840 3700 2894; x_wconf 80' lang='grc' dir='ltr'><strong>Δ</strong></span> <span class='ocrx_word' id='word_1_561' title='bbox 3720 2854 3833 2909; x_wconf 89' lang='lat' dir='ltr'><strong>quo</strong></span> 
     </span>
    </p>
   </div>
   <div class='ocr_carea' id='block_1_81' title="bbox 2256 2931 3843 3008">
    <p class='ocr_par' dir='ltr' id='par_1_81' title="bbox 2256 2931 3843 3008">
     <span class='ocr_line' id='line_1_81' title="bbox 2256 2931 3843 3008; baseline -0.011 -6"><span class='ocrx_word' id='word_1_562' title='bbox 2256 2945 2513 3002; x_wconf 85' lang='lat' dir='ltr'><strong>similiter</strong></span> <span class='ocrx_word' id='word_1_563' title='bbox 2529 2958 2652 2998; x_wconf 83' lang='lat' dir='ltr'><strong>eum</strong></span> <span class='ocrx_word' id='word_1_564' title='bbox 2684 2942 2895 2997; x_wconf 84' lang='lat' dir='ltr'><strong>honore</strong></span> <span class='ocrx_word' id='word_1_565' title='bbox 2923 2948 3230 3008; x_wconf 88' lang='lat' dir='ltr'><strong>susceptus,</strong></span> <span class='ocrx_word' id='word_1_566' title='bbox 3254 2947 3312 2991; x_wconf 91' lang='lat' dir='ltr'><strong>ut</strong></span> <span class='ocrx_word' id='word_1_567' title='bbox 3328 2950 3518 2991; x_wconf 87' lang='lat' dir='ltr'><strong>secum</strong></span> <span class='ocrx_word' id='word_1_568' title='bbox 3542 2933 3614 2988; x_wconf 88' lang='lat' dir='ltr'><strong>ad</strong></span> <span class='ocrx_word' id='word_1_569' title='bbox 3642 2931 3843 3001; x_wconf 82' lang='lat' dir='ltr'><strong>Spole-</strong></span> 
     </span>
    </p>
   </div>
   <div class='ocr_carea' id='block_1_82' title="bbox 2260 3027 3844 3109">
    <p class='ocr_par' dir='ltr' id='par_1_82' title="bbox 2260 3027 3844 3109">
     <span class='ocr_line' id='line_1_82' title="bbox 2260 3027 3844 3109; baseline -0.012 -16"><span class='ocrx_word' id='word_1_570' title='bbox 2260 3047 2467 3094; x_wconf 86' lang='lat' dir='ltr'><strong>teusem</strong></span> <span class='ocrx_word' id='word_1_571' title='bbox 2489 3050 2583 3092; x_wconf 86' lang='lat' dir='ltr'><strong>seu</strong></span> <span class='ocrx_word' id='word_1_572' title='bbox 2613 3032 2887 3090; x_wconf 69' lang='lat' dir='ltr'><strong>Camerio!</strong></span> <span class='ocrx_word' id='word_1_573' title='bbox 2911 3027 3608 3109; x_wconf 77' lang='lat' dir='ltr'><strong>marcbiam&#39;debellandam</strong></span> <span class='ocrx_word' id='word_1_574' title='bbox 3639 3035 3844 3094; x_wconf 86' lang='lat' dir='ltr'><strong>prope-</strong></span> 
     </span>
    </p>
   </div>
   <div class='ocr_carea' id='block_1_83' title="bbox 2258 3122 3849 3196">
    <p class='ocr_par' dir='ltr' id='par_1_83' title="bbox 2258 3122 3849 3196">
     <span class='ocr_line' id='line_1_83' title="bbox 2258 3122 3849 3196; baseline -0.012 -10"><span class='ocrx_word' id='word_1_575' title='bbox 2258 3138 2431 3196; x_wconf 84' lang='lat' dir='ltr'><strong>raret,</strong></span> <span class='ocrx_word' id='word_1_576' title='bbox 2480 3128 2740 3184; x_wconf 87' lang='lat' dir='ltr'><strong>invitatus</strong></span> <span class='ocrx_word' id='word_1_577' title='bbox 2778 3133 2891 3183; x_wconf 83' lang='lat' dir='ltr'><strong>est.</strong></span> <span class='ocrx_word' id='word_1_578' title='bbox 2935 3123 3038 3192; x_wconf 87' lang='lat' dir='ltr'><strong>Qui</strong></span> <span class='ocrx_word' id='word_1_579' title='bbox 3084 3122 3323 3185; x_wconf 88' lang='lat' dir='ltr'><strong>rediens,</strong></span> <span class='ocrx_word' id='word_1_580' title='bbox 3377 3127 3598 3188; x_wconf 87' lang='lat' dir='ltr'><strong>accepta</strong></span> <span class='ocrx_word' id='word_1_581' title='bbox 3630 3130 3662 3169; x_wconf 87' lang='lat' dir='ltr'><strong>a</strong></span> <span class='ocrx_word' id='word_1_582' title='bbox 3711 3128 3849 3183; x_wconf 79' lang='lat' dir='ltr'><strong>rego</strong></span> 
     </span>
    </p>
   </div>
   <div class='ocr_carea' id='block_1_84' title="bbox 2256 3205 3843 3279">
    <p class='ocr_par' dir='ltr' id='par_1_84' title="bbox 2256 3205 3843 3279">
     <span class='ocr_line' id='line_1_84' title="bbox 2256 3205 3843 3279; baseline -0.012 -2"><span class='ocrx_word' id='word_1_583' title='bbox 2256 3221 2482 3278; x_wconf 85' lang='lat' dir='ltr'><strong>licentia</strong></span> <span class='ocrx_word' id='word_1_584' title='bbox 2513 3221 2580 3275; x_wconf 92' lang='lat' dir='ltr'><strong>de</strong></span> <span class='ocrx_word' id='word_1_585' title='bbox 2620 3217 2899 3273; x_wconf 81' lang='lat' dir='ltr'><strong>Veneticis</strong></span> <span class='ocrx_word' id='word_1_586' title='bbox 2935 3214 3279 3279; x_wconf 82' lang='lat' dir='ltr'><strong>vendicandi,</strong></span> <span class='ocrx_word' id='word_1_587' title='bbox 3314 3213 3629 3266; x_wconf 76' lang='lat' dir='ltr'><strong>Ravennam</strong></span> <span class='ocrx_word' id='word_1_588' title='bbox 3682 3205 3843 3262; x_wconf 89' lang='lat' dir='ltr'><strong>adiit.</strong></span> 
     </span>
    </p>
   </div>
   <div class='ocr_carea' id='block_1_85' title="bbox 2256 3296 3840 3379">
    <p class='ocr_par' dir='ltr' id='par_1_85' title="bbox 2256 3296 3840 3379">
     <span class='ocr_line' id='line_1_85' title="bbox 2256 3296 3840 3379; baseline -0.013 -12"><span class='ocrx_word' id='word_1_589' title='bbox 2256 3310 2360 3367; x_wconf 66' lang='lat' dir='ltr'><strong>tibi</strong></span> <span class='ocrx_word' id='word_1_590' title='bbox 2386 3308 2668 3379; x_wconf 87' lang='lat' dir='ltr'><strong>cujusdam</strong></span> <span class='ocrx_word' id='word_1_591' title='bbox 2697 3307 2960 3362; x_wconf 85' lang='lat' dir='ltr'><strong>relatione</strong></span> <span class='ocrx_word' id='word_1_592' title='bbox 2986 3303 3201 3365; x_wconf 73' lang='lat' dir='ltr'><strong>didicit,</strong></span> <span class='ocrx_word' id='word_1_593' title='bbox 3218 3309 3425 3371; x_wconf 79' lang='lat' dir='ltr'><strong>septem</strong></span> <span class='ocrx_word' id='word_1_594' title='bbox 3448 3296 3840 3352; x_wconf 78' lang='lat' dir='ltr'><strong>Veneticorum</strong></span> 
     </span>
    </p>
   </div>
   <div class='ocr_carea' id='block_1_86' title="bbox 2256 3384 3838 3470">
    <p class='ocr_par' dir='ltr' id='par_1_86' title="bbox 2256 3384 3838 3470">
     <span class='ocr_line' id='line_1_86' title="bbox 2256 3384 3838 3470; baseline -0.013 -12"><span class='ocrx_word' id='word_1_595' title='bbox 2256 3415 2425 3458; x_wconf 84' lang='lat' dir='ltr'><strong>naves</strong></span> <span class='ocrx_word' id='word_1_596' title='bbox 2454 3400 2506 3455; x_wconf 93' lang='lat' dir='ltr'><strong>in</strong></span> <span class='ocrx_word' id='word_1_597' title='bbox 2533 3406 2694 3470; x_wconf 92' lang='lat' dir='ltr'><strong>portu</strong></span> <span class='ocrx_word' id='word_1_598' title='bbox 2721 3396 2813 3468; x_wconf 89' lang='lat' dir='ltr'><strong>qui</strong></span> <span class='ocrx_word' id='word_1_599' title='bbox 2845 3403 3073 3450; x_wconf 91' lang='lat' dir='ltr'><strong>vocatur</strong></span> <span class='ocrx_word' id='word_1_600' title='bbox 3087 3390 3399 3449; x_wconf 80' lang='lat' dir='ltr'><strong>Primarius.</strong></span> <span class='ocrx_word' id='word_1_601' title='bbox 3417 3387 3530 3459; x_wconf 88' lang='lat'><strong>(80)</strong></span> <span class='ocrx_word' id='word_1_602' title='bbox 3553 3384 3697 3444; x_wconf 76' lang='lat' dir='ltr'><strong>fore.</strong></span> <span class='ocrx_word' id='word_1_603' title='bbox 3715 3398 3838 3453; x_wconf 71' lang='lat' dir='ltr'><strong>quae</strong></span> 
     </span>
    </p>
   </div>
   <div class='ocr_carea' id='block_1_87' title="bbox 2255 3477 3834 3565">
    <p class='ocr_par' dir='ltr' id='par_1_87' title="bbox 2255 3477 3834 3565">
     <span class='ocr_line' id='line_1_87' title="bbox 2255 3477 3834 3565; baseline -0.012 -13"><span class='ocrx_word' id='word_1_604' title='bbox 2255 3495 2489 3565; x_wconf 86' lang='lat' dir='ltr'><strong>negotiis</strong></span> <span class='ocrx_word' id='word_1_605' title='bbox 2555 3493 2838 3559; x_wconf 75' lang='lat' dir='ltr'><strong>ltonerate,</strong></span> <span class='ocrx_word' id='word_1_606' title='bbox 2917 3491 3222 3547; x_wconf 83' lang='lat' dir='ltr'><strong>Fanensem</strong></span> <span class='ocrx_word' id='word_1_607' title='bbox 3293 3486 3480 3542; x_wconf 89' lang='lat' dir='ltr'><strong>urbem</strong></span> <span class='ocrx_word' id='word_1_608' title='bbox 3552 3477 3834 3552; x_wconf 82' lang='lat' dir='ltr'><strong>proﬁcisci</strong></span> 
     </span>
    </p>
   </div>
   <div class='ocr_carea' id='block_1_88' title="bbox 2257 3572 3833 3658">
    <p class='ocr_par' dir='ltr' id='par_1_88' title="bbox 2257 3572 3833 3658">
     <span class='ocr_line' id='line_1_88' title="bbox 2257 3572 3833 3658; baseline -0.011 -15"><span class='ocrx_word' id='word_1_609' title='bbox 2257 3588 2655 3658; x_wconf 76' lang='lat' dir='ltr'><strong>disposuerant.</strong></span> <span class='ocrx_word' id='word_1_610' title='bbox 2673 3585 2809 3639; x_wconf 83' lang='lat' dir='ltr'><strong>Tant</strong></span> <span class='ocrx_word' id='word_1_611' title='bbox 2832 3599 2926 3640; x_wconf 82' lang='lat' dir='ltr'><strong>sex</strong></span> <span class='ocrx_word' id='word_1_612' title='bbox 2954 3581 3331 3636; x_wconf 77' lang='lat' dir='ltr'><strong>Ravennatum</strong></span> <span class='ocrx_word' id='word_1_613' title='bbox 3353 3572 3833 3641; x_wconf 79' lang='lat' dir='ltr'><strong>navibusadeptis,</strong></span> 
     </span>
    </p>
   </div>
   <div class='ocr_carea' id='block_1_89' title="bbox 2257 3665 3840 3736">
    <p class='ocr_par' dir='ltr' id='par_1_89' title="bbox 2257 3665 3840 3736">
     <span class='ocr_line' id='line_1_89' title="bbox 2257 3665 3840 3736; baseline -0.013 -1"><span class='ocrx_word' id='word_1_614' title='bbox 2257 3689 2453 3735; x_wconf 86' lang='lat' dir='ltr'><strong>contra</strong></span> <span class='ocrx_word' id='word_1_615' title='bbox 2489 3677 2707 3732; x_wconf 84' lang='lat' dir='ltr'><strong>easdem</strong></span> <span class='ocrx_word' id='word_1_616' title='bbox 2732 3674 3268 3736; x_wconf 84' lang='lat' dir='ltr'><strong>bostiliterirruens,</strong></span> <span class='ocrx_word' id='word_1_617' title='bbox 3298 3677 3391 3724; x_wconf 86' lang='lat' dir='ltr'><strong>eas</strong></span> <span class='ocrx_word' id='word_1_618' title='bbox 3418 3666 3627 3734; x_wconf 85' lang='lat' dir='ltr'><strong>absque</strong></span> <span class='ocrx_word' id='word_1_619' title='bbox 3652 3665 3840 3718; x_wconf 86' lang='lat' dir='ltr'><strong>obsta-</strong></span> 
     </span>
    </p>
   </div>
   <div class='ocr_carea' id='block_1_90' title="bbox 2257 3759 3837 3839">
    <p class='ocr_par' dir='ltr' id='par_1_90' title="bbox 2257 3759 3837 3839">
     <span class='ocr_line' id='line_1_90' title="bbox 2257 3759 3837 3839; baseline -0.012 -13"><span class='ocrx_word' id='word_1_620' title='bbox 2257 3769 2381 3826; x_wconf 90' lang='lat' dir='ltr'><strong>culo</strong></span> <span class='ocrx_word' id='word_1_621' title='bbox 2410 3767 2839 3839; x_wconf 79' lang='lat' dir='ltr'><strong>comprehendit.</strong></span> <span class='ocrx_word' id='word_1_622' title='bbox 2868 3764 3068 3835; x_wconf 86' lang='lat' dir='ltr'><strong>Sicque</strong></span> <span class='ocrx_word' id='word_1_623' title='bbox 3097 3763 3411 3818; x_wconf 81' lang='lat' dir='ltr'><strong>Ravennam</strong></span> <span class='ocrx_word' id='word_1_624' title='bbox 3440 3759 3701 3813; x_wconf 79' lang='lat' dir='ltr'><strong>reversus</strong></span> <span class='ocrx_word' id='word_1_625' title='bbox 3728 3762 3837 3809; x_wconf 85' lang='lat' dir='ltr'><strong>est.</strong></span> 
     </span>
    </p>
   </div>
   <div class='ocr_carea' id='block_1_91' title="bbox 2254 3842 3839 3920">
    <p class='ocr_par' dir='ltr' id='par_1_91' title="bbox 2254 3842 3839 3920">
     <span class='ocr_line' id='line_1_91' title="bbox 2254 3842 3839 3920; baseline -0.012 -7"><span class='ocrx_word' id='word_1_626' title='bbox 2254 3858 2467 3913; x_wconf 85' lang='lat' dir='ltr'><strong>Interea</strong></span> <span class='ocrx_word' id='word_1_627' title='bbox 2498 3864 2745 3912; x_wconf 90' lang='lat' dir='ltr'><strong>mortuus</strong></span> <span class='ocrx_word' id='word_1_628' title='bbox 2768 3864 2863 3910; x_wconf 72' lang='lat' dir='ltr'><strong>est</strong></span> <span class='ocrx_word' id='word_1_629' title='bbox 2883 3853 3076 3911; x_wconf 83' lang='lat' dir='ltr'><strong>Petrus</strong></span> <span class='ocrx_word' id='word_1_630' title='bbox 3125 3852 3243 3908; x_wconf 76' lang='lat' dir='ltr'><strong>dux.</strong></span> <span class='ocrx_word' id='word_1_631' title='bbox 3288 3856 3445 3920; x_wconf 86' lang='lat' dir='ltr'><strong>pater</strong></span> <span class='ocrx_word' id='word_1_632' title='bbox 3495 3845 3692 3916; x_wconf 89' lang='lat' dir='ltr'><strong>ipsius,</strong></span> <span class='ocrx_word' id='word_1_633' title='bbox 3744 3842 3839 3912; x_wconf 87' lang='lat' dir='ltr'><strong>qui</strong></span> 
     </span>
    </p>
   </div>
   <div class='ocr_carea' id='block_1_92' title="bbox 2257 3933 3836 4020">
    <p class='ocr_par' dir='ltr' id='par_1_92' title="bbox 2257 3933 3836 4020">
     <span class='ocr_line' id='line_1_92' title="bbox 2257 3933 3836 4020; baseline -0.013 -12"><span class='ocrx_word' id='word_1_634' title='bbox 2257 3953 2445 4008; x_wconf 89' lang='lat' dir='ltr'><strong>decem</strong></span> <span class='ocrx_word' id='word_1_635' title='bbox 2476 3958 2531 4007; x_wconf 91' lang='lat' dir='ltr'><strong>et</strong></span> <span class='ocrx_word' id='word_1_636' title='bbox 2560 3958 2769 4020; x_wconf 87' lang='lat' dir='ltr'><strong>septem</strong></span> <span class='ocrx_word' id='word_1_637' title='bbox 2808 3946 2968 4001; x_wconf 86' lang='lat' dir='ltr'><strong>annis</strong></span> <span class='ocrx_word' id='word_1_638' title='bbox 2997 3952 3216 4000; x_wconf 74' lang='lat' dir='ltr'><strong>rexerat</strong></span> <span class='ocrx_word' id='word_1_639' title='bbox 3254 3943 3533 3997; x_wconf 89' lang='lat' dir='ltr'><strong>ducatum.</strong></span> <span class='ocrx_word' id='word_1_640' title='bbox 3581 3936 3715 3992; x_wconf 82' lang='lat' dir='ltr'><strong>Post</strong></span> <span class='ocrx_word' id='word_1_641' title='bbox 3742 3933 3836 3989; x_wconf 87' lang='lat' dir='ltr'><strong>ﬁlii</strong></span> 
     </span>
    </p>
   </div>
   <div class='ocr_carea' id='block_1_93' title="bbox 2257 4027 3839 4114">
    <p class='ocr_par' dir='ltr' id='par_1_93' title="bbox 2257 4027 3839 4114">
     <span class='ocr_line' id='line_1_93' title="bbox 2257 4027 3839 4114; baseline -0.012 -16"><span class='ocrx_word' id='word_1_642' title='bbox 2257 4044 2476 4114; x_wconf 90' lang='lat' dir='ltr'><strong>quidem</strong></span> <span class='ocrx_word' id='word_1_643' title='bbox 2507 4042 2822 4108; x_wconf 83' lang='lat' dir='ltr'><strong>cjectionem</strong></span> <span class='ocrx_word' id='word_1_644' title='bbox 2850 4054 2956 4093; x_wconf 91' lang='lat' dir='ltr'><strong>non</strong></span> <span class='ocrx_word' id='word_1_645' title='bbox 2984 4037 3102 4108; x_wconf 87' lang='lat' dir='ltr'><strong>plus</strong></span> <span class='ocrx_word' id='word_1_646' title='bbox 3125 4050 3286 4106; x_wconf 85' lang='lat' dir='ltr'><strong>quam</strong></span> <span class='ocrx_word' id='word_1_647' title='bbox 3314 4033 3523 4088; x_wconf 90' lang='lat' dir='ltr'><strong>duobus</strong></span> <span class='ocrx_word' id='word_1_648' title='bbox 3548 4027 3839 4083; x_wconf 82' lang='lat' dir='ltr'><strong>mensibus</strong></span> 
     </span>
    </p>
   </div>
   <div class='ocr_carea' id='block_1_94' title="bbox 2256 4116 3842 4194">
    <p class='ocr_par' dir='ltr' id='par_1_94' title="bbox 2256 4116 3842 4194">
     <span class='ocr_line' id='line_1_94' title="bbox 2256 4116 3842 4194; baseline -0.011 -6"><span class='ocrx_word' id='word_1_649' title='bbox 2256 4142 2312 4188; x_wconf 83' lang='lat' dir='ltr'><strong>et</strong></span> <span class='ocrx_word' id='word_1_650' title='bbox 2332 4133 2398 4186; x_wconf 71' lang='lat' dir='ltr'><strong>li</strong></span> <span class='ocrx_word' id='word_1_651' title='bbox 2420 4132 2611 4187; x_wconf 90' lang='lat' dir='ltr'><strong>diebus</strong></span> <span class='ocrx_word' id='word_1_652' title='bbox 2635 4129 2838 4185; x_wconf 76' lang='lat' dir='ltr'><strong>vixisse</strong></span> <span class='ocrx_word' id='word_1_653' title='bbox 2857 4126 3051 4182; x_wconf 80' lang='lat' dir='ltr'><strong>fertur.</strong></span> <span class='ocrx_word' id='word_1_654' title='bbox 3070 4130 3227 4181; x_wconf 82' lang='lat' dir='ltr'><strong>Anno</strong></span> <span class='ocrx_word' id='word_1_655' title='bbox 3251 4123 3414 4194; x_wconf 78' lang='lat' dir='ltr'><strong>igitur</strong></span> <span class='ocrx_word' id='word_1_656' title='bbox 3435 4116 3842 4177; x_wconf 83' lang='lat' dir='ltr'><strong>incarnationis</strong></span> 
     </span>
    </p>
   </div>
   <div class='ocr_carea' id='block_1_95' title="bbox 2259 4209 3836 4286">
    <p class='ocr_par' dir='ltr' id='par_1_95' title="bbox 2259 4209 3836 4286">
     <span class='ocr_line' id='line_1_95' title="bbox 2259 4209 3836 4286; baseline -0.013 -8"><span class='ocrx_word' id='word_1_657' title='bbox 2259 4222 2473 4278; x_wconf 77' lang='lat' dir='ltr'><strong>Domini</strong></span> <span class='ocrx_word' id='word_1_658' title='bbox 2502 4220 2677 4277; x_wconf 90' lang='lat' dir='ltr'><strong>nostri</strong></span> <span class='ocrx_word' id='word_1_659' title='bbox 2707 4219 2832 4275; x_wconf 82' lang='lat' dir='ltr'><strong>Jesu</strong></span> <span class='ocrx_word' id='word_1_660' title='bbox 2866 4218 3068 4274; x_wconf 82' lang='lat' dir='ltr'><strong>Christi</strong></span> <span class='ocrx_word' id='word_1_661' title='bbox 3107 4212 3517 4286; x_wconf 85' lang='lat' dir='ltr'><strong>nongentesimn</strong></span> <span class='ocrx_word' id='word_1_662' title='bbox 3561 4209 3836 4280; x_wconf 65' lang='lat' dir='ltr'><strong>(utinqua-</strong></span> 
     </span>
    </p>
   </div>
   <div class='ocr_carea' id='block_1_96' title="bbox 2256 4299 3846 4384">
    <p class='ocr_par' dir='ltr' id='par_1_96' title="bbox 2256 4299 3846 4384">
     <span class='ocr_line' id='line_1_96' title="bbox 2256 4299 3846 4384; baseline -0.013 -15"><span class='ocrx_word' id='word_1_663' title='bbox 2256 4313 2465 4384; x_wconf 77' lang='lat' dir='ltr'><strong>gesimo</strong></span> <span class='ocrx_word' id='word_1_664' title='bbox 2506 4326 2671 4377; x_wconf 89' lang='lat' dir='ltr'><strong>nouo,</strong></span> <span class='ocrx_word' id='word_1_665' title='bbox 2716 4310 2896 4366; x_wconf 88' lang='lat' dir='ltr'><strong>omnis</strong></span> <span class='ocrx_word' id='word_1_666' title='bbox 2953 4307 3331 4364; x_wconf 83' lang='lat' dir='ltr'><strong>Veneticorum</strong></span> <span class='ocrx_word' id='word_1_667' title='bbox 3384 4299 3676 4358; x_wconf 86' lang='lat' dir='ltr'><strong>multitudo</strong></span> <span class='ocrx_word' id='word_1_668' title='bbox 3730 4311 3846 4351; x_wconf 83' lang='lat' dir='ltr'><strong>una.</strong></span> 
     </span>
    </p>
   </div>
   <div class='ocr_carea' id='block_1_97' title="bbox 2258 4397 3845 4475">
    <p class='ocr_par' dir='ltr' id='par_1_97' title="bbox 2258 4397 3845 4475">
     <span class='ocr_line' id='line_1_97' title="bbox 2258 4397 3845 4475; baseline -0.013 -14"><span class='ocrx_word' id='word_1_669' title='bbox 2258 4420 2380 4461; x_wconf 89' lang='lat' dir='ltr'><strong>eum</strong></span> <span class='ocrx_word' id='word_1_670' title='bbox 2403 4403 2671 4475; x_wconf 86' lang='lat' dir='ltr'><strong>episcopis</strong></span> <span class='ocrx_word' id='word_1_671' title='bbox 2690 4411 2744 4457; x_wconf 90' lang='lat' dir='ltr'><strong>et</strong></span> <span class='ocrx_word' id='word_1_672' title='bbox 2766 4400 3052 4457; x_wconf 86' lang='lat' dir='ltr'><strong>abbatibus</strong></span> <span class='ocrx_word' id='word_1_673' title='bbox 3079 4411 3401 4459; x_wconf 86' lang='lat' dir='ltr'><strong>convenere,</strong></span> <span class='ocrx_word' id='word_1_674' title='bbox 3415 4402 3471 4449; x_wconf 91' lang='lat' dir='ltr'><strong>et</strong></span> <span class='ocrx_word' id='word_1_675' title='bbox 3490 4397 3845 4448; x_wconf 80' lang='lat' dir='ltr'><strong>sacramenta.</strong></span> 
     </span>
    </p>
   </div>
   <div class='ocr_carea' id='block_1_98' title="bbox 2256 4479 3845 4560">
    <p class='ocr_par' dir='ltr' id='par_1_98' title="bbox 2256 4479 3845 4560">
     <span class='ocr_line' id='line_1_98' title="bbox 2256 4479 3845 4560; baseline -0.009 -9"><span class='ocrx_word' id='word_1_676' title='bbox 2256 4494 2547 4551; x_wconf 83' lang='lat' dir='ltr'><strong>oblivionis</strong></span> <span class='ocrx_word' id='word_1_677' title='bbox 2604 4492 2902 4560; x_wconf 76' lang='lat' dir='ltr'><strong>tradentes,</strong></span> <span class='ocrx_word' id='word_1_678' title='bbox 2964 4505 3089 4546; x_wconf 90' lang='lat' dir='ltr'><strong>cum</strong></span> <span class='ocrx_word' id='word_1_679' title='bbox 3134 4485 3391 4543; x_wconf 88' lang='lat' dir='ltr'><strong>trecentis</strong></span> <span class='ocrx_word' id='word_1_680' title='bbox 3430 4496 3568 4554; x_wconf 90' lang='lat' dir='ltr'><strong>pene</strong></span> <span class='ocrx_word' id='word_1_681' title='bbox 3606 4479 3845 4551; x_wconf 62' lang='lat' dir='ltr'><strong>navibus</strong></span> 
     </span>
    </p>
   </div>
   <div class='ocr_carea' id='block_1_99' title="bbox 2259 4566 3837 4655">
    <p class='ocr_par' dir='ltr' id='par_1_99' title="bbox 2259 4566 3837 4655">
     <span class='ocr_line' id='line_1_99' title="bbox 2259 4566 3837 4655; baseline -0.013 -15"><span class='ocrx_word' id='word_1_682' title='bbox 2259 4583 2564 4655; x_wconf 84' lang='lat' dir='ltr'><strong>preparatis</strong></span> <span class='ocrx_word' id='word_1_683' title='bbox 2614 4581 2953 4646; x_wconf 78' lang='lat' dir='ltr'><strong>Ravennam,</strong></span> <span class='ocrx_word' id='word_1_684' title='bbox 2997 4588 3058 4634; x_wconf 91' lang='lat' dir='ltr'><strong>ut</strong></span> <span class='ocrx_word' id='word_1_685' title='bbox 3100 4576 3468 4648; x_wconf 87' lang='lat' dir='ltr'><strong>supradictutn</strong></span> <span class='ocrx_word' id='word_1_686' title='bbox 3502 4570 3727 4626; x_wconf 85' lang='lat' dir='ltr'><strong>Petrum</strong></span> <span class='ocrx_word' id='word_1_687' title='bbox 3782 4566 3837 4621; x_wconf 90' lang='lat' dir='ltr'><strong>iu</strong></span> 
     </span>
    </p>
   </div>
   <div class='ocr_carea' id='block_1_100' title="bbox 2259 4659 3838 4739">
    <p class='ocr_par' dir='ltr' id='par_1_100' title="bbox 2259 4659 3838 4739">
     <span class='ocr_line' id='line_1_100' title="bbox 2259 4659 3838 4739; baseline -0.014 -6"><span class='ocrx_word' id='word_1_688' title='bbox 2259 4677 2772 4733; x_wconf 84' lang='lat' dir='ltr'><strong>ducatusltonorem</strong></span> <span class='ocrx_word' id='word_1_689' title='bbox 2822 4673 3196 4736; x_wconf 81' lang='lat' dir='ltr'><strong>restituerent,</strong></span> <span class='ocrx_word' id='word_1_690' title='bbox 3241 4670 3632 4739; x_wconf 86' lang='lat' dir='ltr'><strong>properarunt.</strong></span> <span class='ocrx_word' id='word_1_691' title='bbox 3663 4659 3838 4728; x_wconf 87' lang='lat' dir='ltr'><strong>Quem</strong></span> 
     </span>
    </p>
   </div>
   <div class='ocr_carea' id='block_1_101' title="bbox 2261 4752 3837 4841">
    <p class='ocr_par' dir='ltr' id='par_1_101' title="bbox 2261 4752 3837 4841">
     <span class='ocr_line' id='line_1_101' title="bbox 2261 4752 3837 4841; baseline -0.014 -15"><span class='ocrx_word' id='word_1_692' title='bbox 2261 4770 2640 4841; x_wconf 84' lang='lat' dir='ltr'><strong>suscipientes,</strong></span> <span class='ocrx_word' id='word_1_693' title='bbox 2676 4781 2798 4823; x_wconf 93' lang='lat' dir='ltr'><strong>cum</strong></span> <span class='ocrx_word' id='word_1_694' title='bbox 2838 4765 2931 4819; x_wconf 89' lang='lat' dir='ltr'><strong>tali</strong></span> <span class='ocrx_word' id='word_1_695' title='bbox 2958 4771 3220 4834; x_wconf 86' lang='lat' dir='ltr'><strong>apparatu</strong></span> <span class='ocrx_word' id='word_1_696' title='bbox 3257 4759 3323 4814; x_wconf 88' lang='lat' dir='ltr'><strong>ad</strong></span> <span class='ocrx_word' id='word_1_697' title='bbox 3356 4756 3618 4829; x_wconf 86' lang='lat' dir='ltr'><strong>palatium</strong></span> <span class='ocrx_word' id='word_1_698' title='bbox 3668 4752 3837 4807; x_wconf 77' lang='lat' dir='ltr'><strong>duxe-</strong></span> 
     </span>
    </p>
   </div>
   <div class='ocr_carea' id='block_1_102' title="bbox 2263 4841 3835 4927">
    <p class='ocr_par' dir='ltr' id='par_1_102' title="bbox 2263 4841 3835 4927">
     <span class='ocr_line' id='line_1_102' title="bbox 2263 4841 3835 4927; baseline -0.013 -11"><span class='ocrx_word' id='word_1_699' title='bbox 2263 4871 2409 4927; x_wconf 88' lang='lat' dir='ltr'><strong>runt,</strong></span> <span class='ocrx_word' id='word_1_700' title='bbox 2474 4864 3046 4926; x_wconf 75' lang='lat' dir='ltr'><strong>sacramentorumque</strong></span> <span class='ocrx_word' id='word_1_701' title='bbox 3111 4849 3216 4907; x_wconf 84' lang='lat' dir='ltr'><strong>ﬁde</strong></span> <span class='ocrx_word' id='word_1_702' title='bbox 3279 4845 3580 4918; x_wconf 88' lang='lat' dir='ltr'><strong>principem</strong></span> <span class='ocrx_word' id='word_1_703' title='bbox 3635 4841 3835 4898; x_wconf 74' lang='lat' dir='ltr'><strong>iterm-</strong></span> 
     </span>
    </p>
   </div>
   <div class='ocr_carea' id='block_1_103' title="bbox 1853 4982 2563 5056">
    <p class='ocr_par' dir='ltr' id='par_1_103' title="bbox 1853 4982 2563 5056">
     <span class='ocr_line' id='line_1_103' title="bbox 1853 4982 2563 5056; baseline 0.001 -6"><span class='ocrx_word' id='word_1_704' title='bbox 1853 4994 2089 5056; x_wconf 69' lang='lat' dir='ltr'><strong>vsnu:</strong></span> <span class='ocrx_word' id='word_1_705' title='bbox 2126 4982 2563 5056; x_wconf 57' lang='lat' dir='ltr'><strong>moriones;</strong></span> 
     </span>
    </p>
   </div>
   <div class='ocr_carea' id='block_1_104' title="bbox 647 5064 3836 5202">
    <p class='ocr_par' dir='ltr' id='par_1_104' title="bbox 647 5093 3836 5202">
     <span class='ocr_line' id='line_1_104' title="bbox 647 5093 3836 5202; baseline -0.003 -44"><span class='ocrx_word' id='word_1_706' title='bbox 647 5105 694 5202; x_wconf 58' lang='grc' dir='ltr'><strong><em>’ἰ</em></strong></span> <span class='ocrx_word' id='word_1_707' title='bbox 723 5111 778 5160; x_wconf 92' lang='lat' dir='ltr'><strong>to</strong></span> <span class='ocrx_word' id='word_1_708' title='bbox 808 5107 1243 5202; x_wconf 57' lang='lat' dir='ltr'><strong>suprascriptum.</strong></span> <span class='ocrx_word' id='word_1_709' title='bbox 1311 5105 1485 5202; x_wconf 46' lang='lat' dir='ltr'><strong>&quot;.2an</strong></span> <span class='ocrx_word' id='word_1_710' title='bbox 1503 5108 1944 5202; x_wconf 30' lang='lat' dir='ltr'><strong>suprascripta”;</strong></span> <span class='ocrx_word' id='word_1_711' title='bbox 1960 5108 2031 5195; x_wconf 43' lang='grc' dir='ltr'><strong>ἐξ</strong></span> <span class='ocrx_word' id='word_1_712' title='bbox 2045 5110 2123 5194; x_wconf 56' lang='grc' dir='ltr'><strong>εἰς</strong></span> <span class='ocrx_word' id='word_1_713' title='bbox 2141 5110 2197 5190; x_wconf 75' lang='lat' dir='ltr'><strong>in</strong></span> <span class='ocrx_word' id='word_1_714' title='bbox 2215 5110 2368 5190; x_wconf 74' lang='lat' dir='ltr'><strong>codd.</strong></span> <span class='ocrx_word' id='word_1_715' title='bbox 2389 5107 2519 5171; x_wconf 82' lang='lat' dir='ltr'><strong>Urb.</strong></span> <span class='ocrx_word' id='word_1_716' title='bbox 2540 5118 2589 5165; x_wconf 75' lang='lat' dir='ltr'><strong>et</strong></span> <span class='ocrx_word' id='word_1_717' title='bbox 2608 5103 2803 5170; x_wconf 59' lang='lat' dir='ltr'><strong>Vatia,</strong></span> <span class='ocrx_word' id='word_1_718' title='bbox 2818 5105 2908 5160; x_wconf 80' lang='lat' dir='ltr'><strong>sed</strong></span> <span class='ocrx_word' id='word_1_719' title='bbox 2929 5101 3255 5158; x_wconf 74' lang='lat' dir='ltr'><strong>emendatum</strong></span> <span class='ocrx_word' id='word_1_720' title='bbox 3280 5104 3355 5150; x_wconf 86' lang='lat' dir='ltr'><strong>est</strong></span> <span class='ocrx_word' id='word_1_721' title='bbox 3383 5095 3436 5148; x_wconf 83' lang='lat' dir='ltr'><strong>in</strong></span> <span class='ocrx_word' id='word_1_722' title='bbox 3458 5102 3612 5147; x_wconf 75' lang='lat' dir='ltr'><strong>pater</strong></span> <span class='ocrx_word' id='word_1_723' title='bbox 3637 5093 3693 5143; x_wconf 77' lang='lat' dir='ltr'><strong>in</strong></span> <span class='ocrx_word' id='word_1_724' title='bbox 3716 5093 3836 5143; x_wconf 72' lang='lat' dir='ltr'><strong>rod-</strong></span> 
     </span>
    </p>
   </div>
   <div class='ocr_carea' id='block_1_105' title="bbox 581 5172 1568 5256">
    <p class='ocr_par' dir='ltr' id='par_1_105' title="bbox 581 5172 1568 5256">
     <span class='ocr_line' id='line_1_105' title="bbox 581 5172 1568 5256; baseline -0.032 -11"><span class='ocrx_word' id='word_1_725' title='bbox 581 5172 724 5256; x_wconf 61' lang='grc' dir='ltr'><strong>ινδτ,</strong></span> <span class='ocrx_word' id='word_1_726' title='bbox 766 5172 927 5256; x_wconf 60' lang='lat' dir='ltr'><strong>magis</strong></span> <span class='ocrx_word' id='word_1_727' title='bbox 974 5172 1273 5230; x_wconf 59' lang='lat' dir='ltr'><strong>recentiora-</strong></span> <span class='ocrx_word' id='word_1_728' title='bbox 1372 5176 1419 5210; x_wconf 68' lang='grc'><strong>’⁸</strong></span> <span class='ocrx_word' id='word_1_729' title='bbox 1448 5178 1518 5206; x_wconf 71' lang='grc' dir='ltr'><strong>ειη</strong></span> <span class='ocrx_word' id='word_1_730' title='bbox 1551 5196 1568 5204; x_wconf 85' lang='grc'><strong><em>-</em></strong></span> 
     </span>
    </p>
   </div>
  </div>
