4108 5412
292 256 399 312 9η

296 363 636 426 recrearunt.
689 365 792 436 Qui
842 383 946 423 non
1003 366 1123 439 post
1174 368 1399 422 utultum
1447 377 1658 440 tempus
1713 379 1870 424 nacta
1901 370 1949 428 Α

295 465 607 526 occasione,
655 461 905 517 maritale
950 464 1164 515 thorqu
1209 460 1491 515 Johannize
1547 461 1700 515 uxori
1763 475 1873 515 sua:

296 555 648 619 interdicens,
666 555 718 608 in
735 553 908 607 sancti
932 553 1206 606 Zachariae
1231 553 1478 607 ccenobio
1501 552 1870 607 monachicam

295 653 504 698 vestem
561 645 610 696 vi
659 658 781 698 eam
830 642 1070 713 recipere
1113 643 1304 713 coegit.
1358 641 1551 696 Filium
1607 642 1870 709 siquidem

294 748 458 800 quem
479 748 544 787 ex
578 748 639 787 ea
673 729 885 797 habuit,
920 733 1144 787 Vitalem
1167 734 1402 798 nomine,
1431 731 1688 788 clericum
1710 735 1873 786 devo-

294 835 450 884 vens,
479 821 811 878 Gradensem
843 822 1202 891 patriarcham
1231 815 1574 893 posﬁnodum
1602 823 1717 876 fieri
1743 839 1872 892 pro-

296 911 485 964 movit.
530 912 734 966 Deinde
783 911 1024 982 ll’ugonis
1072 913 1403 968 marchionis
1461 927 1704 969 sororem
1761 913 1870 983 (8t)

296 999 654 1056 Hwalderada
676 1003 896 1057 nomine
930 1004 981 1058 in
1028 1003 1277 1075 conjugio
1308 1004 1544 1072 excepit,
1574 1018 1604 1057 a
1629 1018 1732 1074 qua
1762 1018 1878 1058 scr-

294 1104 486 1144 vorum
554 1093 984 1162 ancillarumque
1037 1094 1207 1164 Copiis
1265 1093 1574 1164 prcdiisque
1626 1093 1880 1148 maximis

295 1178 536 1234 dotalicii
575 1179 705 1249 jure
752 1183 1008 1251 acceptis,
1059 1192 1279 1238 exteros
1326 1182 1525 1236 milites
1580 1183 1645 1237 de
1693 1182 1875 1236 Italia-0

293 1283 485 1339 regno,
515 1285 642 1324 cum
683 1271 882 1340 quibus
927 1271 1217 1328 defendere
1244 1281 1298 1326 et
1330 1274 1610 1343 possidere
1634 1275 1873 1344 prodicta

295 1362 498 1431 praedia
550 1364 769 1431 passed,
825 1365 1111 1433 acquirere
1158 1365 1383 1420 studuit.
1453 1365 1658 1435 Nempe
1726 1375 1875 1420 tante

294 1451 537 1506 audacia:
575 1453 744 1507 fuisse
790 1452 984 1520 fertur,
1013 1468 1122 1523 quo
1148 1463 1205 1509 et
1241 1455 1486 1510 subditos
1535 1456 1755 1510 virtutis
1803 1457 1875 1510 ri-

295 1557 424 1609 gore
444 1543 567 1612 plus
607 1545 766 1600 solito
811 1558 1108 1614 premeret,
1154 1554 1551 1616 extraneosque
1595 1548 1700 1604 sibi
1730 1548 1878 1603 obsi-

293 1639 502 1686 stentes
560 1633 871 1689 ulciscendo
904 1635 1235 1692 devinceret.
1265 1636 1632 1692 Ferrariensis
1671 1638 1871 1708 quippe

293 1723 500 1776 castelli
527 1725 781 1794 populum
798 1727 1166 1794 potentissime
1181 1728 1485 1783 debellavit.
1501 1727 1597 1798 Opi
1607 1701 1872 1800 terginum
1903 1701 1952 1760 Β

292 1810 515 1876 quidem
540 1822 778 1868 castrum
807 1815 927 1884 igne
952 1827 1353 1872 concrcmatum
1385 1819 1654 1874 devastari
1686 1821 1868 1889 jussit.
1894 1837 1907 1848 ·

294 1896 673 1970 Nonnullaque
714 1903 816 1956 alia
859 1919 918 1958 se
963 1904 1379 1975 obiurgantibus
1432 1922 1622 1977 aspera
1673 1910 1870 1964 intulit.

295 1985 497 2042 Verum
525 1991 650 2060 quia
671 1993 851 2048 omnia
880 2004 1032 2064 gesta
1081 1997 1150 2050 ab
1180 1996 1270 2051 illo
1326 1996 1599 2066 explicare
1653 2001 1876 2054 minime

292 2092 544 2148 possunt,
565 2081 680 2151 ejus
696 2086 900 2139 exitum
923 2087 1196 2144 exorando
1211 2088 1586 2148 demonstrare
1602 2107 1874 2149 curemus.

291 2171 502 2230 Octavo
526 2177 736 2232 decimo
767 2180 982 2249 quidem
1015 2181 1096 2236 sui
1127 2183 1350 2238 honoris
1382 2201 1526 2240 anno
1551 2185 1724 2256 (977),
1769 2203 1876 2241 una

292 2276 420 2317 eum
477 2263 590 2320 lilio
631 2268 854 2335 parvulo
907 2283 1064 2338 quem
1109 2271 1175 2325 de
1226 2274 1467 2342 predicta
1521 2274 1876 2329 llwalderada

293 2351 510 2419 habuit,
569 2357 659 2411 tali
709 2360 902 2415 ordine
940 2361 1260 2422 interfectus
1301 2373 1401 2418 est.
1453 2367 1586 2420 Dum
1617 2366 1708 2420 illo
1761 2367 1875 2438 (82)

293 2442 462 2514 iongo
481 2457 719 2518 tempore
754 2451 986 2506 Venetici
1009 2454 1079 2508 ob
1108 2456 1478 2512 austeritatem
1523 2459 1606 2513 sui
1646 2476 1871 2514 exustum

292 2533 562 2590 haberent
576 2537 989 2613 facultatemque
1004 2545 1258 2614 perdendi
1278 2548 1462 2604 sedule
1478 2551 1873 2616 machinarcnt,

291 2626 532 2692 quadam
560 2629 647 2684 die
694 2629 834 2687 facta
880 2635 1281 2704 conspiratione
1330 2639 1382 2692 iu
1416 2639 1564 2694 illum
1597 2641 1878 2711 insurgere

290 2715 480 2770 adorsi
518 2727 664 2772 sunt.
715 2720 979 2778 Palatium
1034 2733 1235 2792 tamen,
1283 2730 1373 2798 qui
1406 2730 1694 2797 bellicosis,
1750 2734 1878 2792 licet

293 2808 506 2875 paucis,
567 2811 825 2868 militibus
877 2815 1025 2869 illum
1086 2819 1344 2888 stipatum
1399 2834 1682 2890 noverant,
1728 2826 1875 2882 nulla

293 2899 514 2956 ratione
544 2905 660 2958 ausi
688 2916 815 2960 sunt
843 2921 1146 2980 penetrare.
1188 2914 1427 2971 Tandem
1481 2933 1714 2989 nequam
1742 2937 1874 2976 cou-

285 2989 480 3074 silium
508 2992 866 3063 invenientes,
896 3001 1227 3071 propinquas
1255 3006 1467 3074 domos,
1487 3026 1610 3079 quin
1641 3021 1865 3067 econtra

292 3079 560 3150 palatium
609 3085 741 3140 citra
797 3088 1026 3145 rivolum
1071 3095 1465 3166 consistebant,
1519 3101 1642 3172 igne
1702 3105 1871 3160 mixto

292 3169 482 3265 pieino
533 3172 773 3232 fomento
827 3184 1125 3239 accendere
1201 3169 1561 3258 studuerunt,
1609 3196 1864 3265 quatinus

293 3259 587 3358 mimarum
670 3267 926 3328 ﬂexibilia
993 3277 1230 3335 culmina
1306 3283 1542 3340 vicinum
1613 3259 1872 3358 palatium

296 3352 571 3425 attingere
591 3367 646 3413 et
677 3374 1027 3421 concremare
1047 3382 1285 3440 possent.
1320 3374 1473 3432 Unde
1521 3352 1722 3434 factum
1765 3390 1871 3446 est,

297 3447 450 3514 quod
477 3463 580 3503 non
605 3458 762 3508 modo
785 3456 1064 3525 palatium,
1096 3477 1281 3519 verum
1306 3469 1469 3522 etiam
1501 3473 1674 3526 sancti
1706 3472 1872 3528 Marci

298 3536 588 3607 sanctique
635 3541 940 3615 Theodori,
996 3566 1099 3608 nec
1154 3569 1261 3610 non
1315 3569 1517 3615 sancta:
1575 3562 1758 3618 Mariti:
1806 3565 1873 3620 de

298 3623 581 3687 Jubianieo
610 3635 852 3693 ecclesia:
875 3650 929 3696 et
957 3644 1076 3712 plus
1104 3662 1264 3717 quam
1297 3660 1536 3709 treeente
1565 3659 1872 3716 mansiones

298 3732 366 3814 eo
387 3719 478 3775 die
501 3734 801 3783 urerentur.
833 3731 882 3787 Is
910 3744 1093 3790 autem
1125 3739 1228 3793 dux
1260 3757 1383 3796 cum
1447 3745 1587 3814 ignis
1630 3748 1867 3806 calorem

299 3808 544 3880 fumique
590 3816 1000 3878 suffocationem
1051 3827 1142 3882 diu
1202 3830 1344 3884 inter
1398 3808 1655 3902 palatium
1728 3839 1872 3897 ferre

300 3903 573 3971 nequiret,
596 3922 692 3976 per
724 3913 901 3966 sancti
926 3913 1091 3971 Marci
1116 3919 1241 3973 atrii
1275 3921 1472 3988 januas
1497 3925 1725 3982 evadere
1747 3944 1870 3984 cum

298 3994 488 4060 paucis
510 4008 733 4056 conatus
758 4011 839 4058 est
857 4019 874 4068 ;-
900 4006 989 4059 ubi
1013 4007 1265 4065 nonullos
1297 4011 1670 4070 Veneticorum
1705 4020 1873 4087 majo-

301 4097 390 4139 res
427 4101 530 4142 uua
576 4103 698 4144 cum
747 4095 963 4161 generis
1019 4097 1263 4156 alinitate
1307 4119 1464 4158 suum
1519 4118 1872 4177 expectantes

299 4177 595 4244 periculum
621 4185 858 4252 repperit
881 4203 895 4252 ;
921 4202 1058 4257 quos
1075 4199 1134 4244 ut
1159 4207 1388 4250 cernens
1404 4196 1583 4252 taliter
1605 4200 1871 4258 allocutus

300 4275 414 4320 est:
455 4266 523 4323 Et
547 4287 656 4336 vos,
702 4275 916 4345 fratres,
963 4279 1033 4332 ad
1065 4282 1218 4336 exicii
1246 4285 1354 4338 mci-
1400 4288 1666 4343 cumulum
1699 4295 1870 4348 venire

302 4355 576 4451 uoluistis!
607 4361 668 4416 Si
693 4365 894 4436 aliquid
931 4371 1181 4426 iit-verbis
1226 4375 1302 4429 rel
1350 4377 1402 4429 in
1452 4379 1602 4434 rebus
1651 4383 1872 4451 publicis
1901 4383 1950 4442 D

301 4443 511 4516 deliqui,
541 4465 669 4507 mea:
700 4454 958 4523 insperate
980 4459 1024 4493 ’³
1048 4461 1165 4514 vitta
1185 4465 1418 4532 spacium
1456 4484 1601 4539 rogo,
1624 4443 1670 4524 et
1693 4475 1871 4529 omnia

304 4536 637 4635 (td-restrain
693 4545 824 4601 uelle
870 4550 1175 4619 satisfacere
1239 4536 1531 4624 promitto:
1569 4536 1722 4618 Tunc
1769 4565 1870 4635 ipsi

305 4627 772 4724 sceleratissimum
796 4646 850 4693 et
875 4649 1048 4697 morte
1077 4643 1297 4714 dignum
1342 4665 1466 4704 eum
1521 4627 1868 4724 allirmantes,

306 4717 431 4775 diris
454 4723 677 4781 vocibus
705 4727 1095 4801 clamaverunt,
1139 4739 1280 4805 quod
1315 4740 1459 4796 nulla
1511 4745 1771 4801 evadendi
1815 4717 1868 4804 in

308 4806 392 4862 illo
418 4814 745 4880 possibilitas
760 4819 916 4878 foret.
941 4824 1008 4879 Et
1031 4825 1299 4882 instanter
1324 4846 1644 4889 mucronum
1674 4837 1870 4896 ictibus

1899 3049 1945 3114 C

1604 253 1992 309 CHRONICON
2024 252 2373 312 VENETUM.

3448 261 3556 319 918·

1980 372 2214 442 undique
2251 366 2398 428 illum
2446 375 2739 431 crudeliter
2765 375 3132 440 vulnerantes,
3191 367 3340 431 diva.
3369 377 3561 432 anima-

1975 478 2238 533 corporeo
2283 467 2474 521 relicto
2523 467 2816 537 ergastulo,
2871 482 3124 536 superum
3174 466 3537 537 petiitsolita.

1975 554 2168 610 Filium
2213 556 2505 627 siquidem,
2557 574 2716 629 quem
2777 559 2957 613 n'utrix
2991 559 3058 613 ab
3111 559 3345 614 incendii
3391 573 3550 628 punis

1976 642 2245 712 liberavit,
2278 662 2307 701 a
2338 650 2568 717 quodam
2593 650 2923 718 nequissimo
2948 649 3170 719 cuspide
3211 651 3550 704 transverbe-

1977 741 2126 789 ratus
2151 744 2258 801 est,
2287 737 2599 807 pariterque
2621 739 2822 792 milites
2851 741 2941 809 qui
2984 738 3056 793 illi
3090 737 3271 794 favere
3301 739 3554 793 niteban-

1977 829 2088 887 tur,
2113 823 2278 879 occisi
2325 835 2469 880 sunt.
2522 826 2709 882 Gclida
2751 844 2984 897 namque
3030 842 3258 898 corpora
3297 842 3552 897 quorum,

1978 910 2119 966 ilem
2158 913 2270 984 (85)
2300 916 2563 985 genitoris
2600 925 2657 971 et
2701 917 2921 982 sobolis,
2953 917 3023 972 ob
3058 909 3416 988 ignominiam
3444 918 3559 985 pri-

1978 1003 2142 1058 mitus
2161 1004 2352 1075 exigua
2381 1007 2502 1060 navi
2528 1007 2595 1060 ad
2615 1006 2822 1062 macelli
2852 1006 3054 1072 forum,
3085 1007 3279 1062 deinde
3315 1003 3552 1076 quodam

1977 1097 2321 1152 sanctissimo
2357 1099 2474 1153 viro
2494 1097 2740 1154 Johanne
2771 1099 3078 1156 Gradonico
3107 1101 3326 1156 nomine
3383 1099 3554 1154 inter

1979 1185 2232 1256 pellaute,
2264 1186 2330 1243 ad
2356 1189 2529 1243 sancti
2560 1188 2724 1244 Yllari
2756 1191 3145 1245 monasterium
3176 1190 3505 1246 detulerunt.

2047 1277 2270 1332 Patrato
2292 1293 2419 1333 vero
2446 1279 2549 1334 hoc
2577 1281 2646 1312 ¹⁰⁰
2677 1281 3008 1350 nequissimo
3035 1281 3260 1350 scelere,
3290 1282 3342 1336 in
3374 1282 3560 1337 sancti.

1975 1365 2123 1423 Petri
2144 1369 2432 1424 ecclesiam
2455 1380 2848 1436 convenerunt,
2884 1372 3064 1441 ibique
3111 1373 3384 1427 communi
3429 1375 3554 1426 votn'

1979 1459 2247 1528 quendam
2279 1460 2481 1526 virum,
2513 1460 2733 1516 Petrum
2763 1463 3014 1518 videlicet
3043 1461 3329 1534 Ursoylum
3352 1479 3552 1530 cogno-

1979 1549 2143 1611 tniue,
2169 1549 2469 1618 preclarutu
2495 1551 2856 1621 generositate
2881 1560 2936 1607 et
2971 1553 3214 1606 moribus
3249 1552 3300 1605 in
3324 1552 3554 1607 duCaIus

1983 1641 2241 1716 honorem
2277 1644 2572 1699 sublimare
2611 1645 2990 1703 decreverunt.
3024 1643 3125 1712 Qui
3182 1644 3374 1714 puerili
3406 1651 3550 1698 etate

1981 1729 2056 1783 nil
2085 1730 2230 1785 aliud
2259 1746 2421 1801 quam
2447 1732 2554 1788 Deo
2577 1733 2796 1804 placere
2817 1734 3056 1799 studens,
3099 1735 3166 1788 ad
3201 1741 3352 1787 tante
3370 1733 3562 1801 digna.-

1983 1821 2109 1874 tatis
2133 1831 2442 1888 provectum
2475 1825 2736 1879 scandere
2765 1824 3203 1894 contempnebat,
3257 1824 3453 1878 timens
3480 1837 3566 1876 uer

1979 1913 2260 1966 saecularis
2291 1912 2513 1968 honoris
2539 1915 2833 1970 ambitione
2889 1916 3223 1987 propositum
3277 1913 3562 1968 amitteret.

1979 2005 2305 2061 sanctitatis.
2338 2005 2577 2061 Tandem
2604 2008 2909 2077 importune
2934 2007 3130 2078 populo
3152 2005 3562 2076 interpellante,

1979 2111 2086 2150 non
2115 2095 2350 2151 humano
2377 2097 2581 2163 favore,
2607 2098 2698 2154 sed
2727 2100 2891 2154 totius
2919 2100 2993 2154 rei
3019 2098 3245 2168 publicae
3273 2097 3560 2152 commodo

1979 2191 2284 2260 ltujusmodi
2317 2194 2654 2264 principatus
2687 2195 2893 2265 apicem
2919 2194 3171 2265 accipere
3198 2208 3310 2248 non
3333 2205 3560 2247 recusa-

1981 2280 2074 2336 vit.
2101 2281 2302 2338 Deinde
2341 2296 2808 2340 sacramentorum
2847 2286 2953 2343 (lde
2981 2287 3049 2341 ab
3085 2287 3336 2341 omnibus
3365 2284 3562 2340 coniic-

1980 2385 2177 2441 tnatus,
2213 2377 2264 2430 in
2316 2379 2534 2448 propria
2567 2380 2726 2434 domo
2757 2379 2952 2450 degere
3003 2379 3194 2444 voluit,
3223 2387 3282 2432 ut
3342 2376 3560 2432 interim

1979 2470 2153 2524 sancti
2193 2469 2359 2526 Marci
2388 2472 2675 2529 ecclesiam
2703 2481 2758 2528 ct
2789 2474 3047 2543 palatium
3084 2487 3328 2528 recreare
3358 2479 3564 2539 posset.

1979 2559 2108 2614 Erat
2131 2561 2395 2631 siquidem
2423 2565 2524 2620 sibi
2551 2565 2768 2634 coniux,
2793 2565 2999 2622 Felicia
3031 2567 3248 2620 nomine
3269 2575 3321 2618 et
3339 2565 3558 2629 tneritc,

1980 2651 2138 2706 unius
2161 2653 2270 2708 nati
2299 2657 2670 2710 tantummodo
2701 2665 2894 2722 mater,
2927 2657 3016 2726 qui
3066 2656 3235 2727 patris
3266 2657 3569 2725 equivocus

1979 2741 2218 2808 nomine,
2247 2758 2351 2798 non
2384 2743 2658 2800 dissinnlis
2681 2747 2861 2800 extitit
2882 2761 3065 2816 opere.
3097 2745 3226 2801 Post
3255 2746 3410 2817 cujus
3433 2760 3560 2799 vero

1980 2833 2410 2902 conceptionem,
2459 2851 2620 2904 quam
2676 2836 2920 2907 angelico
2977 2837 3168 2894 inditio
3213 2838 3335 2892 diva
3385 2844 3561 2892 mater

1980 2928 2154 2983 fertur
2176 2932 2513 2999 cognovisse,
2549 2933 2852 2988 maritalem
2879 2943 3056 2989 torum
3087 2935 3206 2989 viro
3229 2932 3330 2989 sibi
3349 2934 3562 2989 obtem-

1979 3031 2227 3092 perante,
2261 3022 2576 3077 inviolatum
2618 3025 2856 3079 vicissim
2890 3025 3000 3081 Deo
3031 3040 3357 3081 conservare
3403 3025 3556 3080 dein-

1979 3129 2106 3184 ceps
2141 3115 2427 3170 devovere.
2477 3115 2707 3185 Ceperat
2734 3131 2972 3187 namque
3004 3117 3174 3171 isdem
3203 3116 3312 3170 dux
3339 3116 3561 3172 Veneti-

1981 3221 2167 3260 corum
2191 3219 2387 3262 causas
2413 3207 2549 3262 bene
2574 3215 2626 3261 et
2655 3208 2860 3263 utiliter
2883 3217 3137 3274 tractare,
3163 3223 3560 3278 censuramque

1979 3295 2113 3366 legis
2141 3298 2194 3350 iu
2225 3298 2474 3352 omnibus
2488 3298 2885 3355 studiosissime
2901 3301 3208 3364 observare,
3237 3309 3292 3355 et
3318 3300 3577 3355 omnium.

1979 3390 2242 3444 virtutum
2279 3391 2447 3462 gratia
2473 3391 2693 3461 pollere.
2728 3392 3082 3448 Combustum
3113 3409 3244 3450 vero
3272 3393 3556 3464 'palatiusn

1977 3491 2031 3536 ct
2058 3482 2230 3536 sancti
2271 3481 2435 3537 Marci
2467 3484 2753 3540 ecclesiam
2784 3483 3084 3540 honorifice
3120 3484 3354 3555 propriis
3405 3500 3558 3538 sum-

1975 3570 2161 3641 ptibus
2177 3571 2548 3643 redintegrare
2575 3576 2800 3629 studuit.
2818 3574 3026 3629 Interea
3053 3574 3556 3630 VitalisGradensis

1975 3657 2308 3734 patriarcha,
2327 3666 2553 3734 prcdicti
2569 3666 2712 3720 Petri
2732 3667 2998 3723 interfecti
3019 3668 3180 3734 filius,
3197 3669 3571 3738 quorumdam
3611 3706 3614 3708 -

1977 3751 2361 3807 Veneticorum
2439 3755 2666 3810 consilio
2743 3755 3037 3811 Saxoniam
3105 3757 3172 3811 ad
3257 3757 3556 3812 secundum

1977 3843 2229 3902 Ottoncm
2275 3845 2657 3915 imperatorem
2689 3848 3020 3916 properavit.
3050 3848 3221 3915 Quem
3254 3848 3554 3917 imperator

1975 3935 2167 3990 devote
2197 3935 2519 4004 suscipiens,
2549 3936 2712 3992 dixit:
2768 3935 2878 3990 Cur
2907 3939 2976 3990 ad
3006 3952 3108 4002 mc,
3164 3946 3333 4006 pater,
3380 3937 3552 4005 posita

1975 4025 2108 4078 tanti
2149 4026 2351 4079 itineris
2406 4027 2801 4095 intercapedine
2835 4043 3003 4081 meum
3040 4027 3354 4098 presentiam
3400 4026 3552 4080 adire

1975 4114 2224 4168 voluisti.”
2263 4117 2333 4169 At
2385 4117 2470 4170 ille
2503 4132 2518 4170 :
2549 4115 2778 4188 Proprii,
2829 4119 3034 4188 inquid,
3086 4127 3326 4187 parentes
3385 4121 3553 4173 ericio

1975 4218 2212 4271 coactus,
2277 4211 2347 4262 ad
2400 4220 2543 4263 tuam
2589 4211 2918 4265 clementiam
2967 4215 3100 4275 rcni,
3161 4213 3412 4284 quatinus
3457 4215 3569 4267 mei.

1975 4297 2256 4368 infortunii
2301 4317 2529 4368 men'qtte
2572 4303 2764 4372 inopitc
2794 4304 3092 4358 consolator
3128 4314 3177 4358 et
3204 4305 3386 4374 fautor
3432 4305 3564 4374 effi-

1979 4392 2161 4446 ciaris.
2215 4391 2366 4449 Tunc
2415 4411 2572 4448 cesar
2623 4405 2848 4466 experta
2887 4397 3077 4452 ordine
3130 4396 3289 4466 hujus
3333 4398 3557 4453 sceleris

1979 4483 2210 4544 ratione,
2285 4485 2647 4555 patriarcham
2702 4501 2886 4543 secum
2952 4504 3172 4545 manere
3227 4489 3558 4559 aliquamdiu

1982 4574 2214 4644 rogavit,
2240 4590 2473 4646 suasque
2519 4578 2768 4647 querelas
2820 4580 2910 4648 pic
2937 4580 3391 4650 veniabiliterque
3432 4597 3568 4636 con—.
3603 4617 3616 4623 ρ

1980 4661 2171 4718 doluit.
2208 4665 2410 4721 Eodem
2457 4684 2673 4739 quoque.
2706 4679 2952 4740 tempore
2993 4671 3224 4725 domnus
3271 4668 3564 4726 llwarittus
3601 4693 3617 4714 .-

1982 4755 2310 4810 venerabilis
2327 4759 2492 4811 ali-bas
2514 4760 2687 4813 sancti
2716 4758 3029 4814 Michahelis
3048 4763 3392 4823 monasterii,
3421 4761 3573 4826 quod-
3597 4782 3607 4810 .-

1980 4848 2031 4900 in
2071 4845 2356 4916 Equitanie
2403 4846 2647 4919 partibus
2679 4849 2732 4904 in
2786 4851 2905 4906 loco
2958 4853 3048 4928 qui
3086 4862 3322 4911 vocatur
3371 4851 3578 4902 (iussae

1556 4947 1790 5006 VARUE
1834 4955 2242 5015 LECTIONES.

377 5038 418 5067 ”
449 5041 699 5112 inspirate
766 5063 902 5102 corr.
933 5049 1191 5124 inspirata
1218 5055 1268 5110 l.

1356 5060 1421 5092 ιοο
1471 5078 1743 5133 suprascr.
1797 5085 1868 5123 nt.
1909 5092 2012 5130 rec.
2048 5071 2204 5128 \'llllc
2241 5073 2490 5131 LXXHIL
2526 5076 2575 5128 ί·

1812 5178 2052 5246 NOTAE.

375 5240 473 5312 (8t)
505 5246 610 5320 Ugo
636 5266 731 5380 rexl
770 5250 930 5308 Italia:
949 5269 1001 5313 et
1021 5256 1317 5316 Provinciae
1344 5266 1468 5322 dux.

1973 5274 2119 5333 Vide
2172 5274 2607 5330 Guichcuonium
2663 5272 2716 5326 iu
2747 5273 2883 5325 llist.
2927 5267 3208 5335 genealog.
3244 5258 3460 5335 Taurii.-
3491 5266 3606 5322 1‘68-

1973 5327 2199 5382 dati-mit
2246 5327 2418 5382 usu-lviii
2461 5353 2506 5380 nl
2539 5343 2836 5380 Cratntlitnn
2869 5327 3063 5380 tlt‘Vilﬂ
3099 5327 3381 5380 Ι).ν1)οὶιπῖ
3417 5327 3619 5380 UrSEO-
