4108 5412
550 260 651 320 919

1822 272 2102 330 JOANNIS
2145 272 2412 330 DIACONI
2445 275 2696 333 VENETI

3693 283 3796 342 8ὶᾶ

550 394 653 434 nos
697 379 809 450 (84)
869 380 1062 434 scitum
1120 395 1340 436 manere
1385 383 1713 448 decernitur,
1767 384 1992 440 Romam
2050 387 2116 442 ad
2146 391 2194 450 Α
2218 387 2396 458 jussit.
2428 388 2620 444 Secum
2664 389 2825 444 etiam
2853 391 3141 445 maximam
3186 390 3419 446 thesauri
3460 393 3670 462 copiam
3725 398 3792 450 ad

548 470 915 540 apostolorum
945 471 1128 524 limina
1159 475 1489 541 properavit.
1518 475 1572 529 ln
1608 477 1878 532 redeundo
1899 479 2115 546 quidem

550 561 644 614 Dei
668 559 833 614 fultus
857 563 1047 614 timore
1074 563 1323 630 beatique
1356 562 1540 627 Marci,
1575 567 1848 622 Venetiam
1875 569 2116 631 intravit,

549 650 730 717 ibique
760 649 1051 718 aliquantis
1097 652 1285 707 diebus
1315 655 1580 710 orationis
1616 659 1794 712 studio
1842 669 1894 711 et
1935 659 2118 713 domui

547 736 692 792 Petri
718 739 870 794 ducis
923 743 1176 808 precibus
1224 747 1553 800 constrictus
1597 760 1963 804 commoratus
2010 760 2115 804 est.

547 829 717 896 Quem
743 831 866 885 dum
898 834 1127 888 domnus
1154 836 1256 890 dux
1287 838 1443 908 digna
1472 842 1818 896 veneratione
1845 844 2044 898 coleret
2067 853 2120 899 et

547 924 747 978 sedulaa
782 925 962 980 divina
1002 927 1268 996 colloquia
1301 923 1458 983 simul
1489 943 1732 1002 agerent,
1765 946 2017 1004 expertus
2033 949 2119 990 est

545 1015 715 1070 abbas
745 1017 935 1071 ducem
989 1034 1210 1087 prorsus
1272 1033 1484 1076 terrena
1532 1026 1922 1095 parvipendere
1974 1029 2120 1082 habi-

546 1114 764 1174 tamque
799 1108 1113 1176 dignitatem
1155 1126 1262 1164 non
1318 1114 1626 1167 ambitionis
1657 1116 1836 1170 studio
1867 1118 1959 1170 sed
1988 1119 2117 1172 sub-

544 1199 781 1253 ditorum
804 1201 995 1255 solatio
1019 1202 1291 1267 obtinere;
1324 1204 1554 1272 injunxit
1577 1216 1752 1260 ιιιιιιειι
1771 1209 1869 1261 sibi
1897 1209 2115 1263 dicens:

543 1289 608 1345 Si
640 1293 711 1344 eis
741 1293 997 1361 perfectus
1027 1311 1158 1357 esse,
1184 1295 1413 1367 relinque
1459 1299 1709 1351 mundum
1737 1299 1993 1369 Imjusqne
2032 1301 2116 1354 di-

539 1383 756 1451 gnitatis
774 1387 990 1453 apicem,
1013 1399 1057 1440 et
1076 1388 1126 1442 in
1149 1391 1459 1443 monasterio
1480 1390 1584 1444 Deo
1595 1394 1784 1445 servire
1798 1394 2002 1461 festina.
2021 1395 2117 1450 Cui

541 1473 649 1528 dux
678 1493 691 1528 :
726 1474 964 1546 Egregie,
1005 1478 1210 1546 inquid,
1243 1492 1389 1549 pater
1412 1494 1458 1536 et
1491 1499 1617 1536 mete
1647 1485 1836 1538 animm
1864 1485 2116 1549 luctator,

541 1583 745 1621 suntme
775 1570 1021 1625 aviditate
1053 1575 1156 1626 tuis
1184 1577 1393 1630 monitis
1423 1581 1772 1648 obtemperare
1803 1581 1981 1650 gcsfio.
2017 1580 2119 1634 Sed

541 1657 800 1725 aliquanti
826 1665 1070 1732 temporis
1094 1667 1326 1733 spatium
1355 1685 1501 1738 rogo,
1531 1671 1735 1722 inter'm
1762 1688 1924 1724 meum
1950 1673 2118 1740 ferul-

2223 481 2449 550 predicti
2469 482 2780 536 monasterii
2809 483 3254 536 restaurationem
3280 484 3602 552 deportavit.
3635 485 3790 539 Rexit

2223 574 2404 642 itaque
2442 574 2693 628 ducatum
2737 574 2893 627 annis
2921 575 3128 627 duobus
3157 583 3212 626 et
3261 591 3448 630 mense
3479 593 3600 628 uno.
3656 576 3786 630 Nam

2221 678 2325 716 non
2351 663 2471 732 plus
2497 664 2658 716 etatis
2688 679 2846 730 quam
2881 664 3270 731 quinquaginta
3293 680 3556 718 annorum
3587 665 3784 729 fuerat,

2220 755 2436 822 quando
2468 755 2774 808 Stecnlarem
2800 756 3042 824 deposuit
3071 757 3314 819 gloriam.

2290 842 2416 896 Post
2443 844 2595 911 cujus
2617 843 2911 898 discﬁsntn
2943 845 3008 875 ¹⁰²
3041 846 3228 899 Vitatis
3257 857 3615 917 cognomento
3654 848 3793 903 Cano

2219 935 2431 997 dianus,
2468 936 2547 988 vir
2575 936 2736 988 tutius
2761 937 3058 1003 prudentia:
3083 947 3133 989 et
3164 937 3198 989 h
3221 938 3442 1002 mitalis,
3477 940 3528 991 in
3564 940 3791 993 ducatus

2221 1025 2478 1078 honorem
2512 1026 2834 1094 subrogatus
2861 1034 2942 1078 est
2961 1027 3072 1096 (un.
3105 1026 3250 1094 975).
3281 1027 3429 1092 Quod
3455 1029 3680 1080 audiens
3707 1028 3792 1080 Vi-

2220 1114 2344 1168 talis
2389 1115 2835 1183 patriarcha,qui
2887 1115 3025 1182 apud
3085 1114 3448 1170 Veronensvm
3496 1119 3789 1170 marchiam

2221 1208 2553 1268 tnorabatur,
2583 1208 2632 1260 in
2666 1207 2943 1260 Venetiam
2976 1207 3218 1259 intravit.
3251 1206 3351 1272 Qui
3386 1224 3414 1259 a
3447 1208 3583 1262 doce
3632 1208 3793 1260 inter-

2218 1299 2468 1368 pcliatus.
2507 1315 2627 1352 cum
2676 1299 2791 1351 suis
2819 1299 3022 1352 nuntiis
3053 1299 3118 1351 ad
3157 1314 3340 1367 parem
3373 1299 3516 1350 inter
3565 1299 3796 1367 impera-

2222 1403 2390 1444 torem
2415 1401 2466 1444 et
2494 1392 2522 1442 ι
2539 1391 2778 1444 eneticos
2803 1390 3242 1444 consolidandam
3269 1389 3618 1442 Teutonicum
3643 1390 3796 1456 peziit

2219 1483 2491 1552 regionem
2528 1481 2613 1545 “‘3,
2635 1483 2887 1552 quoniam
2921 1482 3074 1535 ducis
3102 1480 3242 1534 l’ctri
3275 1480 3652 1533 interiectione
3684 1497 3796 1530 am-

2221 1579 2437 1631 modnm
2468 1577 2586 1630 illos
2613 1576 2947 1631 execrabiles
2967 1593 3067 1629 cxo
3097 1592 3266 1644 osque
3295 1575 3554 1638 habebat;
3583 1575 3796 1625 lirmato

2222 1680 2401 1724 autem
2449 1669 2629 1723 federe
2667 1670 2731 1722 ad
2787 1668 3000 1737 propria
3055 1682 3300 1720 reversus
3342 1676 3444 1719 est.
3495 1664 3798 1718 Ριιειιίειιις

541 1758 701 1802 tatem
750 1753 1020 1819 disponere
1069 1773 1274 1825 queam.
1318 1757 1508 1811 Postea
1546 1776 1662 1813 vero
1691 1761 1745 1812 in
1798 1763 2114 1814 monasterio
2148 1746 2190 1802 Β
2222 1778 2454 1829 namque
2479 1761 2585 1814 dux
2635 1759 2902 1827 corporali
2933 1758 3171 1811 molestia
3205 1758 3508 1826 ingruente.
3538 1763 3797 1824 qtluillluf

543 1840 721 1908 tuique
773 1844 1036 1910 regiminis
1087 1847 1292 1900 vinculo
1343 1849 1676 1913 summissus,
1739 1849 1844 1901 Deo
1893 1849 2116 1903 militare

543 1933 840 2000 cupio...His
881 1937 1094 2006 quidem
1139 1938 1532 2005 deter-minatis,
1593 1949 1796 1994 certam
1836 1941 1976 1994 diem
2023 1941 2118 1995 de-

541 2034 852 2092 creverunt,
892 2043 1027 2098 quas
1051 2030 1216 2083 abbas
1251 2029 1536 2087 Veneciam
1578 2033 1644 2085 ad
1677 2033 1906 2086 eundem
1941 2033 2112 2086 susci-

541 2113 797 2180 piendum
833 2119 1217 2187 reciprocat-et.
1256 2120 1408 2173 Tune
1463 2129 1686 2189 accepta
1746 2120 1993 2184 licencia,
2047 2122 2115 2174 ad

543 2219 701 2258 suum
734 2210 1121 2262 monasterium
1167 2213 1462 2279 repedavit.
1497 2213 1814 2266 Antedictns
1858 2229 1984 2268 vero
2008 2213 2114 2268 dux

542 2304 754 2364 coptam
779 2300 967 2366 patria:
999 2301 1223 2354 salutem
1250 2302 1448 2356 sollerti
1480 2303 1655 2357 studio
1685 2318 1978 2372 procurare
2011 2320 2113 2358 ncu

546 2387 732 2450 desiit,
759 2387 883 2442 licet
922 2389 1201 2458 aliquanti,
1233 2408 1462 2460 quormn
1489 2394 1739 2456 consilio,
1769 2403 1821 2446 ut
1855 2395 2114 2459 diximus,

545 2478 854 2545 patriarcha
889 2479 1269 2546 imperatorem
1300 2483 1452 2543 adiit,
1489 2498 1584 2536 sne
1612 2485 1802 2537 ditioni
1831 2500 2116 2553 perversos

545 2579 911 2637 repugnantes
945 2570 1309 2638 edicerentur,
1341 2577 1474 2629 adeo
1499 2585 1554 2628 nt
1591 2592 1744 2630 suam
1797 2579 1961 2631 vitam
1996 2597 2118 2633 rru-

543 2659 647 2714 deli
675 2659 863 2715 itinere
910 2665 1134 2732 perdere
1165 2665 1500 2718 molirentur.
1537 2665 1738 2722 Tamen
1772 2676 1919 2722 tante
1965 2670 2118 2722 boni-

542 2749 669 2804 tatis
703 2760 754 2805 et
789 2751 983 2806 divinae
1010 2756 1441 2825 virtutisgratia
1482 2758 1717 2826 vigebat,
1744 2767 1801 2812 ut
1855 2759 2114 2828 quicquid

542 2841 642 2910 ipsi
675 2842 738 2897 de
761 2857 819 2897 se
852 2843 1098 2900 clanculo
1133 2847 1315 2915 iniqua
1355 2850 1755 2903 machinatione
1783 2852 2119 2904 determina-

542 2940 686 2996 rent,
725 2934 939 2989 nemine
969 2936 1257 3006 indagante
1295 2950 1672 3010 cognosceret,
1723 2943 1961 3012 nullique
1987 2945 2118 2997 resi-

543 3025 709 3078 stenti
763 3026 979 3096 aliquod
1031 3031 1235 3098 nephas
1300 3047 1715 3101 recompensare
1769 3035 1969 3098 voluit,
2019 3037 2112 3090 sed

2197 1854 2409 1908 'diebus
2431 1863 2716 1921 antequam
2745 1852 2908 1904 vitam
2945 1861 3245 1918 pt'est-ntcm
3267 1848 3650 1901 determinamt
3682 1861 3794 1898 mo-

2219 1948 2448 1999 Itacl.um
2484 1945 2595 1997 ﬁeri
2623 1953 2672 1998 et
2709 1945 2774 1996 ad
2818 1943 2990 1996 sancti
3024 1941 3160 1992 lllari
3206 1940 3584 1992 monasterium
3620 1950 3678 1988 se
3705 1935 3794 1986 de-

2221 2033 2345 2086 ferri
2379 2033 2662 2101 promovit.
2693 2031 2913 2084 Pr:cl'uit
2943 2039 3122 2082 autem
3155 2027 3525 2080 Veneticorum
3571 2022 3791 2076 ducalui

2215 2141 2356 2179 anno
2385 2141 2490 2178 uno
2519 2124 2900 2190 mensibuzqne
2931 2121 3136 2174 duobus
3158 2160 3172 2178 ,
3207 2117 3606 2183 tunmlatusque
3629 2125 3711 2169 est
3739 2114 3792 2174 in

2216 2217 2404 2271 eodem
2446 2214 2772 2270 monasterio
2796 2218 2905 2282 (un.
2931 2211 3076 2273 977).

2287 2304 2457 2371 Quem
2490 2303 2763 2357 Tribunus
2785 2310 3142 2371 cognomento
3177 2299 3246 2331 ¹⁰¹⁸
3280 2299 3486 2352 Μειιῑιιε
3529 2297 3795 2367 dignitate

2217 2397 2498 2461 successit,
2522 2397 2634 2466 qui,
2666 2396 2680 2448 l
2705 2405 2792 2449 cet
2824 2394 3066 2447 s:eculari
3100 2393 3338 2447 sollertia
3359 2401 3589 2452 careret,
3619 2389 3790 2443 lt‘:txi~

2219 2489 2319 2542 mis
2352 2497 2526 2540 tanien
2560 2487 2784 2538 [οι-ιιιιιτε
2833 2485 3003 2552 copiis
3045 2483 3396 2536 exuberabat.
3434 2479 3792 2548 'l‘emporibus

2219 2577 2373 2644 Cujus
2404 2592 2567 2631 amca
2606 2575 2825 2628 Venetia
2853 2574 3120 2628 nonnullis
3149 2573 3558 2644 ignominiornm
3584 2570 3789 2638 pericu-

2219 2668 2284 2721 lis
2315 2669 2667 2722 tlehouestata
2693 2675 2792 2719 est.
2826 2665 3064 2732 Contigit
3100 2676 3278 2717 autem
3320 2672 3374 2714 ut
3407 2661 3787 2716 Venelicornm

2219 2757 2448 2824 majores
2487 2755 2736 2825 primitus
2763 2763 2951 2808 contta
2979 2755 3168 2807 ducem
3213 2753 3433 2806 insidias
3469 2750 3788 2804 demoliren~

2221 2859 2326 2910 tur,
2353 2849 2546 2901 deinde
2594 2848 2732 2900 inter
2757 2860 2875 2899 Sese
2918 2847 3145 2898 invicem
3191 2845 3514 2898 ιΙίδιίεῗειιιεδ
3556 2840 3790 2892 vitissim

2219 2919 2462 2994 odiorum
2489 2939 2742 3006 nequitiis
2785 2939 3180 2994 ia.iit.°iebantur.
3216 2937 3420 2990 Interea
3450 2933 3592 2986 inter
3641 2931 3788 2983 Slau-

2222 3044 2444 3084 recenos
2475 3039 2527 3082 et
2556 3031 2890 3099 Ccleprims,
2927 3028 3161 3082 Venelim
3199 3039 3470 3094 proceres,
3498 3021 3792 3074 maximum

541 3132 681 3184 CQUO
716 3118 898 3172 animo
921 3119 1014 3173 Dei
1040 3121 1231 3175 timore
1253 3124 1432 3176 omnia
1461 3123 1760 3178 tollerando
1792 3127 2111 3182 sustinebat,
2143 3096 2185 3155 Ο
2217 3119 2453 3187 jurgium
2482 3132 2728 3176 exortum
2761 3131 2877 3182 est;
2914 3123 3048 3173 adeo
3079 3127 3133 3170 ut
3185 3117 3441 3170 Stel'anus
3473 3111 3791 3179 Coloprinus

541 3209 691 3263 Inter
719 3211 818 3266 hec
848 3219 1051 3266 statuta
1077 3213 1161 3267 die
1204 3213 1499 3282 prelibatus
1534 3215 1702 3269 abbas
1733 3217 1798 3269 ad
1839 3215 2116 3272 Venetiam

542 3315 794 3354 reversus
819 3310 924 3365 est,
958 3317 1020 3356 ea
1074 3305 1360 3359 occasione
1412 3321 1519 3374 quo
1574 3306 1984 3360 "ierosolimam
2041 3309 2118 3362 ire

543 3389 711 3444 vellet
741 3390 850 3459 (an.
884 3392 1029 3460 976).
1061 3393 1228 3459 Quem
1254 3395 1445 3450 Petrus
1473 3397 1577 3450 dux
1604 3395 1836 3451 libenter
1859 3398 2114 3467 suscepit,

543 3487 598 3538 et
620 3481 793 3550 prima
820 3493 979 3538 nocte
1002 3483 1106 3538 diei
1131 3484 1492 3539 Kalendarum
1518 3487 1984 3555 Septembriarum
2005 3491 2117 3556 ipse

546 3587 652 3625 una
684 3587 808 3625 cum
836 3571 1082 3628 Johanne
1103 3573 1410 3638 Gradonico
1435 3591 1642 3630 necnon
1691 3576 1936 3632 Johanne
1968 3578 2117 3632 Mau-

542 3665 747 3728 receni,
775 3679 874 3720 suo
894 3665 1143 3720 videlicet
1167 3682 1390 3737 genero,
1423 3670 1699 3722 nesciente
1729 3685 1897 3723 uxore
1925 3679 1978 3724 et
2004 3671 2116 3723 tilio

544 3755 906 3825 omnibusque
939 3755 1206 3822 ﬁdelibus,
1244 3759 1456 3812 occulte
1485 3759 1551 3814 de
1597 3758 1817 3813 Venetia
1845 3762 2114 3814 exierunt.

546 3844 654 3918 Qui
687 3862 796 3907 non
831 3847 1019 3916 procul
1052 3863 1081 3902 a
1119 3849 1292 3903 sancti
1345 3848 1507 3903 lllarii
1567 3850 1904 3904 monasterio.
1947 3865 2116 3920 equos

542 3940 912 4002 assendentes,
950 3939 1064 4008 jam
1103 3943 1346 3997 detonsis
1377 3944 1560 3997 barbis
1589 3945 1924 3999 velocissimo
1955 3961 2115 3999 cursu

539 4031 685 4086 viam
709 4047 929 4101 carpere
968 4043 1249 4102 ceperunt,
1286 4035 1337 4088 in
1372 4045 1579 4089 tantum
1610 4035 1662 4090 in
1699 4036 1864 4090 tercia
1897 4036 1980 4088 die
2008 4034 2118 4089 Me-

541 4123 911 4178 diolanensem
966 4139 1147 4178 ruram
1188 4124 1298 4194 (85)
1335 4133 1694 4188 transeuntes,
1738 4123 2116 4193 Vergclensem

542 4218 731 4283 urbem
758 4218 868 4290 (86)
898 4219 1294 4287 conspicerent.
1327 4218 1588 4287 Sequenti
1625 4232 1755 4272 vero
1780 4217 1869 4271 die
1898 4215 2120 4271 Veneti-

545 4322 736 4363 corum
781 4310 958 4377 populi
988 4311 1254 4379 perditura
1284 4320 1555 4379 pastorem
1610 4309 1902 4378 conquzcsti
1953 4317 2112 4370 sunt;

2222 3226 2344 3266 Cum
2377 3213 2608 3264 liliornm
2648 3223 2703 3264 et
2733 3223 3013 3280 parentum
3063 3210 3323 3268 aliuilate,
3351 3204 3591 3274 prtediclt
3640 3199 3791 3254 ducis

2223 3318 2489 3358 consensu
2521 3313 2575 3356 ct
2600 3305 2817 3365 virtute,
2844 3304 3072 3370 quadam
3107 3303 3192 3354 die
3213 3301 3264 3352 in
3302 3299 3651 3351 ilaurnccnos
3672 3293 3792 3343 al.0-

2220 3397 2408 3451 lendos
2441 3397 2798 3465 insurgerent.
2845 3395 2950 3449 Sed
2977 3395 3068 3447 Dei
3108 3395 3310 3445 virtute
3365 3386 3523 3452 hujus
3568 3380 3789 3454 periculi

2219 3486 2479 3558 ﬂagitium
2516 3487 2720 3556 providi
2750 3499 2939 3539 omnes
2968 3483 3227 3540 evadendi
3265 3478 3576 3532 facultatem
3605 3485 3791 3527 conse-

2220 3581 2330 3631 cuti
2361 3589 2505 3630 snnl.
2543 3576 2690 3630 Unus
2746 3585 2923 3628 tmnen
2994 3571 3229 3630 illorum,
3261 3569 3309 3620 id
3341 3578 3423 3620 est
3484 3563 3791 3618 Delphicus

2221 3667 2526 3722 Maureceni
2561 3668 2820 3721 innocens
2851 3665 2902 3717 in
2944 3663 3114 3719 Sancti
3154 3661 3294 3714 Petri
3327 3656 3651 3713 Olivnlensis
3678 3651 3790 3705 foro

2220 3765 2473 3818 detentus
2501 3771 2554 3815 et
2599 3759 2901 3814 diutissime
2940 3757 3200 3810 laceratus
3250 3761 3353 3806 cst.
3398 3747 3565 3814 Cujus
3595 3757 3791 3813 corpus

2223 3853 2452 3922 turpiter
2477 3852 2808 3905 denudatum
2862 3846 3177 3902 semivivum
3214 3843 3278 3896 ad
3313 3840 3485 3893 sancti
3517 3834 3791 3889 Zacharias

2219 3943 2604 3998 monasterium
2633 3956 2794 4010 parva
2842 3938 3002 3991 lintre
3026 3935 3258 3988 delatura
3307 3941 3404 3984 est.
3444 3929 3692 3993 Cumque
3739 3925 3789 3974 in

2217 4034 2446 4089 ecclesia
2469 4032 2702 4102 positum
2721 4046 2749 4082 a
2774 4032 2996 4083 cTrcnm:
3013 4025 3246 4079 tantibus
3272 4021 3585 4090 parentibus
3612 4013 3791 4082 deploo

2220 4135 2460 4187 raretur,
2488 4122 2625 4174 infra
2660 4122 2887 4173 duarum
2915 4133 3132 4172 orarum
3165 4114 3335 4182 spatia
3365 4110 3580 4164 vitalem
3623 4106 3788 4171 depo-

2219 4215 2326 4268 suit
2369 4214 2612 4268 halitum.
2645 4211 2810 4280 Cujus
2847 4225 2993 4262 mors
3045 4207 3158 4260 suis
3205 4203 3495 4257 maximum
3547 4199 3794 4251 dolorem

2221 4307 2457 4372 induxit;
2492 4306 2625 4362 adeo
2651 4313 2708 4358 nt
2733 4304 2797 4358 ad
2835 4303 2937 4354 hoc
2964 4298 3137 4352 scelus
3167 4295 3534 4350 ulciscendum
3567 4298 3788 4358 oportu-

545 4414 706 4467 quem
764 4401 988 4454 minime
1043 4403 1400 4471 reperientes,
1459 4402 1698 4457 maximo
1769 4401 2117 4455 tabescebaut
2147 4437 2196 4494 Β
2222 4415 2348 4453 nuru
2385 4404 2730 4466 expectarent
2758 4403 2984 4460 tempus.
3019 4390 3174 4444 Circa
3199 4388 3312 4494 haec
3353 4383 3620 4494 siquidem
3655 4389 3790 4480 tem-

543 4488 749 4543 dolore.
783 4488 904 4543 Fuit
929 4506 1121 4560 nempe
1152 4508 1448 4562 pauperum
1475 4493 1729 4553 nutritor,
1761 4490 2114 4544 ecclesiarum

543 4589 843 4645 recreator,
871 4578 1191 4635 clericorum
1234 4591 1289 4635 et
1311 4582 1696 4635 monachorum
1734 4579 1962 4641 fauctor,
1996 4594 2117 4631 om-

542 4672 812 4739 nibusque
865 4673 1162 4726 benivolus.
1219 4674 1294 4729 De
1342 4674 1454 4729 suis
1502 4674 1718 4742 quidem
1769 4671 2118 4726 facultatibus

544 4761 702 4820 inille,
722 4760 980 4814 librarum
1009 4777 1297 4816 numerum
1327 4763 1393 4815 ad
1429 4762 1805 4817 Veneticorum
1843 4760 2033 4814 solatia
2061 4760 2113 4812 in

545 4852 751 4920 palatio
783 4853 1014 4931 largivit,
1069 4855 1200 4908 alias
1238 4855 1382 4909 mille
1413 4854 1466 4907 in
1491 4868 1786 4924 pauperum
1831 4849 2116 4906 alirnouias

546 4943 811 5010 contulit;
849 4945 900 4998 in
930 4946 1100 5000 sancti
1128 4944 1292 4999 Marci
1325 4945 1496 5000 altare
1515 4943 1753 4999 tabulam
1783 4943 1920 4997 miro
1950 4957 2115 5010 opere

544 5050 610 5086 ex
646 5043 869 5103 argento
897 5036 964 5068 ¹⁰¹
1023 5045 1081 5092 et
1105 5050 1238 5090 auro
1281 5034 1799 5103 Constantinopolim
1853 5047 2112 5102 peragere

2222 4507 2350 4560 pora
2377 4489 2644 4543 Secundus
2667 4487 2807 4539 Ollio
2851 4484 3146 4551 imperator
3185 4479 3250 4531 ad
3292 4476 3496 4530 italiam
3547 4472 3790 4530 veniens,

2223 4579 2602 4633 Yenctirormn
2638 4575 2790 4629 fetlus
2829 4573 2898 4627 ob
2933 4572 3078 4626 Petri
3130 4566 3391 4623 Caudiani
3420 4564 3573 4617 ducis
3633 4562 3790 4612 {unus

2219 4673 2551 4740 disrumpere
2571 4677 2796 4722 conatus
2817 4673 2919 4718 est.
2947 4664 3026 4717 Ad
3049 4675 3206 4729 quem
3231 4658 3500 4717 Tribunus
3519 4651 3789 4748 predictns

2219 4766 2326 4820 dux
2377 4778 2504 4817 suos
2551 4758 2914 4816 internuntios
2977 4755 3214 4812 mittens,
3242 4764 3364 4802 eum
3405 4746 3620 4814 placare
3679 4746 3786 4793 suis

2220 4855 2533 4910 muneribus
2569 4851 2790 4906 Sltltiltil.
2841 4846 2990 4901 Pacti
3040 4845 3203 4898 etiam
3261 4837 3610 4906 scriptiouem
3665 4841 3786 4882 nunc

2222 4943 2448 4999 Veronae
2468 4943 2589 4996 duci
2617 4954 2822 5008 suoque
2848 4935 3043 5006 populo
3072 4939 3383 4988 renovatam
3407 4922 3785 4995 perpeluaiiter

2221 5034 2286 5086 ad
2319 5033 2620 5090 habendum
2667 5027 2886 5083 indulsit
2913 5026 3047 5095 (87).
3080 5021 3282 5074 Dehinc
3312 5017 3619 5069 ltavetmam
3669 5022 3784 5078 per-

1803 5144 2036 5199 YARIA‘I
2078 5141 2477 5201 LECTIONES.

623 5257 684 5288 ιοι
733 5273 897 5320 amen
937 5261 989 5313 ί,
1086 5262 1154 5296 ιο,
1192 5278 1264 5296 κς-.
1731 5276 1776 5284 --
1830 5256 1956 5288 ινα-ι
1982 5256 2147 5288 γγιγι

2287 5257 2357 5288 go.
2387 5273 2413 5292 ν
2485 5255 2882 5278 --.η---αυεμοςαμ
2923 5252 2940 5272 ι
3076 5249 3142 5272 «Ωιι
3179 5242 3490 5276 οηκθιισμωέυιι
3549 5255 3593 5274 η.
3661 5251 3775 5282 τρεη
