4108 5412
329 201 436 258 023

330 316 473 371 foret
510 313 809 369 marcbiam
840 311 1009 375 adire,
1044 324 1215 378 neque
1260 306 1472 377 aliquod
1521 301 1713 359 venale
1738 298 1899 353 vicis-

330 409 434 462 sim
464 406 696 460 vendere
742 406 826 458 vel
881 418 1216 473 comparare.
1247 400 1340 454 llis
1382 398 1598 467 quidem
1645 394 1899 466 peractis,

331 497 531 567 regalis
568 496 797 550 nuncius
846 495 911 549 ad
948 495 1217 564 propriam
1264 506 1513 547 reversus
1542 500 1644 544 est.
1677 486 1901 551 Ceptum

328 600 460 641 vero
484 586 719 657 iurgium
755 602 784 641 a
829 588 962 641 duce
1002 586 1303 640 diutissime
1336 584 1666 655 perduravit,
1694 582 1748 634 in
1782 590 1902 634 tan-

331 686 446 728 tum
481 676 729 730 Vitii'liCCl
770 686 828 729 ut
867 692 970 729 non
1014 676 1185 729 solum
1214 676 1354 729 illius
1398 674 1652 727 marchia‘.
1695 672 1903 742 peculia

331 764 463 819 salis
501 776 740 834 egestate
784 774 1310 829 consummerentnr,
1358 779 1544 818 verum
1597 764 1759 818 etiam
1808 762 1905 815 ho-

330 858 506 913 mines
532 858 787 912 subsidiis
815 857 1191 913 Veneticornm
1219 867 1489 920 carentes,
1514 856 1806 911 miserabili
1836 856 1903 888 ¹⁰⁹

332 950 639 1005 calamitate
664 950 924 1019 perpessi,
956 950 1138 1005 sedule
1174 949 1238 1002 ad
1269 950 1459 1002 ducem
1502 964 1715 1018 pacem,
1740 964 1903 1019 quam

331 1042 582 1111 consequi
615 1056 721 1095 non
752 1041 1018 1105 valebant,
1052 1041 1322 1097 humiliter
1349 1040 1725 1111 cillagitarent.

399 1131 522 1200 (An.
546 1132 698 1203 996.)
732 1133 845 1189 Dux
875 1134 1055 1201 itaque
1085 1133 1309 1188 audiens
1346 1130 1597 1189 Ottonem
1634 1147 1815 1203 regem
1839 1132 1907 1187 ad

330 1221 537 1277 italiam
577 1210 888 1288 venturum,
932 1240 1117 1294 pacem
1168 1242 1289 1281 cum
1336 1226 1605 1295 praedicta
1650 1225 1906 1280 marchitn

331 1317 524 1387 popqu
546 1316 727 1371 facere
754 1316 1104 1372 dit'erabatur.
1138 1318 1289 1372 Tunc
1322 1334 1449 1370 suos
1474 1318 1702 1370 nuncios
1727 1316 1906 1372 denuo

334 1413 686 1469 Teutonicam
725 1416 939 1469 mittere
979 1414 1241 1483 disposuit
1276 1414 1490 1481 (Mam)
1514 1413 1604 1483 qui
1653 1413 1794 1467 inter
1821 1412 1909 1467 Al-

332 1506 477 1575 pium
531 1506 807 1560 aufractns
852 1520 1032 1575 regem
1078 1505 1192 1573 jam
1242 1522 1271 1558 a
1312 1506 1546 1559 Ausonia
1601 1506 1905 1559 venientem

334 1600 731 1668 repperierunt.
775 1599 814 1653 Α
863 1615 968 1668 quo
1014 1600 1313 1654 honorilice
1357 1599 1615 1665 suscepti,

332 1689 485 1744 nefas
525 1692 642 1745 suis
682 1691 807 1749 dux,
833 1691 1067 1745 inimicis
1107 1690 1362 1745 intulerat
1405 1690 1639 1745 libenter
1661 1690 1902 1753 audivit;

330 1782 553 1851 in~uper
600 1783 843 1851 promisit
893 1798 1166 1852 nunquam
1229 1783 1469 1851 quolibet
1528 1781 1688 1836 modo
1754 1780 1904 1834 illum

329 1876 701 1941 constringere
768 1876 832 1931 ad
890 1892 1075 1946 pacem
1140 1877 1466 1941 faciendam,
1526 1876 1741 1930 interim
1792 1877 1905 1944 ipse

327 1965 509 2021 vellet.
542 1967 742 2021 Deinde
788 1980 1075 2038 antequam
1116 1958 1295 2022 italia:
1342 1968 1627 2037 planiciem
1678 1976 1903 2035 peteret,

328 2058 558 2111 eundem
612 2060 800 2113 ducem
841 2061 981 2115 dulci
1032 2076 1207 2128 prmce
1253 2061 1491 2129 rogando
1538 2060 1905 2122 demandavit,

328 2153 388 2200 nt
418 2161 578 2201 suum
619 2161 804 2204 natum
850 2154 1026 2206 adhuc
1066 2151 1389 2205 Christiana:
1447 2151 1568 2204 ﬁdei
1609 2151 1903 2205 conﬁrma-

327 2237 477 2292 tione
501 2248 773 2295 carentem
807 2240 1070 2296 Veronam
1098 2244 1213 2297 sine
1244 2243 1420 2311 aliqua
1452 2244 1689 2297 mitteret
1722 2257 1901 2308 mora;

326 2330 470 2396 quod
498 2331 603 2386 dux
634 2349 853 2388 suorum
886 2332 1118 2389 ﬁdelium
1150 2336 1372 2391 consilio
1404 2334 1586 2389 facere
1609 2336 1902 2405 adquievit.

324 2419 503 2477 Puero
567 2424 779 2492 quidem
824 2425 1033 2481 Verona
1084 2437 1346 2496 pervento
1391 2427 1629 2484 oﬁiciose
1682 2444 1711 2481 a
1778 2443 1906 2496 rege

325 2523 614 2582 susceptus
651 2520 763 2582 est,
789 2534 948 2587 quem
997 2521 1310 2574 chrismatis
1352 2521 1609 2575 unctione
1668 2521 1905 2589 propriis

325 2601 667 2671 amplexibus
695 2617 1027 2661 coarctatnm
1068 2608 1192 2663 fecit
1217 2609 1450 2670 munire,
1490 2618 1545 2663 et
1575 2610 1775 2664 amisso
1808 2626 1904 2677 pa-

325 2703 490 2748 terno
519 2698 755 2761 nomine,
781 2697 928 2761 Otto,
967 2699 1020 2751 id
1051 2710 1133 2753 cst
1177 2716 1304 2753 suus
1326 2701 1657 2769 aequivocus,
1694 2718 1904 2756 nuncu-

322 2794 487 2853 palus
508 2793 606 2837 est.
622 2785 892 2843 Jobannes
913 2789 1127 2857 quidem
1152 2800 1579 2857 prememoratus
1598 2792 1903 2860 episcopus,

323 2890 423 2929 seu
456 2876 602 2930 Rozo
630 2877 960 2934 Tarvisianze
986 2882 1131 2935 sedis
1162 2883 1411 2946 antistes,
1432 2899 1551 2937 cum
1579 2885 1908 2953 quibuslibet

323 2967 450 3022 aliis
502 2970 569 3023 ad
624 2985 813 3038 pacem
872 2973 1319 3044 interpellandam
1374 2976 1446 3031 ibi
1516 2986 1901 3031 convenerunt.

325 3058 545 3125 Quibus
602 3077 695 3115 rex
753 3063 891 3119 banc
955 3066 1244 3132 adquirere
1309 3068 1679 3129 interdicens,
1736 3070 1906 3124 donec

324 3152 512 3206 domui
565 3151 711 3206 Petri
759 3155 911 3209 ducis
969 3158 1195 3226 polliciti
1250 3157 1428 3211 forent
1474 3159 1606 3212 satis
1658 3158 1906 3215 faciendo

324 3243 559 3312 gratiam
606 3259 952 3315 recuperare.
1007 3249 1231 3316 insuper
1263 3247 1563 3303 Iohannem
1592 3250 1907 3319 episcopum

324 3336 486 3389 ducis
516 3343 914 3407 terram,quam
946 3339 1144 3407 injuste
1175 3341 1504 3409 possidebat,
1536 3342 1762 3396 reddere
1782 3358 1905 3396 cum

324 3428 447 3495 lege
470 3429 664 3498 coegit:
699 3429 810 3483 llac
836 3441 1149 3500 tempestate
1180 3432 1321 3486 inter
1344 3430 1731 3487 Veronensium
1762 3433 1907 3487 cives

325 3529 384 3573 et
436 3519 854 3575 Teutonicorum
905 3524 1199 3578 exercitum
1250 3533 1496 3577 exortum
1560 3524 1737 3577 fuerat
1785 3521 1906 3590 jur-

326 3608 499 3680 gium,
524 3613 616 3666 sed
644 3612 920 3670 Teutonici
958 3632 986 3670 a
1015 3617 1222 3671 civibus
1251 3616 1519 3670 interemti
1548 3631 1643 3683 per
1670 3617 1907 3673 civitatis

326 3703 577 3771 platheas
617 3706 857 3761 nonnulli
887 3710 1276 3765 occubuerunt.
1308 3709 1451 3764 inter
1470 3724 1604 3779 quos
1634 3710 1907 3765 nobilissi-

328 3808 453 3845 tuus
496 3808 631 3848 unus
671 3796 868 3850 cecidit
911 3799 1248 3863 adolescens,
1280 3800 1506 3856 Carolus
1546 3803 1783 3866 nomine,
1816 3804 1905 3871 qui

330 3887 626 3940 maximum
661 3889 726 3943 de
754 3905 851 3945 suo
882 3890 1068 3947 funere
1094 3892 1333 3948 dolorem
1359 3896 1469 3964 regi
1504 3896 1725 3965 suisque
1755 3912 1907 3950 cout-

329 3979 585 4047 patrimis
610 3981 933 4050 reliquerat-
977 3985 1127 4051 Quod
1190 4001 1281 4040 rex
1328 3989 1566 4057 graviter
1615 3989 1795 4042 ulcisIsi
1854 3990 1904 4043 in

330 4067 543 4124 civibus
563 4069 896 4127 decreverat.
928 4076 1131 4131 Tamen
1157 4076 1395 4144 ejusdem
1426 4080 1661 4134 civitatis
1685 4080 1910 4136 Odberti

333 4159 573 4227 episcopi
607 4161 908 4217 interventu
956 4176 1265 4219 evaserunt.
1320 4169 1447 4223 Otto
1478 4185 1625 4234 vero,
1665 4172 1909 4239 prmdicti

1524 189 1610 248 Cll
1620 180 1913 244 RONICON
1955 177 2177 233 VENET
2190 174 2228 230 li
2240 173 2308 228 Μ.

1932 290 1979 349 Α
2011 284 2175 339 Italici
2203 279 2479 351 principes
2525 275 2683 330 ﬁdem
2714 286 2875 341 supra
2915 268 3316 338 evangeliorum
3346 269 3582 323 sacraria

3477 158 3579 213 θεὴ

2004 376 2297 434 facientes,
2351 382 2532 435 regem
2600 366 2776 435 ipsum
2835 361 3329 425 conlaudaverunt;
3401 360 3583 428 ibique

2006 462 2309 517 Johanuem
2355 455 2666 528 apostolica:
2712 454 2855 507 sedis
2911 451 3208 505 antistitem
3270 448 3584 503 defunctum

2005 550 2572 615 audiens,Brunonem
2605 561 2757 600 suum
2790 543 3045 599 videlicet
3071 553 3342 613 nepotem,
3370 542 3583 597 Ottonis

2005 645 2159 699 ducis
2209 643 2403 705 ﬁliuni,
2434 641 2501 694 ad
2545 640 2683 693 hanc
2730 637 3012 707 dignitatis
3049 637 3254 699 apicem
3310 635 3586 705 fastigiare

2005 734 2290 803 disposuit,
2334 731 2474 801 quod
2520 739 2703 799 postea
2755 728 3066 795 complevit.
3098 728 3299 782 Deinde
3343 744 3438 796 per
3485 729 3588 780 Ar-

2007 824 2219 893 ripdani
2251 822 2361 894 (92)
2402 821 2599 875 ﬂuenta
2642 820 2855 889 navigio
2895 818 3205 872 Ravennam
3255 818 3446 873 adivit.
3482 819 3584 873 [ibi

2006 914 2316 985 aliquandiu
2353 921 2721 967 commoratus
2779 909 2913 979 (93),
2970 909 3181 963 lledulﬁ
3231 910 3589 965 Ariminensis

2006 1007 2240 1071 comitis,
2285 1021 2387 1061 nec
2414 1020 2518 1059 non
2550 1004 2887 1066 Herimundi,
2920 1012 3080 1071 atque
3119 1002 3199 1056 sui
3243 1001 3439 1056 fratres
3463 1003 3587 1056 ltai-

2006 1098 2233 1160 mundi,
2293 1111 2391 1166 pro
2458 1093 2827 1150 :Pcclesiarnm
2882 1108 2975 1145 seu
3030 1108 3324 1162 pauperum
3372 1094 3588 1163 [mediis

2006 1201 2127 1257 qua:
2153 1192 2407 1252 usurpata
2436 1184 2801 1252 possidebant,
2825 1182 3007 1235 oculos
3029 1180 3224 1247 ejicere
3249 1181 3585 1251 jnssit(Mai.

2010 1276 2083 1343 1).
2115 1274 2209 1327 llis
2250 1274 2486 1327 deﬁnitis
2514 1271 2918 1325 Romulidarum
2968 1280 3226 1338 appetens
3273 1272 3495 1333 urbem,
3532 1270 3585 1324 in

2008 1380 2112 1433 qua
2138 1380 2164 1416 a
2199 1364 2441 1432 predicto
2469 1363 2720 1417 Brnnone
2761 1361 3080 1429 apostolico,
3112 1360 3203 1429 qui
3245 1362 3586 1429 postmodum

2008 1454 2301 1521 Gregorius
2321 1453 2498 1507 dictus
2520 1461 2622 1513 est,
2645 1451 3011 1504 Romanorum
3046 1449 3384 1503 multitudine
3420 1451 3588 1504 inter-

2008 1545 2258 1614 pallante,
2272 1553 2464 1598 unctus
2476 1551 2982 1597 etconsecratusest
2997 1541 3455 1611 imperatorﬂfai.
3471 1542 3585 1613 21).

1648 1598 1906 1704 "mf-9?"!
1942 1617 1983 1674 Β
2010 1598 2148 1689 hinc
2192 1650 2297 1688 non
2335 1634 2519 1704 procul
2562 1651 2590 1688 a
2628 1634 2871 1688 Romana
2905 1634 3039 1688 urbe
3068 1635 3372 1696 discedens.
3411 1644 3469 1687 ut
3500 1598 3590 1690 re-

2008 1725 2224 1778 missins
2255 1725 2394 1777 illius
2426 1724 2661 1780 climatis
2684 1734 2871 1780 :estnm
2900 1726 3152 1780 tollerare
3195 1727 3474 1796 quivisset.
3511 1727 3591 1781 in-

2009 1824 2091 1869 ter
2132 1816 2433 1870 Camer-inte
2476 1817 2736 1870 marchim
2774 1818 2921 1886 alpes
2977 1816 3179 1886 aliquid
3225 1826 3592 1871 commoratus

2007 1917 2109 1962 est.
2157 1907 2505 1962 Postmodum
2537 1924 2634 1977 per
2662 1909 2870 1963 Tuscire
2900 1910 3039 1963 viam
3076 1910 3393 1976 Papiensem
3438 1925 3590 1977 repe-

2008 2006 2129 2052 tens
2153 1999 2337 2052 urbem
2366 1998 2521 2067 (Aug.
2555 1999 2625 2069 i).
2668 2000 2920 2053 omnibus
2956 2000 3056 2053 sibi
3090 1999 3590 2067 obtemperantibus

2008 2088 2262 2156 imposuit
2291 2089 2541 2142 «edictum
2583 2090 2718 2159 (94),
2760 2106 2867 2159 quo
2895 2091 3221 2160 ubicumque
3260 2092 3312 2145 in
3347 2107 3443 2145 suo
3486 2092 3588 2145 im~

2007 2180 2161 2248 perio
2189 2181 2430 2248 perventi
2462 2181 2700 2236 Venetici
2728 2180 2922 2242 forent,
2968 2182 3122 2235 inlesi
3169 2191 3222 2235 ct
3253 2182 3372 2237 sine
3413 2182 3592 2251 aliquo

2008 2270 2262 2340 imposito
2320 2272 2636 2341 gravamine
2693 2273 2889 2342 degere
2953 2274 3285 2328 debuissent.
3344 2274 3409 2327 Et
3462 2282 3590 2328 tunc

2008 2375 2105 2429 per
2159 2361 2517 2416 Cummauum
2579 2361 2757 2417 lacum
2829 2364 2933 2417 iter
3008 2365 3235 2433 arripuit
3289 2364 3594 2419 ultramon-

2008 2458 2216 2506 tannm.

2077 2540 2230 2595 Circa
2301 2542 2415 2596 inec
2467 2558 2696 2613 namque
2748 2550 2991 2612 tempora
3053 2543 3374 2598 Croatorum
3421 2541 3587 2608 jndex

2007 2641 2230 2700 propter
2272 2632 2622 2686 interdictum
2667 2633 2767 2689 sibi
2812 2647 3033 2686 censum
3076 2649 3102 2686 a
3134 2634 3269 2687 duce
3319 2633 3370 2685 in
3424 2630 3592 2685 Vene-

2012 2723 2144 2776 ticos
2174 2722 2398 2777 lesionis
2422 2724 2725 2777 molestiam
2754 2738 3014 2778 exercere
3040 2733 3267 2777 conatus
3296 2732 3405 2777 est.
3439 2722 3591 2777 Unde

2008 2814 2236 2867 domnus
2280 2815 2387 2868 dux
2439 2830 2531 2868 sex
2580 2831 2744 2869 naves
2785 2825 3118 2884 praeparatas
3174 2814 3300 2868 ilnc
3349 2816 3589 2875 mittens,

2010 2905 2205 2973 quibus
2239 2904 2573 2959 Badovarius
2602 2914 2963 2973 cognomento
2994 2905 3330 2976 Bragadinus
3371 2904 3589 2972 prefuit.

2011 2996 2109 3062 Qui
2142 3012 2303 3049 unam
2337 2997 2548 3051 illorum
2592 2997 2866 3051 civitatem
2898 3012 3018 3063 qna.-
3061 2997 3170 3049 lssa
3204 2996 3314 3066 (93)
3342 2995 3589 3048 nomina-

2007 3087 2170 3140 batur
2202 3088 2672 3156 conprcbendens,
2719 3087 3002 3156 utriusque
3037 3101 3197 3139 sexus
3244 3085 3491 3154 captivos
3524 3085 3592 3136 ad

2008 3179 2300 3233 Veneriam
2334 3180 2661 3249 deportavit.
2712 3180 2777 3232 Et
2807 3195 2871 3232 ex
2924 3179 3026 3232 hoc
3071 3177 3294 3245 majoris
3335 3178 3448 3232 odii
3502 3192 3595 3231 cu-

2012 3268 2217 3323 mulum
2253 3270 2396 3325 inter
2427 3271 2712 3325 Veneticos
2742 3280 2797 3325 et
2836 3270 3059 3324 Sclavos
3087 3269 3367 3337 pululavit.
3404 3267 3595 3336 Cmpe-

2012 3370 2243 3427 rnntqnc
2277 3362 2471 3414 iterum
2500 3378 2725 3416 censum
2758 3361 3049 3429 inportune
3075 3361 3227 3413 ducis
3252 3358 3433 3412 exiere
3458 3358 3591 3426 (96);

2008 3449 2201 3517 quibus
2228 3450 2333 3503 dux
2361 3465 2459 3518 pro
2497 3451 2709 3503 illorum
2740 3449 3031 3520 ignominia
3064 3449 3397 3502 demandans
3431 3465 3444 3499 :
3472 3445 3594 3498 Non

2006 3553 2098 3606 per
2124 3539 2401 3607 quemlibet
2429 3541 2740 3593 nuntiorum
2778 3539 2915 3590 hunc
2947 3539 3149 3590 mittere
3182 3553 3342 3600 curo;
3368 3540 3458 3589 sed
3491 3537 3594 3589 rim

2009 3627 2209 3687 comite,
2238 3627 2306 3679 ad
2356 3628 2489 3679 hanc
2529 3626 2919 3695 persolvendo»:
2968 3628 3231 3679 datianem
3276 3627 3444 3678 venire
3486 3626 3595 3691 ipse

2011 3714 2078 3746 ¹¹⁶
2127 3730 2230 3767 non
2288 3716 2577 3783 denegabo.
2633 3717 2710 3769 Eo
2781 3732 3015 3785 namque
3069 3725 3311 3785 tempore
3357 3713 3595 3768 Joannes

2009 3804 2232 3870 Grecus,
2259 3806 2583 3860 Placentina:
2612 3805 2852 3860 ecclesia:
2882 3806 3098 3874 prmsnl,
3125 3804 3591 3872 Constantinopoli

2009 3914 2131 3951 cum
2162 3898 2454 3953 Grecorum
2487 3898 2830 3967 imperatoris
2870 3898 3049 3965 legato
3080 3911 3347 3957 reversus,
3368 3895 3591 3948 Romam

2010 3991 2194 4043 adivit.
2249 3989 2347 4055 Qui
2408 3989 2534 4041 dum
2595 3987 2943 4057 apostolicam
3002 3989 3221 4050 sedem,
3288 3983 3500 4052 abjecto
3562 4002 3593 4037 a

2011 4078 2278 4133 lobannis
2328 4078 2629 4134 Crescentii
2691 4078 2993 4132 temeritate
3050 4086 3310 4147 pastore,
3370 4089 3591 4128 vacuam

2010 4171 2350 4242 repperiret,
2402 4169 2657 4223 invadere
2716 4178 2905 4222 contra
2972 4168 3254 4236 imperiale
3313 4165 3607 4219 decretum.

332 4250 520 4304 domui
551 4250 694 4307 Petri
726 4255 876 4309 ducis
908 4257 1068 4321 ﬁlius,
1102 4259 1328 4315 diversis
1376 4263 1690 4317 muneribus
1721 4279 1749 4317 a
1783 4278 1913 4333 rege
1938 4284 1987 4344 D
2017 4267 2239 4322 minime
2264 4263 2595 4318 formidavit.
2641 4261 2933 4332 Gregorius
2967 4277 3114 4319 vero.
3162 4260 3302 4313 illius
3333 4256 3597 4311 mcclesim

334 4338 401 4390 ad
436 4338 720 4396 Veueciam
764 4349 1094 4414 reppedavit.
1130 4348 1280 4404 Tunc
1309 4352 1537 4406 domnus
1572 4354 1685 4407 dux
1721 4370 1909 4422 pacem

333 4426 547 4482 Cincius
609 4429 951 4500 imploratam
1023 4436 1265 4493 inimicis
1326 4441 1587 4504 indul~it,
1661 4446 1910 4512 quamvis

332 4519 598 4577 Johannis
633 4524 867 4601 episcopi
914 4530 1176 4582 severitas
1219 4527 1269 4584 in
1319 4533 1518 4585 amisso
1554 4535 1754 4601 praedio
1792 4550 1916 4605 per-

335 4620 581 4673 duraret.
620 4620 698 4675 Eo
724 4637 940 4692 quoque
983 4632 1225 4693 tempore
1256 4626 1393 4694 apud
1426 4626 1732 4681 Rivoaltum
1767 4644 1912 4682 mor-

336 4718 434 4761 tuo
478 4709 685 4765 Marino
735 4713 1025 4768 Olivoleusi
1088 4716 1370 4785 episcopo,
1424 4719 1513 4787 qui
1576 4719 1913 4789 episcopatui

337 4802 541 4867 prefuit
571 4803 820 4869 annis...,
849 4807 1112 4859 successit
1137 4808 1235 4862 sibi
1261 4810 1567 4865 Dominicus
1590 4813 1916 4879 cognomine

337 4890 693 4948 Gradonicus.
736 4894 858 4951 Otto
888 4898 1119 4966 denique
1152 4916 1240 4955 rex
1280 4900 1535 4957 Brisciant
1575 4912 1909 4975 ceterasque

338 4982 504 5039 Italia:
544 4987 1235 5061 urbes.peragrans,Papia
1283 4993 1497 5049 advenit
1532 4997 1781 5067 (.4pril.).
1816 5002 1909 5058 llic

418 5212 480 5244 ω
521 5230 592 5267 tn.
626 5219 1108 5286 suprascriptumi.

1188 5224 1267 5254 “°'
1294 5224 1403 5293 ipse
1431 5229 1858 5299 suprascriptum
1894 5236 1943 5291 i.

2018 4374 2272 4430 sponsus,
2296 4372 2392 4424 per
2415 4357 2580 4410 Italiae
2604 4357 2763 4409 urbes
2791 4370 3002 4408 merens
3031 4352 3373 4423 imperatoris
3399 4364 3603 4420 expece»

2016 4456 2179 4509 tando
2206 4454 2494 4507 adventum
2525 4451 2862 4505 versabatur.
2912 4450 3015 4504 Per
3062 4452 3175 4505 haec
3208 4449 3424 4518 quidem
3459 4458 3604 4501 tem-.

2018 4561 2147 4619 pora
2201 4545 2504 4600 antedictus
2548 4543 2654 4596 dux
2704 4542 3010 4597 Johannem
3042 4557 3198 4594 suum
3254 4539 3424 4593 ﬁlium
3458 4538 3610 4594 Οοιιτι

2017 4635 2421 4705 stantinopolim
2445 4633 2755 4699 destinavit,
2785 4648 2943 4701 quem
2972 4635 3264 4699 imperator
3289 4646 3393 4684 non
3424 4629 3609 4685 solum,

2020 4726 2259 4786 diversis
2301 4726 2607 4781 muneravit
2667 4726 2846 4791 donis,
2888 4740 3074 4779 verum
3133 4723 3298 4778 etiam
3354 4719 3612 4790 :egregiis,

2019 4820 2319 4877 honoribus
2347 4816 2676 4872 sublimavit.

2094 4909 2218 4980 (Αη.
2248 4908 2394 4976 998.)
2426 4907 2731 4974 Imperator
2774 4903 3041 4974 siquidem
3068 4904 3172 4955 hoc
3210 4898 3619 4965 nequissimum,

2020 5003 2201 5062 scelus
2227 5016 2265 5054 ar
2303 5000 2545 5055 Johanne
2573 4994 2746 5051 Greco
2776 5004 3047 5065 patratum
3087 5007 3209 5047 cum
3238 4989 3479 5057 audiret,
3510 4987 3614 5049 lia,-

1613 5111 1850 5171 vaunt;
1889 5116 2303 5179 LECTIONES.
2346 5194 2349 5199 ν

1801 5342 2032 5401 NOTAE.
