4108 5412
1200 283 1227 301 Ὦ

496 334 598 399 927

496 454 624 512 liam
666 449 893 508 festinus
921 447 1262 517 reciprocare
1288 458 1396 499 non
1426 438 1722 512 pigritavit.
1756 436 1859 505 Qui
1897 451 1963 491 ex
1991 433 2080 487 Τῖ-

495 541 705 599 etneusi
739 540 872 595 urbe
917 537 1228 592 Ravennam
1266 532 1598 588 descendere
1639 528 1853 599 navigio
1899 526 2078 593 dispo-

498 647 638 688 nens
661 630 855 695 (11:21.),
880 629 1040 684 Petro
1061 642 1161 682 suo
1181 625 1380 679 dilecto
1407 621 1670 691 compatri
1695 618 2079 674 Veneticorum

498 724 622 779 duci
657 723 892 792 rogando
938 718 1307 779 demandavit,
1336 716 1593 785 quatinus
1619 712 1871 768 Ottonem
1922 724 2078 761 suum

497 815 667 870 tilium
697 815 834 867 ultra
870 812 1190 866 Ferariense
1215 821 1455 864 castrum
1483 808 1585 862 sibi
1615 806 1831 859 obviu'n
1867 803 2081 856 mit'ere

498 920 605 959 non
632 910 931 959 recusaret.
959 899 1111 966 Quod
1132 898 1239 951 dux
1262 898 1494 952 libenter
1515 910 1673 964 agere
1688 891 2079 954 volens,tilium

497 1011 622 1052 cum
667 993 940 1048 decoratis
986 992 1216 1046 navibus
1242 991 1409 1044 misit.
1457 989 1595 1043 lnter
1624 1001 1758 1057 quas
1783 1000 1885 1039 una
1914 998 2083 1053 quau-

502 1086 655 1141 titate
684 1093 738 1139 et
762 1083 1163 1153 pulchritudine
1187 1084 1251 1114 ¹¹¹
1277 1079 1568 1136 excellebat
1590 1078 1760 1131 navis.
1786 1076 1956 1140 Quam
1986 1076 2084 1128 im-

498 1185 719 1250 perator
746 1192 851 1230 una
878 1192 1001 1231 cum
1032 1189 1199 1245 puero
1225 1174 1545 1231 ascendens,
1577 1170 1888 1222 Ravennam
1915 1179 2086 1233 usque

499 1267 765 1339 pervenit.
797 1269 894 1323 Ubi
928 1283 1032 1322 non
1066 1267 1157 1322 diu
1197 1279 1441 1327 manens,
1469 1262 1621 1317 ducis
1665 1252 1887 1330 puerum
1918 1259 2086 1311 dono-

502 1376 625 1415 rum
653 1361 932 1430 copiisque
967 1359 1171 1414 ditatus
1209 1357 1275 1410 ad
1310 1354 1596 1408 Veneciam
1636 1354 1812 1406 redire
1840 1349 2085 1420 permisit

500 1451 736 1524 (πψτη).
798 1450 917 1520 Ipse
980 1463 1110 1504 vero
1171 1449 1434 1510 Romam,
1486 1452 1545 1497 ut
1591 1443 1936 1497 inimicorum
1997 1456 2086 1493 ar-

504 1542 813 1613 roganeiam
843 1539 1059 1595 abolere
1087 1545 1288 1608 posset,
1340 1544 1520 1605 petere
1564 1534 1792 1587 curavit.
1835 1531 1936 1598 Qui
1985 1546 2085 1583 an-

505 1632 715 1686 dientes
741 1646 866 1687 enm
897 1630 1122 1684 Romam
1153 1638 1466 1689 venturum,
1498 1626 1635 1678 alter
1664 1623 1898 1684 illorum,
1927 1620 1977 1673 id
2004 1628 2087 1673 cst

504 1721 779 1778 Jobannes
827 1720 1211 1783 Crescencius,
1256 1719 1307 1772 in
1345 1716 1518 1773 sancti
1547 1714 1733 1783 Augeli
1775 1713 1996 1771 castello
2027 1726 2085 1765 se

1687 318 1971 379 JOANNIS
1999 313 2272 372 DlACONl
2307 306 2558 367 VENETI

2105 437 2153 495 Α
2184 426 2502 498 interposita
2542 419 2823 483 dilacione.
2871 430 3091 473 suorum
3135 410 3361 470 consilio
3388 407 3637 467 munitus
3658 424 3756 462 na-
3826 434 3829 437 ι

3649 290 3767 349 928.

2179 520 2351 575 valem
2380 530 2667 589 preparare
2703 510 3098 580 expeditionem
3127 507 3351 577 peregit.
3398 503 3753 572 Septimoque

2181 614 2261 667 sui
2294 612 2543 671 ducatus,
2571 620 2711 659 anno
2740 600 3069 657 asceirsionis
3091 597 3301 652 Domini
3332 595 3468 650 festo
3494 591 3755 661 (Maiﬁﬁ)

2181 718 2303 757 cum
2350 702 2464 755 suis
2511 700 2562 752 in
2619 694 2791 751 sancti
2845 693 2984 746 Petri
3034 689 3353 744 Olivoleusis
3396 684 3640 741 a-cclesia
3691 682 3760 737 ad

2180 797 2466 852 missarum
2507 789 2801 845 ministeria
2850 782 3193 854 percipienda
3238 778 3532 834 convenire
3571 774 3757 827 voluit.

2181 887 2276 942 Cui
2310 885 2637 945 DotnquCIts,
2662 879 2897 946 ejusdem
2928 875 3029 928 loci
3078 872 3383 941 episc0pus,
3435 864 3763 936 triumphale

2182 977 2433 1031 vexillum
2466 971 2712 1034 contulit,
2759 978 2815 1024 et
2863 983 2968 1019 una
3012 966 3236 1019 classem
3288 955 3762 1015 consedentesillo

2184 1072 2271 1126 die
2310 1069 2648 1138 liquileusem
2711 1071 2925 1133 portum
2974 1059 3329 1112 intraverunt.
3376 1050 3580 1106 Dehinc
3630 1046 3763 1101 velis
3837 1059 3841 1063 '

2184 1163 2393 1219 libratis
2424 1159 2756 1226 oct‘iduoque
2784 1161 2943 1207 vento
2988 1149 3172 1211 ﬂante,
3219 1146 3551 1201 Gradensem
3594 1138 3766 1210 applia

2185 1259 2414 1307 citernnt
2462 1249 2669 1301 urbem.
2719 1243 2866 1311 Quos
2918 1243 3148 1294 donmus
3197 1235 3386 1292 Vitalis
3430 1231 3761 1302 patriarcha,
3856 1222 3863 1231 ⁷⁷

2185 1351 2444 1414 preeunte
2474 1339 2649 1410 plebe;
2684 1352 2805 1391 cum
2839 1334 3162 1388 clericorum
3189 1334 3444 1396 apparatu
3469 1322 3761 1391 excipiens,

2180 1436 2349 1506 digna
2380 1449 2478 1489 suo
2505 1430 2733 1501 principi
2778 1425 3035 1493 obsequia
3069 1421 3305 1481 exiliuit;
3349 1417 3502 1484 cujus
3550 1424 3766 1483 quoque

2188 1526 2468 1580 dexteram
2499 1520 2706 1576 victrici
2738 1516 2909 1570 sancti
2957 1511 3338 1569 llermacboraa
3391 1506 3545 1574 signo
3568 1501 3764 1556 conde-
3850 1525 3871 1530 -υ

2188 1616 2411 1671 coravit.
2442 1613 2566 1666 lude
2597 1607 2789 1680 pellagi
2842 1604 3098 1660 sulcando
3126 1591 3312 1652 'mnlas
3355 1594 3666 1650 lstriensem
3698 1588 3765 1642 ad

2191 1707 2260 1741 ¹¹³
2291 1704 2622 1777 provinciam
2671 1698 2992 1755 trausientcs
3038 1693 3127 1756 ⁸⁸³⁵,
3171 1686 3409 1744 civitatis
3461 1680 3769 1738 Parentina

507 1827 632 1867 cum
674 1811 788 1886 suis
830 1812 1074 1866 retrusit.
1124 1809 1275 1863 Alter
1301 1809 1538 1877 quidem,
1590 1804 1641 1860 id
1682 1813 1766 1860 est
1813 1802 2088 1860 Jubannes
2120 1792 2161 1850 Β
2184 1798 2335 1868 juxta
2381 1796 2611 1851 insulam
2657 1791 2793 1846 velis
2837 1785 3098 1857 depositis
3125 1788 3446 1851 pernoctare
3479 1775 3764 1841 disposue.

504 1900 738 1965 Grecus,
792 1899 1036 1971 procula
1070 1898 1240 1953 Roma
1289 1895 1751 1968 inexpugnabilem
1802 1893 1963 1948 turim
2006 1893 2087 1946 in-

513 1990 696 2055 travit,
750 1990 802 2045 in
854 2005 959 2060 qua
1015 2005 1119 2045 non
1165 1988 1288 2051 diu,
1322 1997 1481 2043 vento
1536 1987 1881 2057 imperatore,
1940 1982 2088 2036 illum

508 2096 731 2136 manere
759 2081 930 2134 licuit.
964 2078 1069 2135 Sed
1110 2082 1177 2134 ab
1227 2079 1344 2147 ejus
1397 2078 1656 2133 militibus
1702 2087 1914 2146 captus,
1966 2090 2091 2144 pro.

502 2168 667 2239 jectis
722 2170 894 2225 oculis
941 2171 1270 2238 auribusque
1319 2170 1581 2239 praecisis,
1634 2183 1792 2224 nares
1826 2169 1988 2221 etiam
2036 2177 2093 2222 et

513 2260 752 2328 linguam
784 2261 989 2326 amisit,
1020 2271 1073 2315 et
1100 2261 1295 2330 capitis
1319 2263 1634 2329 deturpatus
1662 2260 1956 2314 decoritate
1982 2259 2091 2312 Ro-

514 2368 656 2406 mam
687 2353 740 2407 in
769 2354 1000 2421 quodam
1032 2354 1361 2407 monasterio
1388 2352 1595 2407 delatus
1620 2362 1722 2408 est.
1750 2352 1815 2406 Et
1836 2352 2091 2421 quoniam

515 2444 584 2497 ad
616 2445 746 2497 tanti
794 2442 1005 2499 facinus
1057 2444 1312 2501 ultionetn
1354 2445 1455 2500 boc
1486 2462 1590 2499 non
1619 2444 1909 2505 suliicerat,
1942 2451 2092 2512 post-

519 2534 736 2587 modum
787 2548 819 2586 a
865 2548 1023 2589 sacro
1077 2535 1308 2590 concilio
1359 2535 1709 2605 depositionis
1762 2534 2094 2588 sentcnciam

516 2624 808 2688 sustinens,
835 2627 1171 2682 sacerdotale
1206 2625 1438 2682 cilicium
1485 2628 1733 2698 perdidit,
1763 2636 1818 2680 et
1844 2642 1872 2679 a
1902 2626 2096 2679 Roma-

516 2716 601 2769 nTs
642 2716 923 2785 ὶηιιιοδίιιιε
951 2717 1210 2771 deformis
1256 2717 1409 2771 aselli
1453 2725 1622 2786 terga,
1656 2731 1811 2770 versa
1860 2713 1996 2768 facie
2029 2713 2097 2767 ad

517 2805 745 2860 caudam
780 2806 847 2838 “'
875 2806 975 2860 sub
1002 2807 1234 2875 praeconi
1264 2822 1394 2862 voce
1422 2822 1518 2878 per
1544 2806 1818 2861 Romanas
1850 2805 2097 2874 regiones

521 2897 841 2955 ducebatur.
914 2897 1119 2952 Dehinc
1189 2899 1608 2953 munitissimum
1672 2897 1844 2951 saneti
1911 2894 2098 2965 Angeli

520 2987 803 3042 castellum
852 3004 1040 3045 omnes
1080 2989 1310 3045 Romani
1358 2992 1503 3045 cives
1548 3006 1652 3045 una
1689 3006 1810 3044 curn
1838 2988 2097 3045 Teutoni-

518 3090 746 3146 quorum
777 3079 1017 3133 exercitu
1047 3095 1353 3149 expugnare
1395 3089 1685 3150 coeperunt.
1718 3079 1870 3147 Quod
1906 3093 2095 3148 magna

520 3181 644 3221 cum
676 3167 988 3224 dillicultate
1018 3171 1570 3239 comprtrltendeutes,
1615 3169 1915 3224 Jobannem
1940 3168 2100 3223 Cres-

522 3258 790 3322 ceueitnn,
822 3259 1035 3313 veniam
1066 3260 1359 3315 miserabili
1406 3275 1536 3315 voce
1584 3260 2009 3322 adclamantem,
2046 3258 2099 3313 in

522 3347 780 3402 sumitate
831 3357 889 3402 ut
944 3350 1011 3404 ab
1067 3351 1318 3407 omnibus
1375 3350 1650 3406 videretur
1701 3348 2103 3405 decollaret-unt

524 3437 676 3507 (Apr.
706 3437 818 3508 29).
851 3439 918 3493 Et
954 3440 1192 3511 projecto
1223 3441 1436 3506 tellure,
1463 3441 1585 3495 aliis
1612 3442 1807 3511 quibus
1845 3441 2102 3497 evadendi

520 3522 751 3581 facultas
777 3528 944 3582 defuit
972 3529 1133 3584 simili
1164 3544 1324 3599 poma
1369 3531 1420 3584 iu
1469 3540 1648 3586 monte
1699 3530 1907 3586 Gaudio
1938 3531 2106 3599 impe—

526 3615 647 3671 riali
677 3620 896 3673 decreto
941 3621 1189 3690 suspensi
1237 3628 1381 3675 sunt.
1414 3620 1509 3677 llis
1535 3623 1786 3691 peractis,
1825 3622 1985 3675 trium
2015 3638 2107 3675 an-

523 3722 720 3764 norum
762 3711 946 3781 spaeio
997 3712 1289 3781 imperator
1327 3726 1491 3783 regno
1534 3711 1746 3781 prarl'uit
1796 3712 2000 3778 Italico,
2051 3713 2106 3767 in

529 3801 727 3871 quibus
787 3802 959 3857 tnulta
1018 3817 1283 3875 peregens
1337 3819 1559 3875 regnum
1611 3804 1853 3860 visitavit
1908 3805 2108 3860 Teuto-

527 3906 735 3946 meum.

598 3981 710 4038 Illis
736 3997 970 4054 namque
1011 3986 1343 4057 temporibus
1380 3986 1437 4043 in
1475 3987 1948 4045 Dalmacianorum
1975 4004 2108 4043 con-

529 4070 661 4127 ﬁnio
686 4090 790 4128 non
823 4075 943 4144 plus
974 4090 1135 4144 quam
1162 4076 1534 4133 lateranenses
1562 4079 1706 4134 cives
1731 4077 2109 4135 Veneticorum

531 4163 686 4219 ducis
732 4165 924 4221 ditioni
980 4169 1447 4239 obtemperabant,
1495 4186 1632 4241 quos
1678 4170 1997 4229 Croalorum
2048 4189 2113 4229 ac

530 4251 966 4358 liarentauorum
996 4261 1267 4331 principes
1314 4263 1510 4318 crebro
1558 4262 1793 4335 allligere
1836 4266 2110 4334 solebant,

534 4349 590 4400 in
640 4355 847 4401 tantum
879 4362 939 4405 ut
988 4349 1311 4406 Narrentani
1350 4354 1543 4408 borum
1576 4356 1933 4424 quadraginta
1967 4372 2116 4411 com-

2192 1899 2338 1947 runt.
2374 1889 2579 1956 Quibus
2628 1881 2952 1939 venerabilis
2991 1878 3233 1930 Andreas
3280 1871 3564 1943 episcopus
3600 1880 3771 1919 occu-

2191 1996 2339 2042 rens,
2387 1976 2732 2033 l'antttlamina
2760 1966 2761 1969 9
2787 1974 2946 2027 Petro
2979 1969 3114 2051 ἰιιιεὶ
3169 1965 3336 2021 multa
3369 1962 3435 1995 ’⁸⁸
3466 1957 3770 2028 iu‘pern'ttts

2191 2084 2291 2129 est.
2326 2071 2493 2139 Quem
2526 2068 2799 2124 humiliter
2821 2050 3079 2133 rogitans,
3120 2067 3179 2111 ut
3225 2053 3397 2110 sancti
3443 2050 3613 2105 Mauri
3644 2062 3769 2101 ora.

2192 2167 2371 2222 culum
2410 2163 2560 2217 adire
2603 2175 2708 2214 non
2741 2172 2862 2211 recu
2898 2162 3033 2207 aret.
3063 2149 3227 2217 Cujus
3250 2144 3496 2218 petitioni
3523 2139 3772 2209 adquies-

2193 2272 2344 2322 cens,
2393 2254 2560 2309 multo
2594 2250 2765 2305 milite
2809 2248 3039 2316 stipatus
3087 2243 3274 2297 urbem
3301 2238 3412 2310 (98)
3440 2234 3682 2294 intravit.
3712 2240 3768 2286 et

2194 2348 2421 2418 expletis
2449 2347 2502 2400 in
2537 2342 2706 2399 sancti
2742 2338 2911 2394 Mauri
2956 2334 3200 2393 (ecclesia
3230 2328 3549 2387 ministeriis
3577 2325 3771 2387 sacris.

2195 2434 2412 2509 arrepto
2442 2437 2566 2490 exin
2596 2435 2805 2490 itinere.
2856 2427 3245 2499 remigantibus
3274 2422 3456 2478 nautis
3485 2418 3627 2490 apud
3658 2432 3773 2471 mo-

2196 2530 2418 2587 nasterii
2451 2527 2620 2583 sancti
2653 2525 2881 2580 Andreae
2925 2520 3151 2575 insulam
3197 2532 3317 2588 qua!
3358 2515 3512 2583 juxta
3559 2509 3774 2565 Pollen-

2197 2638 2309 2678 sem
2357 2620 2471 2688 (99)
2523 2618 2797 2673 civitatem
2852 2623 3060 2673 manet,
3117 2618 3270 2681 grata
3316 2606 3520 2675 ospicia
3575 2603 3776 2656 habere

2196 2715 2503 2768 voluerunt.
2533 2710 2663 2765 llluc
2693 2707 2972 2763 Bertaldus
3000 2701 3262 2758 Pollensis
3285 2698 3514 2753 eximius
3548 2693 3778 2748 antistes

2200 2822 2321 2860 cum
2368 2804 2689 2859 clericorum
2717 2809 2770 2854 et
2796 2798 2994 2852 civium
3041 2792 3382 2848 multitudine
3428 2788 3656 2842 festinus
3680 2785 3776 2839 ad.

2201 2897 2368 2960 venit,
2420 2905 2475 2948 et
2521 2902 2752 2962 utroque
2786 2892 2993 2945 honore
3042 2885 3291 2941 eumdem
3341 2883 3531 2935 ducem
3580 2877 3780 2949 gloriﬁ-

2202 2989 2364 3043 cavit.
2396 2987 2599 3040 Deinde
2629 2993 2838 3037 vastum
2865 2977 3185 3035 veliticando
3213 2989 3398 3044 aequor
3419 2972 3779 3025 Absart-nsem

2204 3080 2267 3133 ad
2301 3079 2488 3133 urbem
2521 3076 2668 3147 (100)
2697 3073 2861 3128 delati
2911 3080 3053 3126 sunt.
3110 3067 3209 3125 Ubi
3258 3080 3365 3120 non
3410 3063 3571 3116 modo
3614 3061 3775 3119 cives.

2202 3185 2389 3226 verum
2422 3183 2608 3223 omnes
2653 3168 2721 3221 de
2771 3164 3010 3218 linitimis
3060 3171 3167 3216 tam
3215 3160 3580 3212 Romanorum
3622 3167 3781 3221 quam

2205 3260 2522 3316 Sclavorum
2554 3258 2794 3313 castellis
2829 3254 3211 3310 convenientes
3232 3292 3247 3317 ,
3285 3248 3420 3303 tanti
3467 3244 3662 3317 ospitis
3687 3242 3781 3296 acl-

2203 3363 2421 3407 ventum
2474 3365 2534 3407 se
2585 3349 2910 3420 praevertisse
2962 3345 3282 3416 gaudebant.
3325 3340 3392 3395 Et
3422 3335 3784 3394 sacramentis

2205 3445 2273 3500 ab
2300 3444 2551 3498 omnibus
2593 3442 2844 3513 peractis,
2883 3440 2983 3492 sub
3014 3438 3155 3490 illius
3207 3432 3470 3505 principis
3516 3435 3785 3499 potestate

2206 3551 2427 3592 manere
2454 3536 2829 3589 decreverunt.
2860 3531 2972 3585 lloc
3003 3537 3223 3598 peracto
3244 3539 3458 3580 sacrum
3482 3523 3625 3576 diem
3661 3534 3789 3588 peu-

2208 3638 2449 3683 tecoslen
2499 3625 2811 3681 solemniter
2856 3622 3192 3677 celebrantes
3241 3618 3351 3687 (an.
3383 3615 3506 3678 998,
3537 3611 3672 3666 Jun.
3705 3610 3785 3680 5),

2208 3719 2451 3791 predicto
2483 3716 2710 3788 principi
2742 3714 2914 3768 laudis
2944 3709 3303 3766 modulamina
3334 3709 3783 3761 decantaverunt.

2211 3812 2362 3867 Tunc
2386 3811 2640 3865 omnibus
2667 3808 2864 3877 quibus
2910 3804 3086 3858 mlatis
3136 3800 3416 3871 plenitudo
3442 3797 3665 3849 adlterat
3699 3807 3791 3849 sc-

2211 3918 2333 3959 cnm
2366 3902 2549 3955 venire
2572 3896 2752 3971 jussit,
2785 3906 2837 3951 ct
2877 3893 3113 3963 acceptis
3141 3890 3429 3962 stipendiis
3464 3886 3791 3956 dispositum

2213 3992 2567 4048 transfretare
2614 3993 2719 4045 iter
2763 3996 3055 4056 carperent.
3100 3984 3284 4039 Altera
3341 3995 3470 4034 vero
3517 3978 3605 4032 die
3640 3976 3791 4031 Jata-

2211 4099 2424 4140 rensetn
2451 4093 2741 4151 antequam
2789 4079 3244 4150 adpropinquaret
3290 4074 3503 4133 urbem,
3548 4069 3792 4139 ejusdem

2217 4178 2456 4233 civitatis
2485 4177 2634 4247 prior
2664 4190 2787 4230 cum
2815 4172 3069 4242 episcopo
3096 4178 3151 4223 et
3175 4167 3385 4224 caeteris
3433 4178 3589 4219 suum
3616 4160 3792 4214 domi-

2215 4285 2343 4323 num
2395 4267 2759 4340 gaudimouiis
2825 4264 2978 4335 potiti
3039 4267 3406 4331 reeteperunt;
3453 4265 3510 4310 et
3562 4251 3791 4323 ingressi

2217 4359 2569 4424 urbem,'ibi
2626 4357 2768 4412 illius
2837 4354 3071 4425 regionis
3126 4351 3363 4418 majores
3416 4345 3790 4406 conﬂuentes.

534 4436 991 4527 prmbeudentcs.
1039 4453 1223 4495 secum
1277 4441 1450 4497 victos
1503 4442 1613 4509 (97)
1672 4444 2092 4513 deportaverunt

2220 4453 2459 4522 ejusdem
2489 4450 2751 4523 principis
2776 4446 3127 4503 dominationi
3150 4445 3371 4500 subesse
3397 4436 3789 4510 pratobtabant.

536 4521 693 4580 Unde
739 4526 1206 4608 Dalmacianorum
1268 4532 1448 4601 p0puli
1500 4547 1689 4588 onmcs
1747 4548 1906 4603 pmne
1954 4534 2116 4590 simul

537 4616 937 4681 convenientes,
990 4618 1151 4677 Petro
1196 4623 1577 4679 Veneticorum
1628 4624 1750 4680 duci
1798 4626 1910 4682 suis
1950 4627 2117 4682 inter-

536 4706 754 4761 nunciis
779 4707 880 4761 hoc
904 4709 1387 4777 demandaverunt,
1417 4714 1561 4780 quod
1602 4716 1645 4769 si
1677 4716 1790 4784 ipse
1810 4717 1998 4772 venire
2023 4728 2117 4774 aut

538 4797 839 4849 exercitum
874 4797 1087 4852 mittere
1135 4800 1317 4865 vellet,
1362 4804 1454 4871 qui
1502 4818 1595 4858 eos
1634 4819 1663 4858 a
1698 4804 1993 4860 Scavorum
2031 4821 2117 4860 se-

537 4885 769 4942 veritate
794 4887 1064 4951 liberaret,
1097 4890 1195 4959 ipsi
1226 4901 1283 4947 et
1323 4892 1535 4949 illorum
1576 4895 1823 4951 civitates
1856 4906 2116 4966 perpetua

541 4978 835 5037 stabilitate
890 4997 1000 5038 suae
1054 4977 1383 5058 suorumque
1437 5002 1813 5043 successorum
1865 4990 2117 5058 potestati

540 5071 786 5131 subditos
824 5084 1124 5132 manerent.
1165 5078 1280 5136 Hoc
1314 5080 1540 5138 audiens
1564 5080 1759 5138 Petrus
1793 5082 1922 5146 dux,
1973 5082 2118 5137 nulla

2225 4545 2371 4599 lnter
2392 4560 2531 4614 quos
2560 4542 2838 4598 Vcclcusis
2864 4550 2919 4594 et
2936 4535 3207 4593 .Arbensis
3231 4531 3376 4603 (l0l)
3403 4528 3639 4600 episcopi
3674 4541 3794 4581 cum

2220 4652 2403 4691 earum
2444 4636 2721 4690 civitatum
2754 4632 3023 4703 prioribus
3058 4627 3382 4689 adfuerunt,
3423 4632 3478 4677 et
3522 4620 3638 4690 ptri
3673 4628 3795 4671 voto

2222 4740 2387 4792 supra
2430 4740 2585 4779 sacra
2608 4722 3065 4793 cvangelistarum
3101 4717 3243 4771 dicta
3275 4713 3618 4780 iuraverunt,
3652 4705 3795 4775 quod

2217 4815 2371 4885 juxta
2402 4816 2615 4869 illorum
2651 4816 2793 4868 scire
2820 4820 2873 4865 et
2904 4823 3064 4880 posce
3111 4807 3365 4875 deinceps
3408 4800 3591 4856 domui
3648 4794 3795 4850 Petri

2223 4907 2376 4963 ducis
2411 4906 2568 4961 tidem
2595 4907 2884 4961 observare
2912 4901 3248 4957 debuissent.
3289 4897 3513 4963 Insuper
3557 4887 3798 4960 episcoji

2222 4999 2425 5055 eisdem
2451 4998 2624 5053 sacris
2666 4997 3145 5056 continuaverunt,
3198 5003 3304 5058 quo
3356 4984 3563 5041 feriatis
3607 4979 3797 5034 diebus

2223 5090 2421 5159 quibus
2454 5089 2627 5144 laudis
2657 5100 2908 5159 pompam
2950 5085 3003 5139 in
3033 5081 3277 5148 meelesia
3316 5080 3631 5149 depromere
3660 5068 3799 5124 sole-

1831 5191 2065 5248 VARLE
2107 5192 2511 5254 LECTIONES.
