4108 5412
355 201 458 257 θὲῧ

1557 184 1949 244 (ΖΙΙΠΟΝΙΕΟΝ
1986 182 2336 240 VENETUM.

3509 177 3612 232 930

357 312 508 373 baut,
545 307 702 362 istius
733 304 993 376 principis
1020 317 1215 358 nomen
1247 310 1368 372 post
1393 301 1780 370 imperatorum
1812 297 1927 350 lau-
1961 304 2003 359 Α
2034 297 2138 349 sibi
2198 297 2320 349 illos
2369 293 2542 358 reddi,
2598 290 2945 362 imploravit:
2999 299 3103 345 hoc
3148 288 3401 343 videlicet
3437 301 3618 358 pacto,

343 404 442 478 ‘dis
467 399 750 471 pra-cuniis
787 396 1166 466 gloriticarcnt.
1192 395 1508 449 Croatorum
1544 393 1719 460 itaque
1749 406 1837 443 res
1871 389 1936 442 ad

343 481 475 550 Ksua:
528 493 704 561 gentis
752 489 1214 558 depopulationem
1262 489 1450 538 ducem
1493 485 1775 537 advenisse
1818 499 1938 550 pre-

357 599 602 641 noscens,
641 583 960 635 nunciorum
991 579 1170 630 studio
1196 578 1424 629 eundem
1456 575 1670 643 placare
1700 570 1938 641 paciﬁcis

358 675 506 727 nisus
534 682 614 724 est
648 670 857 729 verbis;
909 669 1050 735 quod
1107 668 1336 717 donnms
1363 666 1466 716 dux
1497 663 1715 714 omnino
1764 659 1937 728 parvi-

357 761 634 830 andens,
684 757 902 810 euslem
957 755 1180 806 ttttneios
1234 753 1408 804 redire
1463 751 1695 812 dimisit;
1755 757 1807 801 et
1859 747 1938 799 sic

357 859 596 902 tractare
619 863 740 899 cum
774 847 1055 911 utriusque
1085 843 1261 913 gentis
1291 843 1533 895 exercitu
1575 841 1800 894 adurSus
1833 848 1936 901 est,

357 956 464 1010 quo
505 939 848 992 inimicorum
902 938 1080 989 aditus
1129 936 1354 997 intrare,
1403 934 1484 986 vel
1527 933 1721 1002 quibus
1773 946 1936 1000 argu-

357 1032 556 1086 ntentis
603 1030 815 1083 illorum
859 1027 1218 1080 munitissima
1271 1025 1384 1079 loca
1433 1024 1699 1078 indemnis
1748 1036 1940 1090 capere

301 1183 304 1185 ,
355 1133 559 1193 posset.
594 1122 742 1175 Tunc
770 1121 1123 1188 quorumdam
1175 1118 1437 1170 relatione
1482 1117 1665 1168 didicit
1708 1115 1939 1181 quadra-

356 1214 503 1284 ginta
543 1212 971 1266 Narentanorum
1003 1209 1262 1264 nobilium
1309 1211 1374 1262 de
1421 1206 1640 1277 Apulcis
1673 1207 1936 1276 partibus,

356 1306 590 1375 peractis
621 1305 880 1372 negot-iis,
913 1303 976 1354 :ul
1003 1302 1271 1370 propriam
1302 1301 1437 1353 velte
1471 1299 1688 1353 reverti.
1742 1297 1938 1351 Decem

356 1413 530 1450 naves
562 1398 870 1450 hominibus
898 1394 964 1425 ⁸⁸⁸
998 1403 1233 1446 onerata:
1264 1394 1330 1444 ad
1358 1393 1586 1444 insulam
1621 1407 1738 1459 quae
1779 1405 1939 1443 voca-

359 1500 446 1560 tur
471 1489 612 1542 Caza
645 1489 790 1557 (102)
823 1488 921 1539 sub
948 1487 1094 1539 omni
1122 1485 1466 1538 festinatione
1497 1483 1800 1536 destinavit.
1836 1480 1938 1546 Qui

358 1581 484 1634 dum
516 1583 672 1642 irent,
726 1579 867 1632 facili
908 1578 1203 1631 certamine
1230 1579 1444 1629 eosdem
1478 1591 1632 1642 comp
1667 1573 1940 1626 ebendcn-

359 1683 458 1732 tes.
486 1671 839 1725 Ttaorensem
890 1671 1036 1740 (105)
1089 1669 1154 1722 :ul
1207 1671 1390 1721 urLem
1425 1669 1727 1722 accelerare
1763 1666 1942 1718 voluc-

360 1773 508 1816 runt.
549 1763 785 1816 Domnus
819 1777 1048 1830 namque
1093 1762 1196 1814 dux
1255 1761 1535 1827 utriusque
1563 1769 1617 1810 et
1648 1757 1943 1810 D.ilinacia-

357 1870 550 1908 noram
599 1871 662 1909 ac
718 1857 1138 1920 \‘cnetiquorntu
1197 1852 1455 1904 militibus
1507 1851 1938 1918 circumseptus.

356 1959 512 1999 sexto
545 1947 628 1999 die
660 1947 952 2014 predietam
984 1946 1168 1997 urbem
1201 1943 1527 2011 relimptcns,
1554 1944 1619 1994 ad
1651 1945 1940 2009 quamdam

356 2054 463 2092 non
497 2038 652 2105 longe
698 2053 724 2090 a
779 2037 1134 2106 Belgradcnse
1160 2037 1291 2087 urbe
1327 2034 1474 2102 (ΛΜ)
1506 2034 1734 2086 insulam
1779 2035 1943 2085 adve-

357 2131 458 2181 nit.
487 2130 558 2181 De.
584 2145 687 2198 qua
713 2129 870 2181 talem
904 2129 1222 2197 legationem
1247 2127 1455 2180 civims
1480 2128 1689 2178 mittere
1718 2125 1940 2192 placuit,

367 2229 424 2272 ut
455 2219 499 2272 si
531 2230 886 2288 spontaneutn
917 2219 1245 2271 fatuulicium
1298 2219 1600 2287 persolvere
1625 2229 1677 2271 et
1711 2218 1936 2269 ti..e|ita-

371 2321 480 2365 lein
509 2313 608 2364 sibi
643 2313 827 2381 jurat'e
862 2311 1095 2373 vellent,
1137 2313 1365 2380 gratiam
1399 2311 1620 2372 adipisci
1658 2311 1896 2363 valerent
1925 2326 1936 2361 :

351 2404 452 2476 “sin
485 2417 688 2467 autem,
733 2420 788 2456 se.
818 2406 1114 2456 certamine.
1144 2419 1398 2471 cap.uros
1427 2403 1609 2470 prmnl
1643 2403 1803 2454 dubio
1837 2401 1941 2452 sci-

366 2505 508 2548 rent.
559 2496 666 2554 lloc
699 2511 822 2549 vero
851 2496 1153 2560 audientes,
1204 2494 1404 2546 domini
1460 2495 1579 2555 sui,
1618 2495 1937 2546 Sclavorum

357 2587 565 2640 Scilicet
592 2589 750 2656 regis,
788 2586 1080 2654 periculum
1129 2588 1406 2638 incurrere
1457 2586 1840 2643 formidabant,
1885 2590 1941 2634 et

357 2687 510 2732 tanto
538 2680 762 2748 principi
795 2679 1050 2730 resistere
1082 2695 1186 2729 noti
1213 2677 1480 2730 valebant.
1533 2677 1683 2731 Unde
1714 2687 1941 2742 utroque

356 2771 673 2825 discrimine
700 2773 877 2839 positi,
918 2769 1045 2839 quid
1097 2785 1260 2836 agere
1309 2770 1544 2837 poenitus
1595 2765 1939 2838 ignorabant.

359 2861 608 2916 Tandem
636 2864 977 2917 timoratioue
1008 2862 1187 2915 dotuui
1221 2863 1372 2914 ducis
1403 2861 1569 2922 atriti,
1601 2861 1942 2914 adstantibus

1973 1642 2014 1698 li

2040 404 2148 455 quo
2178 388 2489 456 priusquam
2516 388 2628 455 ipse
2662 388 2767 439 dux
2801 387 2866 438 de
2895 384 2998 438 illis
3027 383 3202 437 exiret
3248 379 3463 443 ﬁnibus,
3507 391 3618 436 tam

2041 480 2132 534 ille
2165 480 2624 534 Narrentanorum
2675 480 2925 548 princeps
2960 493 3120 545 quam
3157 493 3344 529 omnes
3390 476 3472 528 sui
3509 491 3622 529 ma-

2034 571 2181 640 jnres
2231 573 2333 625 sibi
2381 574 2446 626 ad
2501 571 2942 625 satisfaciendum
2990 585 3089 638 pro
3121 568 3231 621 suis
3266 568 3622 621 rotiscnnvc-

2042 665 2260 727 nirent,
2315 675 2367 718 et
2420 681 2517 716 nec
2575 679 2798 718 ecnsnm
2859 663 3157 732 predictum
3228 661 3409 729 aliquo
3463 660 3622 714 modo

2041 757 2242 816 exiere,
2279 772 2376 810 nec
2415 757 2723 825 quempiam
2773 756 3058 808 iterantem
3108 752 3420 806 Veneticum
3457 752 3614 806 mole-

2041 860 2189 901 Stare
2228 849 2467 900 deli-ret.
2503 847 2651 900 Tunc
2703 848 2809 899 dux
2852 847 3094 915 captivos
3143 847 3367 898 rediere
3396 845 3619 914 jubens,

2041 956 2132 994 sex
2161 951 2366 992 tantum
2403 941 2635 1002 illurtttn,
2666 956 2732 993 ne
2758 940 2870 1008 ipse
2898 955 3082 1007 pacem
3133 937 3404 998 violasset,
3436 945 3621 988 reten-

2045 1043 2128 1086 los
2157 1049 2338 1086 secum
2376 1034 2692 1087 reservavit.
2737 1031 2827 1084 Eis
2873 1031 3126 1091 delinitis.
3177 1030 3242 1082 ad
3293 1028 3427 1081 alios
3479 1028 3622 1080 illius

2042 1125 2277 1194 regionis
2310 1125 2674 1194 subjugandos
2713 1139 2954 1191 gressum
3007 1122 3223 1175 tendere
3255 1123 3418 1188 cepit.
3467 1118 3624 1187 Apud

2042 1219 2211 1268 sancti
2265 1216 2479 1270 Maximi
2529 1216 2812 1270 ecclesiam
2847 1214 3110 1282 ospicium
3145 1214 3344 1265 habere
3375 1214 3500 1265 dum
3535 1226 3626 1264 vo-

2042 1306 2250 1369 luisset,
2296 1308 2528 1362 Curzule
2578 1309 2726 1377 (l07)
2775 1306 2947 1359 insule
2996 1305 3327 1358 habitatores
3358 1305 3436 1356 sui
3473 1318 3625 1356 recu-

2042 1409 2225 1453 santes
2255 1416 2446 1467 parcre
2488 1400 2846 1469 jussiombus,
2893 1396 3067 1450 valida
3120 1411 3280 1448 manu
3331 1394 3626 1462 adquisivit

2042 1505 2244 1556 Sneqttc
2269 1495 2520 1560 potestati
2548 1491 2868 1559 subjugavit.
2898 1489 3150 1542 i’reterea
3173 1489 3296 1539 dum
3328 1486 3495 1538 isdem
3519 1484 3627 1538 dux

2043 1585 2297 1652 tl-‘tictluid
2326 1586 2472 1638 cordi
2507 1587 2636 1637 adcr
2677 1593 2714 1644 t,
2749 1583 3095 1635 Deo‘l'autore
3127 1579 3192 1632 ad
3217 1591 3398 1629 votum
3437 1592 3628 1630 conse-

2045 1687 2321 1744 queretur,
2360 1676 2632 1743 improbos
2660 1674 2976 1727 Ladaestina'
3014 1671 3198 1725 insul.e
3243 1670 3392 1739 (iOb)
3426 1671 3630 1721 babita-

2046 1778 2190 1821 tores
2213 1769 2428 1839 aggredi
2462 1776 2688 1821 conatus
2715 1776 2817 1828 est,
2857 1782 2885 1818 a
2920 1781 3148 1833 quorum
3181 1763 3329 1815 rabie
3362 1761 3628 1821 Venetici,

2045 1860 2132 1914 illa
2186 1863 2606 1928 pernavigantes
2653 1858 2789 1922 loca,
2837 1858 3069 1925 propriis
3115 1854 3465 1908 facultatibus
3519 1855 3629 1922 pri-

2045 1954 2200 2014 vati,
2265 1953 2389 2005 nudi
2454 1952 2735 2020 sepissime
2795 1957 3101 2004 evaserant.
3166 1947 3293 1999 Erat
3360 1946 3627 2012 siquidem

2044 2045 2232 2097 eadem
2267 2044 2438 2096 iusttla
2470 2042 2768 2112 scopulosis
2800 2039 3626 2110 p'tHllUttClOl'ilsCil‘CiltltSt‘plil.

2000 2153 2012 2160 λ·
2043 2133 2195 2188 Licet
2239 2140 2442 2186 aditum
2491 2135 2816 2187 intrantibus
2862 2151 2964 2185 non
3016 2133 3328 2200 denegaret,
3363 2130 3627 2181 montium

2048 2237 2224 2279 tamen
2264 2227 2593 2279 sublimitate
2620 2227 3030 2288 ostentabatur;
3065 2241 3094 2276 e
3124 2225 3320 2290 quibus
3349 2236 3485 2272 ItlltlS
3511 2235 3631 2272 mu-

2045 2334 2226 2371 rerum
2290 2319 2541 2372 menibus
2610 2319 2948 2384 turriumque
3011 2315 3275 2368 ltediliciis
3346 2313 3629 2374 munitus,

2045 2412 2478 2482 inexpugnabilis
2529 2413 2596 2463 ali
2643 2411 2896 2464 omnibus
2949 2409 3289 2462 credebatur.
3328 2405 3457 2458 Dein
3503 2419 3630 2458 vero

2045 2510 2318 2576 prcdicttts
2382 2509 2632 2575 princeps
2690 2504 3030 2557 multitudine
3097 2500 3314 2551 navium
3367 2496 3626 2558 collecta,

2045 2599 2316 2668 quendam
2351 2598 2492 2650 illius
2525 2595 2713 2648 insulto
2746 2604 2957 2662 portum
3001 2590 3320 2660 penetravit.
3367 2591 3631 2639 inanibus

2046 2691 2170 2742 civil
2195 2705 2280 2751 us,
2312 2701 2367 2742 ιιι
2404 2688 2475 2741 rcl
2503 2697 2588 2742 eta
2635 2685 2932 2755 pertinacia
2963 2685 3029 2737 ad
3055 2702 3111 2737 se
3142 2682 3386 2735 venirent
3415 2689 3509 2732 aut
3537 2695 3633 2748 pu-

2044 2798 2145 2852 gna
2190 2797 2309 2835 sese.
2361 2781 2624 2850 petituros
2661 2780 2884 2831 scirent.
2933 2776 3032 2841 Qui
3085 2775 3279 2828 timore
3326 2772 3629 2835 Constricti,

2049 2873 2272 2942 pacifica
2310 2872 2470 2925 verba
2504 2869 2866 2938 protulerunt.
2915 2865 3264 2920 Postmodum
3310 2863 3416 2916 illis
3459 2863 3634 2931 injun-

358 2954 602 3020 (ζξυεοιιριη
633 2956 772 3024 regis
794 2955 1076 3014 militibus,
1107 2963 1160 3004 et
1185 2965 1526 3006 Sacramenta
1548 2964 1601 3004 Cl
1623 2952 1938 3019 t)l)SL‘(|lliUlll
1971 2996 2013 3054 C
2048 2975 2193 3016 clm“
2246 2961 2346 3014 fuit
2404 2961 2547 3014 "ulla
2604 2960 2810 3013 raliune
2864 2972 3052 3024 parem
3102 2971 3131 3009 α
3186 2957 3322 3009 duce
3373 2953 3631 3022 ροιῑερςιιί

351 3046 759 3120 persolverunt.
795 3047 1057 3116 Egressus
1103 3059 1229 3097 vero
1267 3043 1407 3104 inde,
1450 3045 1760 3113 Levigrada:
1791 3046 1939 3096 iusu«

359 3135 424 3190 lae
453 3138 600 3208 (105)
637 3139 854 3191 colones
904 3139 1121 3206 egregio
1169 3138 1289 3189 duci
1346 3147 1697 3190 eccm-rentes
1753 3152 1943 3189 sacra-

358 3241 541 3284 menta
573 3242 818 3299 prompte
845 3229 1110 3284 fecerunt.
1159 3228 1402 3296 Cumque
1447 3228 1801 3282 'l'raoreusem
1854 3243 1945 3280 ur-

358 3323 484 3377 bem
527 3333 756 3390 peteret,
810 3326 875 3376 ab
926 3325 1184 3390 episeopo
1231 3322 1544 3390 civibusque
1593 3321 1945 3374 sacramentis

359 3418 748 3469 corrol..oratus
773 3426 883 3480 est;
911 3415 1038 3467 inibi
1070 3431 1214 3474 suos,
1243 3430 1376 3481 quos
1403 3425 1559 3467 antea
1582 3430 1646 3466 es
1671 3412 1942 3466 .latereusi

357 3508 581 3561 civitate
613 3509 826 3562 misisse
857 3509 1116 3569 diximus,
1170 3507 1404 3559 victores
1437 3507 1692 3575 repperit.
1725 3505 1946 3558 Sclavo-

361 3612 482 3652 runt
511 3601 674 3652 ctiam
705 3600 844 3670 regis
871 3600 1037 3652 frater
1085 3599 1312 3668 Surigna
1364 3600 1580 3650 nomine
1613 3600 1820 3661 aderat,
1850 3597 1942 3665 qui

361 3692 595 3744 condam
627 3691 866 3745 fraterno
897 3692 1020 3744 dolo
1047 3689 1325 3758 deceptus,
1357 3691 1502 3758 regni
1536 3691 1793 3741 amiserat
1824 3689 1940 3740 dia-

363 3781 538 3835 dema.
574 3784 689 3852 Ipse
730 3798 961 3851 namque
1006 3799 1109 3834 non
1151 3784 1308 3834 modo
1354 3782 1678 3835 sacramenti
1732 3781 1944 3834 vinculo

358 3889 421 3930 se
468 3873 643 3928 eidem
694 3876 813 3929 duci
859 3875 1168 3936 aSsnciavit,
1225 3889 1409 3926 verum
1445 3873 1607 3926 etiam
1658 3872 1942 3946 Stezanum

359 3966 672 4034 puerulum,
705 3965 1046 4019 karissimam
1093 3965 1332 4018 sobolem
1364 3981 1537 4026 suam,
1584 3965 1682 4016 Silii
1717 3980 1812 4032 pro
1848 3965 1945 4018 ob-

360 4057 478 4111 side
525 4059 942 4111 commendavit.
981 4057 1118 4109 llinc
1150 4056 1479 4124 Spaletitiatn
1527 4057 1672 4123 (lUti)
1725 4055 1945 4106 nobilis-

359 4150 560 4202 simam
614 4157 668 4201 et
720 4149 950 4202 validaut
1005 4151 1230 4210 urbem,
1283 4165 1404 4216 qua:
1458 4149 1632 4201 tocius
1662 4148 1946 4200 “uilllilcltc

359 4239 679 4307 metropolis
733 4250 984 4304 constat,
1044 4240 1317 4308 pretiictus
1378 4240 1628 4308 princeps
1691 4240 1938 4304 advenit;

2049 3068 2223 3122 puSse,
2254 3051 2356 3103 nisi
2402 3051 2674 3103 civitati-in
2732 3048 2830 3116 ipsi
2881 3048 3247 3109 destruerent,
3300 3045 3632 3098 destructum

2051 3158 2180 3194 vero
2210 3139 2626 3208 iuri-parabilem
2677 3137 3194 3204 inbabitabilemque
3241 3135 3630 3202 relinquerent.

2047 3231 2203 3298 Quod
2232 3231 2377 3283 utnni
2413 3231 2532 3282 nisu
2567 3228 2744 3282 facere
2792 3229 3198 3284 itttet'dzcentes.
3238 3227 3372 3278 tanti
3412 3225 3632 3279 (Ἀργείη

2050 3321 2122 3374 tui
2156 3335 2274 3374 sese
2304 3321 2570 3373 obsistere
2601 3319 2781 3372 adorsi
2827 3329 2970 3372 sunt.
3008 3316 3157 3370 Tunc
3182 3317 3348 3369 isdem
3382 3316 3636 3384 princeps

2048 3428 2177 3466 suos
2229 3411 2296 3464 ad
2357 3422 2630 3464 certamen
2693 3426 2986 3479 preparare
3037 3408 3264 3476 illosque
3317 3407 3635 3475 impugnare

2049 3503 2451 3566 acriterjussit.
2499 3501 2696 3554 \‘erum
2746 3501 2871 3568 quia
2917 3500 3120 3552 arduus
3165 3498 3312 3550 locus
3361 3495 3633 3550 ddlicilem

2048 3593 2208 3646 dabat
2240 3591 2802 3660 appropiuquantilms
2835 3604 3158 3658 ingressum,
3186 3587 3490 3655 jaeulorum
3525 3586 3637 3638 icti-

2047 3682 2148 3735 bus
2197 3682 2380 3732 hostes
2425 3678 2738 3747 aiiquandiu
2771 3678 2955 3746 procul
2992 3677 3186 3730 virtute
3231 3691 3334 3743 qua
3379 3683 3633 3743 poterant

2048 3784 2306 3826 eoat-cere
2376 3769 2715 3838 satagebant.
2795 3768 2998 3820 Tamen
3080 3767 3169 3820 Dei
3248 3762 3635 3833 omnipoteuts

2049 3862 2462 3931 dispensacione
2513 3860 2686 3928 major
2745 3873 2868 3928 pars
2928 3859 3203 3911 exercitus
3245 3872 3308 3910 ex
3375 3858 3466 3910 illo
3517 3858 3636 3912 loco

2050 3957 2190 4008 unde
2221 3953 2362 4006 illitis
2391 3953 2716 4007 nutnicienis
2763 3953 2900 4004 ostia
2948 3953 3206 4020 patebant
3251 3952 3508 4022 impetum
3555 3951 3635 4005 fa-

2048 4045 2295 4106 cientes,
2347 4045 2555 4113 reliqua
2612 4043 2810 4096 tnoutis
2871 4059 2965 4112 per
3013 4043 3166 4096 devia
3219 4043 3632 4107 consendcndo,

2051 4149 2226 4192 turres
2254 4137 2341 4190 ubi
2378 4153 2635 4206 aquarum
2686 4135 2904 4189 vascula
2955 4136 3248 4188 tuebantur
3281 4137 3636 4203 comprehen-

2050 4229 2267 4280 deruut.
2302 4225 2356 4278 In
2406 4224 2605 4292 quibus
2651 4224 3035 4287 consistentes,
3091 4224 3142 4276 in
3195 4233 3400 4276 tantum
3461 4223 3637 4277 luela-

362 4345 534 4398 quern
589 4331 1025 4399 arcliiepiswpus
1083 4348 1238 4385 sacro
1286 4333 1540 4386 infulatus
1601 4332 1776 4385 oﬂicio
1822 4349 1940 4386 eum

2052 4321 2194 4373 mine
2243 4318 2698 4388 cmuprimebaut,
2749 4317 2922 4371 donec
2957 4317 3023 4346 “’
3052 4314 3242 4382 dejecti
3293 4317 3498 4377 animo,
3546 4333 3637 4370 ar-

361 4419 580 4470 urbana
618 4427 721 4471 tam
751 4420 1071 4473 clericorum
1099 4437 1258 4489 qttattt
1312 4423 1568 4475 laieorum
1605 4424 1945 4478 multitudine

356 4507 598 4574 excepit,
621 4517 674 4560 et
697 4511 978 4562 missarum
1003 4511 1316 4579 sollempnia
1347 4513 1700 4573 incelebratts,
1726 4531 1788 4568 ex
1822 4527 1944 4570 voto

353 4595 664 4664 jusjurandi
719 4599 822 4651 tide
871 4601 1044 4652 cidem
1106 4616 1293 4653 omnes
1341 4602 1553 4670 placare
1603 4611 1939 4670 satagcruut.

359 4683 831 4745 Narrentauorum
863 4690 1075 4755 quidem
1131 4691 1380 4757 princeps
1424 4691 1780 4759 quadraginta
1821 4710 1944 4745 suo-

357 4792 483 4832 rum
514 4778 566 4830 in
595 4779 962 4846 captivitatem
1007 4784 1344 4850 mancipatus
1388 4794 1646 4852 expertus
1698 4795 1799 4838 est.
1835 4786 1934 4853 Qui

358 4868 474 4924 suis
502 4868 861 4924 internunciis
907 4872 1160 4926 domuum
1199 4874 1386 4928 ducem
1435 4875 1695 4932 continua
1755 4893 1933 4948 prece,

2052 4413 2156 4466 mis
2186 4413 2466 4481 depositis.
2500 4410 2664 4463 nicliil
2691 4409 2920 4477 amplius
2966 4425 3130 4478 quam
3177 4410 3367 4463 mortis
3407 4425 3631 4464 exosum

2049 4504 2347 4575 periculum
2382 4505 2614 4560 evadere
2639 4501 2794 4556 ﬂexis
2819 4503 3121 4556 exorabant
3165 4503 3478 4571 poplLtibus.
3516 4501 3635 4557 Dux

2049 4601 2230 4665 itaque
2281 4599 2496 4670 pietatis
2545 4605 2758 4649 amator
2786 4611 2978 4650 omnes
3018 4597 3167 4648 vivos
3219 4592 3642 4649 conservare“

2053 4691 2388 4758 instituens,
2439 4689 2713 4746 civitatem
2763 4697 2970 4741 tantmn
3019 4688 3304 4741 devastarc
3358 4683 3642 4754 praecepit.

2048 4784 2168 4851 Quo
2197 4799 2447 4852 peracto,
2486 4783 2658 4836 vietor
2683 4781 2932 4850 princeps
2973 4781 3142 4833 sancti
3192 4777 3408 4830 Maximi
3446 4774 3645 4828 ascele-i

2048 4877 2188 4931 siam
2264 4875 2628 4958 reciprocavit
2686 4871 2852 4942 (109).
2904 4870 3015 4924 Illic
3059 4867 3408 4937 Ragusiensis
3460 4862 3649 4918 arebis

1687 4987 1915 5049 unus
1956 4991 2394 5064 LECTIONEs,

431 5095 504 5128 ⁸³⁸
533 5094 592 5148 h.
621 5109 672 5148 ο.
701 5099 1049 5168 suprascripta
1085 5103 1136 5156 1.
1220 5099 1284 5132 ³⁸⁷
1313 5101 1478 5161 donec
1505 5105 1532 5158 ί

1620 5103 1690 5134 ⁸⁸⁸
1724 5120 2046 5166 conservare
2095 5123 2539 5186 ευργαςονίοιιιηι
2571 5103 2619 5157 1ο
2687 5166 2689 5168 ,

1893 5196 2135 5258 NOTAE.

424 5272 580 5344 (102)
610 5273 796 5344 Qazza.

422 5341 582 5412 (105)
610 5341 768 5405 Trau,
797 5342 862 5396 ab
890 5347 1158 5403 occidente
1188 5357 1243 5402 ct
1265 5355 1638 5412 septentrione
1668 5351 1931 5412 Snalatri-

2045 5287 2197 5345 sistit
2223 5293 2254 5345 ?

2124 5358 2289 5412 iiOﬁl
2324 5369 2616 5412 Qnalnirno
