4108 5412
500 250 594 309 93!

1659 232 1942 298 JOANNiS
1982 236 2254 296 DlACONi
2291 230 2539 290 VENET!

3646 228 3753 283 933

498 368 785 436 episcopus
842 377 962 417 cum
1013 350 1123 413 suis
1190 357 1515 413 conveniens
1544 395 1557 420 ,
1614 356 1789 409 eidem
1846 352 2073 423 principi
2104 358 2149 415 Α
2181 350 2301 415 rari
2315 348 2498 418 jussit.
2529 349 2585 402 ln
2614 361 2719 416 quo
2756 361 2882 436 sese
2913 359 3008 414 per
3046 342 3284 436 triduum
3320 339 3617 397 curationis
3662 357 3761 412 po-

501 466 837 511 sacramenta
869 467 1059 506 omnes
1094 450 1375 513 facientes,
1425 448 1680 517 obsequia
1712 446 1880 501 multa
1921 446 2075 499 detu-

501 551 701 604 ierunt.
734 544 858 598 inde
883 543 1149 613 predictas
1180 541 1428 595 civitates
1475 540 1785 610 repetendo,
1822 551 2076 593 remeans

504 634 570 687 ad
618 635 910 687 Veueciam
956 647 1079 686 cum
1121 630 1210 685 tali
1265 631 1537 700 triumpho
1592 632 1809 685 tandem
1858 642 2073 698 regres-

500 737 592 776 SUS
621 730 722 775 est.

570 816 692 885 (Αη.
731 814 911 888 1000.)
950 816 1156 871 Interea
1203 815 1328 872 Otto
1376 816 1671 886 imperator
1714 813 1781 869 ad
1830 812 2078 870 Italicum

499 923 721 978 regnum
756 907 912 962 tertio
944 918 1186 976 repetere
1210 908 1518 977 disponens,
1550 922 1650 975 per
1687 906 1823 961 vasti
1853 906 2077 960 Cumani

498 996 647 1051 lacus
671 997 909 1068 gurgites
940 998 1139 1051 aditum
1165 996 1363 1051 habere
1389 996 1554 1049 voluit
1576 995 1725 1067 (Jun.
1749 995 1889 1064 can);
1920 1011 2079 1065 quem

495 1081 976 1156 Longobardorum
1022 1087 1310 1142 multitudo
1357 1087 1595 1141 Cumana
1642 1087 1694 1140 in
1735 1087 1867 1140 urbe
1902 1101 2083 1141 esca:-

500 1189 727 1249 peruut,
770 1180 912 1233 inter
953 1194 1087 1248 quos
1135 1178 1407 1233 Johannes
1453 1178 1738 1240 diaconus,
1789 1176 2080 1245 supradicti

499 1269 643 1322 Petri
690 1270 842 1323 ducis
888 1270 1137 1333 nuncius,
1166 1267 1289 1322 licet
1319 1269 1385 1321 de
1419 1267 1501 1321 sui
1548 1266 1776 1321 senioris
1809 1266 2083 1334 triumpho

494 1354 722 1428 ignarus
756 1358 1003 1423 advenit,
1062 1374 1323 1427 suumque
1372 1357 1641 1412 seniorem
1698 1366 1904 1410 tantum
1954 1372 2081 1427 pro-

502 1446 700 1500 fectum
752 1448 819 1501 ad
863 1447 1228 1501 debellandum
1270 1446 1585 1501 Sclavorutn
1622 1447 1881 1500 duriciam
1918 1446 2086 1516 impe-

499 1538 667 1592 ratori
706 1539 999 1593 nunciavit.
1049 1539 1289 1608 Cumque
1331 1540 1501 1594 isdem
1544 1538 1780 1595 Joannes
1820 1556 1924 1594 una
1960 1556 2085 1594 cum

501 1626 826 1696 imperatore
880 1626 1220 1682 Ticinensem
1279 1628 1455 1682 adiret
1510 1628 1697 1683 urbem
1747 1627 1882 1698 (Jul.
1932 1628 2081 1698 ima),

2148 449 2291 494 .tum
2339 439 2612 494 custodite
2676 434 2984 491 simulabat.
3041 431 3210 487 Nocte
3255 431 3439 501 itaque
3501 441 3756 501 perventa

2170 524 2397 600 parvam
2430 528 2728 583 naviculam
2759 529 3078 590 ascendens,
3120 540 3222 595 qua
3257 526 3528 595 predictus
3555 521 3759 577 Johan-

2177 637 2276 677 nes
2301 622 2558 675 diaconus
2584 620 2649 673 ad
2678 618 2844 687 ipsius
2871 616 3056 671 insula:
3084 616 3376 687 marginem
3403 614 3755 684 prestolando

2180 713 2449 767 latitahat.
2480 711 2756 767 Hecilinus
2785 725 2911 764 vero
2942 723 3139 769 comes,
3165 708 3255 777 qui
3286 707 3631 777 postea(liO)
3656 704 3759 759 Ba-

2175 803 2506 873 jovariorum
2532 804 2637 858 dux
2668 801 2890 856 eﬂ'eetus
2908 808 3008 858 est.
3036 807 3089 852 ct
3117 798 3463 852 ltaimbaidus
3486 793 3761 851 Tarvisia-

2180 914 2282 953 nus
2312 912 2513 961 eomes,
2558 895 2874 964 Teupernus
2923 890 3345 948 belieosissimus
3388 889 3491 954 vir,
3530 887 3758 943 Rainar-

2183 993 2304 1056 dus,
2336 989 2526 1053 Tamo,
2559 987 2865 1052 camerarii,
2897 986 3166 1041 Walterus
3202 984 3391 1038 unicus
3424 982 3751 1052 capellanus,

2180 1082 2473 1138 Federicus
2499 1079 2611 1151 [qui
2637 1078 2727 1150 m]
2752 1078 3089 1147 postmodum
3115 1075 3258 1145 (iii)
3288 1076 3554 1130 Ravenna:
3580 1072 3758 1127 archi-

2184 1175 2467 1244 episcopus
2499 1170 2699 1236 extitit,
2731 1169 2890 1225 simul
2921 1168 2973 1222 in
3005 1168 3304 1238 predictam
3343 1166 3522 1219 navim
3568 1180 3761 1219 ascen-

2186 1270 2397 1323 derunt.
2431 1267 2530 1333 Qui
2567 1275 2677 1320 tota
2724 1273 2883 1319 nocte
2912 1272 2966 1317 et
2993 1263 3077 1317 die
3112 1261 3291 1317 nautis
3335 1261 3572 1330 inquiete
3608 1257 3761 1312 navi-

2186 1356 2440 1427 gantibus
2470 1353 2582 1422 jam
2625 1354 2899 1422 sequentis
2947 1354 3122 1407 noctis
3151 1351 3203 1405 in
3239 1356 3551 1420 tempestate
3588 1343 3760 1402 sancti

2187 1445 2396 1499 Servuli
2436 1445 2770 1509 accelesiam,
2808 1460 2925 1512 qua:
2958 1458 3063 1497 non
3106 1443 3262 1511 longe
3297 1458 3324 1494 a
3360 1441 3511 1494 ducis
3551 1439 3762 1508 palacio

2188 1540 2321 1595 scita
2367 1537 2695 1601 decernitur,
2746 1536 3144 1605 applicuerunt;
3195 1534 3281 1587 ubi
3319 1532 3510 1586 Petrus
3559 1546 3756 1600 prepo-

2190 1644 2308 1685 tens
2341 1630 2444 1684 dux
2474 1630 2609 1683 tanti
2648 1629 2881 1684 hominis
2918 1626 3131 1682 occulte
3167 1626 3453 1679 adventum
3492 1623 3761 1693 prestoia-

500 1720 775 1774 nonnullis
803 1719 1157 1774 referentibus
1188 1721 1268 1773 sui
1299 1719 1502 1774 domini
1542 1721 1773 1775 adventu
1809 1729 1862 1773 et
1897 1719 2085 1772 trium-
2113 1690 2157 1748 Β
2185 1726 2364 1779 batur.
2422 1724 2485 1776 Et
2536 1722 2659 1791 quia
2714 1730 2867 1776 teme
2923 1720 3094 1775 noctis
3154 1718 3484 1773 obscuritate
3518 1717 3762 1795 minime

498 1809 610 1877 pho
658 1810 839 1863 extitit
882 1820 1156 1878 CXpertus.
1209 1808 1308 1864 Cui
1361 1809 1657 1877 iruperator
1701 1809 1767 1862 ad
1811 1810 2085 1880 propriam

502 1897 611 1967 iam
661 1899 876 1953 reddire
925 1898 1146 1961 volenti,
1196 1899 1299 1952 hoc
1348 1909 1616 1953 secretum
1666 1898 1949 1968 injungens
1990 1913 2087 1953 suo

502 1990 704 2045 seniori
753 1990 1038 2059 delegavit,
1082 1999 1141 2043 ut
1187 1991 1231 2044 si
1276 1991 1532 2058 possibile
1574 1989 1736 2054 foret,
1783 1990 2085 2044 dilectionis

504 2081 675 2151 gratia
728 2079 782 2133 in
833 2079 1012 2149 aliquo
1064 2096 1175 2134 sua:
1225 2081 1511 2150 potestatis
1565 2080 1683 2135 loco
1732 2080 1871 2133 clam
1922 2078 2083 2134 vellet

505 2172 714 2236 venire,
745 2180 797 2225 et
828 2171 963 2225 tanti
992 2170 1091 2224 viri
1121 2180 1173 2225 et
1204 2171 1496 2240 compatris
1526 2170 1797 2240 pretentia
1835 2178 1891 2223 et
1931 2185 2085 2238 saga-

506 2263 670 2317 citate
716 2263 899 2331 potiri.
951 2263 1069 2317 Dux
1118 2278 1354 2333 namque
1399 2278 1726 2333 quamquam
1778 2263 1934 2317 avide
1983 2262 2090 2317 tale

506 2355 720 2409 audiret
758 2354 1029 2416 nuntium,
1066 2362 1243 2407 tamen
1290 2344 1580 2421 numquam
1626 2353 1728 2407 hoc
1774 2352 1889 2406 fieri
1933 2368 2090 2422 posse

509 2446 796 2509 credebat,
840 2459 948 2513 quo
997 2452 1266 2499 tantorum
1318 2460 1606 2515 regnorum
1653 2444 1930 2513 princeps,
1979 2443 2092 2499 suis

506 2533 910 2603 ignorantibus,
952 2534 1200 2603 expedite
1240 2532 1413 2587 aliena
1448 2533 1572 2603 jura
1616 2534 1824 2587 valeret
1862 2535 2085 2587 intrare.

508 2624 710 2680 Verum
756 2641 879 2679 cutn
928 2640 1146 2679 suorum
1189 2624 1405 2679 nemine
1451 2624 1641 2678 eodem
1688 2624 2091 2678 communicare

505 2729 759 2769 sermone
786 2716 991 2778 volens,
1024 2715 1221 2769 tacitus
1249 2715 1352 2768 sibi
1381 2716 1433 2768 itt
1472 2715 1635 2769 corde
1664 2716 1933 2769 servabat.
1962 2714 2092 2770 Pre-

512 2805 690 2860 dictus
716 2820 845 2860 vero
872 2820 1061 2869 czcsar,
1086 2804 1370 2860 Ticincnse
1400 2806 1584 2859 relicta
1608 2806 1743 2859 urbe
1766 2805 1972 2876 (Natu),
1998 2821 2094 2875 per

513 2898 709 2953 Tuscie
783 2900 930 2969 alpes
997 2898 1299 2954 Romanum
1361 2900 1595 2954 obtahile
1652 2901 1814 2969 peciit
1877 2902 2091 2957 solium.

514 2989 717 3042 Deinde
761 2988 815 3043 in
889 2988 1225 3043 abstinent-ia
1299 3004 1403 3059 que
1454 2989 1720 3058 pascaiem
1769 2991 2093 3045 antecedens

514 3076 949 3142 solemnitatem,
999 3076 1310 3131 Ravennam
1357 3080 1683 3133 descendere
1731 3080 1939 3134 curavit
1979 3079 2088 3151 (an.

518 3168 701 3237 1001).
738 3168 835 3222 Cui
865 3169 1054 3223 Petrus
1080 3169 1187 3223 dux
1214 3170 1460 3223 eumdem
1483 3168 1783 3224 Johannetn
1809 3172 2092 3224 diaconum

517 3258 834 3322 destinavit;
870 3276 896 3311 a
934 3273 1040 3327 quo
1083 3260 1311 3328 benigne
1358 3271 1660 3329 susceptus,
1704 3261 2008 3330 importune
2043 3261 2095 3314 id

519 3350 692 3417 ipsum
743 3350 886 3417 quod
941 3358 1096 3403 antea
1144 3350 1353 3404 dixerat
1402 3352 1741 3421 reciprocare
1792 3353 2093 3421 satagebat.

523 3439 673 3493 Unde
703 3437 903 3492 factum
928 3447 1009 3491 cst
1040 3448 1119 3503 ut,
1152 3439 1291 3493 inter
1320 3449 1575 3510 utrasque
1600 3451 1783 3510 partes
1812 3440 2097 3509 smpedicto

519 3530 765 3585 Johatme
804 3530 1030 3585 diacono
1074 3531 1266 3586 crebro
1310 3532 1682 3597 discurrendo,
1725 3534 1829 3587 tale
1869 3534 2096 3587 ventila-

522 3630 670 3676 retur
698 3622 1003 3691 negocium.
1047 3623 1267 3676 Demum
1308 3624 1600 3693 imperator
1642 3625 1855 3678 salubre
1894 3639 1924 3677 a
1965 3624 2099 3678 duce

524 3722 745 3782 accepto
771 3712 1016 3777 consilio,
1048 3728 1259 3768 sacrum
1290 3715 1427 3768 diem
1458 3715 1725 3783 pascalem
1755 3715 2101 3770 devotissime

524 3804 834 3869 celebrans,
884 3806 1132 3860 omnibus
1185 3805 1480 3875 majoribus
1533 3808 1646 3861 suis
1699 3808 1985 3871 indicavit,
2040 3823 2100 3862 se

524 3896 858 3966 purgationis
896 3896 1145 3964 poculum
1184 3897 1322 3967 apud
1364 3897 1563 3951 sancta:
1604 3897 1787 3951 Maria:
1832 3907 2103 3951 monaste-

525 3988 664 4041 rium
704 3989 754 4041 in
791 3990 1019 4057 quadam
1064 3988 1261 4054 insula,
1298 4003 1418 4057 quas
1466 3988 1730 4058 Ponposia
1773 3991 2100 4055 nominatur,

527 4082 771 4148 accipere
809 4092 863 4134 et
901 4081 1193 4149 aliquantis
1221 4082 1348 4135 inibi
1378 4082 1566 4136 diebus
1595 4082 1920 4136 commorari
1947 4081 2099 4135 velle.

529 4168 711 4224 Manet
736 4171 999 4238 siquidem
1027 4172 1212 4225 eadem
1243 4171 1412 4225 insula
1444 4187 1548 4226 non
1580 4171 1765 4241 procul
1791 4188 1821 4225 a
1848 4172 2101 4236 Venet-ia,

528 4270 592 4311 ex
636 4273 737 4310 una
770 4267 922 4325 parte
966 4260 1175 4313 marino
1214 4260 1412 4324 littore,
1442 4276 1507 4315 ex
1548 4261 1668 4314 aliis
1704 4260 1955 4329 Eripdani
1993 4261 2107 4314 cit:-

2187 1815 2425 1885 conspici
2467 1814 2700 1870 vicissim
2745 1829 2866 1869 sese
2903 1808 3173 1876 valebant,
3204 1812 3346 1865 inter
3386 1808 3665 1879 amplexus
3709 1816 3762 1862 et

2187 1910 2309 1964 novi
2357 1908 2546 1977 ospitis
2597 1902 2907 1960 dulcissima
2955 1902 3195 1967 obscula,
3231 1902 3335 1955 dux
3386 1900 3565 1954 taliter
3613 1898 3762 1953 illum

2190 2002 2453 2056 allocutus
2492 2006 2573 2053 est
2603 2016 2616 2049 :
2649 1996 2706 2051 Si
2747 1998 2819 2050 ris
2863 1997 3031 2050 sancti
3076 1993 3351 2047 Zachariae
3393 1988 3763 2045 monasterium

2192 2090 2473 2165 preridere,
2501 2092 2755 2143 instanter
2775 2096 2970 2155 oportet
2995 2096 3042 2140 te
3068 2085 3195 2137 illuc
3223 2084 3319 2149 ire,
3343 2099 3444 2149 quo
3472 2080 3604 2133 lucis
3644 2089 3764 2133 ante

2193 2182 2551 2249 crepusculum
2586 2182 2640 2235 in
2670 2180 2863 2247 palacii
2909 2180 3008 2231 mei
3046 2176 3230 2230 meniis
3271 2190 3429 2245 queas
3464 2172 3764 2242 dignissime

2190 2274 2428 2343 ospitari.
2490 2270 2693 2326 Deinde
2742 2269 2922 2322 navim
2982 2278 3209 2334 uterque
3255 2264 3578 2323 ascendens,
3632 2259 3765 2313 alter

2189 2365 2462 2437 proprium
2508 2363 2792 2433 palacium,
2824 2362 2961 2415 alter
3008 2359 3222 2428 quidem
3267 2355 3566 2427 pretficttttn
3613 2352 3765 2422 petiit

2192 2458 2596 2512 monasterium.
2634 2454 2921 2522 Postquam
2951 2451 3093 2505 illius
3124 2446 3508 2502 monasterium
3553 2445 3764 2513 ingres-

2192 2564 2285 2604 sus
2326 2546 2427 2618 ipsi
2469 2541 2770 2616 patefactus
2817 2543 2977 2605 foret,
3018 2539 3301 2595 ecclesiam
3344 2536 3586 2598 intravit,
3625 2532 3764 2587 haud

2193 2650 2373 2696 tamen
2412 2640 2521 2694 illic
2574 2638 2783 2694 diucius
2824 2636 3189 2690 commoratus
3222 2632 3317 2695 "';
3362 2630 3453 2684 sed
3487 2637 3546 2682 ut
3582 2627 3766 2681 cundi-

2193 2742 2339 2788 ctum
2377 2728 2572 2793 fuerat,
2605 2728 2672 2783 ad
2717 2727 2984 2796 palacium
3023 2725 3261 2788 adt'enlt,
3290 2731 3343 2777 et
3377 2720 3523 2774 omni
3562 2719 3764 2787 dequo-

2195 2825 2355 2878 ritate
2391 2822 2531 2875 illius
2570 2819 2917 2890 perlnstrata,
2952 2816 3002 2870 in
3054 2814 3303 2870 orientali
3356 2822 3500 2866 turre
3539 2825 3597 2864 se
3644 2822 3767 2863 cum

2196 2914 2402 2971 duobus
2431 2910 2543 2967 suis
2572 2907 2775 2965 retrudi
2807 2919 2859 2963 et
2890 2907 3094 2963 servari
3122 2907 3307 2960 voluit.
3332 2905 3459 2959 Erat
3494 2917 3625 2957 sane
3652 2898 3766 2962 viii,

2200 3020 2265 3059 ue
2322 3014 2736 3073 agnosceretur,
2797 3001 2983 3055 habitu
3042 2998 3277 3052 imiutns.
3343 2995 3591 3050 Prefatns
3643 3006 3769 3045 vero

2197 3094 2485 3148 l'lccelinus
2520 3108 2641 3146 cum
2692 3090 2885 3145 ceteris
2922 3091 3113 3143 ducem
3152 3088 3217 3141 de
3254 3084 3551 3139 matutinali
3595 3082 3769 3134 allii-io

2195 3184 2444 3238 veniente
2489 3192 2611 3236 ante
2647 3182 2713 3212 m
2754 3180 2925 3235 sancti
2977 3177 3141 3232 Marci
3190 3176 3374 3229 limina
3419 3178 3766 3242 exceperunt.

2196 3273 2291 3329 Cui
2318 3274 2571 3329 salutaria
2605 3276 2790 3335 verba,
2824 3287 2890 3327 ne
2920 3272 3335 3326 circumstantes
3363 3267 3465 3320 hoc
3505 3273 3770 3319 secretum

2198 3366 2497 3431 sentirent,
2549 3381 2616 3419 ex
2663 3363 2927 3433 imperiali
2978 3370 3129 3431 parte
3175 3360 3525 3428 pertulerunt.
3568 3350 3772 3419 Quibus

2199 3458 2327 3523 dux,
2360 3457 2629 3526 quomodo
2677 3457 2974 3524 imperator
3010 3453 3215 3522 vigeret
3254 3447 3336 3502 vel
3375 3445 3461 3500 ubi
3499 3453 3661 3506 esset,
3695 3443 3773 3493 in-

2199 3548 2389 3618 quiens
2423 3545 2725 3615 requisivit.
2757 3546 2826 3597 At
2872 3542 2947 3596 illi
2994 3541 3133 3611 apud
3170 3536 3467 3607 Pamposia:
3506 3541 3774 3587 monaste-

2200 3641 2338 3693 rium
2370 3638 2617 3692 eumdem
2659 3635 2914 3704 sospitem
2955 3628 3225 3685 dimisisse
3263 3625 3674 3696 responderunt.
3708 3619 3776 3674 Et

2201 3732 2339 3787 datis
2364 3729 2619 3792 obsculis,
2654 3726 2909 3796 hospitari
2942 3724 3060 3777 illos
3080 3721 3233 3790 juxta
3267 3718 3529 3789 palacium
3554 3713 3770 3781 jubens,

2202 3820 2315 3890 ipse
2343 3833 2470 3872 vero
2498 3818 2878 3887 imperatorem
2909 3814 3093 3867 adivit.
3124 3810 3307 3879 Neque
3335 3808 3415 3860 fas
3446 3806 3565 3858 duci
3600 3804 3775 3855 fuerat

2202 3924 2322 3963 cum
2354 3908 2676 3976 imperatore
2710 3919 2805 3974 per
2845 3911 3012 3957 totum
3062 3902 3200 3954 diem
3250 3899 3303 3951 in
3344 3894 3581 3965 predicta
3626 3900 3774 3943 turre

2205 4011 2447 4058 manere,
2492 4011 2561 4049 ne
2596 3995 2715 4065 quis
2754 3992 3129 4047 Veneticorum
3168 3983 3534 4054 hujuscemodi
3574 3980 3648 4033 rei
3686 3994 3774 4033 ca-

2204 4089 2439 4158 pacitate
2469 4095 2649 4155 posset
2681 4084 2901 4139 sentire.
2933 4081 3014 4136 Ad
3039 4078 3247 4149 prandii
3277 4074 3622 4129 refectionem
3652 4082 3774 4124 cum

2208 4180 2326 4234 aliis
2365 4181 2537 4249 palam
2574 4176 2960 4238 conveniebat,
3002 4188 3123 4227 sero
3152 4186 3255 4224 una
3301 4184 3423 4221 cum
3462 4179 3677 4220 cessare
3709 4162 3775 4193 "'

2208 4271 2435 4341 dapibus
2507 4268 2891 4337 colloquiisque
2964 4264 3331 4327 reficiebatur;
3392 4259 3459 4311 ad
3524 4254 3775 4325 perfectas

433 4366 449 4373 -
533 4344 678 4413 gitur
711 4344 945 4398 ﬂuentis.
986 4345 1079 4400 llis
1116 4348 1294 4411 dictis,
1327 4356 1527 4401 statuta
1571 4348 1764 4414 est‘“,
1794 4349 1846 4402 in
1882 4364 1985 4417 qua
2017 4349 2104 4403 ille
2138 4374 2182 4431 ι)
2209 4372 2439 4427 namque
2485 4358 2606 4412 fidei
2659 4356 2926 4409 vinculum
2990 4350 3415 4408 confirmandum
3467 4346 3576 4399 filia
3627 4343 3777 4411 ducis

530 4446 587 4489 et
618 4437 790 4489 sancti
839 4437 1002 4491 Marci
1041 4438 1318 4492 oraculum
1350 4447 1403 4493 et
1435 4439 1523 4493 diu
1554 4439 1916 4493 desideratum
1954 4456 2105 4494 com-

532 4536 740 4597 patrem
794 4526 985 4582 adiret.
1031 4523 1210 4592 Tunc,
1265 4546 1384 4583 cum
1439 4530 1727 4598 aliquantis
1774 4531 1966 4599 quibus
2006 4531 2109 4585 hoc

533 4616 874 4673 familiariter
923 4620 1271 4674 commissum
1330 4620 1595 4684 habebat,
1648 4621 1856 4676 intrans
1906 4621 2106 4686 navim,

536 4710 831 4777 predictum
884 4710 1046 4779 pectit
1100 4710 1507 4765 monasterium.
1561 4709 1658 4764 Ubi
1713 4710 1933 4764 minime
1984 4724 2106 4779 per-

538 4814 785 4868 noctans,
817 4803 1010 4858 abbate
1049 4818 1169 4857 cum
1209 4803 1487 4857 monachis
1516 4804 1841 4868 astantibus,
1867 4803 2105 4871 ejusdem

538 4896 851 4951 monasterii
896 4895 1162 4968 quoddam
1211 4895 1527 4964 ospiciolum
1576 4897 1878 4966 previdens,
1916 4911 2109 4966 prepa-

2188 4452 2388 4506 adhuc
2446 4451 2770 4505 caticumina
2834 4448 2902 4502 de
2962 4462 3118 4502 sacro
3173 4441 3507 4513 baptismatis
3564 4438 3778 4491 lavacro

2211 4556 2368 4596 cesar
2416 4542 2666 4610 suscepit.
2717 4539 2943 4593 Pallium
3000 4534 3245 4606 quidem,
3296 4529 3436 4600 quod
3484 4543 3583 4600 pro
3638 4524 3779 4594 pacti

2211 4633 2393 4688 fedcre
2432 4634 2578 4703 (ΗΞ)
2614 4650 2642 4687 a
2676 4631 2943 4687 Veneticis
2980 4642 3140 4698 supra
3185 4623 3568 4694 quinquaginta
3613 4618 3780 4670 libras

2209 4725 2639 4794 persolvebatur,
2680 4725 2853 4777 eidem
2899 4735 2996 4776 suo
3037 4715 3298 4786 compatri
3346 4713 3466 4766 duci
3522 4715 3777 4778 perpetua

2213 4814 2505 4880 scriptione
2553 4814 2804 4868 donabat.
2858 4812 2921 4865 Et
2974 4809 3155 4863 omnia
3208 4802 3475 4876 quomoda
3517 4796 3664 4868 (H5)
3707 4795 3778 4849 illi

2215 4903 2443 4957 ﬁrmiter
2471 4904 2663 4959 deliine
2695 4901 2957 4972 impertiri
2987 4915 3084 4971 pro
3115 4897 3253 4953 votis
3276 4890 3640 4964 promittebat.
3674 4884 3780 4940 Sed

1773 5046 1779 5055 υ
1817 5021 2045 5079 VARMZ
2084 5026 2484 5089 LECTIONES.

613 5138 678 5169 “'
706 5138 894 5194 scilicet
927 5139 1061 5193 dies.
1153 5138 1218 5169 "°
1252 5154 1346 5191 vox
1374 5138 1536 5190 deest.

1613 5137 1677 5168 ⁸³⁸
1710 5152 1827 5192 com
1856 5141 2267 5210 suprascriptum
2309 5146 2357 5201 l.

2047 5274 2273 5335 NOTIE.

2472 5153 2539 5182 ¹¹⁶
2569 5162 2656 5207 aut
2694 5156 2740 5207 ι.
2820 5155 2886 5186 ³⁸³
2914 5155 2952 5209 i.
2986 5150 3030 5208 ε.
3064 5168 3281 5209 οωςτποο

3677 5389 3776 5404 οιΑ-
