4108 5412
308 210 415 267 935

1534 189 1925 247 CiIRONlCON
1972 184 2319 243 VliNl-ITL’SI.

3470 177 3576 233 ρει

306 322 469 378 nichil
510 322 618 377 dux
668 321 717 377 ei
769 316 984 389 exigere
1041 312 1242 377 volens,
1287 309 1389 364 nisi
1439 316 1494 362 ut
1538 306 1888 361 ecclesiarum
1919 311 1964 366 Α
1998 303 2141 371 regia
2188 310 2359 363 ortus,
2406 312 2692 368 regnorum
2739 296 2840 350 rite
2890 292 3128 362 suscepit
3169 291 3415 346 diadema
3462 297 3572 360 (ait.

304 427 524 467 suarum
576 428 671 467 seu
719 409 959 464 omnimn
1012 403 1396 457 Veneticorum
1449 397 1635 467 predia
1686 396 1891 463 integre

304 503 583 565 solidatis,
646 502 698 555 in
764 508 907 553 statu
956 495 1073 549 suis
1127 492 1461 561 temporibus
1523 492 1889 541 conservaret.

303 595 490 649 Altero
522 603 703 647 autem
738 592 823 645 die
849 605 969 643 cum
1006 586 1115 655 jam
1156 582 1412 637 redeundi
1456 580 1659 632 licitum
1694 577 1893 631 habere

308 684 562 748 volebat,
617 685 954 737 diversarum
1016 690 1273 746 generum
1328 671 1555 727 fortunis
1606 671 1711 723 dux
1772 683 1891 721 eum

305 788 596 828 munerare
629 772 826 830 voluit;
868 770 957 838 qui
995 766 1156 821 nichil
1190 766 1379 818 horum
1410 765 1691 817 continere
1714 760 1895 828 cupie-

305 862 433 925 bat,
478 862 668 915 dicens
700 879 712 913 :
740 859 884 912 Illud
937 858 1063 909 mihi
1115 856 1309 907 crimen
1360 854 1606 905 inducere
1646 850 1795 912 nolo,
1833 865 1895 902 ne

305 956 419 1024 quis
444 954 749 1023 cupiditatis
785 963 830 1006 et
857 968 959 1005 non
987 948 1156 1003 sancti
1182 946 1352 999 Marci
1382 958 1566 1014 tneque
1597 942 1893 995 dilectionis

307 1061 470 1098 causa
519 1061 599 1098 me
647 1045 747 1097 huc
797 1043 991 1096 venisse
1048 1048 1267 1092 asserat.
1323 1035 1524 1089 Tamen
1577 1035 1895 1102 importunis

308 1143 589 1189 coartatus
634 1135 903 1205 precibus,
936 1133 1233 1187 eburneum
1272 1127 1440 1182 sedile
1477 1141 1600 1180 cum
1641 1140 1739 1177 suo
1770 1124 1894 1177 sub-

308 1227 485 1290 scllio,
512 1243 613 1282 nec
646 1243 750 1279 non
793 1234 1109 1295 argenteum
1158 1223 1370 1290 sipluun
1418 1228 1472 1273 et
1514 1234 1732 1272 urceum
1772 1231 1896 1269 raro

309 1330 589 1389 peractum
634 1334 799 1388 Opere
843 1319 1006 1373 dono.
1044 1316 1167 1368 licet
1216 1313 1436 1375 invitus,
1479 1311 1696 1378 recc-pit.
1733 1308 1897 1362 Dato-

311 1428 415 1481 que
451 1412 694 1474 obsculo,
729 1408 1142 1464 lacrimantibus
1180 1407 1443 1473 utrisque,
1476 1404 1708 1472 separati
1748 1410 1892 1454 sunt.

314 1503 590 1556 liccilinus
627 1501 891 1568 siquidem
924 1508 978 1553 et
1008 1499 1171 1552 celeri
1214 1496 1469 1550 :mtedicti
1518 1512 1623 1547 non
1673 1493 1763 1545 illo
1802 1491 1896 1544 sed

313 1594 484 1647 altero
536 1594 623 1647 die
677 1593 949 1647 licentiam
998 1597 1375 1659 perceperunt.
1430 1587 1725 1654 Imperator
1773 1598 1894 1637 cum

1999 394 2158 457 1002,
2197 392 2327 445 Jan.
2369 390 2446 461 6),
2484 404 2796 460 quanquam
2830 386 3125 449 Ardoinus,
3166 384 3379 438 comitis
3403 382 3578 438 Dado—

1994 486 2079 540 nis
2126 485 2285 548 filius,
2339 486 2478 553 apud
2520 482 2767 537 Ticinum
2815 482 3134 551 quibusdam
3196 476 3578 544 Langobardo-

1998 594 2114 632 rum
2147 578 2249 632 sibi
2293 576 2599 630 faventibus
2636 576 2784 644 regni
2826 589 3079 628 coronam
3126 577 3436 638 usurparet.
3474 568 3577 620 Ta-

1997 688 2125 727 men
2174 672 2387 725 illorum
2420 671 2590 740 major
2619 685 2745 740 pars
2793 668 3009 722 llenrici
3062 666 3206 732 regis
3246 662 3575 735 expectabat

1996 766 2305 818 adventum.

2066 858 2223 907 Anno
2270 853 2487 923 quidem
2549 851 2938 905 incarnationis
2984 848 3366 918 Redemptoris
3406 845 3578 901 nostri

1998 944 2285 997 millesimo
2315 950 2533 1013 quarto,
2562 943 2791 996 ducatus
2830 957 2955 994 vero
2985 941 3163 994 domui
3188 940 3331 993 Petri
3364 936 3581 993 Veneti-

1996 1050 2183 1087 corum
2234 1049 2296 1087 ac
2343 1034 2762 1086 Dalmaticorum
2817 1032 2967 1085 ducis
3011 1031 3221 1084 decimo
3266 1030 3578 1091 Johanues.

1996 1126 2233 1193 ejusdem
2277 1126 2430 1178 ducis
2458 1126 2670 1193 egregia
2709 1124 2908 1192 proles,
2955 1122 3216 1193 genitoris
3246 1121 3470 1175 effectus
3500 1126 3583 1173 est

1996 1231 2220 1269 consors
2274 1215 2556 1285 dignitate.
2608 1215 2779 1280 Quem
2826 1212 2953 1266 dum
3002 1212 3166 1266 tercia
3221 1221 3334 1265 etas
3382 1218 3578 1263 octavo

1998 1307 2209 1360 decimo
2248 1322 2390 1359 anno
2438 1305 2703 1374 ephebum
2755 1302 2992 1362 foveret.
3045 1302 3301 1354 nimirum
3352 1310 3582 1368 paterno

1999 1396 2213 1461 ingenio
2252 1407 2306 1449 et
2340 1396 2606 1464 probitate
2638 1394 2879 1462 vigebat;
2924 1394 3014 1461 qui
3040 1393 3113 1463 pii
3164 1394 3404 1460 parentis
3449 1390 3585 1443 adeo

1998 1490 2372 1557 obtemperare
2412 1486 2625 1540 studeat
2665 1486 2732 1517 ³⁸³
2765 1486 2913 1556 (liii)
2966 1487 3224 1546 moribus,
3273 1492 3331 1534 ut
3364 1481 3464 1534 sub
3494 1495 3586 1549 ge-

2002 1580 2146 1631 mino
2190 1579 2451 1648 regimine
2499 1577 2677 1630 omnis
2707 1578 2877 1644 patria
2921 1592 3028 1629 uno
3070 1582 3315 1627 maneret.
3358 1572 3583 1625 findere.

313 1683 522 1736 duobus
570 1690 775 1734 tantum
824 1690 877 1734 et
923 1678 1169 1733 Jolianne
1192 1679 1421 1731 diacono
1452 1676 1627 1729 navim
1666 1675 1895 1737 intrans,
1929 1646 1973 1703 Β
2002 1670 2200 1722 Eodem
2224 1686 2349 1723 vero
2370 1684 2513 1721 anno
2545 1670 2968 1721 Sarracenorum
3000 1666 3286 1719 multitudo
3324 1662 3585 1733 Apulien-

314 1774 617 1843 predictum
659 1772 868 1826 occulte
900 1773 950 1824 in
984 1780 1139 1823 nocte
1172 1782 1451 1838 regressus
1483 1776 1569 1819 est
1611 1764 1676 1817 ad
1710 1780 1897 1817 mona-

315 1865 561 1919 sterium.
600 1862 757 1915 Mane
792 1877 919 1914 vero
964 1876 1021 1914 se
1058 1860 1480 1929 prestolantilms
1513 1857 1696 1910 videre
1727 1856 1900 1923 inopi-

318 1961 443 2006 nate
479 1952 708 2011 exibuit,
746 1960 798 2003 et
840 1950 1148 2003 Ravennam
1189 1964 1309 2001 cum
1356 1947 1603 2016 prelibali
1643 1944 1902 1999 Johannis

316 2042 529 2096 diaconi
563 2057 699 2095 nave
731 2056 1047 2110 prepcrans,
1080 2040 1144 2094 de
1183 2039 1405 2092 Venetia
1445 2053 1503 2091 se
1550 2036 1747 2091 reverti
1788 2050 1905 2088 om-

318 2133 477 2184 nibus
520 2131 739 2199 prodiit.
773 2130 923 2195 Quod
958 2127 1167 2181 didicile
1197 2129 1420 2182 credere
1459 2126 1719 2186 volentes,
1755 2139 1903 2176 aruo-

317 2221 443 2273 dum
497 2222 782 2273 mirantur.
837 2221 950 2273 Dux
1006 2220 1183 2287 itaque
1240 2232 1455 2272 omnem
1517 2217 1899 2271 Veneticorum

317 2309 574 2379 pepttlum
612 2318 731 2377 post
763 2310 995 2362 triduum
1027 2310 1078 2361 in
1119 2309 1325 2378 palacio
1365 2308 1655 2363 convenire
1691 2308 1901 2361 indixit.

317 2399 415 2451 Cui
471 2397 836 2467 hujuscemodi
892 2409 1103 2467 gestum
1152 2398 1513 2466 patefaciens,
1567 2412 1671 2450 non
1726 2397 1906 2451 minus

318 2488 479 2541 {idem
506 2488 852 2556 imperatoris
878 2503 1039 2556 quam
1073 2488 1271 2557 pcricia
1319 2489 1400 2542 sui
1444 2488 1672 2542 senioris
1701 2487 1904 2541 collau-

313 2579 482 2632 dabat
510 2576 822 2647 (lM).(An.
852 2578 1009 2644 1001,
1043 2577 1202 2631 Μαι-ι.
1232 2595 1340 2642 αλκ,
1365 2578 1534 2646 April.
1562 2579 1692 2648 inc.)

389 2670 592 2723 Eodem
637 2683 850 2738 quoque
887 2682 1127 2738 tempore
1169 2669 1579 2723 Benexcutanos
1628 2669 1773 2722 cives
1813 2683 1909 2721 au-

317 2761 473 2815 diens
518 2761 809 2830 imperator
839 2761 940 2815 sibi
976 2760 1261 2825 rebellare,
1290 2761 1483 2829 quibus
1512 2760 1781 2830 aggressis
1811 2775 1909 2813 suo

319 2853 546 2921 imperio
592 2862 841 2920 potenter
887 2853 1222 2922 subjngavit,
1270 2851 1575 2920 multosque
1616 2850 1907 2905 interfecit.

320 2941 415 2996 llis
458 2943 689 3011 pernetis
728 2943 1040 2996 Ravennam
1084 2944 1279 2996 iterum
1326 2943 1645 3006 adveniens,
1683 2942 1910 3010 Papien-

316 3048 433 3087 sem
466 3034 658 3089 deinde
696 3036 860 3105 pceiit
899 3034 1106 3088 urbem.
1140 3035 1326 3103 Ibique
1356 3033 1718 3087 Romanorum
1765 3035 1910 3089 cives

323 3126 707 3181 dominationis
730 3128 860 3197 jugo
890 3127 1099 3197 abjecto
1126 3126 1228 3180 sibi
1264 3137 1654 3198 repugnaturos
1684 3129 1907 3183 audivit.

320 3215 524 3270 Contra
555 3234 690 3287 quos
720 3219 1001 3288 patricium
1036 3233 1190 3272 suum
1225 3220 1441 3274 neruine
1480 3218 1747 3274 Zazonem
1785 3235 1908 3274 cum

323 3311 563 3364 exercitu
602 3311 847 3376 mittens,
885 3312 998 3380 ipse
1035 3311 1249 3380 navigio
1292 3310 1602 3366 Ravennam
1647 3312 1912 3365 instanter

322 3403 602 3457 descendit
631 3402 837 3473 (Non).
874 3402 954 3457 Eo
988 3413 1226 3474 tempore
1268 3404 1373 3457 duo
1411 3404 1710 3473 imperialia
1750 3419 1913 3458 orna-

324 3505 505 3551 menta
547 3511 680 3550 auro
720 3498 859 3550 miro
906 3511 1069 3566 opere
1120 3505 1240 3550 acta
1293 3512 1445 3549 cesar
1482 3512 1577 3565 per
1613 3495 1911 3551 Johanuem

324 3590 608 3643 diaconum
647 3588 807 3642 Petro
855 3604 951 3642 suo
994 3587 1259 3657 compatri
1308 3587 1454 3653 duci,
1490 3603 1655 3641 nntnu
1702 3602 1766 3640 ex
1806 3586 1911 3639 Pa-

325 3678 531 3748 piensi,
577 3679 721 3733 aliud
767 3694 835 3733 ex
877 3678 1176 3732 Ravennati
1231 3678 1387 3740 urbe,
1421 3678 1560 3731 dono
1592 3678 1909 3731 transmisit.

328 3766 426 3821 Cui
452 3769 557 3821 dux
586 3768 1099 3837 recompensatiouis
1123 3767 1294 3835 gratia
1321 3767 1634 3821 cathedram
1660 3766 1917 3835 elephan-

330 3858 460 3910 tinis
495 3856 786 3912 artificiose
835 3857 1042 3928 sculpta
1088 3856 1284 3911 tabulis
1324 3873 1419 3927 per
1453 3856 1699 3911 eumdem
1739 3858 1914 3910 diaco-

329 3966 455 4004 num
506 3950 778 4005 Ravennae
828 3952 1043 4005 direxit.
1085 3952 1254 4018 Quam
1304 3952 1458 4007 avide
1494 3952 1816 4021 suscipiens,
1861 3952 1914 4005 iu

327 4040 517 4094 eadem
560 4042 693 4095 urbe
738 4042 1160 4095 conservandam
1212 4042 1449 4111 reliquit.
1489 4042 1690 4095 Dehinc
1719 4041 1919 4094 Roma-

334 4146 462 4183 nam
514 4131 643 4185 dum
688 4132 846 4187 vellet
888 4132 1120 4185 validam
1170 4134 1354 4187 urbem
1408 4142 1681 4201 repetere,
1720 4133 1917 4186 civium

333 4221 561 4276 insidias
592 4220 913 4289 formidans,
941 4224 993 4277 in
1019 4225 1292 4292 quoddam
1319 4223 1601 4277 castellum
1632 4224 1917 4278 Paternum

2003 1765 2140 1819 sium
2175 1764 2309 1818 fines
2343 1765 2623 1828 invadens,
2672 1762 2966 1817 Var-ensem
2996 1762 3295 1826 civitatem,
3331 1761 3420 1814 ubi
3451 1757 3589 1813 Grc-

2004 1856 2189 1923 gorius
2228 1854 2527 1924 imperialis
2556 1864 2852 1923 catapanus
2892 1861 3135 1922 preeral,
3169 1867 3233 1906 ex
3260 1852 3406 1905 omni
3436 1860 3588 1921 parte

2005 1947 2283 2000 obsidione
2308 1948 2698 2001 circumdabat.
2732 1947 2885 2014 Quod
2926 1947 3152 2001 audiens
3177 1946 3367 1999 Petrus
3396 1959 3591 2013 prepo-

2008 2047 2127 2092 tens
2152 2044 2281 2103 dux,
2319 2054 2610 2108 preparare
2647 2040 2937 2092 maximam
2973 2036 3378 2107 expcdicionetn
3403 2033 3587 2103 jussit.

2005 2130 2300 2199 Sanctique
2334 2130 2607 2185 Laurentii
2662 2132 2714 2185 in
2766 2132 3027 2200 solempni
3067 2130 3153 2184 die
3186 2130 3343 2199 (Aug.
3393 2129 3483 2190 10)
3526 2129 3592 2182 do

2012 2220 2240 2275 \‘enecia
2291 2222 2518 2281 exiens.
2578 2222 2795 2275 eosdem
2844 2229 3249 2289 expugnaturus
3303 2233 3592 2287 aggressus

2007 2321 2109 2365 est.
2140 2311 2240 2377 Qui
2275 2322 2485 2366 vastum
2522 2326 2615 2379 per
2658 2327 2805 2365 mare
2847 2311 3167 2364 vellicando
3210 2318 3475 2362 terrarum
3514 2306 3592 2360 di-

2005 2417 2161 2456 versa
2210 2402 2328 2455 loca
2363 2403 2486 2455 dum
2533 2404 2809 2468 transiret,
2859 2414 3050 2456 octavo
3094 2402 3217 2454 ldus
3255 2396 3591 2469 Septembris

2011 2493 2176 2563 (Sept.
2210 2494 2262 2559 6)
2290 2494 2589 2562 prrdictam
2635 2495 2822 2547 urbem
2869 2492 3356 2561 appropinquabat.
3398 2489 3595 2543 Sarra-

2010 2602 2267 2640 cenorum
2308 2602 2501 2657 nempe
2537 2596 2766 2655 uterque
2792 2586 3067 2639 exercitus
3088 2600 3321 2639 cernens
3352 2584 3593 2651 inspera-

2014 2688 2121 2733 tam
2165 2676 2389 2732 salutem
2420 2678 2746 2732 Christianis
2776 2679 3050 2742 advenire,
3091 2678 3314 2731 armatis
3344 2675 3595 2729 manibus

2011 2772 2101 2825 alii
2128 2786 2289 2841 supra
2321 2787 2490 2840 equos
2515 2771 2696 2825 littore
2725 2772 3034 2836 adstabant,
3084 2770 3175 2824 alii
3208 2785 3371 2823 naves
3398 2783 3594 2823 ascen-

2012 2866 2221 2927 dentes,
2251 2862 2591 2918 Christianos
2624 2864 2689 2917 ad
2733 2872 3008 2918 certamen
3041 2865 3301 2916 audacter
3328 2874 3595 2931 provoca-

2013 2954 2157 3007 bant.
2205 2953 2309 3007 Sed
2343 2953 2519 3007 divina
2554 2953 2945 3023 propiciatione
2986 2952 3215 3006 domnus
3255 2950 3445 3005 Petrus
3486 2949 3595 3003 dux

2012 3061 2132 3099 cum
2166 3044 2418 3098 omnibus
2449 3044 2561 3099 suis
2590 3044 2878 3098 autedicta:
2904 3042 3143 3097 civitatis
3174 3042 3226 3095 in
3258 3050 3473 3111 portum
3519 3038 3599 3092 in-

2013 3138 2222 3193 demnis
2250 3137 2525 3203 ingressus
2556 3145 2655 3191 est.
2692 3137 2862 3203 Quem
2908 3136 3054 3190 cives
3097 3150 3203 3187 una
3231 3148 3355 3188 eum
3395 3130 3600 3201 Grego-

2012 3232 2095 3286 rio
2125 3230 2388 3299 imperiali
2441 3240 2705 3298 catapano
2750 3229 2910 3299 digne
2940 3226 3321 3297 suscipientes,
3352 3222 3598 3290 ejusdem

2013 3322 2162 3376 urbis
2212 3322 2263 3375 in
2319 3320 2531 3389 palacio
2576 3319 2800 3387 espilari
2851 3317 3122 3372 fecerunt.
3172 3315 3326 3370 Tunc
3370 3315 3601 3367 domnus

2014 3412 2144 3476 dux,
2175 3410 2444 3479 quomodo
2476 3409 2659 3463 urbem
2690 3423 2719 3461 a
2766 3422 3099 3477 paganorum
3131 3404 3427 3470 severitate
3456 3400 3598 3455 tueri

2014 3504 2295 3571 quivisset,
2331 3511 2669 3571 pertractare
2693 3501 2857 3569 cepit.
2894 3498 3092 3552 Verum
3130 3497 3282 3566 prius
3315 3493 3601 3547 alimonia-

2016 3611 2135 3650 rum
2179 3596 2391 3648 solatiis
2421 3595 2570 3647 cives
2616 3594 2792 3646 inedia
2833 3606 3120 3661 perpessos
3148 3586 3478 3643 sufﬁcienter
3517 3600 3601 3638 re-

2014 3685 2241 3738 creavit.
2265 3684 2401 3736 Tum
2450 3692 2508 3735 ut
2546 3681 2773 3735 viriliter
2801 3690 2986 3735 contra
3036 3678 3426 3746 nequissimam
3471 3688 3603 3741 gen-

2019 3782 2125 3830 tem
2170 3774 2367 3827 bellum
2418 3782 2640 3843 agerent
2677 3773 2953 3837 amonuit;
2987 3780 3042 3824 ct
3083 3770 3307 3825 victrice
3344 3767 3599 3821 vexillum

2019 3882 2077 3920 se
2108 3865 2285 3934 preire
2316 3865 2535 3933 juhens,
2566 3865 2829 3934 quosdam
2862 3864 2914 3917 in
2946 3862 3206 3917 suburbio
3243 3861 3309 3914 ad
3356 3874 3600 3928 pugnan-

2020 3957 2145 4011 dmn
2195 3956 2450 4019 instituit,
2500 3957 2763 4025 quosdam
2791 3970 2920 4009 vero
2948 3969 3133 4008 secum
3164 3954 3475 4016 adsumens,
3511 3965 3597 4003 ua-

2021 4048 2143 4101 vale
2172 4048 2400 4101 adorsus
2427 4057 2507 4102 est
2540 4063 2799 4119 peragere
2830 4048 3048 4101 bellum.
3091 4044 3244 4101 Unde
3278 4045 3487 4099 factum
3517 4052 3601 4097 est

2025 4141 2284 4208 quatinus
2313 4155 2408 4207 per
2436 4140 2669 4192 triduum
2711 4139 3066 4193 continuatlm
3106 4154 3247 4192 nunc
3276 4136 3598 4208 gladiorum,

2025 4244 2167 4285 nunc
2198 4230 2368 4300 igneis
2403 4230 2599 4297 jaculis
2648 4229 2983 4285 Sarracenos
3013 4228 3213 4281 acriter
3244 4227 3601 4296 insequeren-

338 4311 560 4403 nomine
607 4314 848 4367 ascendit
886 4314 996 4384 (an.
1038 4314 1195 4377 1002,
1230 4313 1406 4383 lam).
1448 4312 1545 4368 Ubi
1590 4312 1770 4368 infelix
1813 4330 1916 4369 ll0ll
1953 4350 1996 4403 D
2027 4331 2131 4376 lur,
2173 4323 2379 4377 ch-cjug
2428 4323 2603 4377 noctis
2651 4322 2705 4375 in
2748 4322 2964 4377 silemio
3013 4334 3347 4389 paganorum
3395 4317 3604 4388 aufugn

334 4402 425 4454 diu
476 4417 667 4471 sospes
712 4418 955 4466 mancus,
990 4406 1132 4458 inter
1170 4404 1352 4459 dulces
1393 4420 1562 4458 annos
1600 4419 1915 4473 corpoream

327 4492 461 4546 dure
490 4492 654 4545 vitam
686 4493 868 4545 amisit
899 4494 1044 4563 (Jun.
1074 4494 1190 4563 τά).
1234 4495 1309 4547 De
1338 4493 1491 4561 cujus
1518 4493 1705 4548 funere
1732 4505 1919 4565 gentes

327 4580 530 4648 ubique
576 4580 799 4635 minimc
829 4591 951 4637 tunc
998 4593 1193 4653 questu
1235 4584 1485 4637 silebant.
1526 4584 1916 4653 Corpusculum

327 4685 458 4724 vero
483 4669 599 4740 ejus
627 4670 932 4726 Coloniensi
955 4674 1365 4742 archiepiscopo
1392 4690 1513 4727 cum
1536 4675 1735 4728 ceteris
1758 4674 1920 4729 deffe-

328 4770 503 4825 rente,
546 4762 599 4815 in
641 4762 964 4831 Aquisgraui
1014 4763 1282 4833 palacium
1333 4764 1507 4818 fuerat
1562 4765 1818 4829 delattnn,
1860 4775 1919 4821 ut

326 4867 451 4905 cum
486 4853 773 4909 decessore
802 4867 900 4906 suo
927 4855 1026 4922 pia:
1056 4856 1332 4910 memoria:
1363 4856 1563 4913 Karolo
1597 4866 1757 4925 queat
1779 4857 1920 4926 judi-

328 4944 519 4998 cialem
552 4946 655 5000 sibi
686 4944 974 5017 prestolari
1001 4948 1166 5002 diem.
1810 5000 1817 5005 .

404 5034 525 5090 post
569 5038 715 5092 hunc
749 5036 1012 5093 Henricus
1037 5038 1104 5069 ¹²⁸
1129 5038 1328 5108 regalis
1370 5043 1498 5113 dux,
1557 5048 1809 5117 prosapia
1850 5050 1917 5108 de

2023 4414 2318 4468 exercitus.
2370 4413 2550 4467 Celeri
2584 4422 2763 4465 autem
2801 4412 2892 4481 qui
2939 4409 3291 4464 ﬁnitimarum
3330 4408 3447 4462 loca
3480 4422 3605 4461 cru-

2025 4503 2129 4557 deli
2176 4501 2298 4570 jure
2348 4502 2706 4572 mancipando
2760 4502 3149 4570 possidebant,
3201 4515 3309 4553 non
3374 4498 3604 4552 multum

2022 4602 2146 4663 post
2175 4594 2282 4649 illic
2319 4594 2574 4665 degentes
2610 4592 2819 4649 confusi
2846 4600 3200 4647 recesserunt.
3235 4591 3394 4645 Cives
3424 4590 3606 4655 itaque

2028 4685 2211 4740 domui
2241 4685 2385 4739 Petri
2417 4686 2571 4739 ducis
2594 4700 2790 4739 nomen
2831 4685 3086 4752 deinceps
3114 4681 3327 4736 celebre
3357 4689 3411 4733 et
3436 4679 3604 4731 hono-

2026 4778 2199 4834 rabile
2222 4778 2547 4842 habuerunt,
2578 4778 2668 4847 qui
2699 4775 2845 4828 nullo
2869 4784 3087 4828 terreno
3124 4771 3218 4825 sed
3254 4770 3437 4824 divino
3475 4781 3609 4821 con-

2025 4868 2250 4923 strictus
2287 4869 2499 4932 timore,
2534 4882 2628 4922 eos
2664 4866 2913 4920 liberavit
2955 4863 3021 4916 ab
3048 4860 3392 4915 inimicorum
3418 4869 3609 4927 perse-

2025 4962 2265 5016 cudone.

2102 5052 2219 5108 Non
2240 5064 2390 5124 puto
2418 5052 2924 5126 pretermittendum
2954 5049 3070 5103 fore
3102 5044 3413 5115 prodigium
3467 5036 3613 5111 quod

1654 5153 1887 5219 VARIIE
1925 5164 2338 5222 LECTIONES.

398 5264 463 5292 ¹²⁸
502 5262 643 5331 infra
667 5258 971 5317 Heinricus.
1046 5262 1119 5295 ¹²⁸
1152 5260 1226 5313 ita
1252 5263 1304 5316 Ι.
1338 5269 1553 5325 studuit
1585 5268 1668 5323 ed.
