4094 5252
538 368 647 426 9311

1721 353 2000 412 MANle
2038 326 2314 408 praeoat
2349 346 2599 403 VESETI

3699 340 3802 398 93G

540 478 757 538 cuidam
782 468 1202 533 Saracenorum.
1232 460 1318 525 die
1342 474 1450 540 Quo
1475 465 1666 523 festiva
1705 466 1795 520 Dei
1829 464 2119 537 genetricis
2151 472 2194 528 Λ
2226 459 2525 517 decoritate
2566 466 2947 529 pervenerunt.
2981 453 3216 511 Predicti
3245 466 3476 525 namque
3514 451 3796 522 imperato-

540 569 813 626 assumtio
844 583 872 622 a
908 561 1521 622 lldelibns'celebralur,
1551 558 1812 612 divinitus
1845 568 2124 612 ostensum

540 672 649 718 est.
688 661 822 715 Nam
847 659 972 711 dmn
1018 658 1072 710 in
1098 654 1269 710 sancti
1307 650 1584 706 Benedicti
1615 651 1943 703 tuonastcrio
1982 647 2125 703 haud

547 752 736 824 procul
793 752 861 803 ab
913 748 1045 802 urbe
1102 746 1336 815 quadam
1383 742 1741 797 munitissima
1811 752 1957 795 turre
2015 741 2127 809 ipso

544 852 839 905 maneret,
889 839 1217 895 emicantem
1261 836 1469 890 stellam
1511 848 1576 886 ex
1633 833 1860 887 occiduo
1910 832 2128 886 climate

548 944 771 1006 prepcte
799 949 962 988 cursu
1004 930 1189 984 venire
1220 927 1442 996 ejusque
1472 926 1709 981 civitatis
1741 926 1792 977 in
1841 931 1996 992 portu
2037 938 2127 975 ca-

541 1031 676 1085 dere
705 1025 1007 1094 conspexit.
1043 1022 1156 1078 lloe
1189 1031 1245 1074 nt
1275 1019 1575 1082 Jeronino,
1610 1016 1878 1083 spiritnaii
1914 1024 1968 1068 et
2008 1028 2129 1084 prc-

542 1116 806 1173 uominati
849 1113 1160 1168 monasterii
1206 1110 1370 1179 patri,
1424 1106 1751 1176 patefactum
1794 1115 1898 1165 est,
1943 1102 2127 1156 statim

544 1207 786 1263 futurum
825 1214 1027 1260 sancta:
1069 1201 1250 1257 Maria:
1284 1198 1581 1261 auxilium,
1626 1211 1733 1265 que
1774 1193 1926 1246 stella
1967 1193 2128 1245 maris

546 1301 970 1369 interpretatur,
1010 1295 1224 1350 civibus
1250 1290 1509 1344 advenire
1553 1287 1849 1344 intellexit;
1876 1285 2015 1352 quod
2040 1283 2130 1357 vin-

545 1405 819 1452 temerata
842 1404 1110 1460 puerpera
1154 1387 1207 1440 in
1248 1385 1394 1438 Petri
1433 1381 1812 1435 Venetirornm
1851 1377 2003 1429 ducis
2036 1373 2126 1426 ad-

544 1496 710 1541 ventu
763 1482 951 1553 procul
992 1482 1156 1545 dubio
1198 1474 1511 1543 complerit,
1559 1486 1721 1540 quem
1773 1469 1838 1522 de
1885 1464 2130 1519 occiduis

545 1579 797 1650 partibus
824 1575 1014 1628 venire
1042 1569 1385 1641 permittens,
1410 1566 1463 1617 in
1505 1577 1615 1617 sua:
1655 1557 1953 1613 tiatiritatis
1994 1555 2129 1607 festo

552 1649 620 1722 ile
671 1679 791 1720 oste
834 1664 909 1717 illi
950 1660 1222 1717 concessit
1272 1657 1414 1711 triun
1439 1654 1626 1722 phum.
1680 1649 1853 1703 isdem
1901 1657 2131 1712 nutuque

523 1757 654 1810 -dux
689 1756 753 1809 de
800 1753 891 1807 illo
928 1752 1047 1806 loco
1076 1749 1304 1804 nuncios
1330 1761 1458 1800 suos
1490 1738 2011 1807 Coustzuttinopnlim
2038 1736 2131 1787 de-

2230 569 2316 608 res
2358 562 2465 606 tam
2503 550 2719 623 egregie
2769 565 2833 605 ac
2871 549 3104 616 jucunde
3146 549 3289 601 hunc
3335 559 3594 617 peragere
3635 543 3805 599 thalao

2229 660 2375 698 mum
2424 644 2765 711 satagebant,
2814 651 2872 695 ut
2915 641 3095 695 triduo
3143 638 3544 695 convirautium
3593 637 3804 705 gaudiis

2231 735 2371 790 haud
2403 734 2690 789 defuerunt
2718 734 2814 802 ipsi
2860 731 3155 786 familiares
3184 730 3426 786 conviva.
3455 728 3567 781 lloc
3604 726 3722 792 tali,
3748 726 3806 782 in

2229 828 2435 897 palacio
2477 829 2616 895 quod
2661 825 3010 879 Yconuminm
3057 833 3415 891 nuncupatur,
3457 829 3679 887 perarto
3717 832 3804 871 or-

2228 921 2380 979 dine,
2430 919 2657 987 quisque
2687 933 2873 969 corum
2915 916 3229 968 muneribus
3261 913 3490 984 receptis
3535 922 3807 983 retrogra-

2230 1011 2330 1064 dus
2375 1010 2619 1063 recessit.
2669 1006 2921 1061 Nmicius
2948 1022 3075 1060 Vero
3127 1008 3233 1060 dux
3280 1022 3401 1059 cum
3436 1019 3533 1057 sua
3583 1012 3806 1058 venusta

2230 1118 2425 1171 Sponsa
2475 1101 2616 1170 apud
2663 1100 2949 1170 pallacium
3006 1100 3147 1166 quod
3191 1099 3313 1165 jure
3351 1098 3589 1151 dotalieii
3637 1099 3808 1166 nuper

2230 1196 2619 1262 acquisirerat,
2652 1194 2847 1261 degere
2892 1192 3171 1260 tlispomit.
3205 1192 3301 1245 Cui
3344 1190 3604 1243 \‘assili'ts
3634 1190 3803 1258 impe-

2232 1299 2382 1341 ratur
2403 1286 2687 1351 injungens
2717 1285 2943 1347 monuit,
2973 1300 3039 1337 ne
3061 1284 3128 1335 ab
3158 1283 3289 1335 urbe
3310 1283 3634 1346 discederet,
3666 1282 3808 1334 inte-

2230 1376 2331 1429 rim
2364 1374 2508 1445 (ll9)
2535 1376 2598 1426 de
2627 1374 2982 1443 llulgarorum
3013 1373 3228 1431 linibus.
3261 1387 3397 1440 qucs
3425 1370 3600 1435 valila
3632 1385 3807 1438 expu-

2229 1470 2473 1535 gnandos
2501 1478 2659 1514 malm
2699 1462 2881 1531 ngredi
2915 1461 3230 1530 temptabat,
3264 1461 3353 1513 Dei
3386 1460 3589 1512 auxilio
3618 1474 3808 1513 rever-

2234 1564 2458 1608 teretur.
2511 1553 2674 1620 anns
2723 1552 2941 1604 monitis
2996 1554 3105 1604 dux
3147 1551 3517 1617 acquiescam.
3563 1556 3811 1618 prompte

2230 1644 2349 1715 ejus
2380 1643 2665 1696 adventum
2702 1641 3113 1710 presuilabatur.
3161 1641 3279 1709 Ipso
3309 1650 3487 1694 autem
3530 1641 3811 1706 redeunte,

2232 1737 2554 1807 patriciatus
2593 1732 2752 1807 ollirii
2781 1734 3042 1802 dignitate
3085 1736 3334 1787 eumdem
3376 1733 3690 1788 sublimarii
3716 1735 3813 1786 du-

532 1846 791 1906 ~stinavit,
851 1852 905 1897 et
962 1857 991 1895 a
1044 1848 1310 1908 eatapauo
1361 1834 1626 1903 imperiali
1689 1830 1872 1884 multis
1920 1829 2125 1881 ditatus
2160 1823 2203 1881 Β
2233 1846 2370 1883 cem.
2405 1826 2653 1882 Oltonem
2684 1842 2837 1879 suum
2871 1825 3177 1894 puerulmu,
3215 1825 3307 1893 qui
3340 1826 3548 1888 aderat,
3586 1826 3813 1882 fratrem

545 1938 886 1999 uulneribus,
923 1934 989 1988 ad
1024 1931 1309 1985 Venetiam
1351 1926 1636 1982 iuculmnis
1663 1921 1944 1977 remeavit.

622 2027 732 2081 Hoc
756 2042 974 2096 quoque
1004 2033 1246 2093 tempore
1278 2020 1567 2075 lleinrieus
1593 2032 1687 2070 rex
1731 2015 1986 2068 Uttuncm
2030 2010 2132 2064 dua

537 2126 663 2175 tecm
687 2117 834 2188 (116)
863 2115 930 2168 ad
958 2113 1160 2167 Italiam
1180 2128 1301 2165 eum
1329 2109 1571 2164 exercitu
1604 2107 1842 2164 mittens,
1872 2117 1994 2157 cum
2027 2101 2129 2153 Ar-

540 2210 707 2275 sloine
743 2206 1060 2275 usurpatiro
1102 2218 1227 2275 rege
1266 2203 1417 2267 juxta
1444 2201 1608 2269 Alpes
1646 2198 1698 2250 iu
1730 2212 1922 2265 compa
1948 2193 2013 2225 ¹²⁸
2037 2192 2128 2261 qui

548 2295 744 2354 Vitalis
783 2307 1128 2366 nuncupatur
1169 2295 1342 2365 (117).
1391 2305 1625 2361 pugnam
1668 2288 1906 2358 peregit,
1959 2292 2014 2337 et
2063 2298 2131 2337 ex

550 2404 789 2463 utraque
833 2401 984 2460 parte
1013 2388 1163 2442 nmlti
1193 2385 1528 2441 ceciderunt.
1562 2383 1806 2450 Ctm;que
1836 2381 1936 2432 hoc
1965 2376 2130 2430 licin-

556 2484 675 2540 rico
705 2482 815 2551 regi
860 2481 998 2532 foret
1033 2486 1343 2547 expertum,
1384 2475 1436 2527 iu
1483 2472 1732 2541 sequenti
1779 2484 1921 2522 anno
1948 2465 2131 2537 (ιυυι)

552 2574 793 2628 maxima
850 2571 1083 2638 stipatus
1131 2566 1485 2636 expedicioue
1528 2562 1737 2625 italiam
1788 2557 2032 2619 intraiit,
2080 2566 2135 2608 et

512 2700 515 2701 ν
551 2662 792 2729 Ardoiue
829 2678 860 2715 a
899 2659 1196 2713 Veroucnsi
1246 2660 1378 2710 urbe
1410 2655 1654 2725 expulso,
1689 2666 1877 2705 omne;
1923 2649 2132 2715 Lango-

489 2790 495 2798 ι
548 2752 754 2811 bardos
784 2762 1032 2821 potenter
1053 2764 1151 2807 suo
1181 2746 1429 2816 regimini
1458 2743 1782 2813 subjugarit.
1816 2740 1912 2795 Cui
1943 2738 2136 2792 Petrus

540 2845 723 2917 etiam
788 2840 1168 2896 Veneticorum
1219 2842 1327 2892 dus
1382 2837 1434 2889 in
1492 2836 1731 2905 predieta
1795 2830 1929 2885 urbe
1980 2843 2138 2883 suum

557 2945 769 2997 natum,
826 2932 965 2985 mire
1013 2927 1435 2998 pulchritudinis
1476 2924 1783 2996 puerulmn,
1830 2935 1988 2991 prece
2040 2934 2137 2972 sua

554 3034 836 3096 perunctus
900 3022 1201 3077 honorifice
1256 3018 1562 3088 deiegavit;
1617 3030 1777 3085 quem
1831 3011 2138 3066 chrismatis

559 3117 684 3170 diro
714 3116 923 3183 liquore
952 3127 1018 3167 ex
1050 3126 1202 3166 more
1233 3110 1365 3164 fecit
1392 3108 1573 3168 linire,
1601 3114 1741 3175 patri
1766 3104 1974 3157 obtime
2015 3116 2135 3153 reu-

552 3216 811 3262 neratum
873 3203 1105 3256 remisit.
1166 3199 1372 3255 Deinde
1422 3208 1634 3252 ceteras
1687 3193 1851 3247 Italia:
1894 3192 2141 3245 civitates

554 3311 860 3366 properare
905 3295 1222 3366 disponens,
1268 3292 1448 3359 Patme
1476 3305 1505 3341 a
1545 3283 1924 3342 Mediolanensi
1961 3282 2141 3336 archi-

566 3364 824 3455 episcopo
855 3369 1029 3438 estitit
1058 3364 1345 3437 coronatus
1372 3379 1526 3451 (alui.
1563 3378 1674 3447 14).
1706 3375 1806 3431 Ubi
1844 3376 1987 3428 cives
2016 3374 2145 3426 insi-

566 3483 687 3536 dias
725 3488 914 3535 coutra
942 3495 1099 3533 suum
1139 3478 1376 3546 regimen
1419 3474 1617 3530 molliri
1669 3486 2022 3540 cognoscens,
2065 3477 2147 3523 to-

552 3584 677 3628 .tam
707 3588 845 3643 pene
884 3571 1071 3627 urbem
1117 3569 1369 3625 incemlio
1409 3577 1464 3622 ct
1492 3565 1873 3621 interfectinne
1897 3564 2146 3616 devasta-

562 3676 669 3730 Ἧι,
717 3673 774 3719 et
808 3673 942 3718 tunc
982 3677 1081 3734 per
1121 3661 1423 3716 Cumanum
1460 3659 1635 3713 lacum
1684 3657 2146 3711 ultramontanttm

553 3756 723 3827 petiit
751 3768 974 3824 regnum
1005 3744 1203 3824 (lum).

548 3900 553 3904 .
640 3845 753 3900 lloc
778 3860 993 3915 quoque
1018 3855 1259 3912 tempore
1290 3839 1485 3895 Petrus
1523 3852 1764 3895 ramosus
1790 3838 1919 3901 dux,
1963 3838 2150 3893 sellula

568 3938 834 4010 petitione
871 3954 900 3990 a
950 3934 1197 4005 Vassylio
1230 3943 1294 3987 et
1331 3931 1689 3987 Constantino
1735 3932 2153 4002 imperatoribus

571 4038 817 4092 coactus,
843 4025 1145 4082 Johauncm
1188 4025 1402 4090 ducem,
1451 4039 1604 4079 suam
1635 4025 1885 4079 dilec1am
1924 4025 2150 4095 prolem,

571 4121 639 4173 ad
689 4120 888 4189 regiam
927 4116 1117 4171 urbem
1155 4133 1316 4172 causa
1359 4117 1595 4187 conjugii
1645 4115 1935 4185 delegavit.
1982 4117 2153 4181 Quem

567 4210 931 4279 imperatores
980 4210 1107 4261 dum
1157 4208 1386 4277 benigne
1440 4209 1813 4276 susciperent,
1874 4205 2153 4274 cujusdam

560 4300 899 4361 nobilissimi
940 4300 1153 4369 patricii
1190 4300 1353 4352 liliam
1382 4299 1689 4369 Argiropoli
1719 4300 1954 4362 nomine,
1984 4299 2157 4366 impe-

575 4394 694 4449 riali
718 4393 919 4447 editam
947 4394 1140 4460 stirpe.
1167 4391 1241 4444 illi
1261 4392 1591 4459 dcsponsare
1614 4391 2031 4459 decreverunt“
2050 4390 2153 4459 l8).

2233 1920 2549 1973 nnmcribus
2588 1927 2791 1971 tantum
2829 1915 3130 1969 honorarit.
3169 1915 3372 1969 Dehinc
3417 1915 3523 1968 dux
3572 1915 3815 1984 Sponsali

2233 2011 2376 2070 dote.
2419 2010 2472 2063 id
2518 2017 2600 2062 cst
2630 2011 2842 2061 dirche
2867 2006 3078 2060 fortune
3108 2007 3296 2075 copiis,
3329 2006 3597 2076 simulque
3637 2007 3814 2076 impe-

2233 2101 2460 2154 ria-libus
2482 2099 2638 2152 donis
2667 2100 2929 2167 acceptis,
2959 2096 3166 2155 licitum
3209 2097 3456 2150 veniendi
3496 2098 3562 2150 ad
3597 2099 3816 2167 propria

2233 2192 2568 2262 impetrarit.
2613 2192 2744 2245 Nam
2788 2201 3071 2259 parentum
3120 2201 3439 2252 conventus,
3480 2190 3816 2257 per:.o'.ilem

2232 2286 2467 2357 puellam
2503 2283 2776 2353 regionem
2809 2283 2876 2335 ad
2907 2293 3149 2335 exteram
3169 2280 3323 2349 quasi
3362 2278 3572 2333 exulem
3613 2294 3816 2332 exeun-

2233 2385 2341 2433 tem
2372 2377 2672 2448 plorantes,
2709 2374 2849 2429 haud
2890 2373 3136 2426 deerant.
3181 2373 3292 2427 Dux
3327 2371 3505 2432 itaque
3550 2386 3649 2439 pro
3681 2370 3817 2424 rotis

2232 2472 2415 2526 Omnia
2464 2478 2822 2532 consecutus,
2872 2465 3050 2519 navim
3105 2479 3229 2518 cum
3285 2461 3563 2532 Schlilblll
3621 2475 3817 2528 sponsa

2235 2566 2561 2626 ascendens,
2607 2576 2872 2629 equm-eas
2901 2556 3111 2612 sulcare
3138 2553 3399 2626 procellas
3433 2553 3545 2609 suis
3586 2550 3818 2621 impera-

2235 2658 2333 2711 vit.
2364 2656 2462 2710 Cui
2491 2654 2788 2708 Grecorum
2816 2666 2909 2706 seu
2955 2651 3180 2704 aliarum
3211 2647 3448 2720 gentium
3482 2645 3660 2700 inrole
3704 2644 3818 2698 ubi-

2207 2821 2210 2824 ῃ
2238 2762 2343 2817 que
2373 2761 2544 2815 usque
2573 2744 2640 2798 ad
2667 2744 2899 2813 patriam
2935 2757 3039 2795 non
3065 2737 3401 2807 denegabant
3428 2735 3692 2804 impertiri
3723 2736 3819 2789 ob;-

2238 2839 2448 2908 sequia.
2497 2836 2743 2905 Cumque
2798 2833 3061 2903 probabili
3111 2841 3165 2885 et
3214 2830 3305 2884 diu
3351 2828 3629 2882 anhelanti
3678 2826 3817 2897 patri

2241 2933 2466 2986 duormu
2505 2940 2754 2982 uatormu
2786 2926 2921 2979 foret
2946 2924 3259 2978 nunciatum
3287 2920 3616 2984 adventum,
3653 2917 3818 2971 caelo-

2214 3039 2359 3097 _rum
2401 3025 2510 3091 regi
2554 3019 2757 3089 gratias
2799 3032 2984 3086 agens.
3032 3015 3249 3069 navium
3314 3011 3658 3066 multitudine
3694 3024 3815 3063 eos-

2243 3114 2365 3168 dem
2410 3109 2595 3180 procul
2628 3126 2658 3162 a
2697 3107 2855 3161 litore.
2888 3106 3014 3159 fecit
3042 3105 3328 3173 excipere;
3362 3111 3416 3156 et
3457 3100 3551 3153 tali
3591 3100 3824 3153 circurn-

2246 3205 2413 3274 SCepti
2444 3216 2638 3272 pompa
2678 3210 2803 3270 aput
2837 3198 3048 3269 pallacii
3091 3194 3325 3251 tribunal
3359 3194 3665 3262 genitorum
3708 3202 3820 3241 ama-

2245 3296 2496 3369 plexibus
2544 3304 2671 3349 sunt
2716 3293 2952 3347 restituti
3000 3291 3311 3346 incolomes.
3362 3287 3523 3342 Pater
3556 3282 3821 3352 siquidem

2249 3404 2356 3442 non
2387 3386 2558 3440 solum
2604 3386 2721 3439 suis
2766 3399 2953 3436 rerum
3001 3372 3203 3434 exteris
3234 3376 3543 3432 hominibus
3582 3370 3824 3426 ctmrivia

2247 3479 2441 3532 crebra
2485 3475 2856 3544 hujuscemodi
2888 3472 3154 3526 tlmlanms
3196 3469 3373 3523 facere
3417 3483 3531 3523 non
3571 3460 3823 3519 cessavit.

2249 3569 2454 3625 llerera
2485 3585 2580 3639 par
2608 3567 2860 3636 gaudium
2891 3565 3089 3618 nostris
3121 3563 3316 3615 finibus
3343 3557 3633 3613 emicuisse
3671 3570 3741 3609 ne
3763 3568 3827 3608 no

2250 3674 2558 3719 nostrorum
2594 3659 2977 3715 reminiscitur.
3026 3658 3227 3710 Damna
3261 3669 3387 3707 vero
3413 3650 3610 3707 Maria.
3653 3646 3827 3703 Greca

2251 3755 2487 3816 dllCll'lX,
2518 3769 2627 3808 non
2675 3762 2795 3822 post
2822 3751 3004 3819 plures
3039 3749 3151 3802 dies
3181 3761 3405 3815 pnermn
3445 3739 3829 3796 Constantino-

2252 3848 2417 3918 polim
2443 3847 2681 3916 genitum
2714 3840 2949 3896 Venetia:
2972 3839 3195 3910 protulit
3217 3846 3420 3895 uatmn,
3450 3850 3608 3902 ιιιιριιι
3635 3830 3695 3884 Ρι
3715 3838 3831 3884 trus

2253 3940 2483 3995 eximius
2527 3936 2635 3989 dux
2692 3936 2759 3989 de
2823 3948 2979 3986 sacro
3024 3928 3363 3998 baptismatis
3407 3925 3622 3977 lavacro
3663 3919 3832 3974 susci-

2255 4032 2430 4101 piens,
2466 4026 2762 4081 Vassilium‘
2781 4026 2850 4079 ob
2877 4022 3125 4077 avunculi
3155 4021 3238 4073 sui
3267 4016 3610 4086 imperatoris
3635 4026 3830 4066 nomen

2256 4120 2529 4191 imposuit.
2561 4120 2717 4174 Circa
2748 4120 2862 4172 haec
2899 4126 3136 4183 tempora
3174 4109 3466 4179 prelibatus
3495 4107 3689 4159 Petrus
3728 4105 3834 4157 dux

2258 4231 2356 4286 pro
2387 4215 2584 4267 auium
2613 4227 2726 4266 sua:
2774 4209 3013 4264 remedio
3063 4204 3208 4260 mille
3240 4200 3632 4271 quinquaginta
3670 4196 3835 4249 libras

2259 4313 2606 4370 denariorum
2649 4307 2839 4362 solatio
2864 4305 3038 4358 tocius
3066 4319 3176 4355 sua:
3220 4299 3408 4370 patria:
3430 4294 3706 4349 Veneticis
3739 4295 3835 4345 duo

2262 4405 2434 4466 navit,
2480 4401 2728 4471 ceptiqnc
2771 4395 2964 4467 palacii
2996 4408 3132 4462 opus
3176 4393 3243 4445 ad
3290 4403 3521 4458 unguem
3565 4382 3817 4454 perduxit

573 4486 644 4543 Ει
681 4495 740 4538 ιιι
770 4493 930 4538 tanta:
980 4483 1196 4544 femine,
1241 4482 1627 4550 imperatorum
1676 4481 1923 4537 videlicet
1958 4484 2135 4550 neptis

2272 4496 2369 4553 Ubi
2400 4496 2542 4549 inter
2583 4501 2762 4546 cetera
2790 4487 3104 4543 decoritatis
3129 4498 3289 4551 opera
3341 4478 3589 4535 dedalico
3637 4477 3836 4529 instru-

572 4577 936 4647 copulatiouis
961 4576 1075 4630 dies
1100 4574 1452 4636 acceleraret,
1480 4574 1719 4645 prefatus
1748 4576 1855 4628 dux
1888 4591 1992 4627 una
2030 4588 2153 4628 eum

577 4669 754 4740 puella
793 4666 1056 4737 imperiali
1101 4669 1317 4723 decreto
1345 4669 1398 4722 iu
1439 4669 1673 4739 quadam
1704 4666 1907 4736 capella
1951 4680 2153 4719 conre-

576 4763 698 4816 nirc
729 4761 974 4832 permissi
1004 4772 1148 4825 sunt,
1183 4762 1361 4831 ibique
1390 4763 1459 4817 ab
1487 4761 1726 4831 ejusdem
1755 4759 1902 4813 urbis
1939 4768 2157 4828 pastore

579 4870 735 4911 sacre
787 4854 1180 4911 benedictionis
1230 4870 1463 4919 munus,
1504 4856 1572 4910 ab
1607 4853 2022 4924 imperatoribus
2062 4867 2158 4907 au-

580 4963 704 5003 reas
743 4948 1019 5003 diademas
1049 4948 1160 5001 suis
1197 4948 1486 5006 capitibus.
1531 4953 1908 5006 perceperunt.
1950 4945 2158 5006 Quibus

2267 4598 2453 4643 mento
2484 4584 2741 4655 capellam
2785 4590 3097 4636 construere
3136 4574 3287 4635 fecit,
3330 4586 3494 4641 quam
3540 4585 3648 4621 non
3682 4565 3837 4620 modo

2265 4693 2572 4736 marmoreo
2628 4690 2814 4730 verum
2872 4685 3037 4726 aureo
3094 4665 3319 4721 mirilice
3372 4661 3571 4717 comsit
3620 4667 3835 4712 ornatu.

2262 4771 2473 4826 interea
2502 4768 2695 4822 Petrus
2715 4765 2824 4818 dux
2851 4762 2976 4815 dum
3016 4757 3117 4814 sibi
3157 4771 3253 4824 pro
3284 4754 3424 4805 rotis
3461 4763 3619 4818 paene
3645 4756 3838 4801 cuncta

2266 4861 2615 4932 subpeditare
2638 4859 2952 4915 decernere,
2975 4851 3094 4921 plus
3122 4846 3279 4901 solito
3300 4842 3601 4910 subjectum
3631 4837 3839 4906 equita-

2269 4955 2338 5006 tis
2371 4928 2606 5006 censura
2662 4944 2914 5006 populum
2968 4955 3157 5006 regere
3196 4936 3467 4991 Studebat.
3513 4933 3620 4985 Sed
3661 4928 3839 4982 divina
