4094 5252
262 390 365 445 957

1555 370 1946 430 (11111οΝ1ίῖοΝ
1979 366 2332 425 VENETUM.

3425 362 3531 419 938

265 505 484 561 virtutis
524 513 844 574 provectum
890 499 1091 557 acriter
1123 493 1373 567 perculit.
1420 492 1621 549 Eodem
1666 492 1851 558 itaque
1880 488 1928 546 Α
1955 499 2069 549 sus,
2120 486 2397 554 predictus
2444 481 2625 541 domui
2682 480 2826 574 Petri
2878 480 3030 535 ducis
3078 479 3248 544 ﬁlius,
3289 478 3437 536 clero
3467 490 3530 574 et

265 608 510 670 tempore
537 597 687 669 (l20)
715 596 831 669 {om
862 591 1022 665 1006]
1064 590 1218 647 stella
1244 588 1493 652 cometis,
1519 583 1675 654 cujus
1710 582 1850 637 indi-

265 693 406 748 cium
465 692 766 746 humanum
812 700 1025 757 semper
1072 682 1397 754 pronunciat
1443 678 1734 749 ﬂagicium,
1793 675 1849 729 in

264 782 568 839 meridiano
616 782 838 837 climate
900 792 1204 849 apparens,
1248 788 1411 845 quam
1474 771 1707 825 maxima
1752 781 1851 838 per

264 894 451 937 omnes
485 878 653 934 ltalite
704 892 798 933 seu
833 876 1081 931 Veneeize
1128 872 1263 927 fines
1307 869 1618 942 pestilentia
1667 867 1852 923 subse—

265 983 389 1029 euta
431 983 515 1027 est
547 972 697 1042 (12!)
747 971 863 1044 [an.
907 968 1089 1041 1007].
1126 967 1182 1023 In
1215 981 1321 1037 qua
1368 967 1654 1035 utriusque
1685 978 1850 1019 sexus

266 1067 517 1120 humana:
540 1064 871 1119 conditionis
906 1060 1151 1118 nonnulli
1187 1060 1467 1130 inopinata
1504 1067 1682 1113 morte
1708 1056 1851 1111 ceci-

267 1159 480 1212 derunt.
533 1158 681 1211 Inter
729 1170 867 1225 quos
913 1154 1112 1208 domna
1153 1152 1343 1215 Maria,
1393 1150 1568 1205 Greca
1611 1149 1848 1215 ductrix,

260 1263 365 1305 nec
396 1265 504 1304 non
547 1248 845 1312 Iohannes,
878 1247 1129 1317 egregius
1165 1245 1249 1298 vir
1278 1258 1429 1307 suus,
1469 1242 1706 1298 sedecim
1732 1241 1846 1297 die-

266 1359 386 1398 rum
429 1356 659 1397 numero
703 1342 756 1396 in
790 1341 963 1395 sancti
1010 1338 1276 1393 Zacharie
1328 1334 1678 1399 monasterio,
1714 1336 1849 1403 proh

264 1435 446 1490 dolor!
484 1450 593 1489 uno
622 1434 943 1489 clauduntur
969 1430 1263 1486 mausoleo.
1299 1430 1375 1484 De
1408 1443 1637 1499 quorum
1664 1426 1852 1482 funere

268 1545 377 1585 non
420 1529 579 1583 modo
622 1526 778 1582 mesti
822 1527 1099 1597 genitores
1140 1523 1285 1580 velut
1328 1520 1567 1577 fraterna
1616 1521 1851 1577 societas

268 1623 648 1693 deplorabant,
687 1636 875 1675 verum
902 1619 1079 1674 omnis
1106 1617 1282 1688 patria
1311 1616 1551 1671 lacrimis
1577 1623 1633 1669 et
1666 1614 1852 1669 dolore

270 1714 604 1770 tabescebat.
632 1712 875 1768 Fuerunt
905 1722 1139 1780 namque
1167 1709 1312 1764 omni
1341 1707 1615 1777 probitate
1646 1705 1698 1759 in
1734 1714 1851 1758 tan-

268 1817 384 1863 tum
418 1807 634 1871 famosi,
667 1816 726 1861 ut
762 1805 871 1861 Deo
912 1813 967 1858 et
1012 1803 1323 1859 hominibus
1353 1799 1512 1854 ambo
1538 1798 1665 1854 boni
1700 1810 1850 1851 eom-

266 1898 567 1967 placerent.
614 1894 724 1951 Sex
763 1884 1028 1950 annorum
1058 1893 1239 1965 spacio
1284 1900 1491 1945 tantum
1538 1890 1637 1944 sub
1678 1887 1850 1958 patris

268 1990 534 2060 regimine
565 1988 815 2043 Venecia:
845 1986 1045 2057 prefuit
1080 1982 1296 2055 populo.
1332 1980 1439 2037 Sed
1479 1991 1539 2034 ut
1570 1980 1706 2035 tanti
1740 1994 1852 2035 me-

268 2084 414 2138 reris
472 2082 745 2153 quoddam
799 2080 1097 2151 presidium
1158 2076 1375 2131 adesset
1420 2071 1850 2139 consolationis,

267 2177 387 2245 pari
427 2189 695 2230 consensu
725 2172 968 2228 Venetici
1015 2169 1441 2239 interpellantes,
1481 2166 1662 2222 domui
1706 2164 1855 2219 Petri

268 2268 531 2337 principis
561 2267 791 2322 alterum
829 2275 1040 2328 natum,
1077 2264 1287 2318 scilicet
1322 2260 1579 2316 Ottonem
1612 2258 1854 2327 regalem

271 2374 526 2427 puerum,
552 2357 778 2412 ducatus
807 2354 1070 2425 dignitate
1107 2353 1486 2407 sublimavere.
1520 2348 1621 2415 Qui
1656 2362 1853 2417 quam-

270 2465 436 2519 quam
492 2458 674 2504 tenera
714 2455 872 2501 male
922 2442 1355 2516 quattuordecim
1415 2456 1678 2495 annorum
1723 2437 1857 2492 flore

279 2548 587 2610 vegetaret,
645 2548 821 2593 tamen
879 2538 1014 2591 adeo
1066 2535 1269 2607 ingenii
1312 2531 1561 2588 facundia
1614 2532 1854 2601 vigebat,

273 2632 455 2701 quoad
488 2630 662 2685 altero
694 2630 860 2684 fratre
899 2644 1004 2683 non
1028 2627 1305 2698 probitate
1330 2626 1422 2680 sed
1450 2633 1609 2679 relate
1648 2625 1855 2678 dicere-

276 2734 367 2777 tur
417 2722 709 2778 secundus.
758 2720 1013 2775 Preterea
1060 2719 1257 2775 Petrus
1303 2719 1410 2773 dux
1453 2717 1705 2773 omnibus
1744 2716 1857 2772 suis

272 2814 467 2872 liberis
510 2825 793 2886 paternum
844 2830 1041 2870 munus
1098 2812 1363 2883 impertiri
1416 2811 1619 2877 voluit,
1673 2812 1745 2865 ita
1799 2820 1859 2866 ut

272 2908 689 2964 testamentario
719 2907 841 2979 jure
889 2908 1118 2977 quisque
1157 2921 1285 2962 suas
1327 2906 1597 2974 acciperet
1643 2904 1856 2974 porcio-

272 3016 397 3055 nes.
443 2998 673 3054 Nomina
722 3016 951 3071 quorum
985 3009 1042 3054 ut
1083 3000 1185 3055 rite
1234 3001 1507 3059 recordor.
1552 3000 1859 3069 exprimere

272 3094 432 3149 libet.
460 3092 674 3147 Illorum
708 3094 911 3162 primus
941 3092 1111 3147 herile
1143 3092 1370 3147 sortitus
1393 3100 1477 3145 est
1506 3106 1726 3155 nomen,
1763 3088 1857 3159 qui

272 3182 455 3237 forma
484 3192 541 3237 et
569 3182 773 3237 viribus
813 3183 952 3237 bene
980 3181 1345 3251 respondebat
1378 3180 1514 3235 satis
1561 3180 1852 3234 natalibus.
1884 3199 1931 3265 ο

273 3277 565 3332 Secundus
612 3277 925 3331 nominatur
969 3274 1309 3331 Ursusziste
1358 3275 1434 3330 sic
1480 3272 1713 3329 officium
1768 3287 1858 3345 ge-

273 3384 408 3423 rens
433 3368 743 3431 clericatus,
775 3381 883 3436 quo
907 3361 1051 3421 haud
1075 3364 1347 3421 immerito
1370 3374 1535 3435 queat
1560 3366 1663 3420 dici
1692 3364 1857 3419 cleri-

272 3475 472 3515 corum
522 3459 705 3515 decus.
738 3459 965 3515 Tereius
1007 3467 1091 3514 est
1128 3460 1318 3514 ordine
1369 3456 1531 3525 Otho,
1588 3458 1859 3528 predietus

273 3553 561 3627 puerulus,
602 3553 773 3624 patris
813 3554 904 3623 qui
960 3560 1175 3607 constat
1231 3552 1491 3623 dignitate
1538 3551 1856 3620 equivocus.

274 3644 522 3712 Quartus
552 3644 864 3698 nominatur
900 3642 1093 3698 Vitalis
1121 3656 1134 3696 :
1161 3641 1251 3697 hic
1297 3641 1497 3713 ingenii
1532 3644 1859 3697 strenuitate

273 3737 711 3793 ecclesiasticam
755 3736 983 3808 adeptus
1028 3743 1113 3791 est
1169 3742 1395 3790 sortem.
1433 3732 1667 3800 Quintus
1716 3743 1861 3789 estat

273 3828 546 3886 vocabulo
570 3828 879 3893 Heinricus,
912 3828 1126 3898 species
1156 3827 1310 3897 cujus
1332 3826 1555 3897 puerilis
1582 3842 1678 3881 ceu
1698 3828 1862 3898 jubar

274 3924 451 3979 micat
488 3922 637 3977 solis.
694 3921 937 3989 Quatuor
993 3936 1209 3992 quoque
1254 3919 1379 3974 filiae
1432 3919 1607 3975 eidem
1656 3921 1863 3991 Optimo

277 4015 585 4070 manebant
623 4016 785 4086 patri,
838 4029 1066 4084 quarum
1118 4014 1291 4083 prima
1340 4012 1578 4067 ilicelam
1644 4014 1863 4071 nomine

276 4107 507 4162 Stefauo
559 4106 873 4161 Sclavorum
922 4107 1069 4178 regis
1120 4106 1250 4171 filio,
1280 4108 1346 4160 de
1386 4120 1493 4176 quo
1543 4116 1698 4163 antea
1742 4122 1855 4177 pre-

275 4202 418 4263 dixi,
456 4200 508 4253 in
538 4199 791 4268 coniugio
826 4199 1128 4255 honorifice
1170 4200 1436 4265 sociavit;
1474 4199 1712 4269 reliquas
1734 4217 1864 4258 vero

278 4306 397 4348 tres
425 4295 479 4348 in
511 4295 845 4349 monasterio
872 4296 983 4349 Deo
1005 4294 1364 4365 omnipotenti
1392 4294 1743 4363 maneipavit.
1769 4295 1867 4351 His

278 4387 356 4440 ita
382 4404 469 4456 lue
512 4388 650 4441 bene
683 4388 1017 4458 compositis,
1054 4387 1239 4442 Maria:
1268 4402 1543 4456 generosa:
1575 4402 1684 4441 suae
1730 4404 1864 4443 uxo-

278 4482 361 4534 ris
392 4481 610 4536 thorum
642 4490 1040 4549 sequestratum
1076 4480 1277 4534 habere
1304 4481 1560 4549 deinceps
1601 4480 1862 4546 decrevit,

1952 2968 1957 2971 η
2033 2902 2283 2957 faciebat.

1952 576 2151 645 p0pulo
2196 576 2516 630 consulente
2564 574 2618 629 in
2658 573 2848 628 eadem
2900 573 3226 643 subrogatus
3264 582 3343 628 est
3384 573 3532 628 sede.

1953 664 2125 734 Hujus
2163 665 2434 720 adulentis
2465 665 2531 695 ¹²⁷
2566 678 2747 717 mores
2776 678 2897 718 meo
2928 662 3128 717 famine
3167 664 3535 733 perstringere

1949 758 2096 813 volo.
2144 758 2275 811 Erat
2318 772 2511 827 nempe
2550 757 2651 811 fide
2702 756 3009 825 religiosus,
3061 757 3241 825 specie
3279 756 3531 817 decorus;

1951 849 2170 919 ingenio
2193 848 2479 917 providus,
2508 848 2775 902 industria
2806 848 3199 903 litterarumita
3229 849 3456 918 peritus,
3480 858 3543 903 ut

1952 942 2085 995 tanti
2136 940 2363 995 honoris
2400 955 2429 993 a
2461 940 2675 995 cunctis
2718 939 2913 1010 dignus
2956 940 3252 1006 diceretur.
3294 940 3353 995 In
3381 940 3537 1011 cujus

1950 1031 2322 1088 ordinacionis
2350 1031 2578 1086 exordio
2622 1031 2835 1095 Petrus,
2867 1032 2971 1085 dux
3010 1042 3066 1086 et
3095 1032 3372 1102 prcelarus
3404 1049 3536 1089 suus

1952 1124 2187 1195 genitor,
2232 1132 2406 1179 totum
2440 1131 2644 1178 sancta:
2684 1122 2866 1177 Maria:
2910 1124 3127 1177 domum
3165 1133 3221 1178 et
3249 1124 3539 1180 ecclesiam

1950 1216 2063 1286 jam
2093 1231 2230 1286 pene
2255 1224 2530 1272 vetustate
2558 1224 2934 1285 consumptam
2971 1229 3223 1271 recreare
3247 1216 3538 1272 studiosis-

1952 1311 2087 1363 sime
2116 1307 2295 1364 fecit‘.

2090 1425 2107 1447 ⁴
2146 1423 2245 1479 llic
2272 1424 2421 1480 initio
2457 1422 2661 1496 paginae
2710 1422 2777 1479 58
2825 1423 3018 1479 codicis
3057 1424 3081 1480 1
3128 1425 3196 1457 ¹¹⁸
3234 1426 3346 1481 loco
3378 1444 3542 1482 vacuo

2023 1496 2202 1566 charta
2233 1498 2482 1566 inscripta
2525 1507 2601 1550 est
2643 1513 2781 1566 anno
2826 1496 3000 1551 1052:
3031 1496 3270 1563 Quadam
3311 1497 3398 1552 die
3444 1514 3544 1551 nos

2023 1560 2298 1621 Iohannes
2325 1560 2625 1634 Sagnrniuo
2658 1565 2915 1620 ferrarius
2946 1560 3164 1620 insiiuul
3189 1583 3309 1621 cum
3334 1569 3545 1623 cunctis

2022 1638 2159 1707 meis
2180 1638 2493 1707 parentibus
2524 1637 2576 1691 in
2617 1652 2782 1690 ttnum
2812 1637 3269 1707 convenimusad
3308 1647 3546 1707 tempore

2024 1706 2205 1761 domui
2236 1706 2376 1761 Petri
2410 1707 2692 1761 Barbolani
2734 1706 2915 1770 ducis,
2952 1716 3007 1761 et
3042 1706 3352 1775 requirebat
3392 1706 3547 1763 nobis

2023 1791 2227 1846 suoque
2244 1777 2503 1846 gastaldo,
2526 1777 2667 1845 quod
2692 1776 2743 1831 in
2772 1788 2925 1832 curte
2953 1778 3151 1833 ferrqu
3175 1778 3420 1833 laborare
3455 1779 3549 1833 de-

2021 1846 2348 1902 buissemus.
2390 1848 2494 1902 Sed
2527 1857 2705 1902 tamen
2738 1849 2989 1902 omnibus
3015 1848 3189 1903 modis
3218 1848 3550 1903 contradixi-

2023 1933 2173 1980 mus,
2218 1919 2323 1972 nisi
2371 1928 2577 1973 tantum
2618 1920 2761 1987 quod
2816 1918 3061 1973 laborare
3110 1919 3403 1974 debeamus
3452 1934 3549 1987 per

2025 1998 2242 2043 nostras
2277 1991 2584 2043 mansiones
2612 1989 2867 2058 quicquid
2916 1990 3293 2044 necessitatem
3334 1988 3545 2053 fuisset.

2026 2060 2280 2127 omnique
2313 2068 2553 2128 tempore
2577 2062 2641 2113 ad
2670 2058 2973 2129 predictum
2992 2058 3260 2129 paiacium
3285 2069 3550 2129 quantum

2015 2130 2172 2184 nobis
2201 2127 2537 2198 deportasset
2571 2127 2924 2184 carcerarius.
2955 2127 3107 2185 Unde
3150 2145 3251 2185 nos
3293 2127 3385 2186 illo
3417 2141 3548 2185 temo

2024 2214 2157 2269 pore
2194 2198 2266 2253 ita
2297 2200 2764 2270 comprobavimus
2793 2216 2913 2255 cum
2956 2199 3204 2264 testibus,
3250 2208 3306 2256 et
3342 2201 3556 2270 judica-

2029 2268 2141 2323 tum
2165 2270 2346 2324 extitit
2370 2268 2543 2334 nobis,
2566 2280 2618 2323 ut
2654 2268 2841 2339 jnrare
2870 2271 3240 2325 debuissemus
3268 2268 3553 2326 ad'saneta

2028 2340 2123 2411 Dei
2149 2348 2403 2409 quattuor
2422 2341 2731 2411 Evangelia.
2766 2340 2871 2395 Sed
2900 2342 2950 2395 in
2981 2342 3169 2396 diebus
3200 2343 3424 2411 predicti
3454 2356 3554 2396 no-

2032 2410 2130 2463 slri
2182 2412 2412 2466 senioris
2437 2410 2574 2535 1dam
2627 2413 2828 2466 dictum
2875 2410 3274 2467 sacramentum
3327 2414 3552 2467 minime

2032 2480 2257 2535 fecin’tus
2302 2483 2390 2535 ην.
2486 2498 2589 2535 une
2614 2492 2795 2535 autem
2843 2498 2939 2535 nos
2979 2485 3222 2535 venimus
3260 2492 3385 2535 ante.
3427 2498 3552 2535 ore-

2030 2480 2257 2535 fecin’tus
2302 2483 2390 2535 ην.
2437 2480 2589 2537 Nune
2614 2492 2939 2552 autemanos
2979 2485 3222 2535 venimus
3260 2492 3385 2537 ante.
3411 2498 3554 2552 rpre-

2028 2553 2256 2606 sentiam
2288 2552 2465 2607 domui
2494 2552 2754 2607 Dominici
2782 2550 3021 2605 Flabiani
3050 2550 3553 2622 gloriosissimidu-

2028 2623 2128 2685 eis,
2175 2623 2411 2693 senioris,
2443 2624 2635 2687 nostri,
2662 2638 2782 2677 cum
2806 2623 2919 2691 ipse
2950 2624 3214 2677 residebat
3238 2624 3291 2677 in
3324 2623 3554 2693 pallacio

2032 2707 2153 2747 cum
2183 2692 2617 2763 suisjudicibus,
2656 2704 2708 2747 et
2745 2694 2837 2763 ibi
2864 2693 3110 2747 adstante
3150 2694 3387 2763 maxima
3425 2709 3555 2763 pars

2032 2776 2251 2817 auorum
2293 2762 2563 2827 fidelium,
2611 2772 2666 2817 et
2705 2762 2967 2831 cmpimus
3012 2777 3111 2817 nos
3155 2762 3452 2818 lamentare
3489 2764 3557 2817 de

2032 2833 2288 2915 virtutem
2315 2832 2459 2915 Q29.)
2501 2833 2640 2913 quod
2664 2830 2952 2915 _gastaldus_
2985 2830 3120 2915 fabri
3154 2832 3365 2915 ferrarii
3402 2833 3558 2915 nobis

2365 2901 2557 2972 cuique
2583 2901 2958 2971 iudicaverunt
2992 2910 3044 2958 et
3068 2903 3554 2972 confirmaverunt,

2033 2983 2094 3027 ut
2118 2975 2408 3027 secundum
2427 2971 2566 3041 quod
2589 2973 2652 3026 ad
2685 2982 2922 3041 tempore
2944 2971 3148 3041 prtefati
3179 2972 3320 3027 Petri
3354 2972 3560 3029 Barbo-

2035 3044 2138 3097 lani
2166 3044 2352 3112 jurare
2386 3043 2776 3104 debuissemus,
2828 3045 2898 3113 ita
2940 3043 3099 3097 modo
3133 3043 3430 3113 adimplere
3462 3045 3560 3098 de-

2032 3114 2253 3178 bemus;
2279 3114 2420 3182 quod
2453 3115 2523 3168 ita
2554 3114 2799 3168 fecimus.
2845 3112 2951 3167 Sed
2980 3114 3256 3183 piissimus
3288 3112 3557 3183 gloriosus

2035 3184 2139 3238 dux
2164 3184 2346 3239 senior
2369 3193 2549 3238 noster
2572 3184 2821 3237 noticiam
2849 3183 3155 3252 scriptionis
3179 3184 3374 3238 exinde
3403 3184 3560 3239 nobis

2034 3254 2181 3318 fecit,
2211 3264 2268 3307 nt
2306 3253 2358 3307 in
2389 3254 2559 3309 curtis
2587 3254 2795 3324 pallacii
2830 3253 3029 3308 ferrum
3056 3254 3302 3324 laborare
3337 3254 3561 3324 minime

2033 3326 2347 3388 debeamus,
2388 3338 2559 3393 neque
2591 3323 2705 3379 sub
2744 3323 2872 3393 jugo
2902 3324 3217 3393 gastaldioui
3267 3323 3404 3378 fabri
3436 3339 3561 3394 per-

2033 3411 2255 3450 manere
2283 3396 2592 3459 debeamus,
2626 3394 2726 3448 nisi
2756 3403 2961 3447 tantum
2995 3395 3047 3448 in
3076 3403 3287 3449 nostras
3323 3394 3563 3450 mansio-

2033 3483 2129 3520 nes
2163 3466 2408 3519 laborare
2438 3466 2726 3520 debeamus
2764 3462 2987 3529 ferrum,
3018 3475 3280 3534 quantum
3310 3479 3565 3520 carcera-

2034 3537 2147 3590 rius
2186 3536 2343 3605 hujus
2382 3534 2589 3606 pallacii
2624 3536 2777 3589 nobis
2807 3535 3095 3606 deportant
3130 3549 3251 3589 cum
3274 3535 3565 3606 omnino-

2034 3616 2147 3660 stro
2187 3602 2463 3676 precio'et
2500 3606 2786 3676 expendio,
2830 3602 2903 3658 ita
2943 3607 3085 3674 quod
3119 3603 3286 3660 ceteri
3316 3605 3459 3676 fabri
3496 3606 3565 3661 de

2035 3675 2250 3731 illorum
2278 3678 2543 3747 capitibus
2567 3675 2908 3746 persolvunt;
2940 3685 2995 3747 et
3034 3676 3195 3729 liceat
3238 3675 3395 3747 nobis
3420 3691 3559 3747 cuna-

2033 3758 2181 3802 ctum
2224 3744 2427 3801 ferrum
2455 3744 2723 3812 laborare,
2764 3746 3059 3801 secundum
3106 3745 3249 3815 quod
3287 3746 3454 3801 ceteri
3482 3744 3564 3799 fa-

2034 3818 2119 3872 bri
2147 3816 2416 3871 laborant.

2075 3818 2119 3871 ri
2147 3818 2416 3871 laborant.

2036 3929 2272 3985 Paulicis
2297 3931 2412 3985 dux
2441 3927 2659 3986 ducavit
2683 3943 2854 3984 annos
2878 3927 2949 3984 20
2979 3938 3035 3985 et
3065 3942 3281 3984 menses
3308 3927 3341 3983 6
3366 3936 3423 3984 et
3450 3927 3568 3982 dies

1967 4023 2020 4080 9.
2056 4021 2338 4078 Marcellus
2373 4022 2482 4077 dux
2524 4022 2741 4077 ducavit
2769 4035 2943 4075 annos
2992 4023 3048 4086 9,
3091 4020 3207 4075 dies
3255 4020 3346 4074 21.
3391 4017 3563 4075 Ursus

1968 4114 2076 4169 dux
2104 4114 2320 4169 ducavit
2345 4128 2517 4169 annos
2555 4113 2615 4167 11
2655 4121 2709 4166 et
2739 4124 2952 4167 menses
2979 4112 3032 4166 5.
3064 4110 3192 4166 Post
3220 4111 3562 4167 interfectio—

1968 4224 2090 4264 nem
2118 4208 2241 4264 Ursi
2272 4207 2394 4263 duci
2439 4207 2492 4261 in
2540 4206 2699 4261 annis
2728 4203 2760 4258 6
2791 4220 2894 4259 non
2927 4204 3141 4259 fuerunt
3178 4204 3342 4260 duces
3371 4203 3422 4257 in
3462 4202 3561 4257 Ve-

1968 4302 2141 4357 necia.
2176 4299 2282 4355 Sed
2319 4301 2577 4371 magister
2616 4299 2847 4354 militum
2882 4313 3002 4351 eam
3039 4295 3353 4364 judicabat;
3384 4297 3433 4349 id
3480 4306 3567 4350 est

1968 4394 2199 4449 domnus
2246 4392 2353 4447 Leo
2404 4392 2661 4462 magister
2702 4390 2930 4445 militum
2978 4388 3285 4444 seditanno
3327 4389 3376 4453 1,
3406 4387 3561 4442 Felix

1972 4485 2231 4553 magister
2277 4484 2506 4538 militum
2551 4483 2689 4536 sedit
2728 4496 2868 4535 anno
2913 4481 2964 4544 l,
3012 4478 3275 4533 Deusdedi
3318 4479 3475 4532 annis
3505 4477 3565 4545 2.

280 4588 346 4625 ea
381 4573 634 4628 videlicet
662 4574 890 4637 ratione,
929 4588 1036 4643 quo
1068 4572 1272 4626 nullum
1305 4573 1605 4628 divorcium
1646 4573 1786 4628 foret
1812 4575 1864 4629 in
1900 4542 1947 4601 ι)
1972 4575 2237 4630 Jubianus
2260 4584 2456 4646 ypatus
2485 4589 2627 4627 anno
2672 4574 2722 4637 1,
2768 4571 3041 4626 Jobanues
3086 4570 3384 4625 Fabriacus
3423 4586 3567 4624 anno

284 4666 682 4743 familiaritatis
706 4665 1143 4720 conversatione.
1174 4663 1379 4719 Deinde
1411 4666 1666 4735 quicquid
1700 4666 1868 4721 facul-

287 4761 419 4814 tatis
468 4759 723 4820 reslabat.
762 4768 931 4813 totum
984 4752 1232 4813 ecclesiis
1280 4765 1334 4812 et
1374 4759 1700 4827 pauperibus
1743 4775 1869 4814 ero-

280 4867 443 4922 guns,
471 4851 633 4904 nichil
662 4852 760 4905 sibi
787 4860 966 4920 preter
994 4850 1313 4920 dignitatem
1348 4852 1682 4906 reservabat.
1712 4852 1869 4907 Anno

284 4946 458 5015 igitur
481 4944 872 4998 lncarnationis
900 4941 1027 4997 Jesu
1058 4942 1259 4997 Christi
1295 4943 1503 4999 Domini
1547 4946 1719 4999 nostri
1753 4944 1870 5000 mil-

289 5037 486 5090 lcsimo
518 5046 732 5099 octavo,
789 5034 1006 5089 Valerio
1054 5035 1309 5087 Altinatis
1354 5037 1615 5092 tecclesiae
1654 5038 1869 5106 presule

288 5140 505 5156 βελλ-...Α
602 5130 684 5156 κ-ιξ
744 5128 1104 5156 ληῖαηιινιιιΙΛννι
1158 5128 1463 5156 nnl'unr'nnm
1524 5132 1658 5156 ..Α-,ΖΙ
1717 5136 1866 5156 ---.ῗ-

1977 4667 2028 4720 1.
2060 4664 2130 4696 ¹³⁰
2163 4666 2423 4721 Deusdedi
2449 4674 2643 4736 ypatus
2673 4664 2887 4717 ducavit
2931 4678 3100 4717 annos
3138 4662 3221 4715 13.
3261 4662 3411 4717 Galla
3457 4662 3563 4716 dux

1976 4760 2195 4815 ducavit
2223 4777 2422 4815 annum
2448 4762 2468 4813 1
2507 4770 2561 4814 et
2591 4772 2805 4814 menses
2832 4760 2886 4812 2.
2930 4759 3242 4813 Dominieus
3271 4757 3377 4810 dux
3405 4756 3568 4809 duca-

1976 4856 2055 4911 vit
2093 4870 2263 4909 annos
2294 4854 2347 4908 8.
2382 4852 2673 4908 Mauricius
2698 4852 2802 4905 dux
2833 4866 3002 4905 annos
3036 4851 3127 4903 25.
3158 4848 3434 4902 Johannes
3462 4847 3567 4899 dux

1978 4948 2193 5003 ducavit
2214 4962 2384 5001 annos
2409 4946 2503 5010 25,
2541 4944 2830 4999 Obilierius
2856 4945 2963 4997 dux
2997 4952 3050 4998 et
3078 4943 3280 4996 Beatus
3319 4940 3570 4995 sederunt

1980 5040 2032 5096 5.
2068 5037 2321 5108 Agnellus
2350 5038 2455 5093 dux
2490 5036 2708 5091 ducavit
2752 5050 2923 5089 annos
2962 5035 3047 5089 18.
3087 5030 3433 5088 Justinianus
3468 5028 3577 5083 dux

2183 5142 2194 5154 ι
2229 5145 2417 5154 --.μηη
2466 5133 2482 5152 ι
2546 5144 2755 5152 --.-»---
2786 5127 2819 5150 εὶ
2894 5125 3161 5148 1-I--....,.-

3212 5121 3319 5146 .‘....
3373 5121 3580 5146 ,Ιηιιηυξι
