4094 5252
255 331 258 334 -
269 293 370 351 θίί

1545 282 1937 344 CllRONICON
1975 281 2342 340 GRADENSE

3427 286 3531 342 9ιὲ

264 407 550 474 neminem
589 411 988 476 repperissent.
1017 416 1235 458 omnem
1274 401 1423 457 illam
1454 400 1729 456 CiVilalem
1756 397 1851 451 de‘
1882 399 1928 456 Α
1958 410 2080 466 dam
2137 412 2346 466 vicinas
2400 412 2667 484 eligerunt
2713 413 2948 481 insulas,
2996 431 3061 472 ex
3110 415 3305 487 quibus
3350 420 3530 472 vicum

276 502 598 573 predantes,
650 500 772 568 igne
817 498 1242 561 succenderunt,
1293 511 1479 550 muros
1532 508 1746 564 quoque
1794 506 1859 546 ac

276 604 459 651 turres
507 593 751 646 funditus
799 592 1202 645 subverterunt.
1257 588 1390 642 lluis
1441 601 1574 642 vero
1621 583 1858 639 civitatis

276 699 473 754 magna
505 698 633 752 pars
665 681 843 751 populi
873 682 1066 736 timore
1101 687 1348 749 correpta
1368 721 1382 743 ,
1409 694 1530 734 cum
1559 677 1613 732 in
1645 677 1857 747 paludi-

277 775 381 829 bus
415 783 471 827 et
504 774 557 827 in
599 772 791 826 insulis
827 787 1156 842 paganorum
1198 772 1467 842 fugientes
1505 772 1730 826 insidias
1766 769 1856 823 diu

279 864 583 926 habitaret,
613 864 870 918 divinitus
901 863 1102 918 factum
1137 872 1216 918 est
1236 904 1251 928 ,
1284 873 1342 917 ut
1368 865 1585 932 quidam
1626 861 1859 916 sanctis-

278 955 452 1009 simus
487 957 572 1008 vir
610 956 967 1011 Gemiuianus
1007 957 1256 1019 nomine,
1299 956 1584 1019 sacerdos,
1623 954 1860 1024 Spiritus

279 1046 456 1099 sancti
482 1045 843 1114 perlustratus
870 1047 1070 1116 gratia,
1093 1047 1277 1116 egenis
1304 1047 1527 1115 cupiens
1545 1045 1858 1108 subvenire,

279 1153 401 1191 cum
433 1139 667 1208 plurima
708 1139 823 1194 loca
862 1140 1152 1210 diligenter
1182 1140 1598 1210 perlustrasset,
1635 1139 1701 1192 ad
1741 1152 1860 1206 pre-

279 1225 446 1281 fatum
472 1228 726 1299 paludum
747 1230 1072 1299 perveniens
1095 1229 1293 1294 locum,
1321 1244 1443 1284 cum
1470 1229 1601 1282 Ario
1627 1231 1859 1297 quodam

280 1327 335 1370 et
369 1318 602 1372 Aratore
636 1319 912 1387 copiosam
951 1319 1386 1374 Christianorum
1429 1319 1624 1372 ibidem
1661 1318 1865 1372 invenit

279 1410 708 1473 multitudinem,
740 1409 935 1478 qmbns
970 1409 1099 1463 visis
1130 1425 1194 1464 ac
1222 1411 1288 1464 de
1323 1409 1644 1464 iuvencione
1673 1423 1861 1463 eormn

278 1499 573 1555 admodum
627 1502 938 1556 illarescens
989 1502 1168 1569 (1‘25),
1212 1501 1495 1556 nunciavit
1553 1501 1662 1564 eis,
1719 1499 1863 1570 quod

278 1593 519 1662 pessima
559 1593 644 1646 illa
685 1592 971 1646 multitudo
1024 1593 1206 1647 divine
1255 1601 1388 1645 nutu
1435 1590 1734 1647 clemencie
1767 1591 1860 1645 de-

279 1693 485 1740 structa
515 1693 663 1739 esset
689 1692 745 1737 et
782 1685 835 1739 in
879 1683 1138 1739 niehilum
1171 1683 1412 1738 redacta.
1445 1686 1518 1736 At
1559 1682 1631 1735 illi
1662 1681 1862 1751 gratias

1958 501 2405 559 Constanciacum
2450 516 2503 558 et
2544 509 2721 562 vicum
2765 507 3114 562 Amiauarum
3149 510 3303 564 Aurii
3334 512 3532 566 consti-

1959 603 2188 659 tuentes,
2225 599 2531 654 nontinibus
2561 609 2837 668 portarum
2865 615 2927 652 ex
2961 601 3156 668 quibus
3187 599 3402 654 fuerant
3427 603 3535 654 Au-

1958 689 2071 742 rius
2114 689 2362 744 tribunus
2404 692 2689 745 constituit
2739 691 3017 759 appellari.
3068 691 3360 762 Postquam
3405 708 3532 751 verc

1959 781 2208 834 universa
2226 781 2383 850 hujus
2399 781 2575 851 populi
2601 781 2885 836 multitudo
2899 781 3362 836 eonvicinancium
3384 784 3534 837 insu-

1959 871 2131 926 larum
2183 872 2300 927 loco
2353 875 2659 937 invaserat,
2719 889 2823 928 una
2880 874 3097 928 insimul
3154 877 3538 932 convenientes

1959 964 2193 1019 mirabili
2230 963 2403 1019 forma
2440 981 2503 1020 ac
2542 965 2811 1034 prelucida
2835 965 3082 1020 claritate
3113 967 3388 1022 basilicam
3413 969 3534 1023 fun-

1961 1053 2227 1108 daverunt
2256 1055 2308 1108 in
2334 1056 2543 1109 honore
2571 1063 2772 1109 sancta:
2789 1055 2879 1109 Dei
2909 1055 3200 1110 Genitrieis
3219 1065 3273 1109 et
3300 1057 3537 1128 Virginis

1961 1145 2162 1210 Mari-J2,
2198 1147 2563 1215 pulcherrimo
2595 1147 2900 1216 pavimento
2932 1157 3213 1213 ornatam,
3238 1148 3390 1217 cujus
3421 1166 3532 1205 me-

1963 1238 2108 1291 dium
2143 1238 2542 1307 pulchritudine
2581 1253 2676 1291 sua
2719 1247 2832 1291 rota
2865 1239 3094 1307 quedam
3128 1240 3412 1294 admodum
3442 1242 3536 1294 de-

1963 1331 2212 1383 corabat.
2263 1328 2418 1384 L'nde
2468 1330 2646 1384 omnis
2680 1329 2950 1383 habitatio
3001 1345 3104 1398 quc
3147 1330 3242 1400 ipsi
3283 1332 3536 1387 a‘cclesia‘.

1963 1423 2209 1491 proxima
2246 1422 2460 1476 eratab
2491 1423 2655 1476 Aurio
2686 1421 2902 1476 tribuno
2931 1421 3066 1474 Rota
3106 1418 3372 1491 appellata
3410 1422 3539 1488 fuit;

1963 1527 2126 1580 quam
2168 1511 2468 1566 aecclesiam
2507 1511 2759 1566 videlicet
2801 1513 3167 1581 episcopatum
3206 1513 3402 1566 Aurius
3447 1514 3542 1567 tria

1966 1601 2142 1655 bunus
2183 1601 2484 1665 constituit,
2529 1602 2673 1671 quod
2706 1601 3037 1672 episc0pium
3072 1600 3309 1670 prcl'alus
3344 1602 3539 1656 Aurius

1967 1705 2036 1745 ex
2059 1691 2466 1746 collaudacione
2490 1691 2998 1746 Metamauceusium
3020 1704 3072 1746 et
3094 1693 3542 1748 Rivoaltensiutrh

279 1786 504 1846 agenles
538 1775 981 1845 ειοτίίίεεινθτυηῑ
1025 1774 1192 1828 Deum
1225 1774 1314 1843 qui
1363 1789 1467 1827 ηοη
1506 1773 1705 1828 δεδονίί
1741 1787 1863 1841 ερο·’
1893 1749 1939 1807 Β
1971 1799 2070 1838 nec
2098 1799 2201 1838 non
2225 1799 2288 1839 ex
2316 1785 2738 1839 conlirmacioue
2765 1783 3037 1840 Obellicrii
3057 1786 3122 1818 “°
3144 1787 3282 1842 etm
3304 1787 3455 1840 Beati
3476 1786 3540 1818 ’δ’

281 1864 542 1918 rautesin
575 1879 655 1919 se.
688 1864 838 1919 Tunc
872 1865 1035 1919 Arius
1069 1873 1123 1918 et
1161 1864 1378 1929 Arator,
1415 1864 1557 1919 filius
1580 1863 1714 1928 ejus,
1739 1878 1860 1917 cum

279 1956 537 2011 oumibus
565 1956 801 2025 quicum
832 1970 896 2010 eo
930 1963 1104 2019 erant,
1134 1956 1341 2009 vicinas
1373 1956 1634 2024 quasdam
1660 1954 1864 2008 insulas

281 2062 404 2117 qua:
431 2047 484 2100 iu
515 2048 724 2101 eisdem
753 2057 910 2101 erant
945 2046 1232 2117 paludibus
1262 2047 1558 2110 intuentes,
1589 2062 1650 2100 ac
1679 2046 1868 2100 melio-

284 2156 370 2194 res
404 2155 542 2210 qnas
575 2140 840 2210 eligeraut
879 2149 1316 2210 perscrutantes,
1363 2141 1551 2196 domos
1590 2153 1645 2195 et
1679 2141 1866 2194 :ecele-

282 2231 396 2285 sias
462 2231 530 2312 in,
579 2231 782 2286 eisdem
844 2230 1124 2286 edifftcare
1176 2242 1453 2301 ceperunt.
1519 2231 1758 2298 Quarum
1810 2232 1863 2286 iu

283 2323 653 2378 ediflicatione
713 2323 955 2379 relictam
1003 2325 1301 2381 Altinensis
1341 2326 1580 2379 civitatis
1629 2325 1866 2394 pulchri-

289 2418 532 2471 tudinem
565 2433 662 2472 nec
705 2433 809 2472 non
850 2426 906 2472 et
941 2418 1232 2482 multarum
1277 2420 1504 2474 turrium
1556 2421 1866 2475 subversio-

259 2525 415 2576 ,ncm
451 2511 778 2575 recolentes,
810 2511 936 2566 licet
967 2511 1134 2564 nimio
1165 2525 1378 2566 merere
1411 2511 1646 2577 turbati,
1687 2521 1867 2566 tamen

284 2602 725 2668 supradictarum
763 2601 992 2656 tttrrium
1039 2601 1350 2656 nominibus
1383 2602 1499 2656 illas
1537 2618 1672 2671 quas
1713 2603 1865 2657 habi-

286 2699 474 2746 tantes
497 2692 562 2725 ⁸³³
600 2694 804 2748 insulas
841 2694 1206 2764 appellarunt.
1237 2694 1389 2748 Unde
1425 2694 1624 2748 factum
1659 2704 1771 2759 est,
1811 2705 1870 2748 ut

285 2782 574 2850 cujusdam
623 2786 1080 2856 excellentissime
1131 2786 1370 2856 ejusdem
1422 2786 1661 2842 civitatis
1705 2788 1871 2842 turris

286 2876 513 2931 nomine
552 2876 784 2932 Torcelli
824 2879 939 2934 Arii
989 2893 1182 2934 omnes
1234 2878 1408 2933 iusule
1456 2878 1662 2946 prefate
1711 2893 1873 2933 voca-

287 2978 504 3022 rentur.
530 2968 604 3022 Ev
627 2970 956 3039 supradictis
980 2970 1162 3038 itaque
1195 2969 1430 3023 insulam
1457 2969 1728 3037 quandam
1753 2968 1869 3022 Arii

285 3074 417 3114 eum
459 3061 780 3128 quibusdam
831 3063 946 3116 suis
983 3061 1256 3123 serviciis,
1315 3070 1374 3115 ut
1420 3061 1494 3115 ibi
1537 3061 1866 3124 habitarent,

264 3151 398 3222 _sibi
447 3153 810 3219 vindicarunt,
850 3153 940 3207 ubi
975 3154 1140 3208 etiam
1176 3153 1455 3224 proprium
1485 3168 1680 3207 nomen
1723 3169 1873 3206 com-
1898 3122 1946 3186 δ

287 3251 598 3306 mutantes,
637 3256 830 3296 omnes
867 3242 959 3312 qui
996 3257 1062 3296 ex
1093 3257 1282 3297 eorum
1319 3243 1462 3296 tribu
1495 3251 1681 3305 et'ant,
1716 3242 1871 3296 Aurii

287 3333 548 3404 appellati
598 3342 744 3390 suat.
793 3334 927 3389 Cum
969 3335 1055 3390 his
1093 3335 1310 3405 quidem
1349 3348 1540 3390 omnes
1575 3333 1649 3387 illi
1691 3334 1782 3402 qui
1818 3334 1872 3388 in

262 3429 654 3501 _Altinensium
689 3436 847 3482 erant
877 3430 1119 3494 civitate,
1157 3429 1208 3484 in
1243 3437 1398 3498 porta
1427 3427 1513 3482 illa
1553 3443 1657 3496 que
1687 3442 1874 3482 versus

290 3522 496 3577 boreas
539 3521 663 3590 (fol.
709 3522 789 3592 l‘)
827 3523 1178 3592 respiciebat,
1238 3520 1435 3576 ibidem
1490 3520 1744 3589 hospitali
1797 3519 1876 3573 vi-

288 3631 420 3672 cum
442 3615 732 3670 Burianum
759 3615 909 3670 Aurii
937 3631 966 3669 a
991 3625 1143 3685 porta
1175 3613 1263 3668 illa
1283 3612 1544 3684 appellari
1571 3613 1872 3668 constitue-

289 3709 667 3762 runt.Anrius
715 3723 842 3764 vero
891 3708 1138 3763 tribunus
1188 3721 1313 3761 eum
1362 3704 1527 3760 massi
1569 3705 1717 3772 (125)
1781 3703 1874 3774 qui

290 3799 518 3853 llacinii
562 3799 768 3854 Celires
805 3800 1054 3870 appellati
1100 3806 1249 3863 sunt,
1292 3805 1503 3852 etcum
1546 3795 1874 3865 quibusdam

290 3892 421 3946 aliis
469 3893 960 3960 quorumnomiua
1003 3893 1343 3964 ignorantur,
1384 3889 1560 3944 locum
1607 3888 1697 3958 qui
1751 3887 1876 3943 huic

292 3980 472 4035 insnle
501 3982 730 4036 vicinior
760 3990 876 4036 erat
920 3982 986 4054 ad
1016 3981 1372 4036 habitandum
1411 3979 1698 4049 eligernut.
1737 3976 1874 4032 Cum

291 4073 382 4127 his
410 4073 633 4142 quidem
661 4083 1078 4142 permanserunt
1108 4087 1296 4128 omnes
1331 4071 1403 4125 illi
1441 4071 1534 4140 qui
1573 4072 1788 4125 fuerant
1820 4071 1875 4125 in

279 4151 509 4233 iprel’ata
541 4164 760 4219 civitate
792 4165 859 4218 dc
891 4179 1081 4218 eorum
1120 4172 1296 4234 porta,
1330 4163 1485 4234 juxta
1515 4177 1676 4231 quam
1709 4161 1876 4216 turris

291 4271 493 4326 magna
533 4264 588 4310 et
623 4256 783 4312 nitnis
817 4257 1032 4312 excelsa
1070 4255 1266 4320 funerat,
1299 4271 1367 4310 ex
1395 4269 1499 4324 qua
1527 4263 1648 4311 erat
1676 4254 1757 4309 eis
1790 4254 1877 4308 in-

292 4348 496 4402 troitus
513 4357 569 4402 et
584 4351 779 4402 exitus.
808 4347 961 4403 llunc
978 4363 1211 4416 namque
1233 4335 1406 4402 locum
1423 4347 1788 4402 inhabitantes
1810 4361 1873 4400 ex

1967 1877 2199 1942 dueum,
2246 1878 2336 1948 qui
2384 1890 2510 1932 tunc
2555 1877 2832 1933 Venetiam
2879 1880 3160 1951 regebant,
3198 1881 3450 1934 ducatum
3492 1881 3541 1934 io

1968 1971 2170 2040 proprii
2227 1969 2450 2025 dominii
2491 1969 2614 2039 jure
2671 1971 2982 2025 vindicavit.
3042 1970 3247 2037 Quibus
3295 1971 3543 2025 erunibus

1967 2061 2280 2129 cotnpositis
2332 2071 2386 2116 et
2425 2061 2723 2127 ordinatis,
2772 2062 3012 2130 profatus
3050 2061 3250 2116 Aurius
3297 2061 3544 2115 tribunus

1967 2165 2092 2204 cum
2139 2152 2390 2206 universa
2429 2153 2606 2221 populi
2656 2152 3001 2206 multitudine
3044 2155 3134 2222 qui
3187 2169 3250 2206 ex
3302 2153 3542 2222 ptedicta

1968 2242 2234 2297 Altineusi
2290 2244 2647 2314 confugerant
2698 2245 2916 2300 civitate
2943 2287 2958 2314 ,
3005 2244 3351 2300 Obelierio‘"
3393 2261 3449 2299 et
3479 2244 3543 2278 ιδί

1969 2335 2136 2388 Beato
2175 2335 2465 2406 (li7-8)'“
2488 2336 2714 2391 ducibus
2749 2337 2882 2392 colla
2923 2337 3305 2392 submittentes
3335 2351 3391 2391 se
3421 2338 3550 2390 sub-

1965 2425 2311 2496 jugaverunt.
2338 2442 2402 2480 eo
2432 2427 2623 2481 ordine
2663 2443 2768 2495 quo
2795 2426 2842 2480 in
2869 2426 3075 2496 prcfata
3098 2428 3316 2481 civitate
3341 2427 3460 2498 (fol.
3491 2425 3548 2496 9.)

1971 2515 2098 2570 olim
2122 2517 2321 2570 subditi
2348 2517 2558 2571 fuerant
2581 2519 2806 2571 dllCllJllS
2831 2519 2920 2587 qui
2949 2518 3116 2585 ipsius
3139 2519 3376 2587 regimen
3403 2518 3550 2570 obttn

1973 2616 2223 2660 nucraut.
2257 2602 2352 2660 llis
2376 2622 2606 2675 namque
2628 2608 2885 2676 patratis,
2915 2616 2973 2660 ut
2996 2622 3156 2676 supra
3189 2617 3547 2661 memoratum

1973 2708 2074 2761 est,
2105 2713 2171 2752 ex
2200 2699 2551 2752 concessione
2586 2697 2697 2767 jam
2742 2699 3006 2754 dictorum
3051 2701 3248 2754 ducum
3286 2709 3337 2752 et
3373 2698 3551 2769 populi

1974 2790 2374 2846 collaudatione
2400 2791 2631 2858 quedam
2665 2789 2842 2843 littora
2875 2789 2924 2842 in
2947 2791 3140 2859 prel'a'i
3172 2790 3325 2842 Aurii
3353 2790 3550 2843 tribuni

1973 2888 2246 2949 potestate
2272 2893 2533 2934 concessa
2563 2888 2706 2934 sunt.
2737 2879 2789 2932 In
2817 2881 2992 2948 primo
3018 2895 3247 2948 quorum
3284 2879 3554 2947 quendam

1976 2971 2222 3025 Maurum
2265 2970 2654 3039 presbiterum,
2695 2970 2785 3039 qui
2829 2971 2893 3024 de
2933 2968 3291 3024 Altiuensium
3345 2971 3558 3038 fugerat

1976 3061 2227 3128 civitate,
2265 3060 2497 3125 invenit;
2529 3061 2622 3130 qui
2662 3061 2710 3114 ei
2744 3061 3036 3115 ordinatim
3064 3062 3246 3116 omnia
3287 3063 3555 3130 exposuit,

1975 3154 2207 3224 qualiter
2257 3151 2362 3207 sibi
2415 3153 2558 3208 Deus
2622 3152 2956 3206 revelaverat
3020 3151 3289 3221 quendam
3349 3149 3554 3203 heremi

1977 3243 2171 3306 locum,
2211 3243 2264 3296 in
2297 3258 2405 3313 quo
2429 3242 2602 3297 sancti
2636 3244 2886 3296 martires
2922 3239 3152 3296 llermes
3180 3248 3236 3295 et
3265 3238 3560 3293 llerasmus

1976 3337 2031 3392 in
2060 3335 2154 3390 Dei
2189 3335 2396 3391 honore
2421 3343 2478 3390 et
2503 3349 2691 3390 eorum
2722 3335 2956 3390 nominis
2987 3333 3144 3388 titulo
3169 3332 3472 3388 accelesiam
3510 3330 3560 3384 ci

1975 3431 2253 3486 ediflicare
2287 3428 2594 3498 iusserant,
2627 3427 2784 3496 cujus
2823 3430 2986 3482 etiam
3022 3427 3326 3482 mercedem
3358 3425 3432 3479 illi
3464 3425 3562 3479 im-

1974 3523 2213 3594 pendere
2233 3522 2626 3592 promiserunt.
2659 3520 2716 3576 ln
2750 3521 2994 3588 sequenti
3027 3534 3246 3589 quoque
3275 3518 3456 3572 littore
3485 3516 3562 3570 al-

1976 3615 2260 3670 bissimam
2296 3613 2495 3668 nubem
2536 3612 2637 3667 sibi
2679 3611 2996 3680 apparuisse
3041 3611 3284 3674 dicebat,
3337 3623 3405 3662 ex
3452 3623 3560 3677 qua

1975 3707 2112 3760 duos
2140 3703 2406 3759 claritatis
2437 3703 2583 3773 velut
2625 3705 2756 3756 solis
2799 3701 2977 3754 radios
3025 3699 3372 3769 reSplendere
3407 3699 3557 3752 vide-

1977 3804 2084 3851 rat.
2132 3795 2214 3848 Ad
2248 3808 2412 3863 quam
2454 3808 2578 3848 eum
2611 3806 2869 3862 propptus
2903 3789 3221 3852 accederet,
3254 3790 3558 3844 clarissima

1976 3903 2110 3944 voce
2128 3887 2229 3943 sibi
2253 3887 2521 3941 dicentem
2547 3884 2751 3938 audivit
2779 3903 2791 3935 :
2822 3902 2840 3934 c
2864 3882 2973 3951 Ego
2995 3896 3112 3934 sum
3134 3881 3390 3935 Dominus
3417 3881 3557 3936 Dens

1979 3979 2232 4035 Salvator
2267 3986 2323 4033 et
2354 3977 2529 4031 tocius
2556 3974 2706 4030 orbis
2737 3973 3064 4028 dominator.
3099 3972 3266 4025 Terra
3294 3980 3473 4024 autem
3501 3972 3558 4025 in

1976 4087 2084 4144 qua
2127 4081 2276 4134 stas,
2305 4082 2438 4124 cave
2467 4076 2527 4122 ut
2555 4068 2608 4121 in
2641 4067 2756 4136 ipso
2787 4065 2924 4128 loco,
2965 4079 3123 4134 quem
3159 4063 3255 4117 tibi
3283 4071 3557 4117 monstra-

1977 4180 2129 4230 vero,
2174 4163 2228 4218 in
2264 4161 2486 4216 nomine
2525 4174 2644 4214 meo
2686 4157 2962 4212 basilicam
2997 4165 3302 4210 construas.
3341 4172 3360 4204 ι
3403 4151 3560 4208 Tunc

1979 4259 2150 4314 nubes
2187 4256 2279 4310 illa
2318 4269 2442 4309 cum
2485 4249 2712 4322 prefatis
2754 4250 2918 4304 radiis
2959 4263 3063 4302 non
3101 4248 3258 4317 longe
3295 4249 3361 4301 ad
3389 4246 3557 4300 alium

1981 4347 2322 4404 transferens
2371 4360 2431 4400 se
2468 4343 2680 4403 locum,
2720 4357 2773 4396 tn
2817 4355 2925 4411 quo
2976 4339 3252 4395 dulcisoua
3307 4338 3409 4393 alia
3455 4351 3560 4391 vox

292 4445 450 4504 porta
468 4445 522 4490 et
542 4437 674 4490 turri
700 4437 784 4491 illa
804 4453 998 4509 magna
1015 4438 1203 4492 V‘icum
1227 4435 1684 4506 Majoribus(l26)
1708 4435 1874 4490 isdem
1905 4467 1956 4528 ι)
1983 4441 2124 4495 facta
2161 4448 2247 4495 est
2279 4439 2348 4493 de
2384 4437 2525 4492 nube
2559 4435 2744 4490 dicens
2776 4451 2787 4486 :
2830 4451 2849 4483 ι
2887 4432 2996 4501 Ego
3030 4447 3148 4485 sum
3181 4430 3351 4485 Maria
3376 4427 3562 4484 domui

289 4528 498 4587 Aurius
535 4530 816 4584 constituit
852 4529 1133 4599 appellari.
1171 4529 1226 4584 In
1263 4545 1368 4600 qua
1398 4530 1612 4582 lllaxum
1650 4526 1875 4581 militem

290 4617 484 4688 jndicii
523 4620 670 4674 fecit.
701 4622 842 4676 ldem
864 4621 1066 4676 Aurius
1100 4623 1351 4677 tribunus
1396 4637 1518 4676 cum
1551 4619 1876 4684 Fraudunis,

291 4711 390 4781 qui
418 4722 472 4765 et
504 4711 704 4767 Faletri
735 4714 1098 4783 appellantur,
1127 4723 1179 4768 et
1209 4713 1496 4774 Rusticus,
1528 4711 1620 4780 qui
1650 4709 1877 4763 Luthoi-

297 4812 390 4857 tus
439 4789 656 4867 dicitur,
703 4815 758 4859 et
804 4805 1156 4870 Calciamiri,
1201 4820 1338 4874 quos
1385 4804 1622 4859 Gambas
1677 4801 1882 4856 sericas

281 4893 671 4966 nominarunt,
715 4913 839 4951 cum
879 4896 1176 4952 viatoribus
1210 4909 1265 4952 et
1301 4895 1621 4966 quibusdam
1655 4893 1880 4962 reliquis

296 5001 532 5057 quorum
578 4991 791 5046 nomina
840 4991 1180 5062 ignorantur,
1222 5005 1411 5046 omnes
1453 4985 1672 5043 insimul
1711 5002 1879 5056 quas-

1981 4534 2108 4591 Jesu
2131 4532 2334 4588 Christi
2367 4530 2567 4594 Mater;
2599 4544 2651 4582 m
2679 4530 2781 4582 hoc
2805 4526 2922 4581 loco
2944 4524 3246 4580 :ecclesiam
3278 4524 3330 4578 in
3357 4524 3563 4577 honore

1985 4627 2089 4683 mei
2114 4626 2350 4680 nominis
2381 4623 2502 4678 volo
2531 4631 2589 4676 ut
2616 4610 2896 4683 ediflices;
2936 4639 2954 4670 ι
2991 4633 3151 4686 quem
3189 4617 3350 4672 etiam
3384 4617 3561 4670 locum

1985 4719 2089 4776 sibi
2124 4720 2416 4772 denotasse
2455 4713 2656 4768 aiebat.
2693 4711 2749 4765 ln
2792 4711 2960 4765 tercio
2997 4717 3177 4761 autem
3207 4711 3336 4761 eum
3379 4719 3567 4775 perve-

1985 4811 2157 4865 nisset
2195 4809 2398 4870 littore,
2438 4803 2678 4876 ejusdem
2711 4801 2910 4856 littoris
2946 4797 3294 4853 medietatem
3336 4812 3403 4849 ex
3439 4808 3568 4876 gen-

1989 4904 2136 4958 cium
2186 4907 2242 4952 et
2282 4875 2476 4969 populi
2502 4894 2713 4948 diversa
2756 4888 3103 4945 multitudine
3147 4875 3482 4954 occupatam'
3509 4896 3569 4936 se

1987 4992 2192 5048 vidisse
2230 4987 2507 5045 narrabat.
2534 4981 2697 5052 Cujus
2724 4979 2827 5034 alia
2862 4977 3126 5033 medietas
3165 4975 3327 5029 boum
3369 4988 3434 5027 ac
3470 4972 3568 5025 bu-

1623 5174 1855 5234 VARIXE
1892 5169 2299 5236 LECTIONES.
