4094 5252
507 248 510 251 ’
530 278 638 335 us

1736 272 2018 333 JOANNIS
2059 272 2328 330 DIACONI
2370 272 2618 329 VENETI

3688 276 3800 331 οη

529 389 772 446 balorum
810 387 1162 446 densissimas
1197 387 1343 444 acies
1375 386 1678 458 vegetabat.
1708 387 1769 444 ln
1802 388 1981 444 medio
2008 402 2107 441 au-
2139 391 2186 449 Α
2215 400 2440 456 parvam
2466 384 2769 442 ecclesiam
2802 386 2854 441 in
2881 386 3086 442 honore
3118 386 3210 442 Dei
3235 397 3287 440 et
3317 387 3490 442 sancti
3512 384 3799 459 Johannis,

533 493 640 536 tem
674 481 857 538 liuore
897 483 1066 537 nubes
1109 481 1197 535 illa
1233 480 1617 537 candidissima
1653 494 1776 537 cum
1810 480 1925 536 suis
1953 479 2118 535 radiis

2219 474 2359 530 sicut
2394 475 2536 530 idem
2575 485 2796 532 sanctus
2829 476 3061 546 baptista
3099 477 3198 547 ipsi
3241 475 3428 533 Mauro
3458 487 3799 542 ostenderat,

534 574 708 632 stetit.
740 573 824 628 Ad
852 588 1017 644 quam
1047 587 1173 629 cum
1203 571 1558 636 accessisset,
1592 570 1879 643 Splendida
1908 570 2119 628 canicie
2213 562 2368 633 iuxta
2415 565 2612 619 atrium
2652 566 2911 637 episeopii
2945 566 3083 621 mira
3123 565 3523 636 pulchritudine
3560 567 3805 623 edimca-

532 677 719 718 senem
770 661 1037 731 quendam
1086 660 1138 714 in
1187 660 1587 730 speciosissima
1650 661 1779 717 sede
1834 660 2118 727 sedentem

533 750 673 806 infra
700 751 869 821 ipsam
895 751 1090 805 nubem
1113 749 1512 820 contemplatus
1547 758 1654 815 est,
1687 765 1810 807 eum
1838 764 1945 819 quo
1967 749 2119 805 vide-

534 840 663 897 licet
695 839 913 911 juvenis
955 839 1176 909 quidam
1225 850 1378 907 erat,
1423 840 1649 895 insimul
1685 839 2116 896 confabulantes.

532 933 684 988 'l'uac
711 933 894 987 senior
924 931 1012 987 ille
1046 931 1122 986 ait
1154 932 1330 988 eidem
1365 932 1552 989 Mauro
1576 933 1882 1002 presbitero
1910 946 1926 987 :
1960 950 1979 984 ι
2010 932 2122 1002 Ego

534 1040 656 1082 sum
683 1024 878 1080 Petrus
908 1023 1279 1095 apostolorum
1304 1024 1586 1095 princeps,
1617 1040 1646 1080 a
1677 1024 1972 1080 Christiani
2000 1038 2122 1095 gre-

536 1117 618 1189 gis
662 1123 887 1185 pastore
934 1114 1293 1178 constitutus,
1348 1122 1410 1168 ut
1447 1114 1616 1184 ipsius
1648 1129 1870 1185 pascam
1903 1128 2034 1170 oves
2068 1122 2125 1169 et

501 1280 505 1283 Δ
535 1219 725 1276 agnos.
758 1203 912 1259 Nune
945 1204 997 1258 in
1034 1212 1386 1273 peccatorum
1423 1212 1638 1259 tuorum
1676 1205 1998 1260 remissione
2026 1205 2123 1261 tibi

533 1298 777 1369 injungo,
816 1297 1075 1369 quatinus
1118 1297 1186 1351 ad
1226 1296 1322 1351 Dei
1372 1297 1637 1353 honorem
1678 1296 1814 1366 (fol.
1852 1296 1941 1369 ε’)
1976 1305 2031 1353 et
2068 1298 2122 1352 in

535 1392 641 1447 mei
670 1391 907 1447 nominis
941 1388 1099 1445 titulo
1118 1389 1431 1445 honorifice
1458 1390 1512 1444 in
1541 1389 1643 1445 hoc
1670 1389 1788 1445 loco
1823 1389 2122 1447 accelesiam

534 1483 765 1539 fundare
806 1483 1060 1549 studeas,
1101 1491 1161 1537 ut
1202 1483 1254 1536 in
1295 1481 1534 1537 natalicii
1573 1483 1680 1537 mei
1719 1482 1808 1538 die
1840 1484 2125 1539 universus

536 1573 893 1631 Torcellanus
940 1573 1169 1646 pepulus
1202 1574 1265 1628 in
1321 1587 1383 1629 ea
1438 1584 1816 1646 congregetur.
1864 1593 1883 1627 ι
1934 1573 2128 1631 Junior

533 1681 665 1721 vero
688 1667 799 1731 ille,
830 1667 923 1737 qui
952 1681 1076 1722 cum
1107 1680 1174 1720 eo
1202 1675 1342 1731 erat,
1371 1666 1508 1721 dixit
1539 1681 1555 1720 :
1594 1685 1614 1719 ‹
1649 1666 1761 1738 Ego
1783 1682 1904 1723 sum
1936 1682 2125 1724 servus

2220 668 2436 715 verunt.
2456 659 2521 715 In
2550 661 2666 731 ipsa
2697 675 2912 732 quoque
2937 661 3280 730 baptismatis
3308 660 3486 717 fontes
3510 669 3801 731 ponentes,

2220 752 2421 805 mirum
2466 754 2521 807 in
2565 754 2782 808 modum
2824 768 2921 822 per
2955 752 3199 809 occultos
3238 760 3448 808 meatus
3489 751 3547 807 in
3588 752 3801 807 eisdem

2221 841 2461 899 fontibus
2486 860 2656 900 aereas
2690 844 2987 901 bestiarum
3030 845 3293 916 imagines
3324 860 3498 915 aquas
3544 859 3804 900 evomere

2222 933 2492 990 fecerunt.
2545 934 2640 991 llis
2694 936 2877 1006 itaque
2923 936 3196 1006 peractis,
3252 935 3495 1005 prefatus
3545 934 3807 990 sacerdos

2223 1024 2443 1081 Maurus
2477 1040 2664 1081 secum
2703 1025 2858 1081 duxit
2892 1026 3121 1080 Aurinm
3154 1025 3425 1081 tribunum
3460 1027 3530 1080 ad
3568 1024 3723 1079 littus
3751 1024 3806 1078 in

2223 1133 2331 1188 quo
2373 1128 2560 1174 saneta
2612 1118 2714 1175 sibi
2766 1127 3091 1189 apparuerat
3132 1116 3366 1172 Justina.
3412 1117 3603 1188 ibique
3648 1116 3802 1186 juxta

2224 1214 2368 1284 quod
2408 1214 2461 1269 in
2500 1214 2710 1285 prefata
2750 1214 2962 1270 visione
2995 1214 3096 1270 sibi
3122 1214 3415 1269 revelatum
3447 1212 3653 1273 fuerat,
3682 1226 3805 1282 par-

2224 1322 2346 1363 vam
2374 1308 2683 1364 meclesiam
2713 1318 3033 1365 construere
3057 1305 3204 1362 fecit.
3234 1306 3437 1362 Deinde
3466 1306 3722 1361 veniente
3756 1305 3810 1358 in

2226 1398 2377 1455 littus
2405 1399 2457 1454 in
2485 1415 2593 1469 quo
2624 1400 2871 1471 gencium
2902 1414 2965 1453 ac
2999 1388 3159 1454 bOum
3190 1397 3293 1454 sibi
3321 1405 3651 1470 apparuerat
3675 1395 3811 1451 mul-

2227 1490 2438 1554 titudo,
2479 1491 2775 1545 secundum
2814 1490 2956 1560 quod
3002 1490 3055 1543 in
3088 1486 3297 1560 prefata
3337 1486 3671 1543 revelatione
3708 1486 3809 1542 sibi

2223 1579 2432 1651 jussum
2466 1578 2674 1646 fuerat,
2702 1579 3011 1636 arcelesiam
3047 1579 3102 1634 in
3137 1579 3342 1635 honore
3378 1578 3553 1633 sancti
3584 1575 3734 1631 Petri
3760 1584 3814 1629 et

2229 1669 2391 1726 aliam
2424 1685 2645 1741 parvam
2684 1669 2973 1727 ecclesiam
3016 1670 3068 1724 in
3099 1669 3304 1725 honore
3336 1670 3512 1725 sancti
3551 1666 3812 1722 Antonini

536 1758 633 1814 Dei
662 1759 881 1814 nomine
906 1757 1241 1823 Antoninus,
1284 1757 1375 1828 qui
1408 1773 1507 1829 pro
1535 1756 1737 1814 Christi
1769 1759 1984 1814 nomine
2009 1774 2128 1830 pas-
2158 1744 2201 1805 Β
2221 1767 2484 1833 martyris
2521 1761 2955 1818 ediflicaverunt.
2990 1760 3170 1816 Littns
3200 1769 3379 1817 autem
3420 1760 3583 1815 boum
3613 1758 3818 1815 Aurius

536 1865 632 1905 sus
667 1848 766 1905 fui.
794 1849 1029 1919 Ideoque
1061 1848 1305 1919 precipio
1333 1849 1453 1914 tibi,
1485 1857 1797 1920 utparvam
1826 1849 2126 1905 mcelesiam

534 1938 686 2009 juxta
726 1938 975 2010 magistri
1020 1938 1126 1993 mei
1167 1938 1452 1994 basilicam
1484 1940 1537 1994 in
1572 1939 1781 1996 honore
1821 1939 1914 1995 Dei
1941 1949 1998 1996 et
2026 1940 2129 1995 sub

542 2030 703 2085 titulo
754 2030 991 2086 nominis
1040 2018 1147 2085 mei
1201 2030 1463 2086 edifliccs.
1516 2030 1694 2088 Nichil
1741 2041 1918 2088 tamen
1966 2031 2128 2087 alieni

540 2123 722 2193 operis
768 2109 914 2178 inter
957 2131 1216 2193 utrasque
1258 2122 1443 2180 facere
1489 2139 1794 2195 presumas.
1833 2124 1890 2181 In
1933 2141 2039 2196 qua
2084 2126 2129 2183 si

538 2220 662 2288 quis
688 2215 837 2286 juste
878 2232 945 2273 ac
984 2217 1176 2274 devota
1223 2226 1407 2273 mente
1446 2217 1650 2289 aliquid
1688 2219 1949 2290 pecierit,
1998 2220 2133 2275 meis

537 2312 794 2385 precibus
836 2309 978 2380 apud
1017 2298 1188 2365 Deum
1237 2309 1486 2367 obtinere
1530 2326 1639 2365 non
1688 2310 1945 2382 ambiget.
1989 2311 2135 2368 Cave

540 2411 633 2469 ut,
679 2402 824 2457 sicut
857 2402 955 2459 tibi
997 2401 1496 2473 designaverimus,
1532 2402 1702 2474 ipsius
1733 2386 2134 2461 a‘cclesiasvex-

540 2501 727 2548 truere
756 2490 948 2548 facias.
986 2510 1007 2547 ο
1043 2491 1101 2547 ln
1130 2502 1387 2564 quartum
1423 2502 1603 2549 autem
1642 2508 1768 2549 cum
1796 2495 2137 2565 pervenisset

542 2582 734 2649 littus,
769 2583 945 2640 visum
976 2581 1078 2638 fuit
1108 2583 1188 2647 ei,
1223 2583 1366 2654 quod
1405 2592 1577 2640 totum
1609 2582 1764 2640 littus
1798 2584 1969 2641 vineis
1992 2594 2137 2642 esset

540 2674 794 2746 plenum,
847 2675 1248 2731 maturissimas
1301 2689 1438 2731 uvas
1492 2675 1853 2743 habentibus;
1903 2685 1960 2733 et
2009 2692 2137 2735 ecce

544 2767 717 2823 nubes
756 2767 877 2834 illa,
914 2782 1079 2839 quam
1102 2766 1281 2838 paulo
1311 2778 1440 2823 ante
1473 2767 1741 2835 diximus,
1778 2770 2030 2841 apparuit
2063 2770 2134 2827 ei.

546 2860 632 2915 Ad
689 2875 1022 2931 quamcum
1069 2859 1421 2926 accessisset,
1472 2858 1666 2916 decora
1730 2860 2137 2933 faciepuellam

545 2953 821 3020 quandam
869 2952 926 3007 in
976 2947 1397 3024 sedeprcciosa
1444 2952 1722 3009 sedentem
1763 2956 1991 3024 aspexit.
2025 2954 2141 3022 Que

552 3042 737 3098 dixit:
776 3063 794 3096 ι
847 3043 960 3115 Ego
997 3058 1118 3099 sum
1168 3042 1381 3098 Justina
1422 3043 1603 3114 virgo,
1651 3059 1759 3115 que
1799 3058 1900 3114 pro
1938 3044 2138 3100 Christi

556 3135 776 3190 nomine
807 3134 862 3189 in
889 3133 1079 3189 Patavi
1109 3134 1330 3189 civitate
1361 3147 1518 3204 passa
1549 3130 1653 3199 fui;
1689 3149 1788 3203 pro
1816 3133 2142 3204 ejnsamore

552 3236 607 3281 te
641 3226 924 3296 deprecor.
954 3232 1014 3280 ut
1043 3239 1267 3296 parvam
1305 3225 1606 3281 tecclcsiam
1640 3224 1696 3281 in
1727 3224 1822 3282 Dei
1851 3226 2062 3283 honore
2089 3237 2144 3284 et

554 3315 661 3370 inci
701 3314 938 3369 nominis
968 3315 1493 3380 commemoratione
1541 3315 1594 3370 in
1647 3317 1753 3372 hoc
1787 3314 1972 3373 littore
2009 3333 2143 3375 con-

554 3413 767 3460 struere
794 3403 984 3461 facias.
1015 3424 1034 3457 ι
1069 3403 1168 3460 llis
1184 3405 1439 3460 omnibus
1461 3404 1640 3460 taliter
1667 3406 1943 3474 revelatis,
1970 3408 2143 3464 visum

555 3498 656 3551 sibi
694 3482 874 3552 fuerat
903 3495 956 3551 in
996 3495 1277 3566 cujusdam
1309 3496 1628 3552 brevissime
1666 3499 1849 3555 tumhe
1882 3498 1944 3571 [ὅ.
1974 3516 2022 3554 e.
2062 3509 2147 3555 tu-

557 3586 726 3668 muli].
757 3587 877 3643 loco
920 3587 1247 3659 persistere,
1291 3586 1381 3643 ubi
1419 3597 1475 3643 et
1503 3588 1675 3643 nubes
1712 3588 1801 3644 illa
1842 3589 2019 3646 lucida
2051 3606 2150 3662 ap-

558 3683 743 3751 paruit
788 3682 872 3748 ei,
918 3696 1081 3751 supra
1121 3696 1284 3751 quam
1321 3680 1490 3736 solem
1544 3680 1939 3740 illustrantibus
1981 3685 2147 3740 radiis

562 3772 798 3845 aspexit.
839 3771 895 3826 In
921 3772 1110 3826 eadem
1141 3783 1324 3826 autem
1352 3772 1494 3826 nube
1523 3772 1606 3826 vir
1634 3771 1852 3842 quidam
1884 3774 2148 3830 mirabilis

558 3874 781 3935 aspectu
815 3872 973 3928 erat,
1019 3864 1205 3919 dicens
1238 3864 1287 3918 ei
1318 3882 1331 3918 :
1367 3880 1385 3914 ι
1422 3863 1534 3935 Ego
1582 3879 1701 3919 sum
1747 3864 2022 3922 Johannes
2047 3866 2147 3923 ba-

558 3960 719 4032 ptista
743 3973 1029 4029 precursor
1052 3958 1294 4024 Domini;
1319 3957 1581 4028 deprecor
1602 3966 1653 4012 te
1675 3973 1771 4028 per
1788 3974 1983 4014 nomen
2010 3957 2147 4028 ejus,

558 4062 620 4107 ut
640 4053 953 4118 ,secundum
983 4052 1123 4106 hanc
1152 4066 1312 4121 quam
1348 4050 1442 4105 tibi
1479 4050 1532 4104 in
1574 4050 1678 4105 hoc
1705 4050 1824 4106 loco
1854 4053 2150 4107 ostendero

560 4141 794 4205 formam
826 4140 1130 4196 (ecclesiam
1173 4139 1334 4194 michi
1371 4138 1649 4195 edifticare
1681 4138 1869 4195 facias.
1902 4160 1923 4192 ι
1959 4142 2013 4195 lu
2043 4157 2149 4212 qua

560 4240 649 4293 die
687 4245 961 4308 noctuque
998 4237 1338 4293 orationibus
1377 4253 1441 4293 ac
1473 4238 1672 4307 vigiliis
1709 4236 1811 4293 sibi
1843 4250 2038 4291 vacare
2072 4234 2152 4288 in-

557 4327 765 4397 junxit,
812 4341 916 4382 nec
950 4341 1053 4382 non
1089 4342 1187 4397 per
1215 4328 1440 4382 anulum
1490 4343 1555 4384 ac
1592 4329 1864 4398 scripture
1901 4327 2150 4397 paginam

2153 3094 2213 3157 (Ξ

2228 1851 2483 1907 tribunus
2528 1852 2809 1908 constituit
2856 1853 2959 1908 hoc
2998 1851 3277 1923 appellari.
3308 1851 3515 1907 Deinde
3554 1850 3625 1905 ad
3671 1848 3817 1905 aliud

2230 1948 2385 2003 littus
2438 1948 2777 2004 transfretari
2838 1948 3159 2019 cupientes,
3217 1947 3553 2003 albissimam
3614 1946 3816 2001 nubem

2231 2057 2396 2115 supra
2427 2042 2478 2098 id
2510 2043 2577 2098 ad
2598 2044 2740 2114 quod
2774 2044 3062 2099 tendebant
3096 2043 3248 2099 littus
3270 2042 3542 2098 viderunt.
3569 2039 3655 2097 Ad
3676 2039 3817 2111 quod

2231 2150 2356 2190 cum
2382 2137 2785 2205 pervenissent,
2810 2144 3171 2192 evanescente
3202 2126 3379 2199 nube,
3414 2132 3719 2189 secundum
3754 2146 3816 2186 ea

2233 2239 2340 2298 que
2384 2224 2495 2282 illic
2537 2234 2892 2297 reppererant
2940 2227 3094 2297 signa
3141 2225 3439 2281 mcclesiam
3499 2225 3554 2279 in
3613 2226 3818 2281 honore

2234 2319 2415 2375 domni
2453 2319 2751 2376 Salvatoris
2776 2318 3205 2376 ediﬁicaverunt.
3242 2319 3321 2374 Ex
3355 2318 3569 2389 prefate
3592 2318 3813 2389 quidem

2238 2408 2355 2465 albe
2378 2409 2539 2465 nubis
2574 2409 2813 2473 visione,
2846 2408 2999 2464 littus
3024 2408 3221 2464 Album
3248 2408 3391 2464 idem
3415 2408 3619 2463 Aurius
3653 2406 3818 2463 tribn~

2236 2516 2340 2557 nus
2367 2500 2497 2557 illud
2528 2500 2810 2557 constituit
2839 2500 3132 2555 nominari.
3158 2500 3240 2555 Ad
3279 2497 3442 2567 hujus
3466 2498 3675 2555 littoris
3704 2514 3820 2553 ver-

2242 2608 2336 2650 sus
2365 2593 2644 2649 dexteram
2674 2592 2982 2662 gradientes
3002 2591 3458 2663 partem,sieutin
3485 2589 3698 2661 profata
3721 2589 3819 2644 sibi

2242 2694 2521 2741 ostensum
2550 2682 2721 2738 fuerat
2759 2682 2966 2738 visione
3009 2691 3065 2736 et
3090 2696 3123 2736 ia
3152 2680 3357 2736 sanctis
3384 2681 3709 2736 martiribus
3734 2682 3821 2737 de-

2239 2778 2536 2849 signatum,
2558 2773 2857 2831 mcclesiam
2886 2773 2939 2828 in
2965 2774 3170 2828 honore
3194 2781 3508 2828 sanctorum
3535 2772 3822 2828 martirum

2241 2866 2513 2924 Hermetis
2537 2873 2592 2921 et
2618 2863 2867 2919 Herasmi
2898 2861 3312 2919 editiicaverunt
3330 2864 3399 2895 ⁸³⁸
3426 2861 3583 2932 cujus
3613 2879 3822 2920 merce-

2241 2958 2326 3015 dis
2347 2956 2615 3028 promissa
2643 2956 2823 3011 locum
2854 2955 2908 3010 in
2934 2970 3045 3027 quo
3071 2955 3261 3010 altaria
3284 2955 3557 3012 fodientes
3583 2957 3823 3012 destina-

2242 3059 2457 3115 verant,
2486 3049 2783 3121 plurimurn
2809 3052 2926 3106 auri
2954 3052 3301 3118 invenerunt,
3327 3062 3385 3107 et
3413 3053 3483 3108 ob
3504 3054 3611 3108 hoc
3628 3053 3826 3108 Aurins

2246 3141 2495 3196 tribunus
2520 3141 2637 3211 (fol.
2668 3141 2741 3213 δ’)
2783 3141 2934 3198 littus
2964 3141 3229 3199 Mercedis
3269 3144 3555 3200 constituit
3592 3143 3701 3201 hoc
3730 3158 3826 3215 ap-

2242 3233 2456 3305 pellari.

2313 3324 2558 3394 Expletis
2587 3325 2672 3381 his
2698 3326 2973 3394 omnibus,
3007 3325 3107 3383 hcc
3134 3328 3317 3384 omnia
3366 3341 3474 3398 que
3512 3342 3679 3398 supra
3720 3340 3827 3382 me-

2247 3420 2582 3475 moravimus
2612 3420 2795 3476 littora
2823 3421 3065 3492 profatus
3089 3422 3430 3478 Attritis-cum
3456 3422 3661 3477 ceteris
3678 3409 3828 3494 'ejus-

2247 3513 2369 3568 dem
2397 3514 2657 3584 episcopii
2689 3515 3023 3586 principibus
3068 3516 3122 3570 in
3163 3515 3288 3587 jure
3320 3515 3540 3587 proprie
3583 3514 3830 3570 domina-

2250 3603 2414 3660 tionis
2434 3604 2540 3660 sub
2564 3606 2754 3664 eodem
2781 3606 3095 3677 episcopatu
3124 3614 3500 3676 susceperunt.
3539 3605 3601 3661 In
3635 3606 3831 3677 quibus

2236 3698 2411 3753 etiam
2451 3698 2651 3754 multos
2670 3699 2948 3770 agricolas
2993 3715 3089 3754 seu
3122 3700 3346 3755 colonos
3381 3699 3826 3754 constituerunt:

2250 3789 2351 3844 hoc
2388 3791 2571 3860 itaque
2619 3791 2776 3844 modo
2821 3799 2879 3843 ut
2912 3789 3090 3844 nullus
3123 3791 3175 3843 in
3205 3790 3409 3846 eisdem
3448 3789 3726 3845 littoribus
3751 3791 3830 3844 vi-

2251 3896 2386 3936 ncas
2436 3881 2522 3936 vel
2577 3880 2802 3951 alicujus
2850 3882 3062 3937 culture
3107 3898 3242 3953 opus
3283 3896 3444 3954 agere
3490 3891 3834 3952 presumeret

2251 3974 2369 4029 sine
2397 3974 2635 4045 episcopi
2665 3976 3017 4030 concessione
3046 3974 3129 4030 vel
3170 3977 3591 4033 venundatione.

2256 4100 2259 4103 -
2322 4054 3006 4138 Constituerunt’qtroque
3060 4069 3204 4137 quod
3257 4069 3484 4139 singulis
3540 4070 3707 4124 annis
3767 4085 3833 4123 ex

2246 4172 2580 4226 unoquoque
2629 4157 2780 4213 suleu
2832 4157 3255 4229 uniuscujusque
3314 4159 3488 4214 vinea:
3529 4159 3643 4228 jam
3692 4161 3836 4217 dicto

2252 4248 2587 4318 episcoliatui
2617 4248 2751 4303 duos
2778 4248 3027 4319 palmites
3054 4265 3177 4305 cum
3200 4250 3454 4305 omnibus
3479 4253 3718 4306 racemis
3744 4270 3837 4323 pro

2250 4351 2419 4393 censu
2470 4338 2862 4406 persolverent,
2911 4349 2967 4394 et
3013 4355 3112 4411 pro
3157 4355 3482 4411 unaquaque
3528 4343 3692 4399 domo
3742 4359 3837 4413 pro

564 4417 929 4473 investieione
981 4419 1220 4472 tradidit.
1274 4417 1369 4471 llis
1408 4418 1661 4473 omnibus
1708 4416 1944 4487 expletis
1988 4430 2136 4485 supra

2258 4430 2373 4485 tisei
2402 4431 2467 4462 m
2497 4431 2680 4501 precio
2725 4442 2849 4487 octo
2873 4447 3128 4489 nummos
3158 4434 3333 4490 eidem
3375 4436 3711 4507 episcopatui
3740 4436 3839 4490 in:-

563 4506 810 4563 ecclcsiae
857 4516 1045 4563 sancte
1078 4507 1265 4562 Mariae
1300 4516 1507 4563 tectum
1550 4508 1791 4563 astitisse
1822 4507 1926 4562 sibi
1977 4508 2149 4562 visum

566 4597 702 4662 fuit,
753 4596 843 4652 ubi
895 4597 1066 4653 nimio
1110 4590 1541 4653 molend’inerum
1588 4597 1816 4667 strepitu
1861 4598 1950 4667 qui
1995 4597 2151 4667 juxta

562 4687 850 4758 praefatam
891 4686 1194 4743 aecclesiatn
1241 4689 1431 4744 adesse
1478 4689 1818 4755 videbantur,
1871 4706 1938 4744 ex
1993 4685 2152 4755 hujus

566 4782 754 4851 quiete
780 4781 1008 4838 visionis
1036 4796 1263 4852 sompno
1283 4780 1931 4855 expergefactumscripti
1959 4779 2070 4850 ([οι.
2096 4778 2152 4849 5)

568 4871 825 4927 volumen
865 4879 916 4926 et
962 4870 1185 4927 anulum
1217 4871 1272 4927 in
1306 4873 1415 4928 suis
1452 4872 1691 4934 repperit
1718 4869 1992 4926 manibus.
2030 4867 2155 4922 Haec

2259 4522 2578 4591 penderent.
2620 4523 2823 4578 Omnes
2850 4539 2980 4580 vero
3007 4526 3270 4594 piscarias
3297 4527 3566 4597 gurgitum
3597 4543 3664 4583 ac
3691 4529 3836 4599 palu-

2242 4611 2385 4666 dum
2414 4611 2626 4682 prefato
2651 4612 3075 4685 sulijugaverunt
3099 4618 3394 4689 episcopio.
3428 4619 3681 4675 Preterea
3710 4638 3839 4691 que-

2261 4703 2383 4757 dam
2427 4704 2532 4760 alie
2571 4705 2812 4776 ejusdem
2869 4708 2939 4740 ίδδ
2986 4709 3328 4780 episcopatus
3359 4696 3541 4782 partes
3578 4713 3645 4768 vin
3693 4714 3834 4768 censi

2252 4792 2498 4849 debitum
2522 4809 2623 4851 ova
2655 4806 2711 4851 et
2744 4797 2973 4869 gallinas
3012 4799 3328 4857 offerebant.
3361 4801 3617 4858 Omnium
3657 4815 3835 4860 autem

2263 4888 2699 4934 Sttnrmlinmrnm
2748 4899 2975 4934 mmoth
3019 4893 3264 4934 rmhlitnc
3302 4894 3514 4934 nrufatn
3560 4896 3749 4934 Man
3774 4896 3839 4930 tu
