4094 5252
280 272 389 330 945

1522 280 1911 341 CIIRONlCOt‘
1950 236 2341 336 cnaoesse.

3437 282 3543 338 926

285 387 574 443 Laurencii
606 389 765 448 levite
810 402 864 448 et
895 397 1150 467 martyris
1198 398 1498 455 honorifice
1543 411 1863 455 construxe-
1897 396 1941 451 Α
1971 396 2217 449 cessioue
2270 410 2398 449 vero
2437 394 2691 450 Obelierii
2740 404 2794 451 et
2836 395 2979 451 Beati
3032 394 3540 453 Metamaucensium

282 493 432 538 runt.
483 485 649 552 Cujus
701 484 797 556 per
846 490 1019 561 girum
1084 491 1449 549 fundamentis
1504 496 1866 558 constructis,

287 575 569 631 castellum
600 580 871 647 quoddam
913 581 1020 637 illic
1052 582 1168 637 fieri
1220 586 1629 639 ordinaverunt.
1673 585 1716 639 A
1764 601 1868 653 quo

286 680 418 721 vero
449 670 674 724 castello
712 682 927 741 pontem
975 674 1325 739 edillicantes,
1357 693 1529 747 usque
1565 679 1629 731 ad
1675 679 1864 731 Amia-

285 772 387 810 nas
415 757 664 814 fecerunt
700 763 819 817 iter.
855 764 1084 820 Prcfatis
1132 784 1363 837 namque
1392 769 1699 824 Fraudunis
1745 785 1870 823 con-

286 849 454 902 cessit
484 850 686 907 Aurius
719 855 967 910 tribunus
1001 866 1055 911 et
1099 856 1320 913 Maurus
1364 861 1634 929 presbiter
1668 860 1719 913 in
1754 860 1870 913 vico

288 936 642 995 Amianarum
671 942 860 1012 judicii
910 947 1262 1002 tribunatum.
1297 949 1583 1002 Maximam
1624 965 1752 1001 vero
1778 966 1870 1002 cu-

282 1028 495 1098 jusdam
526 1034 725 1089 littoris
751 1045 957 1105 partem
990 1053 1052 1094 ex
1085 1040 1437 1096 concessione
1462 1041 1613 1095 Attrii
1646 1041 1868 1103 tribuni,

288 1138 501 1179 necnon
526 1135 581 1179 et
615 1126 783 1181 Mauri
813 1131 1121 1199 presbiteri,
1155 1142 1211 1187 ut
1253 1134 1318 1187 ad
1347 1133 1588 1199 ejusdem
1630 1133 1870 1186 mcclcsie

283 1212 584 1268 utilitatem
628 1217 815 1271 vineas
845 1219 1200 1285 cdillicarent,
1235 1222 1334 1292 ipsi
1365 1222 1636 1276 Frauduni
1682 1238 1873 1291 appre-

290 1301 618 1358 henderunt.
654 1306 922 1364 Piscarias
948 1326 1162 1379 quoque
1194 1328 1255 1367 ac
1304 1311 1549 1383 paludes,
1598 1322 1656 1367 ut
1698 1313 1870 1366 eidem

286 1393 531 1450 tecclesic
564 1399 904 1455 molendinos
932 1405 1294 1459 constitueret
1342 1406 1482 1459 idem
1531 1406 1733 1459 Aurius
1770 1406 1870 1459 tri-

285 1484 463 1539 bunus
510 1486 626 1556 (fol.
676 1488 733 1558 4)
764 1499 819 1546 et
857 1491 1075 1547 Maurus
1115 1494 1181 1526 ⁸⁵⁸
1212 1496 1478 1564 presbiter
1518 1496 1701 1565 plures
1737 1511 1870 1549 con-

286 1574 476 1629 cessit.
525 1576 582 1630 In
614 1580 802 1633 eodem
841 1597 969 1637 vero
998 1583 1118 1638 vico
1166 1584 1521 1639 Amianarum
1568 1586 1866 1655 supradicti

284 1665 568 1721 Frauduni
623 1671 924 1727 mcclesiam
990 1677 1163 1730 sancti
1211 1675 1377 1731 Marci
1424 1686 1869 1740 construxerunt,

1973 487 2170 540 ducum
2216 497 2271 540 et
2315 486 2721 541 collaudacione
2769 487 2921 541 Aurii
2971 490 3172 543 tribuni
3227 505 3436 543 nconon
3479 506 3546 543 ex

1974 576 2389 632 confirmatione
2419 578 2591 631 Mauri
2639 578 2949 647 presbiteri,
2983 580 3072 648 qui
3120 581 3173 633 in
3206 581 3547 649 episcopatus

1973 668 2179 721 honore
2211 668 2417 722 electus
2450 669 2645 733 fuerat,
2695 670 2863 738 ipSam
2911 671 3210 725 a‘cclcsiam
3242 672 3413 725 sancti
3459 670 3543 725 Jo-

1973 757 2168 810 hannis
2199 758 2422 826 apostoli
2466 769 2520 812 et
2560 760 2903 829 evangelistm
2934 761 3216 815 eenohium
3250 762 3546 816 sanctimo-

1974 847 2195 900 nialium
2227 857 2487 917 perpetuo
2520 864 2639 903 esse
2665 850 3076 905 ordinaverunt.

2046 937 2140 991 llis
2167 950 2345 993 autem
2378 948 2436 993 ut
2480 941 2847 1009 supradictum
2887 953 2969 997 est
3002 944 3330 1007 constitutis,
3358 943 3545 998 eodem

1975 1039 2216 1098 tempore
2263 1030 2512 1083 universa
2562 1031 2797 1086 Venetia:
2843 1035 3023 1103 populi
3067 1035 3353 1089 multitudo
3400 1052 3544 1089 com-

1973 1132 2244 1174 nmmcato
2270 1122 2477 1175 consilii
2508 1122 2558 1175 in
2584 1122 2863 1177 Gradense
2890 1137 3249 1193 pervenerunt
3280 1137 3543 1191 castrum,

1976 1210 2154 1279 ibique
2193 1210 2346 1279 juxta
2378 1212 2637 1267 mcclcsiie
2674 1216 2845 1268 sancti
2888 1214 3153 1270 Johannis
3199 1217 3435 1287 Baptiste
3482 1219 3549 1272 de

1976 1299 2236 1355 'l'ortellis
2263 1300 2512 1366 formant,
2539 1302 2592 1355 in
2618 1303 2824 1357 honore
2862 1315 3065 1358 sancta:
3099 1304 3281 1359 Mariae
3315 1305 3548 1375 Virginis

1975 1392 2256 1446 basilicam
2302 1403 2745 1449 construxerunt.
2785 1395 2957 1449 Aliam
3004 1413 3218 1466 quoque
3249 1398 3547 1452 :ecrlesiaui

1976 1484 2027 1536 in
2062 1483 2264 1537 honore
2305 1496 2489 1538 sancte
2520 1487 2732 1555 Agathe
2777 1487 3002 1557 virginis
3049 1488 3421 1552 editlicantes,
3453 1492 3551 1544 mi—

1979 1575 2130 1630 rabili
2162 1592 2322 1645 opere
2352 1578 2405 1631 in
2447 1580 2672 1632 eandem
2702 1580 3029 1635 ordinarunt
3056 1581 3310 1651 criptatn.
3352 1582 3404 1635 ιιι
3445 1598 3552 1650 qua.

1977 1665 2146 1721 altare
2192 1667 2245 1720 in
2294 1667 2499 1723 honore
2548 1668 2725 1725 sancti
2775 1667 2966 1725 \‘italis
3010 1672 3269 1743 martyris
3312 1684 3552 1729 erectum

291 1771 528 1828 eamque
556 1763 731 1816 sancti
765 1763 1045 1820 Laurencii
1078 1766 1322 1822 ecclesue
1347 1768 1717 1836 subjugantes.
1751 1768 1866 1823 Non
1903 1754 1945 1814 Β
1972 1770 2075 1813 θει-

282 1856 410 1915 post
461 1850 689 1905 multum
738 1856 997 1923 temporis
1045 1857 1144 1927 ipsi
1192 1857 1459 1913 Frauduni
1495 1877 1616 1913 cum
1663 1860 1873 1915 Calcia-

291 1937 449 1994 tniris
492 1940 698 2011 aliquas
741 1944 999 2015 reliquias
1032 1956 1343 2002 sanctorum
1392 1951 1675 2003 martirum
1717 1950 1870 2019 Sergi

286 2038 345 2082 et
374 2029 541 2087 Baebi
575 2049 603 2086 a
637 2035 870 2104 quodam
902 2036 1177 2107 Stephano
1210 2038 1523 2109 Scopacalle
1571 2041 1870 2109 suscipien-

290 2110 402 2179 tes.
443 2121 744 2177 aecclesiam
796 2124 848 2178 in
892 2124 985 2179 Dei
1037 2136 1092 2181 et
1128 2143 1314 2183 eorum
1365 2130 1566 2183 honore
1609 2131 1661 2184 iu
1698 2132 1873 2201 capite

289 2208 395 2263 vici
429 2210 810 2270 Constanciaei
841 2217 1266 2285 editlicaverunt,
1299 2234 1458 2289 quam
1491 2222 1697 2289 prefate
1730 2223 1872 2291 plebi

288 2303 467 2356 sancti
503 2302 786 2361 Laut'encii
818 2308 1193 2364 subdiderunt.
1225 2311 1420 2366 lterum
1447 2313 1706 2381 quasdam
1737 2315 1873 2370 alias

290 2392 557 2464 reliquias
582 2409 893 2453 sanctorum
918 2401 1200 2455 martirum
1220 2400 1550 2458 Marcelliani
1573 2415 1628 2459 et
1652 2406 1872 2461 Maximi

291 2500 322 2536 a
366 2486 689 2553 quihusdam
734 2491 1044 2548 castellanis
1087 2495 1524 2564 acquisiverunt,
1557 2498 1609 2552 in
1641 2513 1870 2567 quorum

290 2574 506 2632 honore
532 2580 836 2636 :eeclesiam
862 2583 1217 2650 ediﬂieantes,
1245 2586 1356 2655 jam
1388 2589 1529 2643 dicte
1556 2588 1874 2660 subjugave-

293 2675 426 2719 runt
465 2667 630 2736 plebi.
672 2670 781 2728 llas
824 2688 1057 2743 namque
1100 2685 1209 2730 tres
1242 2678 1518 2733 :ecclesias
1550 2695 1645 2749 per
1689 2682 1874 2751 scripti

292 2761 697 2830 cyrographum
750 2764 955 2834 prefate
1008 2769 1368 2824 subdiderunt
1412 2771 1584 2840 plebi;
1640 2789 1705 2828 eo
1750 2790 1876 2829 vero

292 2848 493 2904 ordine
522 2862 580 2906 ut
626 2854 851 2925 singulis
877 2858 1034 2911 annis
1063 2858 1114 2912 in
1140 2874 1328 2913 earum
1358 2859 1739 2919 festivitatibus
1766 2866 1873 2935 jam

292 2936 460 2993 dicta:
498 2943 753 3000 :ccclesize
789 2946 1015 3016 plebano
1046 2951 1331 3018 prandium
1364 2968 1656 3022 preparare
1681 2957 1745 2988 “‘7
1782 2958 1877 3011 ho-

291 3030 528 3086 noriﬁce
555 3035 830 3092 deberent.
862 3038 1033 3108 Hujus
1065 3055 1190 3095 vero
1220 3042 1389 3096 vicem
1417 3043 1584 3098 isdctn
1619 3045 1878 3114 plebanus

2044 1852 2117 1906 Ea
2151 1867 2383 1923 namque
2410 1862 2731 1923 tempestate
2755 1855 2971 1910 cuidam
3003 1853 3327 1910 Geminiano
3348 1853 3559 1923 presbi-

1974 1954 2091 1999 tero
2139 1945 2321 1998 divina
2364 1946 2695 2000 revelatione
2729 1947 3027 2016 iniunctum
3079 1955 3181 2009 est,
3230 1954 3288 1999 ut
3333 1946 3385 1997 in
3418 1943 3553 1998 Ter-

1974 2038 2185 2108 gcslina
2227 2038 2450 2093 civitate
2480 2039 2782 2105 destructa,
2818 2040 2957 2093 inter
2992 2053 3179 2092 muros
3208 2036 3451 2091 ecclesia:
3500 2044 3556 2088 et

1975 2144 2161 2183 muros
2188 2129 2479 2184 destructte
2515 2130 2784 2195 civitatis,
2817 2144 3043 2199 corpora
3074 2138 3387 2183 sanctorum
3418 2142 3553 2196 qua-

1974 2217 2221 2287 draginta
2262 2228 2316 2273 et
2360 2220 2465 2275 duo
2509 2230 2807 2291 martyrum
2855 2220 3140 2290 diligenter
3182 2218 3543 2289 perquireret.

1975 2307 2181 2374 Quibus
2223 2309 2497 2375 inventis,
2529 2326 2651 2364 cum
2693 2309 3017 2379 quibusdam
3062 2308 3175 2363 suis
3208 2307 3559 2377 comprovin-

1976 2397 2204 2453 cialibus
2230 2397 2297 2429 ¹³⁹
2330 2399 2397 2452 ad
2424 2398 2869 2469 Aquilegcnsium
2898 2400 3229 2453 destruetam
3254 2396 3560 2466 perveniret

1974 2491 2271 2557 civitatem,
2305 2491 2687 2560 perquirentes
2734 2490 2990 2560 reliquias
3036 2498 3371 2551 sanctorum,
3404 2488 3554 2542 invev

1977 2591 2174 2637 nerunt
2208 2582 2280 2637 ibi
2314 2597 2543 2653 corpora
2586 2591 2901 2637 sanctorum
2947 2590 3249 2651 martyrum
3280 2577 3464 2633 Cancii
3505 2586 3563 2635 et

1979 2675 2237 2731 Canciani
2297 2686 2459 2746 atque
2522 2675 2898 2740 Cancianillaa,
2953 2689 3163 2729 necnon
3214 2683 3269 2728 et
3328 2686 3558 2739 corpora

1979 2776 2295 2841 sanctarum
2320 2768 2613 2839 virginum,
2645 2767 2909 2832 Eufitniaa,
2935 2766 3238 2830 Dorothczc,
3270 2763 3478 2819 Teclea-
3505 2772 3558 2816 et.

1982 2862 2241 2926 Erasma‘,
2293 2876 2429 2929 quas
2481 2874 2669 2915 omnes
2724 2859 2999 2927 reliquias,
3046 2866 3101 2912 ut
3149 2858 3199 2912 ei
3257 2855 3555 2910 revelatum

1981 2951 2177 3015 fuerat,
2209 2966 2393 3005 secum
2426 2949 2771 3013 delferentes,
2807 2964 2932 3003 eum
2970 2946 3208 3001 maximo
3256 2948 3458 3000 honore
3503 2944 3557 2997 in

1980 3052 2163 3098 castro
2210 3040 2471 3097 Gradensi
2523 3039 2661 3095 infra
2714 3039 2995 3094 accelesias.
3016 3037 3330 3108 dignissime
3362 3036 3545 3090 condi-

293 3119 349 3174 in
400 3121 569 3190 ipsius
624 3125 794 3194 plebis
840 3126 1134 3185 festivitate
1175 3134 1466 3187 earundem
1506 3135 1874 3193 (ecclesiarum
1904 3114 1951 3176 ε
1981 3135 2195 3190 derunt.

293 3212 516 3271 clericis
570 3218 970 3274 constituerunt
1032 3223 1281 3277 reddere.
1336 3225 1411 3279 Ex
1472 3228 1877 3285 eollaudacioue

292 3320 432 3361 vero
481 3309 630 3364 Aurii
680 3311 905 3379 tribuni,
936 3314 1201 3384 principis
1249 3314 1572 3383 Torcellani,
1619 3329 1673 3373 et
1704 3320 1873 3375 Mauri

292 3399 612 3468 presbiteri,
644 3403 739 3471 qui
788 3404 839 3457 in
884 3406 1142 3475 cpiscopii
1191 3407 1395 3463 honore
1436 3410 1640 3465 electus
1679 3410 1874 3477 fuerat,

293 3502 397 3560 per
449 3493 763 3548 testamenti
821 3497 1073 3565 paginam
1124 3510 1481 3565 censuerunt,
1531 3502 1789 3569 quatinus
1832 3504 1877 3558 si

294 3580 423 3648 quis
451 3594 516 3634 ex
548 3580 757 3635 illorum
792 3584 931 3639 tribu
962 3585 1107 3641 utilis
1138 3586 1471 3642 inveniretur
1501 3589 1752 3656 clericus,
1783 3608 1877 3647 ac-

292 3676 457 3738 cepta
492 3669 841 3728 investicione
881 3690 915 3750 a
954 3674 1268 3731 Torcellano
1311 3680 1596 3747 pontiﬁce,
1627 3684 1744 3736 sine
1774 3683 1872 3737 ali-

294 3760 456 3829 cujus
510 3758 925 3829 contraditioué,
953 3766 1006 3820 in
1062 3768 1233 3821 sancti
1295 3768 1580 3827 Laurcncii
1631 3775 1876 3829 mcclesia

292 3850 562 3920 plebanus
586 3854 1021 3910 constitueretur.
1050 3856 1143 3911 Sin
1170 3867 1349 3917 autem
1374 3878 1438 3917 ex
1467 3865 1706 3932 predicta
1733 3866 1881 3934 Prole

294 3940 481 3994 nullus
512 3941 633 3996 talis
661 3954 967 4012 superesset
996 3945 1260 4017 clericus,
1303 3951 1545 4021 eiusdem
1578 3956 1880 4024 parrochiae

295 4032 463 4086 vieini
508 4033 558 4086 in
592 4032 751 4087 aliam
783 4051 947 4105 quam
982 4037 1183 4096 vellent
1216 4058 1502 4112 personam
1538 4046 1761 4101 liberam
1796 4046 1881 4099 fa-

298 4122 479 4181 ciendi
532 4122 853 4185 electionem
912 4126 1176 4186 haberent
1225 4143 1571 4201 potestatem.
1627 4135 1882 4205 Reliquas

296 4233 434 4271 vero
462 4218 743 4284 ecclesias,
773 4235 877 4290 que
906 4236 1002 4290 per
1031 4222 1277 4278 diversas
1300 4222 1530 4278 Torcelli
1556 4236 1738 4295 partes
1767 4227 1882 4281 fuc-

300 4316 433 4362 rant
458 4308 746 4372 edillicate,
772 4312 972 4367 Aurius
1003 4314 1251 4369 tribunus
1281 4323 1337 4371 et
1361 4315 1636 4386 prodictus
1667 4316 1882 4372 Maurus

297 4398 577 4468 presbiter
620 4401 712 4467 qui
757 4399 936 4457 fuerat
984 4402 1188 4458 electus
1236 4419 1357 4461 cum
1413 4406 1653 4461 universi
1701 4400 1879 4476 populi

298 4491 467 4545 laude
498 4493 897 4547 constituerunt
943 4502 1000 4548 et
1039 4494 1523 4561 confirmaverunt,
1569 4506 1732 4566 atque
1780 4497 1881 4552 sub

298 4581 773 4651 potestativojure
802 4581 1063 4636 tecclesize
1084 4592 1287 4637 sanctze
1310 4585 1491 4638 Mariae
1514 4585 1880 4642 subdiderunt

300 4670 429 4741 (fol.
462 4670 564 4741 ι’),
594 4681 647 4726 et
688 4673 930 4727 omnium
961 4673 1396 4741 supradictarum
1426 4674 1492 4706 "8
1510 4673 1883 4729 :ecclesiarum

301 4771 641 4816 censuerunt
666 4763 999 4832 episcopium
1030 4764 1198 4833 ipsam
1227 4763 1512 4819 ecclesiam
1543 4774 1745 4820 sancta:
1775 4765 1887 4819 Ma.

305 4854 430 4908 riae.
465 4852 631 4908 Juxta
659 4854 799 4908 hanc
825 4853 1026 4922 quippe
1054 4855 1353 4908 :rcclesiam
1386 4871 1491 4910 non
1524 4856 1680 4925 longe
1708 4857 1761 4909 in
1793 4858 1890 4912 bo-

302 4961 443 5002 nore
473 4944 566 4999 Dei
599 4954 652 5000 et
695 4945 868 5000 sancti
900 4943 1165 5001 Johannis
1203 4946 1429 5015 apostoli
1461 4958 1513 5000 et
1541 4949 1888 5017 evangelista:

304 5036 508 5110 prefati
539 5037 815 5092 Frauduni
856 5036 1257 5094 edillicaverunt
1288 5039 1588 5095 basilicam.
1639 5040 1717 5092 Ex
1753 5057 1887 5097 con-

2053 3225 2273 3279 Ilisdem
2310 3233 2492 3278 autem
2542 3221 2878 3292 temporibus
2909 3220 3112 3275 Beatus
3137 3217 3204 3250 ¹⁸⁰
3234 3217 3343 3272 dux
3390 3214 3561 3270 Meta-

1980 3314 2376 3379 mauccnsiutn,
2427 3326 2551 3366 cum
2596 3310 2919 3381 quibusdam
2964 3310 3199 3364 tribunis
3248 3305 3374 3377 (fol.
3406 3305 3460 3375 5)
3508 3312 3565 3357 et

1982 3407 2252 3461 nobilibus
2284 3405 2397 3460 suis
2427 3404 2496 3459 ad
2525 3403 2889 3458 universalem
2935 3404 3181 3458 Romane
3211 3402 3358 3457 sedis
3389 3400 3566 3470 ponti-

1983 3500 2137 3554 ficem
2189 3498 2405 3551 nomine
2446 3494 2799 3550 Benedictum
2829 3494 2976 3565 (l'50)
3019 3492 3262 3563 adgressi
3287 3500 3412 3545 sunt
3440 3490 3564 3546 iter.

1981 3591 2049 3643 At
2072 3602 2232 3657 quem
2256 3602 2376 3639 cum
2397 3586 2798 3654 pervenissent,
2825 3583 3141 3654 suppliciter
3163 3581 3297 3635 fusis
3318 3578 3570 3648 precibus

1981 3679 2238 3747 quatinus
2267 3675 2547 3731 Gradense
2575 3686 2813 3731 castrum
2855 3690 3049 3729 novatn
3080 3671 3385 3742 Aquileiam
3414 3669 3569 3723 instiv

1984 3776 2191 3830 tueret,
2239 3774 2295 3820 et
2339 3765 2510 3820 tocius
2564 3764 2801 3820 Venetiae
2848 3772 2902 3820 et
2947 3762 3177 3835 "YSU‘JEB
3224 3758 3568 3828 metropolim

1984 3860 2265 3915 ordinaret
2306 3858 2762 3927 deprecabantur.
2804 3856 3031 3911 Nomina
3076 3869 3291 3925 quoque
3334 3852 3567 3923 patriar-

1987 3951 2213 4005 charum
2248 3948 2339 4017 qui
2372 3955 2494 4016 post
2529 3947 2957 4002 destructionem
3002 3942 3445 4013 Aquilegensium
3475 3956 3567 3993 ur-

1987 4043 2069 4097 bis
2113 4043 2229 4095 siue
2271 4038 2502 4106 alicujus
2532 4037 2817 4110 apostolici
2861 4035 3215 4092 concessione
3255 4034 3309 4086 in
3358 4029 3569 4101 prefato

1986 4134 2250 4191 Gradeusi
2301 4132 2524 4188 castello
2573 4132 2861 4195 sederant,
2910 4127 3240 4185 retierebant
3286 4125 3566 4181 dicentes:

1992 4246 2009 4278 ι
2040 4224 2388 4280 Marcellinus
2416 4223 2753 4293 patriarcha,
2784 4222 2898 4292 ipse
2932 4220 3142 4289 primus
3174 4216 3226 4271 in
3255 4214 3443 4270 eadem
3474 4230 3569 4267 no—

1983 4333 2104 4370 vam
2146 4314 2448 4384 Aquileiam
2494 4313 2641 4369 sedis
2666 4313 2735 4343 ιδ’
2772 4311 2926 4367 annis
2956 4310 3040 4376 l9,
3071 4309 3159 4379 qui
3188 4307 3339 4378 prius
3368 4305 3573 4360 fecerat

1987 4404 2378 4463 monasterium
2436 4403 2775 4471 Beligniense
2855 4403 2908 4456 in
2966 4401 3241 4456 destructa
3302 4396 3569 4465 Aquileia,

1989 4498 2133 4567 quod
2180 4497 2345 4550 etiam
2400 4495 2789 4550 monasterium
2821 4495 2921 4549 sub
2955 4491 3157 4562 proprii
3189 4489 3416 4544 dominii
3449 4486 3573 4555 iure

1988 4589 2244 4659 quamdiu
2277 4588 2414 4642 vixit
2456 4588 2702 4659 retinuit.
2734 4584 2871 4638 lluic
2915 4593 3096 4637 autem
3133 4578 3399 4635 successit
3430 4576 3573 4630 Maro

1992 4678 2237 4739 cellinus,
2281 4677 2370 4745 qui
2401 4677 2558 4729 anuis
2606 4675 2672 4728 lii
2716 4689 2868 4728 nova:
2909 4670 3188 4741 Aquilegze
3218 4666 3362 4721 rexit
3399 4664 3576 4719 eeelc~

1993 4769 2151 4825 siam.
2195 4768 2327 4823 Post.
2352 4784 2512 4839 quem
2547 4767 2861 4836 Stephanus
2902 4766 2957 4819 in
2987 4762 3228 4830 ejusdem
3271 4758 3441 4819 castri
3470 4771 3575 4808 ως-

1996 4846 2218 4916 clesiam
2248 4861 2387 4919 sedit
2413 4859 2571 4913 annis
2613 4859 2680 4912 η
2718 4867 2772 4911 et
2805 4856 3085 4912 mensibus
3117 4853 3150 4904 ὃ
3182 4857 3243 4903 et,
3264 4848 3458 4901 diebus
3490 4844 3576 4899 l5.

1995 4949 2170 5017 Hujus
2201 4950 2397 5020 quippe
2440 4962 2727 5005 su.cessor
2758 4947 2941 5000 extitit
2980 4942 3220 5002 Maurus,
3264 4936 3361 5004 qui
3403 4936 3457 4988 in
3494 4946 3584 4994 ea;

1995 5044 2119 5098 dem
2171 5042 2417 5104 tecclesia
2467 5039 2668 5111 prefuit
2720 5039 2878 5092 annis
2916 5035 2971 5099 4,
3026 5028 3305 5085 mensibus
3354 5024 3411 5078 5.
3457 5022 3593 5084 Pesl.

1603 5168 1835 5229 VARUE
1878 5172 2284 5234 LECTlONES.
