4094 5252
490 5134 551 5200 οἵ

528 283 633 346 91⁸1

1715 277 1996 339 JOANMS
2037 274 2308 331 DIACONI
2352 269 2603 330 VENETI

3670 253 3791 313 9&8

530 415 690 472 quem
723 400 1065 459 Macedonius
1099 415 1196 471 per
1225 412 1395 452 annos
1424 397 1489 453 l6
1516 405 1571 451 et
1597 410 1814 449 menses
1841 393 1876 449 5
1903 400 1957 448 et
1986 391 2102 445 dies
2133 392 2181 451 Α
2210 386 2464 449 innotuit,
2493 383 2728 454 qualiter
2747 380 2891 436 cives
2915 375 3173 448 Aquileiae
3205 374 3544 439 sevissimam
3580 368 3793 438 Longe—

532 494 567 550 6
614 480 821 549 ibidem
849 493 1027 547 extitit
1058 489 1399 561 patriarcha,
1446 487 1541 558 qui
1585 486 1887 543 :ecclesiam
1929 482 2104 539 sancti

534 581 796 641 Johannis
832 582 1060 652 apostoli
1102 589 1157 637 et
1201 579 1551 651 evangelista:
1578 577 1633 634 in
1661 577 1854 633 eodem
1884 572 2109 631 castello

518 672 804 729 fundavit.

615 779 635 814 ι
665 760 773 817 llos
802 771 980 817 autem
1008 762 1061 817 in
1090 774 1320 817 numero
1348 760 1749 832 episcoporum,
1779 757 1872 828 qui
1908 770 1939 810 a
1976 764 2114 811 tem-

535 867 667 924 pore
706 851 850 907 beati
890 852 1057 907 Marci
1109 866 1277 921 usque
1321 851 1389 904 ad
1434 848 1702 913 Nicetam,
1747 846 1839 916 qui
1871 854 2114 915 tempore

538 943 926 1000 destructionis
970 941 1316 1015 Aquilegensi
1346 938 1544 1011 prefuit
1574 937 1855 1001 aecclesize,
1906 949 2115 990 connu-

538 1036 738 1091 merari
768 1035 1076 1100 credimus,
1104 1048 1316 1089 necnon
1349 1032 1416 1086 ab
1446 1028 1740 1102 apostolice
1762 1027 1907 1082 sedis
1937 1024 2118 1096 ponti-

536 1125 728 1181 ﬁcibus
755 1140 877 1180 cum
910 1123 1058 1194 pallii
1086 1122 1463 1177 benedictione
1499 1121 1552 1174 in
1580 1118 1722 1173 hanc
1763 1131 1925 1186 quam
1968 1114 2106 1186 peti-

536 1230 659 1272 mus
690 1229 882 1268 novam
913 1212 1029 1267 ﬁeri
1060 1211 1367 1280 Aquileiam
1399 1209 1652 1265 destinati
1684 1217 1831 1261 sunt.
1863 1224 1883 1257 ι
1924 1270 1927 1275 η

609 1304 765 1360 Tunc
793 1305 934 1359 idem
967 1302 1348 1358 sanctissimus
1373 1299 1716 1367 moedictus,
1743 1311 1988 1353 summus
2012 1294 2120 1350 Ro-

540 1412 716 1453 manae
740 1396 887 1451 sedis
911 1394 1179 1465 pontifex,
1212 1391 1564 1463 benignitatis
1594 1387 1888 1444 clemencia
1916 1393 2118 1451 motus,

541 1489 719 1560 dignis
746 1502 934 1543 eorum
967 1484 1355 1540 condescendit
1382 1482 1662 1553 precibus,
1694 1477 2122 1535 communicato-

548 1595 657 1651 que
704 1577 825 1650 ([οι.
872 1576 946 1647 5’)
974 1577 1045 1633 59
1087 1576 1463 1646 episcoporum
1507 1570 1757 1637 concilio,
1787 1568 2123 1626 Gradcnsem

544 1667 826 1721 civitatem
873 1680 1067 1721 novam
1107 1663 1413 1733 Aquileiam
1441 1661 1800 1726 constituens,
1830 1674 1898 1714 ex
1927 1656 2125 1713 collau-

2210 481 2502 535 bardorutn
2554 475 2759 531 rabiem
2804 473 2859 527 in
2896 470 3174 526 Gradense
3217 476 3452 522 castrum
3497 462 3791 533 fugientes,

2210 568 2509 627 beatissimi
2537 581 2765 637 corpora
2813 554 3121 620 Sanctorum
3159 556 3392 627 Quirini,
3414 553 3560 609 lilari
3601 560 3660 606 ct
3687 548 3794 604 Ta-

2213 663 2353 719 ciani
2382 671 2439 717 et
2464 669 2768 716 ceterorum
2794 672 2978 713 secum
3007 657 3455 725 asportaverunt;
3483 649 3591 703 hac
3611 646 3794 713 itaque

2214 754 2562 812 revelatione.
2592 767 2699 807 non
2733 765 2923 822 parum
2945 748 3273 808 illarescens,
3294 752 3351 799 et
3379 738 3792 795 translationem

2215 864 2406 906 eorum
2433 844 2672 914 scripsit,
2696 853 2750 899 et
2772 840 3009 897 natalicii
3035 839 3176 893 diem
3203 833 3486 892 constituit
3507 829 3791 886 celebrari.

2200 942 2277 1013 ,ln
2306 950 2499 997 octavo
2526 938 2612 993 die
2635 943 2981 1011 pentecosten
3022 931 3202 986 natale
3226 926 3586 999 quadraginta
3608 932 3667 976 et
3689 921 3796 974 duo

2218 1034 2501 1090 martirum
2534 1029 2799 1093 instituit;
2828 1024 3076 1081 natalicia
3103 1030 3411 1077 sanctorum
3442 1014 3585 1071 lllari
3616 1022 3674 1067 et
3699 1012 3795 1065 'l'a-.

2218 1129 2362 1185 ciani
2398 1134 2554 1183 sexto
2582 1124 2790 1180 decimo
2821 1118 3089 1174 Kalendas
3129 1112 3332 1173 Marcii,
3366 1107 3582 1178 Quirini
3614 1120 3796 1161 sacer-

2220 1222 2362 1276 dotis
2403 1227 2598 1289 quarlo
2639 1214 2909 1272 Kalendas
2933 1210 3102 1272 Junii,
3145 1215 3451 1261 sanctorum
3492 1197 3798 1255 Cancianoe

2223 1329 2341 1371 rum
2375 1287 2549 1383 pridie
2575 1308 2841 1363 Kalendas
2864 1303 3046 1367 Madii,
3077 1297 3256 1355 natale
3285 1302 3603 1350 sanctarum
3630 1287 3797 1359 virgi-

2222 1421 2349 1460 num
2383 1403 2549 1459 tercio
2586 1401 2765 1455 Nonas
2801 1393 3156 1467 Septembris.

2292 1497 2455 1553 Rexit
2504 1502 2684 1549 autem
2749 1488 2964 1554 Paulus,
3014 1480 3438 1552 benignissimus
3486 1471 3798 1546 patriarcha

2226 1592 2433 1660 primus
2473 1603 2570 1659 per
2600 1582 2952 1655 apostolicam
2982 1574 3411 1639 concessionem,
3451 1582 3605 1625 novae
3632 1563 3801 1656 Aqui:

2228 1683 2347 1740 leia:
2373 1680 2672 1738 azcclesiam
2701 1674 2858 1732 annis
2883 1672 2970 1726 12.
3763 1647 3799 1656 ⁴

545 1757 769 1815 ⁶³¹ί⁰¹¹θ
821 1756 1260 1828 supradicwmm
1288 1756 1289 1759 Ἰ
1319 1753 1698 1825 episcoporum
1755 1757 1812 1805 θι
1842 1746 1848 1751 θ
1879 1746 2124 1803 ⁰¹¹³¹¹ί¹¹¹¹¹
2156 1736 2201 1797 Β
2298 1736 2715 1830 fiuicsuccessit
2740 1766 3025 1828 Probinus,
3057 1760 3148 1831 qui
3180 1759 3233 1813 in
3255 1757 3445 1811 eadem
3470 1768 3609 1809 nova
3641 1750 3802 1819 Aqui-

543 1858 747 1906 sanctte
770 1847 1029 1903 Romana:
1049 1845 1305 1901 Ecclesiae
1330 1842 1706 1908 cardinalium,
1743 1839 1929 1909 tocius,
1956 1837 2130 1893 Vene-

548 1945 635 2000 tia:
664 1952 719 1998 et
749 1941 966 1999 Histriae
1015 1938 1358 2011 metropolim
1403 1936 1694 1992 ordinavit.
1738 1932 2130 2001 Accersitoque

546 2035 683 2090 duce
714 2042 770 2086 et
796 2032 888 2102 qui
924 2046 1048 2086 cum
1083 2044 1149 2085 eo
1181 2040 1376 2084 erant:
1421 2046 1438 2078 ι
1470 2027 1574 2082 Per
1611 2024 1900 2096 privilegii,
1930 2023 2128 2094 inquit,

549 2131 864 2195 prcceptnm
895 2130 1100 2178 sancta:
1146 2112 1404 2175 Romana:
1437 2117 1695 2174 Ecclesia:
1733 2125 1789 2170 et
1816 2115 1883 2146 ¹¹²
1929 2113 2130 2169 collau-

552 2214 772 2270 dationc
802 2227 866 2266 ac
905 2210 1320 2267 confirmatione
1349 2208 1588 2263 omnium
1619 2206 1846 2260 istorum
1877 2201 2129 2265 fratrum,

553 2314 665 2358 tam
706 2302 1105 2372 episcoporum,
1149 2315 1311 2370 quam
1348 2295 1727 2360 cardinalium,
1757 2293 1928 2348 tocius
1959 2291 2131 2345 Vene-

555 2395 677 2461 tiae,
710 2409 919 2450 necnon
967 2402 1023 2448 et
1066 2391 1301 2464 llystrite
1327 2390 1660 2446 Gradensem
1688 2386 1986 2442 aecciesiam
2021 2398 2132 2440 me-

558 2487 814 2557 tropolim
844 2485 997 2542 vobis
1042 2485 1374 2540 ordinamus.
1422 2481 1675 2552 Ejusdem
1718 2493 1850 2535 vero
1898 2476 2132 2548 presulis

555 2577 875 2634 electionem
906 2576 1053 2631 clero
1096 2583 1151 2630 et
1179 2573 1373 2644 pepulo
1405 2573 1630 2628 liberam
1662 2568 1896 2624 faciendi
1929 2565 2124 2623 tribui-

559 2685 682 2724 mus
712 2668 1042 2723 facultatem.
1072 2666 1289 2721 Prefate
1317 2671 1565 2734 preterea
1600 2660 1837 2730 regionis
1863 2657 1982 2712 duci
2011 2663 2135 2727 post

552 2761 752 2827 factam
776 2758 1097 2815 electionem
1128 2754 1500 2811 investiciouis
1529 2758 1853 2822 potesmtem
1872 2746 2135 2802 'commit-

552 2852 743 2917 timns,
793 2864 901 2921 qua
946 2848 1013 2902 ab
1042 2847 1158 2918 ipso
1199 2846 1335 2901 duce
1374 2852 1620 2913 accepta,
1664 2841 1905 2912 ejusdem
1943 2835 2135 2893 suifra-

554 2941 745 3012 ganeis
788 2939 1144 2994 consecrandi
1191 2936 1473 2992 liccnciam
1515 2934 1881 2989 concedimus.
1930 2929 2136 2998 Quibus

555 3028 807 3099 expletis,
836 3030 903 3084 ad
936 3029 1093 3098 hujus
1130 3036 1333 3082 sancta:
1372 3026 1614 3079 Romane
1656 3022 1914 3078 accclcsiaa
1949 3018 2132 3074 sedem

556 3117 623 3175 ad
652 3116 797 3187 pallii
826 3116 1259 3171 benedictionem
1290 3113 1689 3184 suscipiendam
1729 3123 2020 3181 pruperare
2060 3108 2140 3161 in-

558 3206 853 3278 iungimus.
894 3225 913 3260 ι
988 3204 1099 3261 lIec
1160 3205 1345 3259 omnia
1405 3218 1503 3273 per
1559 3201 1826 3274 privilegii
1885 3198 2139 3270 paginam

560 3298 856 3354 ducimet
885 3297 1096 3356 cunctis
1141 3294 1350 3364 ejus‘”
1396 3292 1803 3349 successoribus
1851 3288 2140 3344 concessit.

561 3389 645 3447 Ad
674 3388 837 3458 hujus
863 3389 939 3443 rei
970 3385 1460 3451 confirmationem,
1495 3394 1644 3440 recto
1681 3392 1739 3437 ιιι
1765 3382 2137 3452 snpradictum

562 3484 650 3531 cst
697 3475 922 3540 ordine,
969 3474 1240 3544 quendam
1287 3473 1513 3528 Paulum
1563 3469 1888 3527 cardinalem
1945 3477 2145 3525 sanctas

566 3563 828 3622 Romamn
856 3564 1137 3628 Ecclesia,
1169 3561 1311 3619 facta
1340 3562 1601 3618 electione
1628 3562 1695 3616 ab
1738 3560 1872 3630 ipsis
1912 3558 2146 3615 tribunis

565 3654 840 3710 nobilibus
868 3655 960 3725 qui
985 3670 1108 3710 cum
1137 3655 1303 3711 Beato
1334 3653 1401 3687 ⁸⁸⁵
1432 3653 1570 3709 duce
1596 3652 1842 3718 aderant,
1873 3668 1903 3707 a
1934 3650 2145 3723 prefato

567 3760 783 3820 quoque
809 3745 944 3801 duce
974 3754 1196 3816 accepta
1223 3744 1598 3808 investicione,
1624 3728 1991 3814 patriarcham
2016 3758 2147 3796 eon-

567 3836 827 3901 sccravit,
883 3844 1045 3906 atque
1086 3850 1210 3889 cum
1236 3833 1409 3905 pallii
1457 3832 1832 3888 benedictione
1874 3832 1927 3886 in
1955 3845 2146 3885 novam

565 3927 871 3997 Aquileiam
916 3942 1040 3983 cum
1082 3928 1163 3984 eis
1210 3928 1441 3984 remisit.
1488 3927 1590 3995 Qui
1638 3925 2010 3981 sanctissimus
2056 3940 2149 3999 pa-

568 4019 811 4077 triarcha
838 4032 1070 4101 corpora
1094 4026 1406 4074 sanctorum
1431 4018 1485 4072 in
1512 4016 1717 4072 eisdem
1745 4030 1882 4070 nove
1904 4014 2149 4085 Aquileie

568 4108 830 4167 accelesiis
880 4109 1177 4167 honorifice
1226 4108 1488 4164 condivit.
1551 4108 1610 4163 ln
1668 4107 1914 4162 mcclesia
1972 4105 2148 4162 sancti

570 4197 765 4257 Vitalis
831 4201 1192 4270 quadraginta
1254 4208 1311 4256 et
1376 4200 1484 4255 duo
1550 4204 1850 4270 martyruin
1918 4212 2149 4266 corpora

572 4287 887 4358 dignissime
941 4289 1265 4356 tumulavit;
1317 4289 1375 4344 in
1416 4288 1673 4344 ‘zecclesia
1717 4295 1917 4342 sanctae
1970 4285 2151 4340 Mariae

574 4396 801 4452 corpora
842 4391 1156 4438 sanctarum
1208 4384 1478 4455 virginum
1523 4382 1800 4447 Eufimim,
1844 4370 2147 4444 Dorotbeae,

577 4469 755 4529 Tecla:
806 4481 857 4526 et
912 4472 1153 4528 Erasmaa
1211 4473 1501 4545 diligenter
1556 4470 1874 4535 collocavit;
1919 4484 2149 4539 corpora

577 4572 759 4619 autem
788 4573 1101 4621 sanctorum
1128 4565 1334 4632 Cancii,
1361 4563 1621 4623 Canciani
1644 4572 1699 4619 et
1724 4561 2067 4618 Canciauillae
2096 4562 2149 4615 in

578 4656 824 4713 :ecclesia
881 4658 1057 4717 sancti
1108 4656 1369 4720 Johannis
1422 4654 1755 4727 evangeliste
1800 4651 2152 4709 celeberrime

578 4747 902 4817 composuit.
1228 4766 1235 4775 ~

662 4832 776 4904 (fol.
808 4834 873 4907 6)
900 4836 1143 4907 Cumque
1178 4837 1316 4892 idem
1363 4835 1691 4891 venerabilis
1733 4833 2044 4905 partiarcha
2087 4832 2154 4889 ad

583 4925 920 4981 destructam
972 4926 1400 4996 Aquileiensium
1455 4925 1731 4980 civitatem
1786 4940 1908 4979 cum
1971 4921 2153 4995 populi

583 5014 1042 5078 multitudine-ire
1075 5015 1409 5087 disponeret,
1454 5015 1634 5073 divina
1676 5014 2003 5071 revelatione
2050 5014 2154 5070 sibi

2228 1866 2334 1922 leia
2376 1863 2846 1935 metrOpolitanam
2871 1856 3013 1913 rexit
3048 1852 3349 1909 tncclesiam
3383 1848 3543 1903 annis
3566 1846 3625 1912 2,
3656 1857 3805 1935 men:

2228 1920 2379 2014 sibus
2409 1920 2464 2013 3;
2551 1920 2570 1935 '
3016 1936 3023 1937 ί
3764 1920 3802 1935 ⁸

2300 2051 2506 2106 Dehinc
2530 2046 2712 2104 Helias
2746 2045 2813 2078 m
2846 2042 3099 2115 egregius
3120 2033 3429 2110 patriarcha
3468 2028 3805 2087 Gradensem

2233 2143 2524 2216 regendam
2548 2138 2787 2208 suscepit
2815 2133 3137 2192 arcclesiam.
3170 2129 3289 2198 lpse
3315 2116 3590 2180 in’cadem
3619 2117 3805 2174 acele-

2228 2213 2377 2301 ,siam
2413 2243 2612 2291 sancta:
2662 2229 2906 2286 Eulimia:
2941 2226 3096 2295 juxta
3137 2218 3368 2276 nominis
3417 2213 3804 2285 proprietatem

2230 2332 2497 2387 fabricare
2524 2326 2782 2399 precepit.
2809 2322 2941 2377 Nam
2971 2316 3114 2388 quod
3145 2329 3304 2385 grece
3349 2309 3593 2371 euﬁmia,
3635 2304 3803 2399 latino

2232 2425 2372 2480 bona
2402 2397 2577 2479 forma
2605 2420 2671 2453 ⁸⁵⁷
2710 2425 2892 2474 sonat.
2953 2412 3013 2467 ln
3041 2409 3225 2465 eadem
3266 2419 3482 2475 quoque
3519 2400 3589 2433 ¹³⁶
3623 2397 3808 2454 accele-

2233 2518 2313 2573 sia
2368 2519 2696 2584 congregata
2740 2503 3082 2564 multitudine
3128 2500 3505 2570 episcoporum
3533 2508 3567 2547 a
3597 2492 3806 2546 Verona

2235 2624 2409 2679 usque
2431 2582 2789 2668 Pannoniam,
2823 2605 3124 2664 cuncteque
3168 2588 3392 2646 Venetie
3439 2582 3641 2656 populo
3685 2596 3809 2636 con-

2234 2678 2448 2764 vocato,
2475 2694 2784 2768 generalem
2812 2689 3059 2746 siuodum
3084 2680 3396 2740 celebravit.
3426 2678 3549 2748 Ipso
3577 2687 3811 2742 namque

2237 2766 2501 2863 tempore
2535 2800 2761 2857 corpora
2825 2788 3134 2837 sanctarum
3187 2772 3456 2843 virginum
3514 2766 3811 2823 secundum

2237 2859 2382 2961 quod
2405 2903 2433 2941 a
2469 2878 2768 2940 reverando
2791 2874 2958 2931 Paulo
2990 2868 3298 2944 patriarcha
3345 2862 3611 2934 scriptum
3640 2859 3813 2914 fuerat

2238 2950 2579 3053 perquirens,
2624 2970 2872 3029 omnibus
2903 2963 3180 3021 revelavit.
3223 2959 3429 3027 Quibus
3471 2954 3689 3010 cunctis
3716 2950 3809 3022 qui

2168 3094 2212 3157 ρ
2239 3048 2401 3130 erant
2431 3070 2485 3125 in
2510 3064 2721 3137 prefato
2742 3058 2970 3117 concilio
2997 3056 3143 3119 visis,
3166 3049 3516 3109 celeberrime
3548 3048 3667 3116 ipsa
3692 3058 3815 3098 cor-

2241 3179 2374 3238 pora
2418 3136 2660 3218 venerati
2703 3160 2849 3209 sunt.
2881 3151 3034 3206 Tunc
3074 3146 3254 3201 Helias
3295 3140 3543 3214 egregius
3592 3136 3817 3207 patriar-

2242 3231 2345 3314 cha
2370 3269 2491 3312 cum
2527 3249 2675 3309 omni
2700 3247 2788 3302 illa
2812 3242 3149 3299 multitudine
3181 3235 3295 3307 (fol.
3323 3233 3397 3302 ϐ’)
3427 3231 3808 3300 episcoporum

2244 3364 2309 3405 ac
2336 3346 2466 3404 cieri
2495 3352 2553 3399 et
2592 3339 2771 3412 populi
2815 3330 3209 3392 collaudatione
3247 3325 3520 3382 ordinavit
3567 3319 3810 3375 sedecim

2245 3445 2588 3512 episcopatus
2619 3435 2763 3489 inter
2789 3424 3258 3499 Foroguliensium
3284 3432 3491 3475 necnon
3512 3425 3574 3470 et
3590 3411 3824 3484 Hystria

2247 3500 2375 3593 sivaa
2402 3500 2678 3587 Dalmatia:
2701 3530 2903 3597 partes,
2922 3517 3175 3573 videlicet
3210 3515 3262 3570 in
3294 3511 3480 3581 V'egla,
3508 3510 3563 3564 in
3588 3500 3822 3578 Apsaro,

2247 3632 2301 3687 in
2328 3626 2591 3682 Pathena.
2621 3620 2678 3675 In
2710 3614 2934 3673 Venetia
2977 3618 3159 3665 autem
3191 3621 3285 3662 sex
3310 3605 3656 3675 episcopatus
3703 3597 3823 3652 ﬁeri

2249 3717 2552 3779 constituit.
2583 3694 2839 3780 Quorum,
2871 3705 3165 3762 electiones
3192 3696 3616 3767 uniuscujusque
3642 3698 3826 3763 parre;

2249 3815 2386 3871 chiae
2409 3810 2558 3864 clero
2582 3813 2637 3861 et
2669 3799 2867 3873 populo
2889 3795 3195 3856 comittens,
3238 3790 3379 3845 sicut
3403 3802 3433 3842 a
3462 3787 3629 3843 beato
3656 3783 3829 3839 Bene-

2252 3907 2397 3964 dicto
2425 3904 2630 3959 sancta:
2671 3896 2929 3953 Romanis
2954 3888 3101 3945 sedis
3145 3882 3386 3939 antiStite
3412 3879 3592 3934 fuerat
3619 3874 3830 3932 sanccio

2251 4008 2363 4054 tum
2389 4007 2596 4051 necnon
2620 3998 2676 4046 et
2718 3983 2985 4060 privilegii
3033 3980 3233 4049 scripto
3271 3974 3677 4035 conﬁrmatum,
3705 3966 3829 4024 duci

2250 4088 2656 4148 investicionem
2673 4079 2959 4137 concessit.
2982 4075 3184 4130 Horum
3206 4068 3574 4139 episcopatum
3590 4062 3830 4132 primum

2252 4176 2535 4239 constituit
2575 4160 2986 4234 Torcellanum,
3033 4167 3173 4222 sicut
3219 4162 3426 4233 primus
3477 4157 3659 4213 fuerat
3687 4162 3832 4207 νειιιη

2252 4282 2393 4331 state
2420 4272 2474 4326 in
2500 4265 2859 4324 Altinensium
2904 4259 3155 4323 civitate;
3202 4252 3499 4311 secundum
3535 4247 3833 4302 Metamau-

2253 4378 2504 4430 censem;
2537 4359 2775 4417 ’tercium
2806 4353 3187 4413 Olivolenscm,
3229 4346 3317 4401 cui
3353 4344 3472 4399 ideo
3502 4341 3605 4395 hoc
3634 4348 3833 4394 nomen

2175 4437 2228 4498 D
2256 4456 2567 4528 impositum
2595 4459 2700 4517 est,
2733 4448 2859 4522 quia
2888 4445 2959 4499 ibi
2985 4450 3110 4496 ante
3128 4439 3345 4509 ianuam
3371 4431 3629 4489 ecclesia:
3658 4425 3834 4492 saneti

2255 4520 2410 4607 Serzi
2453 4546 2522 4579 “’
2562 4520 2763 4600 imanis
2785 4537 2933 4611 (151)
2979 4541 3099 4590 erat
3141 4530 3405 4585 olivarum
3451 4522 3634 4579 arbor.
3670 4520 3833 4591 Cujus

2252 4640 2554 4714 parrochiae
2574 4632 2883 4693 convocatis
2906 4624 3140 4700 populis,
3172 4634 3425 4693 magnam
3450 4614 3755 4672 mcclesiam
3778 4612 3832 4667 in

2256 4704 2465 4794 honore
2488 4730 2582 4787 Dei
2607 4737 2661 4784 et
2689 4723 2861 4782 sancti
2888 4720 3036 4776 l’etri
3071 4716 3214 4777 idem
3248 4704 3573 4766 venerabilis
3604 4705 3835 4776 patriar-

2260 4829 2360 4885 cha
2384 4816 2659 4883 edifiicare
2682 4815 2943 4891 precepit.
2973 4812 3153 4880 ibique
3176 4803 3504 4876 episcopium
3530 4797 3831 4859 constituit,

2260 4907 2352 4979 ubi
2381 4918 2563 4988 scripti
2589 4888 2997 4971 confirmatione
3019 4911 3072 4959 et
3092 4895 3446 4955 anathematis
3465 4888 3682 4946 vinculo
3708 4902 3834 4941 000-.

2260 5003 2450 5072 venire
2472 4977 2529 5069 in
2555 5016 2885 5078 unoquoque
2907 4997 3133 5055 sabbato
3160 5006 3220 5048 se
3248 4989 3717 5048 constrinxerunt,
3745 4977 3835 5033 ibi-

1878 5149 2114 5200 νΛῐιυΕ
2151 5124 2577 5200 mc'rIONES.‘
