4094 5252
325 269 437 327 919

1549 269 1940 326 01111οΝ10οΝ
1980 270 2373 328 GRADENSE.

3481 271 3584 326 ,ὅθ

326 357 436 452 que
466 381 723 450 plurimas
770 381 1126 437 mercationes
1152 381 1441 437 faciebant.
1487 381 1752 449 Quartum
1794 379 1908 448 epi—
1936 383 1982 441 Α
2013 393 2337 452 acceperunt
2373 398 2403 438 a
2434 383 2746 438 beatissimo
2775 397 2909 452 papa
2939 379 3195 451 Poliaglo,
3238 379 3581 436 consentiam

326 473 574 542 εεορίιιιιι
620 474 672 525 in
722 472 1093 542 ASquilensem
1149 474 1421 528 civitatem
1467 472 1580 528 fieri
1605 471 1904 528 constituit.

329 562 585 629 Quintum
643 565 694 617 in
761 566 979 619 civitate
1041 567 1326 621 Eracliana
1381 567 1569 620 adesse
1644 565 1900 634 precepit.

327 654 530 709 Eodem
554 671 772 726 quoque
795 670 1034 728 tempore
1071 659 1208 714 idem
1237 660 1560 714 venerabilis
1586 660 1895 727 patriarcha

333 745 632 799 :ccclesiam
667 748 720 800 in
757 750 959 802 honore
991 749 1082 803 Dei
1113 758 1168 804 et
1196 751 1366 804 sancti
1412 750 1557 804 Petri
1595 748 1900 814 ediflitavit,

326 849 488 902 quam
516 836 886 905 Opiterginam
933 840 1513 909 appellavit..Sextum
1559 851 1734 895 autem
1791 841 1902 910 epi-

325 925 569 994 scopium
604 927 655 980 in
701 920 948 996 Cupt'tllis
981 928 1096 984 lieri
1127 931 1310 999 jussit,
1357 932 1442 985 ubi
1475 931 1750 984 castellum
1779 947 1903 984 con-

324 1016 518 1080 stituit,
555 1018 610 1071 in
643 1034 752 1087 quo
780 1021 1076 1075 :ecclesiam
1111 1023 1165 1076 in
1197 1026 1402 1077 honore
1436 1024 1609 1077 sancti
1642 1021 1898 1089 Stephani

325 1111 744 1178 proton'iartyris
796 1109 1074 1178 fundavit,
1117 1111 1272 1179 juxta
1320 1129 1481 1182 quam
1540 1111 1898 1182 episcopalem

325 1197 545 1250 domum
601 1203 899 1256 secundum
949 1203 1052 1258 loci
1103 1205 1429 1273 posicionem
1471 1214 1557 1260 sat
1606 1205 1900 1260 honorifice

324 1277 591 1343 ediﬂieare
626 1292 885 1360 precepit.
1661 1363 1664 1366 ἑ

398 1378 912 1437 Metamaucensium
941 1393 1120 1438 autem
1149 1385 1491 1453 episcopatus
1518 1401 1583 1440 ex
1618 1385 1897 1460 Patavium

321 1471 539 1526 civitate
564 1475 745 1527 extitit
779 1477 1059 1539 oriundus,
1092 1485 1147 1530 et
1176 1478 1334 1530 veluti
1365 1478 1648 1533 universus
1672 1478 1899 1548 populus

321 1563 490 1618 exivit
519 1580 641 1619 cum
671 1581 768 1621 suo
789 1568 1066 1637 epiSCOpo,
1096 1569 1172 1623 sic
1199 1569 1249 1622 in
1279 1569 1470 1624 eadem
1513 1570 1742 1625 insulam
1777 1570 1896 1639 l/ol.

320 1650 376 1722 ἴ)
409 1653 824 1712 Metamauccnsi
856 1659 1101 1714 habitare
1124 1660 1407 1729 disposuit.

389 1742 750 1815 Episcopatus
794 1763 924 1804 vero
973 1749 1206 1804 civitatis
1237 1766 1407 1815 novre,
1455 1766 1571 1820 quae
1613 1751 1892 1806 Eracliaua
1928 1728 1968 1788 Β

317 1834 588 1904 appellata
623 1848 720 1899 est,
759 1839 826 1894 de
878 1839 1214 1896 Overdecina
1267 1843 1485 1897 civitate
1533 1843 1682 1913 (132)
1735 1844 1897 1898 adve-

317 1926 468 1980 nisse
505 1937 755 1983 testatur.
804 1928 953 1984 Unde
984 1933 1091 1985 dux
1141 1941 1195 1986 et
1239 1949 1432 2004 magna
1485 1949 1609 2002 pars
1638 1934 1895 1988 nobilium

315 2013 566 2081 ejusdem
613 2019 854 2075 civitatis
905 2020 1191 2092 fugientes,
1248 2022 1299 2076 in
1350 2024 1555 2092 prefata
1615 2025 1895 2079 Eracliana

314 2107 543 2163 civitate
573 2110 892 2180 prelihatum
923 2113 1292 2182 episc0patum
1332 2115 1749 2170 constituerunt.

384 2195 801 2268 Caprulensium
834 2201 1052 2271 quidem
1102 2203 1445 2272 cpisc0patus
1493 2203 1558 2256 de
1589 2203 1891 2261 Concordia

311 2301 342 2339 ο
370 2286 597 2354 fugienti
629 2289 775 2344 clero
802 2300 854 2344 et
886 2297 1104 2362 populo,
1133 2292 1289 2347 sicuti
1323 2293 1519 2349 ibidem
1562 2294 1758 2360 fuerat,
1806 2297 1894 2351 hic

310 2380 386 2433 ita
415 2383 736 2437 constitutus
767 2393 869 2438 est.
1453 2403 1456 2406 '

387 2471 534 2525 Idem
578 2489 788 2542 quoque
835 2475 1211 2530 sanctissimus
1257 2474 1439 2530 llelias
1482 2475 1787 2545 patriarcha
1839 2477 1904 2533 in

310 2564 592 2619 littoribus
623 2581 738 2633 qua:
793 2581 823 2620 a
864 2567 1134 2620 Gradensi
1163 2567 1382 2621 civitate
1429 2580 1599 2635 usque
1633 2568 1892 2637 Caprula-

309 2670 446 2709 num
475 2656 802 2727 episc0pium
831 2657 1167 2723 discurrunt,
1195 2659 1452 2727 quasdam
1475 2657 1744 2712 edillicare
1768 2658 1893 2713 feclt

308 2746 595 2802 ecclesias.
645 2747 702 2802 ln
724 2749 896 2818 primo
943 2749 1140 2814 littore,
1189 2749 1332 2819 quod
1368 2749 1520 2818 juxta
1557 2749 1889 2804 Gradensem

309 2841 512 2894 adesse
539 2840 1470 2904 diunosciturcivitatem,basilicam
1494 2841 1546 2894 in
1570 2841 1771 2896 honore
1795 2841 1889 2896 Dei

309 2941 368 2984 et
399 2931 729 2985 sanctissimi
758 2932 906 2986 Petri
935 2932 1303 3001 apostolorum
1339 2936 1404 2964 ¹⁶⁰
1434 2935 1692 3004 principis
1718 2937 1887 2991 edilli-

307 3036 443 3075 care
491 3023 750 3090 precepit,
797 3022 884 3076 ubi
934 3030 989 3076 et
1036 3021 1321 3078 cenobium
1367 3025 1664 3092 puellarum
1703 3031 1888 3083 adesse

304 3111 607 3168 ordinavit.

384 3204 443 3257 ln
475 3205 710 3260 secundo
737 3221 948 3277 quoque
972 3206 1173 3271 littore,
1203 3208 1357 3278 cujus
1383 3208 1656 3279 longitudo
1678 3226 1773 3280 per
1792 3227 1888 3267 sex

305 3298 627 3353 extenditur
649 3299 900 3363 miliaria,
931 3301 982 3353 in
1014 3303 1249 3371 quodam
1295 3300 1533 3369 ejusdem
1565 3304 1758 3360 littoris
1797 3306 1891 3359 he-

305 3389 450 3445 remi
478 3390 614 3454 loco,
655 3391 760 3446 duo
806 3393 903 3445 viri
936 3393 1132 3447 ibidem
1179 3403 1460 3449 manentes
1507 3395 1709 3452 inventi
1741 3407 1886 3461 sunt,

305 3497 547 3551 quorum
582 3481 722 3535 alter
753 3484 1051 3537 vocabatur
1094 3483 1396 3550 Barbanus,
1430 3485 1566 3542 alter
1593 3502 1724 3542 vero
1756 3488 1889 3542 Taro

306 3576 506 3626 (lessus
535 3573 832 3629 dicebatur.
860 3574 1001 3630 ldem
1048 3592 1278 3644 namque
1307 3577 1406 3632 viri
1445 3593 1774 3649 paganorum
1809 3579 1890 3633 fu—

304 3666 522 3735 gientes
546 3666 768 3731 rabiem,
793 3668 857 3721 de
885 3667 1131 3723 Tarvisio
1172 3685 1293 3722 cum
1316 3670 1460 3723 omni
1492 3686 1588 3725 sua
1614 3670 1877 3740 suppelle-

302 3758 436 3812 ctile
463 3758 570 3812 illic
593 3759 895 3816 latitabant.
923 3761 1128 3828 Quibus
1151 3761 1435 3817 ecclesiam
1460 3763 1510 3816 in
1540 3764 1741 3816 honore
1760 3778 1886 3818 san-

300 3859 412 3903 cta:
462 3848 555 3902 Dei
603 3851 877 3919 genitricis
929 3851 1130 3916 Mariae,
1211 3864 1268 3906 ut
1339 3853 1514 3908 fuerat
1563 3854 1884 3922 revelatum,

301 3941 719 4010 prenozuinatus
746 3943 1051 4011 patriarcha
1094 3943 1274 3998 facere
1319 3945 1576 4013 precepit.
1615 3944 1697 4002 Ad
1728 3959 1887 4013 quem

300 4047 432 4084 cum
467 4030 646 4085 isdem
667 4034 973 4100 patriarcha
1023 4035 1363 4104 pervenisset
1397 4035 1594 4101 locum,
1619 4037 1780 4090 veluti
1815 4036 1886 4090 ibi

303 4132 667 4189 reppererunt
687 4123 856 4194 signa,
883 4125 1123 4194 ejusdem
1151 4126 1408 4181 :ecclesite
1435 4127 1779 4182 fundamenta
1806 4128 1890 4181 in-

296 4211 457 4282 jecit,
493 4214 581 4268 ubi
617 4224 670 4268 et
705 4219 1094 4272 monachorum
1131 4218 1412 4273 ecnobium
1454 4218 1642 4274 adesse
1672 4234 1883 4273 necnon

298 4315 358 4359 et
388 4303 697 4360 Barbanum
721 4307 968 4363 abbatem
999 4308 1112 4363 tieri
1141 4310 1430 4364 ordinavit.
1463 4310 1633 4382 Hujus
1653 4326 1890 4381 namque

298 4395 492 4450 socius
513 4395 576 4448 ad
601 4400 812 4467 propria
847 4401 1136 4456 remeavit.

293 4487 297 4491 ’
379 4488 504 4556 (fol.
550 4488 618 4557 7‘)
656 4491 712 4545 ln
746 4493 938 4548 eadem
968 4509 1096 4548 vero
1128 4495 1315 4550 sinodo
1346 4496 1492 4566 (153)
1523 4510 1685 4566 quam
1722 4510 1885 4565 supra

300 4582 750 4650 memoravimus,
787 4587 1044 4656 quicquid
1084 4588 1150 4642 de
1179 4587 1562 4643 Calcedoneusi
1597 4587 1884 4642 dubitaba-

301 4683 397 4728 tur
430 4673 712 4739 conciliu,.
741 4677 895 4747 pulsa
947 4678 1301 4747 ambiguitate
1355 4679 1733 4736 confirmatum
1783 4687 1886 4732 est.

297 4763 496 4834 ibique
523 4768 706 4822 statuit
731 4770 1033 4824 mcclesiam
1063 4769 1392 4826 Gradensem
1419 4779 1581 4840 caput
1606 4778 1662 4824 et
1687 4778 1890 4824 metros

299 4856 478 4926 polim
505 4858 675 4914 tocius
697 4861 974 4930 provincie
999 4860 1393 4933 llystriensium
1420 4870 1476 4917 et
1504 4861 1884 4928 Venetiarum;

296 4947 466 5015 cujus
487 4947 719 5006 Venetia:
739 4952 1004 5007 terminus
1026 4967 1055 5006 a
1071 4951 1407 5009 Pannoniam
1430 4966 1599 5022 usque
1619 4950 1686 5005 ad
1711 4951 1884 5006 Adam

300 5040 528 5096 ﬂuvium
575 5044 896 5117 protelatur.
950 5043 1355 5114 Epistolatuque
1397 5059 1493 5113 pro
1529 5041 1616 5096 his
1670 5043 1892 5098 statutis

2010 473 2152 528 tibus
2212 476 2478 530 universis
2535 475 2801 545 episcopis
2859 475 2970 544 jam
3045 474 3311 527 dictarum
3367 470 3581 540 provin-

2005 567 2236 620 ciarum.
2271 566 2467 623 Paulus
2491 569 2774 638 siquidem,
2807 582 3088 637 preeessor
3113 566 3190 639 “‘_
3210 566 3347 639 ejus,
3385 564 3580 620 hostile

2004 657 2299 728 periculmu
2353 674 2458 711 nou
2499 658 2700 723 ferens,
2754 657 3125 729 Lougobardis
3168 654 3578 712 advenientibus

2003 762 2123 801 cum
2157 749 2301 802 omni
2339 749 2590 803 thesauro
2621 752 2862 805 ecclesia:
2905 751 3117 805 Gradus
3149 765 3208 802 se
3249 747 3572 810 contulerat,

2003 835 2236 892 alTerens
2287 852 2470 892 secum
2515 854 2738 908 corpora
2789 848 3102 893 sanctorum
3154 839 3434 893 martirum
3482 837 3572 892 El-

2001 925 2099 980 lari
2135 927 2201 957 '“
2253 939 2309 982 et
2359 927 2575 984 Taciani
2627 939 2679 983 et
2734 930 3082 999 reliquorum.
3138 929 3402 983 Defuncto
3445 945 3574 984 vero

2003 1015 2166 1071 Paulo
2218 1025 2273 1072 et
2321 1019 2372 1072 in
2399 1020 2640 1073 :rcclesia
2672 1019 2950 1074 Gradense
2983 1028 3184 1083 umato,
3218 1017 3371 1086 cujus
3394 1018 3581 1088 sepul-.

2000 1108 2188 1162 chrum
2217 1125 2384 1178 usque
2415 1110 2570 1164 hodie
2603 1111 2668 1140 ¹⁶³
2699 1110 2771 1164 ibi
2811 1119 3012 1176 manet,
3036 1109 3303 1164 Probinus
3330 1109 3572 1164 Gradeu-

1999 1215 2136 1265 sem,
2161 1201 2212 1255 id
2241 1211 2321 1255 est
2343 1218 2476 1256 nove
2506 1202 2772 1271 Aquileie,
2801 1204 2938 1257 rexit
2965 1203 3284 1257 mcclesiam.
3311 1201 3408 1255 Cui
3445 1215 3568 1254 suc-

1999 1293 2195 1346 cedens
2216 1304 2542 1348 memnratus
2563 1293 2742 1348 llelias
2765 1295 3091 1362 patriarcha,
3125 1293 3224 1346 hec
3249 1306 3354 1360 que
3382 1306 3572 1358 supra.

1999 1386 2198 1455 scripta
2223 1395 2348 1439 sunt
2378 1387 2444 1454 (υ.
2462 1403 2618 1455 supra
2641 1385 2740 1439 col.
2766 1385 2889 1455 88l)
2918 1384 3206 1447 ordinavit,
3232 1393 3284 1438 et
3301 1384 3412 1453 jam
3430 1383 3570 1438 dicta

1999 1493 2222 1547 Corpora
2247 1489 2555 1532 sanctorum
2585 1477 2665 1543 ibi
2681 1477 2818 1531 tniro
2835 1476 2993 1531 modo
3015 1473 3573 1543 locavit,domumque

1997 1568 2102 1622 sibi
2133 1585 2163 1620 a
2193 1567 2553 1624 fundamentis
2589 1566 2857 1622 fabricare
2904 1567 3170 1636 precepit,
3221 1579 3472 1618 asserens
3518 1565 3586 1626 in_

1998 1661 2206 1731 synodo
2229 1678 2391 1731 supra
2423 1669 2622 1716 statuto
2652 1679 2664 1714 :
2696 1660 2974 1714 Karissimi
2995 1656 3571 1728 fratres,intervenien-

1999 1753 2134 1806 tibus
2160 1754 2314 1806 mulis
2345 1755 2536 1807 nostris
2589 1753 2801 1807 cottidie
2843 1751 3030 1805 hostile
3057 1750 3370 1820 perpetimur
3394 1746 3575 1817 ﬂagel-

1999 1841 2128 1908 lum,
2159 1854 2206 1896 et
2243 1844 2356 1912 jam
2398 1845 2598 1913 pridem
2649 1844 2712 1897 ab
2762 1843 2923 1897 Attila
2981 1839 3311 1910 Ungui-orum
3344 1837 3410 1868 ‘“
3458 1852 3574 1906 rege

1998 1934 2256 2002 Aquileia,
2306 1935 2484 1987 civitas
2537 1945 2735 1997 nostra,
2780 1932 3020 2002 [mutilus
3075 1931 3339 1982 destructa
3397 1936 3495 1991 est,
3525 1935 3574 1979 et

1997 2023 2285 2078 Col/torum
2310 2027 2512 2080 incessu
2541 2035 2586 2078 et
2616 2035 2904 2078 ceterorum
2951 2021 3296 2076 barbarorum
3342 2026 3584 2080 cessata,

1997 2117 2081 2172 t'ia:
2109 2117 2342 2185 aspirat;
2373 2116 2463 2170 sed
2492 2131 2629 2168 nunc
2657 2112 3120 2182 Langobardorum
3167 2108 3383 2177 infande
3408 2105 3572 2175 gentis

1996 2205 2203 2276 ﬂagella
2227 2206 2480 2259 sustinere
2506 2221 2606 2257 non
2634 2215 2816 2274 potest.
2845 2200 3402 2270 Quapropterdignum
3428 2196 3590 2263 ducit

1995 2300 2343 2352 mansuetudo
2371 2309 2574 2363 nostra,
2608 2300 2651 2351 si
2685 2307 2864 2350 restrw
2889 2295 3053 2363 placet
3081 2292 3368 2356 sanctitati,
3402 2290 3454 2341 in
3478 2290 3574 2340 hoc

1995 2399 2166 2441 castro
2239 2387 2510 2442 Gradense
2562 2400 2794 2441 nostram
2861 2386 3174 2452 confirmare
3224 2379 3570 2450 metropolim.

1994 2483 2147 2548 Quod
2181 2483 2380 2536 dictum
2423 2483 2678 2536 omnibus
2725 2481 2925 2549 [Iacuit
2982 2477 3279 2547 episcopis;
3333 2483 3387 2527 ct
3433 2474 3574 2524 facto

1994 2574 2173 2628 libello
2221 2583 2437 2627 statuta:
2483 2590 2615 2636 sum,
2666 2573 2716 2625 id
2749 2582 2832 2626 est
2876 2571 2940 2624 de
2969 2579 3262 2624 memorata
3309 2563 3569 2620 Calcedo-

1994 2665 2148 2718 nensi
2189 2663 2393 2733 synodo
2424 2662 2541 2732 (fol.
2568 2663 2622 2730 8)
2647 2671 2701 2717 et
2727 2665 2790 2717 de
2820 2661 2922 2715 hac
2963 2661 3073 2730 ipsa
3101 2661 3226 2714 sede
3246 2667 3298 2713 et
3327 2655 3574 2710 omnium

1994 2755 2445 2822 supradictorum,
2479 2765 2664 2824 supter
2690 2753 2936 2808 manibus
2963 2753 3074 2809 suis
3105 2749 3568 2818 conscripserunt.

1991 2844 2047 2898 l.l
2075 2856 2156 2900 est
2175 2846 2380 2914 primus
2401 2844 2583 2898 llelias
2601 2844 2934 2913 patriarcha;
2969 2839 3163 2895 deinde
3195 2836 3480 2893 Marcellus
3504 2835 3574 2870 ’τ’

1993 2935 2274 3005 episcopus
2325 2944 2526 2989 saneta:
2579 2932 2836 2987 recclesiac
2875 2931 3219 3000 Opitergina,
3265 2925 3572 2980 Lconianus

1995 3028 2278 3096 epiSCOpus
2304 3027 2708 3098 'l‘yliorniensis,
2762 3024 2954 3080 Petrus
2983 3023 3266 3092 episcopus
3297 3017 3580 3080 Altinatis,

1918 3079 1962 3142 C
2001 3117 2312 3172 Viudemius
2334 3119 2618 3188 episc0pus
2647 3117 2947 3181 Cessensis,
2983 3113 3264 3184 Bergullus
3287 3111 3576 3180 cpiscopus

1991 3208 2267 3263 Patavina:
2315 3209 2594 3273 mcclesim,
2634 3207 2911 3263 Johannes
2955 3205 3238 3274 episcopus
3282 3197 3580 3269 Celejanae,

1991 3297 2338 3354 Clarissimus
2387 3300 2670 3368 episcopus
2699 3294 3130 3360 Concordiensis,
3162 3290 3429 3346 Patricius
3461 3286 3577 3356 epi-

1992 3405 2188 3462 scopus
2241 3392 2594 3458 Emonensis,
2647 3391 2919 3445 Adrianus
2985 3389 3269 3460 episc0pus
3307 3383 3578 3448 Poleusis,

1994 3483 2305 3538 lliaxencius
2350 3485 2635 3554 episcopus
2680 3482 2956 3544 Julieusis,
3007 3482 3242 3535 Severus
3288 3477 3587 3546 episcopus.

1993 3574 2321 3645 Tergestinis
2371 3577 2659 3641 a‘celesiai,
2706 3575 2950 3630 Sulacius
2975 3573 3260 3641 episcopus
3296 3569 3574 3624 Veronen—

1991 3669 2087 3732 sis,
2121 3667 2393 3722 Johanncs
2413 3668 2695 3737 episc0pus
2739 3666 3028 3722 Parentine
3055 3663 3333 3726 aecclesize,
3384 3661 3570 3717 Aaron

1990 3760 2272 3828 epise0pus
2294 3759 2671 3838 Avonciensis,
2701 3758 2966 3829 lugenuus
3013 3756 3297 3825 episc0pus
3333 3750 3572 3806 secundo

1992 3850 2190 3916 Reciae,
2214 3851 2471 3920 Agnellus
2500 3852 2782 3921 episcopus
2809 3849 3122 3904 Tridentine
3159 3844 3438 3907 aecclesiae,
3476 3841 3570 3896 Vi-

1992 3942 2152 4013 gilius
2176 3941 2461 4010 episcopus
2503 3939 2962 4003 Scaravacieusis,
3004 3935 3260 3992 Fonteius
3285 3933 3575 4009 cpiscopus

1991 4035 2305 4097 Feltrensis,
2339 4031 2644 4086 Marcianus
2679 4032 2962 4100 episc0pus
3003 4026 3303 4088 Petenatis;
3333 4023 3572 4078 Laurent-

1992 4127 2110 4182 eius
2139 4125 2430 4195 presbiter,
2454 4132 2509 4176 et
2551 4122 2788 4177 Marinus
2816 4121 3104 4190 presbiter,
3137 4127 3297 4187 atque
3326 4115 3588 4169 Emerius.

1989 4219 2278 4291 presbiter,
2311 4214 2684 4285 provinciales,
2711 4223 2766 4268 et
2789 4212 2954 4267 ceteri
2983 4208 3287 4281 presbiteri,
3321 4216 3426 4261 tam
3451 4220 3580 4260 mes

1993 4308 2301 4378 tropolitani
2335 4320 2607 4375 quamque
2649 4313 2706 4359 et
2751 4303 2995 4357 Plcbani.
3026 4301 3226 4357 Omnes
3261 4297 3347 4352 isti
3378 4311 3572 4367 supra-

1914 4427 1966 4486 Ι)
1994 4401 2181 4468 scripti
2232 4401 2662 4463 consencicrunt,
2716 4406 2771 4451 et
2825 4397 3007 4450 omnia
3040 4395 3093 4448 in
3129 4393 3318 4448 eodem
3359 4390 3426 4422 ’⁸⁸
3455 4389 3584 4444 loco.

1993 4494 2471 4550 conlirimiverunt.

2065 4584 2192 4640 Post
2237 4599 2407 4637 annos
2432 4582 2671 4654 quinque
2715 4581 2919 4636 hec“°"
2967 4578 3144 4634 omnia
3202 4574 3581 4644 suprascripta

1993 4683 2214 4746 peracta
2269 4675 2320 4728 in
2364 4675 2479 4744 ipsa
2527 4675 2656 4728 sede
2700 4672 3107 4742 metmpolitana
3137 4668 3438 4728 Gradense,
3479 4664 3576 4715 de-

1994 4769 2212 4825 functus
2245 4769 2311 4800 ’⁸⁸
2336 4776 2837 4838 supramemuratus
2884 4765 3064 4819 llelias
3114 4760 3445 4832 patriarcha,
3481 4753 3573 4824 qui

1998 4860 2157 4922 annis
2203 4860 2576 4929 pontiﬁcatum
2611 4859 2752 4912 rexit
2784 4856 2847 4910 14
2876 4865 2930 4910 et
2966 4853 3242 4908 mensibus
3274 4849 3361 4910 lO,
3389 4848 3580 4901 diebus

1998 4953 2091 5016 21,
2120 4959 2176 5003 et
2205 4952 2448 5023 sepultus
2483 4957 2569 5004 est
2599 4949 2652 5001 in
2681 4947 2920 5001 :ecclcsia
2953 4948 3124 4999 beata:
3153 4938 3406 4994 Eulimie.

2023 5100 2025 5102 .
2073 5041 2212 5097 Huic
2259 5041 2518 5099 successit
2563 5037 2794 5092 Severus
2835 5035 3142 5108 patriarcha
3192 5028 3260 5085 ad
3291 5025 3596 5100 regendam

1599 5153 1832 5210 VAlllAE
1873 5153 2285 5217 LECTIONES.
