4094 5252
569 316 668 375 951

1733 312 2016 373 JOANNIS
2058 312 2334 372 DIACONI
2360 311 2612 372 VENETI

569 429 902 489 Gradensem
930 410 1159 490 eandem
1187 433 1508 497 accclcsiam,
1536 430 1629 502 qui
1653 416 1842 488 omnes
1870 447 1998 487 suas
2034 445 2146 498 res,
2176 435 2227 500 Α
2251 430 2527 488 ordinavit
2556 428 2858 485 Iohannem
2898 425 3175 482 abbatem.
3206 422 3398 495 ln'qua
3447 429 3563 478 tres
3598 420 3835 492 episcopi

571 537 677 589 que
706 523 774 579 de
796 534 1078 594 parentum
1115 524 1238 596 jure
1266 525 1472 591 habuit,
1506 525 1560 580 in
1588 525 1702 596 jam
1732 525 1876 581 dicta
1902 524 2151 582 :ecclesia

567 628 758 672 sancte
801 616 1027 674 Euﬂmie
1068 617 1316 688 reliquid,
1349 633 1446 689 per
1472 619 1932 674 testamentariam
1965 631 2150 675 vocem

567 709 897 765 comendaus
918 709 1287 765 sacerdotibus
1305 709 1474 779 ipsius
1488 708 1804 781 metropolis
1822 708 2149 776 Gradensis,

565 807 628 853 ut
655 798 757 868 ipsi
793 800 1113 870 superstites
1141 816 1237 856 seu
1281 801 1482 871 posteri
1513 816 1701 857 eorum
1746 817 1845 872 pro
1872 802 1957 856 his
1990 802 2152 859 rebus

564 889 879 960 specialiter
901 892 1048 945 omni
1077 891 1164 946 die
1189 891 1400 947 sabbati
1426 908 1525 963 pro
1547 892 1663 962 ipso
1691 894 1884 949 missas
1909 892 2152 949 celebra-

560 987 703 1041 rent,
721 988 884 1048 atquc
897 979 1194 1035 oblationes
1210 978 1533 1037 olferrereut
1551 997 1564 1046 ;
1593 995 1941 1052 mensamque
1952 997 2151 1054 paupe-

560 1084 681 1124 rum
705 1070 936 1126 instituit
951 1071 1069 1143 (fol.
1090 1071 1183 1141 8‘).
1201 1071 1365 1141 Cujus
1386 1083 1441 1129 et
1460 1074 1761 1130 testamenti
1782 1075 1986 1129 cartula
2009 1075 2148 1144 apud

564 1158 868 1215 mcclesiam
890 1160 1221 1218 Gradensem
1255 1162 1458 1227 manet,
1503 1172 1559 1218 et
1588 1177 1677 1218 res
1725 1178 1864 1233 quas
1892 1163 1995 1219 sibi
2021 1164 2148 1218 rcli-

558 1248 692 1319 quid
728 1250 841 1321 ipsa
865 1252 1101 1323 possidet
1142 1252 1412 1309 :ecclesia.
1448 1254 1710 1309 Defuncto
1734 1269 1863 1310 vero
1887 1254 2004 1325 ipso
2026 1256 2150 1310 bea-

558 1340 772 1397 tissimo
796 1341 933 1409 viro,
961 1342 1096 1412 apud
1120 1340 1451 1399 Gradensem
1481 1344 1819 1414 metropolim
1843 1344 2144 1399 azcclrsiam

561 1430 807 1503 sepultus
841 1441 927 1489 est
955 1433 1011 1489 in
1037 1433 1259 1491 basilica
1290 1433 1463 1490 beatae
1492 1435 1754 1491 Euilmite.
1797 1434 1897 1503 Qui
1932 1434 2150 1503 pontifi-

560 1532 745 1578 catum
791 1524 934 1579 rexit
980 1526 1140 1581 annis
1200 1541 1426 1582 numero
1468 1527 1661 1600 viginti
1714 1535 1767 1582 et
1797 1536 1918 1583 octo
1946 1526 2033 1594 "',
2091 1537 2148 1583 et

560 1613 752 1668 diebus
783 1615 998 1686 triginta
1026 1625 1082 1672 ct
1107 1633 1234 1672 uno.
1602 1638 1603 1641 η

632 1705 770 1763 lluic
795 1708 1054 1763 successit
1098 1708 1403 1766 Marcianus
1460 1710 1794 1781 patriarcha,
1847 1709 1938 1781 qui
1973 1710 2147 1766 eccle-

2253 529 2650 579 cousenserunt
2679 520 2791 577 Deo
2823 517 2925 576 sibi
2963 516 3261 585 contrario,
3304 522 3369 585 et
3396 530 3525 572 eum
3552 526 3837 570 consecra.

2254 625 2473 673 verunt.
3288 605 3301 611 ’
3344 602 3355 608 Δ

2329 706 2533 764 Tamen
2566 708 2634 740 "‘
2669 714 2858 778 postea
2893 722 2992 779 per
3035 705 3321 777 epistolam
3358 704 3543 761 domui
3575 701 3835 760 Bonifacii

2252 814 2404 871 papa:
2433 800 2582 856 urbis
2607 800 2791 856 Roma:
2811 800 2914 856 sub
2952 800 3180 856 eandem
3212 797 3556 871 metropolim
3594 796 3839 854 Graden-

2252 907 2365 948 sem
2416 908 2475 947 se
2525 891 2976 965 subjugaverunt.
3028 891 3296 948 Defuncto
3342 905 3474 947 vero
3500 890 3839 946 Candidiano

2251 985 2564 1056 patriarcha
2594 986 2735 1053 apud
2766 984 3045 1041 Gradense
3081 992 3352 1046 castrum,
3389 983 3479 1052 qui
3512 981 3675 1036 annis
3701 981 3838 1035 rexit

2251 1077 2550 1132 :ccclesiam
2600 1092 2830 1133 numero
2880 1078 3145 1148 quinque,
3199 1077 3463 1133 successit
3504 1072 3839 1145 Epiphanius

2251 1169 2340 1239 qui
2399 1177 2644 1224 sanctam
2710 1168 3016 1225 tecclesiam
3079 1169 3414 1225 Gradensem
3486 1182 3635 1223 anno
3693 1180 3838 1232 uno,

2250 1261 2528 1316 mensibus
2579 1259 2772 1327 tribus,
2818 1261 3011 1318 diebus
3064 1262 3314 1318 undecim
3346 1259 3671 1334 gubernavit
3702 1275 3718 1325 ;
3750 1258 3840 1329 qui

2250 1363 2496 1410 mortuus
2542 1361 2597 1409 et
2640 1354 2883 1425 sepultus
2929 1362 3016 1411 est
3066 1354 3121 1411 in
3179 1354 3431 1411 (ecclesia
3478 1353 3656 1409 beata:
3690 1349 3841 1406 Eun-

2248 1446 2393 1502 mite.

2321 1537 2459 1595 Huic
2486 1539 2754 1595 successit
2788 1535 3082 1609 Clprlanus
3111 1537 3423 1609 patriarcha
3450 1535 3518 1594 ad
3546 1535 3842 1608 regendam

2247 1630 2549 1687 mcclesiam
2603 1630 2974 1697 Gradensem,
3020 1631 3114 1703 qui
3161 1647 3284 1687 eam
3330 1631 3474 1688 rexit
3521 1630 3685 1685 annis
3736 1643 3839 1684 nu-

2249 1739 2400 1780 mero
2445 1724 2798 1794 quindecim,
2842 1722 3139 1780 mensibus“
3171 1724 3368 1790 tribus,
3424 1722 3616 1778 diebus
3666 1719 3841 1791 vigin-

558 1798 698 1875 siam
736 1796 1072 1855 Gradettsem
1120 1801 1260 1855 rexit
1285 1802 1442 1857 annis
1473 1816 1700 1857 numero
1733 1800 1926 1864 tribus,
1956 1817 2144 1857 mense
2173 1787 2220 1849 Β
2254 1816 2313 1871 ﬁ,
2369 1787 2585 1872 [gi-hoc
2631 1787 2870 1881 ωονιέιο,
2927 1815 3173 1887 sepultus
3217 1824 3303 1871 εει
3347 1787 3402 1871 in
3452 1817 3646 1871 eadem
3693 1787 3842 1866 nisi-

559 1904 689 1955 uno,
716 1887 907 1946 diebus
930 1891 1184 1961 quinque.
1213 1892 1423 1948 Mortuo
1450 1907 1579 1949 vero
1600 1893 1718 1963 ipso
1743 1893 1884 1964 apud
1906 1893 2140 1960 Gradus,

558 1982 614 2036 id
642 1982 711 2015 "°
739 1992 825 2038 est
849 1998 1040 2038 novam
1087 1983 1411 2054 Aquileiam,
1436 1986 1680 2057 sepultus
1708 1994 1792 2041 est
1818 1985 1872 2040 in
1899 1986 2144 2041 mcclesia

559 2073 729 2128 beata:
752 2074 1014 2131 Eulltniaa.

630 2165 765 2220 lluic
823 2169 1090 2224 successit
1138 2168 1505 2227 Candidianus
1558 2170 1863 2239 patriarcha
1920 2170 1971 2224 in
2026 2170 2138 2241 ipsa

558 2259 924 2328 suprascripta
975 2260 1258 2330 metropoli
1311 2261 1593 2318 Gradensi.
1651 2262 1764 2317 Sub
1809 2260 1962 2331 cujus
2009 2270 2149 2318 ιθιηο

559 2336 695 2417 pore
717 2366 811 2422 per
831 2365 1154 2411 consensum
1187 2352 1426 2424 Agilulll,
1459 2355 1604 2427 regis
1634 2353 2143 2426 Langobardorum,

559 2438 800 2501 Gisulfus
845 2442 954 2499 dux
1014 2459 1110 2516 per
1158 2445 1384 2501 fort-iam
1437 2447 1750 2517 episcopum
1788 2446 1840 2501 in
1888 2442 2147 2514 Foroiulii

2251 1907 2357 1965 lica
2415 1908 2507 1966 ubi
2560 1908 2915 1980 suprascripti
2968 1908 3385 1980 predecessores
3446 1905 3566 1976 ejus
3628 1904 3842 1960 hamati

2250 2012 2397 2060 sunt.

2320 2096 2495 2153 Isdem
2521 2111 2650 2152 vero
2702 2109 2838 2167 papa
2893 2094 3184 2166 providens
3229 2090 3450 2149 utilitati
3485 2097 3691 2147 sanctae
3742 2087 3840 2142 Dei

2249 2188 2531 2254 aecclesiae,
2589 2188 2895 2245 interventu
2940 2187 3375 2258 snpradictorum
3430 2180 3841 2252 Primogenium

2254 2283 2666 2349 subdiaconum,
2730 2280 3096 2352 regionarium
3155 2279 3302 2337 sedis
3364 2275 3723 2350 apostolica,
3770 2272 3842 2327 ad

2253 2375 2481 2433 eandem
2509 2373 2851 2447 metropolim
2878 2372 3171 2444 regendam
3193 2370 3413 2427 direxit.
3476 2369 3480 2374 '

934 2614 1510 2711 CHRONICI
1589 2618 2253 2711 GRADENSIS
2325 2610 3301 2708 SUPPLEMENTUM
3371 2591 3497 2695 ¹⁷².

628 2791 962 2847 Fortunatus
1003 2792 1223 2863 quidam
1268 2794 1539 2850 hereticus
1574 2791 1951 2864 pontiﬁcatum
2001 2792 2145 2847 arri-

557 2884 713 2955 puit;
764 2885 855 2955 qui
898 2886 1144 2955 quintam
1209 2887 1459 2943 sinodum
1514 2888 1736 2943 minime
1775 2887 2021 2949 credens,
2076 2886 2146 2942 ob

562 2976 646 3030 sui
670 2976 876 3031 erroris
920 2977 1191 3048 piaculum
1220 2994 1447 3049 pavens,
1482 2989 1648 3034 totam
1678 2978 1981 3035 atcclesiam
2009 2977 2148 3034 Gra-

558 3067 781 3122 denscm
803 3070 1276 3140 metrOpolitanam
1319 3071 1599 3126 denudans
1629 3073 1683 3125 in
1710 3087 1845 3126 auro
1881 3081 1937 3127 et
1976 3072 2145 3126 vesti-

557 3160 665 3215 bus
690 3160 775 3214 vel
797 3171 1137 3227 ornamento,
1160 3162 1413 3219 similiter
1459 3164 1528 3197 ⁸⁷³
1564 3172 1620 3220 ct
1652 3164 1916 3220 ecclesias
1970 3163 2145 3234 bapti-

564 3250 765 3306 smalcs
789 3253 1081 3322 provinciae
1115 3254 1348 3324 llystriae
1395 3255 1462 3290 ‘7‘
1484 3266 1540 3313 ct
1577 3256 1893 3326 sinochagia
1937 3255 2004 3288 ⁸⁷⁸
2024 3270 2148 3326 qua

563 3340 633 3394 ad
659 3341 888 3397 eandem
942 3345 1244 3401 :ecclesiam
1298 3345 1633 3403 Gradensem
1677 3348 1957 3419 pertinere
1995 3347 2146 3403 vide-

562 3432 784 3497 bantur,
838 3435 1019 3505 fugam
1050 3437 1106 3491 in
1162 3437 1602 3510 Longobardiam
1629 3439 1810 3510 petiit,
1861 3440 2003 3511 apud
2054 3456 2149 3495 can

562 3531 737 3580 atrum
776 3522 1075 3583 Cormones
1132 3544 1298 3600 super
1326 3530 1604 3586 civitatem
1634 3532 1936 3601 Aquileiam
1969 3532 2143 3588 milia-

560 3616 645 3668 rio
688 3613 773 3670 15.
807 3615 1009 3672 Contra
1036 3618 1197 3688 cujus
1217 3621 1515 3690 nequitiam
1540 3631 1594 3677 et
1642 3623 1877 3679 heresim
1904 3624 2142 3697 episcopi

555 3705 907 3761 Venetiarum
930 3717 987 3763 et
1006 3708 1408 3782 llystricnsium
1446 3724 1502 3768 et
1525 3713 1713 3769 clerici
1746 3715 2139 3785 Aquileienses,

557 3799 649 3866 qui
676 3799 840 3855 etiam
861 3797 1157 3858 Gradensis
1181 3805 1464 3872 mcclesiaz,
1492 3808 1697 3877 scripta
1719 3822 1813 3863 sua
1844 3808 1915 3863 ad
1948 3806 2132 3865 llouo-

554 3892 698 3945 )ium
725 3906 919 3962 papam
968 3892 1302 3951 direxerant.
1336 3897 1480 3952 ldem
1510 3898 1578 3935 "°
1624 3913 1756 3955 vero
1792 3914 1928 3970 papa
1957 3900 2140 3969 provi-

554 3981 690 4037 dens
726 3981 948 4039 utilitati
1004 3995 1208 4042 sancta:
1257 3988 1354 4062 De}
1402 3990 1686 4058 :ecclesim,
1731 3989 2136 4061 Primugenium

2252 2792 2449 2847 simum
2477 2787 2840 2844 Iustinianum
2869 2782 3016 2856 (154)
3045 2791 3334 2857 augustum
3367 2776 3527 2849 hujus
3575 2777 3653 2834 rei
3683 2776 3842 2832 inda-

2250 2883 2437 2954 gandae
2488 2896 2651 2937 causa
2678 2920 2693 2944 ,
2740 2879 2976 2949 qualiter
3018 2877 3136 2946 ipse
3185 2871 3541 2945 baptismales
3589 2870 3842 2926 ecclesia:

2249 2974 2534 3030 denudata:
2566 2963 2815 3036 fuissent,
2856 2970 3001 3041 quod
3045 2977 3103 3025 et
3134 2964 3481 3038 Longobardi
3529 2978 3662 3019 suos
3713 2961 3839 3030 epi-

2249 3080 2442 3138 scopos
2478 3081 2509 3119 a
2537 3065 2739 3120 diocesi
2767 3063 2886 3133 ejus
2929 3062 3254 3119 subtrahere
3299 3057 3623 3120 voluissent,
3671 3067 3728 3111 et
3756 3054 3842 3122 ip-

2249 3175 2368 3215 sum
2413 3160 2725 3213 thesaurum
2779 3154 2920 3225 apud
2968 3167 3028 3209 se
3082 3151 3185 3223 ipsi
3249 3148 3630 3205 retinuissent.
3678 3142 3839 3200 Tunc

2247 3254 2467 3308 demum
2498 3249 2613 3319 ipse
2660 3248 2937 3319 pliSSiltltts
2965 3246 3262 3315 imperator
3313 3255 3507 3298 aurum
3550 3247 3608 3294 et
3635 3252 3838 3309 argen-

2249 3353 2361 3399 tum
2386 3340 2505 3414 plus
2534 3340 2742 3396 remisit
2785 3354 2948 3409 quam
2981 3337 3053 3372 "5
3093 3336 3468 3407 perdiderant,
3512 3336 3573 3387 et
3613 3331 3841 3399 insuper

2248 3436 2433 3493 sedem
2476 3432 2773 3490 beatissimi
2809 3431 2979 3486 Mat-oi
3011 3427 3344 3498 evangeliste
3378 3424 3646 3496 dirigens,
3673 3437 3838 3492 quam

2247 3527 2316 3582 ab
2348 3524 2676 3581 Alexandria
2704 3520 2983 3578 [let-actius
3026 3526 3289 3591 angustus
3309 3517 3362 3571 in
3411 3514 3612 3587 regiam
3641 3513 3837 3569 urbem

2247 3619 2570 3675 adduxerat.
2623 3617 2838 3673 Mortuo
2883 3630 3012 3670 vero
3042 3614 3356 3670 beatissimo
3397 3613 3516 3667 viro
3540 3609 3831 3678 Primoge-

2247 3712 2339 3767 nio
2365 3711 2481 3782 (an.
2510 3708 2662 3777 649),
2712 3708 2806 3778 qui
2836 3707 2995 3763 annis
3046 3721 3275 3762 numero
3324 3705 3415 3771 20,
3459 3702 3745 3759 mensibus
3778 3699 3834 3765 5,

2247 3803 2438 3860 diebus
2457 3802 2490 3858 Ἰ
2519 3802 2657 3856 rexit
2680 3801 3075 3873 pontiﬁcatum,
3094 3799 3335 3870 sepultus
3354 3808 3439 3854 est
3459 3784 3616 3870 juxta
3640 3808 3839 3865 corpus

2248 3895 2617 3951 antecesseris
2657 3895 2744 3949 sui
2800 3891 3100 3949 beatissimi
3143 3891 3449 3963 Cypriani,
3499 3889 3556 3944 in
3607 3884 3836 3943 basilica

2247 3987 2419 4044 beata:
2442 3985 2718 4042 Eufemia}.
2750 3985 2884 4041 lluic
2905 3984 3168 4040 successit
3207 3984 3467 4039 Maximus
3495 3978 3695 4053 prmsul
3720 3978 3832 4050 (an.

555 4071 849 4131 diaconum
892 4083 950 4130 et
988 4078 1353 4148 regionarium
1401 4082 1465 4115 ""
1507 4083 1654 4138 sedis
1701 4082 2011 4153 apostolica
2070 4084 2143 4139 ad
2173 4071 2219 4134 C
2248 4080 2399 4152 670),
2448 4080 2541 4153 qui
2584 4077 2745 4134 annis
2778 4090 3008 4132 numero
3031 4075 3104 4130 20
3153 4077 3292 4131 rexit
3341 4072 3747 4145 pontificatum,
3781 4078 3837 4123 et

552 4165 780 4220 eandem
811 4170 1155 4239 metropolim
1205 4173 1495 4241 regendam
1523 4174 1743 4239 direxit,
1783 4176 1919 4231 dans
1948 4185 2003 4231 et
2029 4175 2144 4246 epi-

548 4255 748 4311 stolam
777 4262 1121 4319 auctoritatis
1144 4264 1456 4335 apostolicte
1478 4265 1830 4323 innodantem
1853 4268 2143 4323 memorati

554 4347 837 4405 Fortunati
887 4352 1144 4410 heresim.
1197 4356 1343 4412 ldem
1391 4366 1574 4412 autem
1620 4356 1996 4430 Primogenius
2042 4375 2143 4431 per

554 4445 816 4502 visionem
840 4452 1193 4518 ammonitus,
1235 4467 1467 4524 corpora
1487 4454 1632 4510 beati
1660 4453 2045 4510 Hermachora:
2083 4464 2139 4511 et

553 4540 795 4595 martiris
824 4552 989 4611 atque
1018 4544 1290 4612 pontilicis
1324 4558 1380 4601 et
1408 4547 1581 4602 sancti
1611 4544 1811 4601 Felicis
1858 4555 1915 4603 et
1945 4545 2140 4600 Fortu-

553 4631 692 4694 nati,
746 4633 848 4688 sita
880 4634 1114 4692 miliario
1143 4639 1334 4703 tercio,
1384 4638 1438 4694 in
1485 4638 1821 4693 Gradensem
1856 4638 2136 4693 civitatem

552 4723 796 4792 adduxit,
855 4726 1040 4807 ibique
1090 4729 1334 4801 diligenti
1373 4745 1504 4787 cura
1554 4730 1838 4802 deposuit;
1887 4741 1941 4787 et
1969 4745 2140 4801 usque

555 4814 720 4873 hodie
745 4817 988 4887 pontifex
1015 4821 1251 4878 civitatis
1279 4821 1576 4878 Gradensis
1611 4822 1771 4899 pallei
1802 4823 2137 4880 benedictio-

553 4922 676 4964 nem
722 4924 755 4963 a
796 4925 1009 4967 summa
1038 4914 1165 4967 sede
1202 4913 1498 4983 apostolica
1537 4915 1855 4987 promeruit.
1897 4916 1967 4970 At
2004 4930 2137 4971 vero

552 5013 1049 5071 supramemoratus
1088 5004 1398 5075 patriarcha
1428 5004 1805 5076 Primogenius
1842 5006 2133 5078 apocrisia-

551 5092 694 5149 rium
723 5108 879 5150 suum
901 5095 1142 5160 dirigens
1171 5097 1228 5155 in
1256 5096 1461 5169 regiam
1496 5097 1685 5155 urbem
1714 5100 1782 5155 ad
1808 5098 1982 5154 virum
2003 5097 2133 5168 piis-

2249 4173 2497 4245 sepultus
2524 4182 2611 4227 est
2642 4171 2694 4225 in
2717 4170 2908 4229 eadem
2950 4170 3194 4226 basilica.
3238 4168 3445 4224 Deinde
3473 4163 3741 4222 successit
3768 4158 3837 4215 ad

2250 4265 2541 4333 regendam
2568 4263 2874 4319 accelesiam
2928 4260 3237 4332 Stephanus
3279 4258 3497 4331 praesul,
3546 4256 3641 4327 qui
3671 4252 3834 4308 annis

2247 4370 2483 4411 numero
2524 4353 2558 4410 5
2587 4354 2827 4426 pontifex
2883 4352 3004 4408 fuit.
3042 4353 3118 4408 Eo
3150 4367 3277 4407 vero
3308 4359 3524 4406 mortuo
3554 4352 3672 4416 (an.
3706 4344 3832 4415 675)

2246 4460 2410 4518 atque
2439 4447 2650 4518 sepulto
2680 4447 2733 4502 in
2762 4446 2956 4502 eodem
2995 4454 3177 4501 castro
3192 4446 3349 4515 juxta
3371 4442 3653 4498 basilicam
3686 4439 3832 4495 beati

2245 4541 2514 4597 Johannis
2557 4538 2931 4611 cuvangeliste
2980 4537 3164 4606 (155'),
3211 4533 3587 4592 Christoforus
3633 4531 3832 4602 praesul

2245 4632 2485 4702 suscepit
2529 4629 2817 4687 ecclesiam
2874 4628 3208 4684 Gradensem
3261 4611 3591 4696 regendam.
3637 4624 3732 4693 qui
3778 4622 3832 4675 in

2244 4725 2615 4798 patriarcltatu
2643 4723 2783 4778 vixit
2827 4721 2987 4775 anuis
3020 4734 3246 4775 numero
3267 4718 3357 4783 32,
3385 4726 3443 4772 et
3470 4725 3722 4771 mortuus
3745 4721 3833 4769 est

2246 4827 2414 4888 atque
2443 4815 2687 4886 sepultus
2738 4813 2792 4868 in
2827 4813 3016 4868 eadem
3061 4810 3286 4866 basilica
3326 4811 3437 4880 (an.
3491 4806 3640 4877 685).
3696 4803 3834 4864 liuic

2244 4909 2511 4968 successit
2555 4907 2797 4963 Donatus
2828 4905 3056 4960 antistes
3086 4903 3201 4975 (an.
3224 4902 3372 4972 717),
3402 4898 3559 4968 cujus
3582 4909 3831 4969 tempore

2242 4999 2583 5073 Langobardi
2611 5014 2708 5071 per
2733 4997 2949 5052 fortiam
3005 4996 3212 5051 Sereno
3240 4992 3610 5064 Foroquensis
3634 4989 3829 5046 teccle-

2243 5095 2336 5151 size
2366 5093 2773 5164 archiepiscopo
2823 5106 2852 5144 a
2895 5104 3104 5145 summa
3149 5089 3278 5143 sele
3334 5086 3564 5157 palleum
3620 5083 3829 5139 detule-

1859 5211 1900 5252 ν
1914 5213 1942 5252 Δ
1955 5211 2018 5252 RI
2035 5211 2091 5252 Δί
2134 5211 2155 5252 1
2169 5206 2535 5252 .FCTIONFS-
