4094 5252
324 376 325 379 ‘
1030 369 1046 389 Α

603 430 832 488 ,διξεϋίἭ
850 414 871 484 ,ι
896 420 921 433 ”’
991 404 1003 416 ”

1496 412 1883 471 CllRONlCO‘N
1933 414 2318 472 GRADENSE.

3424 428 3531 483 954

280 535 401 579 runt
451 523 515 555 ¹⁷⁹
540 520 831 593 apostolica
877 524 1166 595 primitus;
1200 529 1285 581 cui
1337 526 1687 583 beatissimus
1715 544 1848 597 papa
1880 534 1929 589 Α
1956 528 2021 581 ad
2069 530 2388 585 munitatem
2438 531 2740 601 respitiant,
2794 542 2849 586 et
2882 532 2971 587 illa
3000 534 3067 567 ’⁸⁸
3098 546 3362 607 satagere.
3393 544 3534 594 unde

278 619 568 687 Gregorius
597 614 877 685 epistolam
927 617 1141 685 direxit,
1182 619 1590 673 interdicenlem
1620 621 1686 652 ¹⁸⁰
1717 622 1857 673 inter

278 720 509 774 ceteras,
554 724 623 763 ne
646 725 902 779 umquam
932 710 1106 764 aliena
1149 710 1269 779 jura
1320 712 1618 776 invaderet,
1668 711 1853 764 aut‘“

279 801 602 856 temeritatis
630 818 765 855 ausu
791 802 855 833 ¹⁸⁸
889 813 1170 872 usorparet
1214 803 1351 873 juris
1383 805 1639 857 ditionem
1670 803 1854 873 cujus-

276 909 465 961 quam,
510 904 594 949 set
639 896 692 947 in
726 895 810 949 his
855 906 997 950 esset
1048 905 1393 966 contemptus
1439 896 1505 927 ¹⁸³
1536 910 1653 963 quae
1686 909 1856 962 usque

280 995 407 1039 tune
436 988 790 1056 possedisset.
836 989 899 1042 Et
929 1005 989 1042 ex
1027 990 1349 1043 auctoritate
1379 987 1676 1057 apostolica
1719 1001 1855 1056 prm-

278 1079 419 1147 eepit
440 1080 555 1147 ipse
583 1079 927 1135 beatissimus
958 1098 1112 1151 papa,
1147 1096 1243 1135 nec
1274 1082 1381 1135 ullo
1411 1081 1569 1134 modo
1598 1079 1856 1133 terminos

276 1172 587 1236 excederet,
618 1190 647 1225 a
688 1172 894 1225 Donato
946 1174 1173 1241 praesule
1228 1173 1505 1227 Gradense
1553 1185 1854 1240 possessus,

277 1273 360 1318 set
382 1264 483 1318 sibi
516 1263 786 1318 suiliceret
820 1266 871 1318 in
915 1267 996 1319 his
1048 1281 1167 1334 quze
1206 1265 1537 1335 possidebat,
1597 1278 1696 1317 nec
1743 1278 1857 1314 am-

278 1357 417 1427 plius
439 1373 602 1427 quam
628 1360 680 1412 in
720 1358 916 1411 linibus
941 1357 1125 1427 procul
1154 1357 1313 1411 dubio
1340 1359 1515 1427 gentis
1545 1355 1858 1426 Longobar-

278 1448 469 1503 dorum
514 1462 760 1519 gressum
813 1448 1032 1502 tendere
1077 1456 1446 1518 prmsumeret.
1481 1447 1633 1514 Quod
1682 1448 1725 1501 si
1774 1447 1858 1500 in-

276 1541 534 1597 ol:ediens
565 1540 774 1601 fuisset.
800 1540 1077 1611 apostolici
1112 1541 1315 1611 vigoris
1354 1540 1603 1609 indignus
1636 1540 1848 1610 judica-

278 1643 450 1689 retur.
507 1633 721 1689 Mortuo
768 1648 897 1689 vero
950 1634 1160 1687 Donato
1192 1632 1522 1702 patriarcha,
1552 1634 1642 1700 qui
1699 1631 1857 1685 annis

277 1741 503 1782 numero
534 1728 564 1779 7
596 1725 736 1780 rexit
757 1725 1151 1797 pontiﬁcatum,
1174 1724 1415 1794 sepultus
1439 1734 1523 1779 est
1547 1724 1601 1779 in
1630 1722 1855 1779 basilica

278 1827 477 1871 sancta:
504 1817 779 1873 Eufemitn.

1958 636 2064 673 non
2097 621 2164 651 η’
2202 638 2266 675 ex
2302 632 2569 690 potestate
2599 623 2855 678 divinitus
2874 640 3130 681 concessa
3155 628 3413 698 supplicia
3441 634 3535 685 sed

1958 711 2177 777 prannia
2211 723 2517 779 sperentur.
2560 713 2822 769 Convenit
2871 716 3039 780 enim,
3092 727 3151 771 ut
3206 734 3327 773 eum
3378 722 3536 777 unius

1958 800 2098 852 votis
2151 815 2425 869 paremus,
2460 802 2684 858 alterius
2726 802 2850 872 jura
2881 821 2985 860 non
3035 807 3368 865 fraudentur.
3400 812 3535 878 Quia

1956 906 2084 959 ergo
2117 893 2276 945 missa
2303 893 2582 959 relatione,
2616 910 2713 948 nos
2752 910 2783 949 a
2831 896 2940 950 Deo
2988 898 3199 954 salvata
3233 901 3535 955 communi-

1959 988 2043 1033 tas
2073 980 2138 1013 ¹⁹⁰
2189 990 2371 1034 vestra
2403 983 2580 1051 petiit,
2628 994 2819 1038 contra
2866 984 3284 1057 Forojulenscm
3326 991 3537 1043 antisti-

1959 1077 2063 1122 tem
2096 1081 2341 1140 agentes,
2371 1073 2513 1141 quod
2543 1073 2729 1142 cupiat
2761 1074 3015 1130 invadere
3043 1076 3302 1132 ditionem
3322 1078 3536 1134 mGra-

1957 1160 2141 1215 densis
2168 1163 2493 1231 patriarcha:
2532 1173 2585 1217 et
2631 1173 2689 1218 ut
2716 1181 3008 1236 numquam
3046 1168 3309 1223 excedere
3348 1171 3535 1223 termi-

1958 1270 2085 1307 num
2118 1254 2199 1308 vel
2222 1255 2345 1324 jura
2380 1255 2633 1309 invadere
2673 1254 2876 1321 aliena;
2933 1257 3026 1311 sed
3070 1273 3169 1312 nec
3206 1258 3340 1313 velle
3372 1261 3423 1313 in
3471 1275 3536 1314 ea

1956 1358 2076 1411 quae
2102 1343 2361 1398 hactenus
2388 1346 2721 1415 possedisset
2745 1360 2863 1400 esse
2895 1356 3235 1413 contentum;
3262 1350 3345 1402 cui
3373 1349 3535 1403 etiam

1956 1432 2010 1486 in
2037 1434 2292 1502 prmsenti
2323 1450 2391 1489 ne
2413 1449 2477 1488 ea
2521 1442 2745 1505 temptet
2773 1450 2839 1488 ex
2867 1436 3189 1491 auctoritate
3239 1438 3538 1507 apostolica

1957 1522 2361 1590 interdiximus,
2395 1526 2552 1595 eique
2580 1541 2895 1581 concessum
2923 1526 3141 1596 pallium
3169 1527 3269 1582 sub
3295 1530 3395 1584 hac
3417 1542 3540 1584 esse

1957 1617 2284 1681 conditione,
2312 1616 2669 1682 dilectissimi,
2700 1616 2906 1673 sciatis.
2938 1616 3036 1673 Cui
3075 1618 3270 1683 denuo,
3298 1634 3366 1674 ne
3397 1636 3535 1690 pra:-

1956 1718 2136 1763 sumat
2165 1710 2445 1773 excedere,
2480 1709 2854 1779 prtecepimus.
2886 1706 2964 1764 Ne
3012 1724 3140 1781 ergo
3172 1710 3377 1766 incuria
3401 1726 3540 1779 qua-

1959 1800 2083 1854 dam
2119 1809 2212 1855 aut
2244 1800 2470 1855 discidio
2506 1800 2682 1855 locum
2729 1816 2864 1871 gens
2905 1815 3094 1856 eorum
3126 1800 3448 1866 insidiando,
3481 1809 3542 1856 ut

342 1908 534 1978 incipit
556 1910 784 1978 epistola
815 1909 955 1964 beati
986 1908 1234 1979 Gregorii
1267 1923 1417 1979 papae
1443 1908 1607 1963 missa
1647 1907 1854 1963 Sereno

1960 1892 2183 1958 assolet,
2240 1892 2480 1957 invadat,
2531 1892 2819 1963 pervigiles
2854 1902 3063 1958 cavete,
3118 1893 3294 1963 potius
3322 1893 3539 1949 solliciti

277 2004 528 2071 episcopo
581 2000 941 2069 Forojulensi,
995 2003 1047 2055 in
1096 2002 1182 2055 his
1230 2001 1411 2055 verbis
1460 2000 1789 2055 interdicens
1837 2016 1850 2053 :

278 2112 298 2144 ι
338 2094 513 2147 Tanto
551 2078 773 2148 munere
812 2093 1041 2163 quisque
1068 2092 1299 2156 ditatur,
1322 2103 1583 2161 quantum
1638 2093 1689 2144 in
1736 2092 1859 2145 sub-

278 2171 502 2239 iimitate
532 2185 741 2254 positus
770 2186 835 2240 de
878 2200 935 2239 se
980 2200 1047 2239 ex
1079 2185 1335 2238 mandato
1375 2183 1575 2237 domini
1627 2182 1858 2237 Redem—

276 2278 447 2345 ptoris
501 2277 781 2331 humiliter
828 2278 1015 2331 sentit.
1056 2276 1264 2332 Etenim
1308 2275 1596 2345 pastoralis
1624 2274 1858 2343 dignitas

277 2368 629 2439 singulariter
692 2384 759 2422 ex
817 2368 1121 2422 humilitate
1180 2375 1427 2421 ornatur.
1485 2366 1857 2436 Spernendum

276 2462 478 2528 quippe
507 2458 802 2527 apostolica
828 2459 991 2513 lectio
1021 2459 1201 2529 arguit
1236 2460 1405 2513 elatos
1432 2475 1445 2521 ;
1476 2470 1529 2512 et
1553 2459 1596 2512 si
1648 2458 1860 2527 accepi-

277 2553 367 2611 sti,
407 2552 539 2621 quid
563 2551 811 2621 gloriaris
854 2551 1008 2621 quasi
1058 2566 1165 2605 non
1208 2552 1484 2621 acceperis
1509 2552 1532 2605 Ἰ
1562 2549 1694 2604 Nam
1731 2551 1857 2603 dum

277 2646 343 2698 ad
374 2644 655 2698 cumulum
679 2643 755 2698 tui
782 2644 1003 2698 honoris
1025 2642 1294 2714 prceeibus
1318 2644 1503 2697 eximii
1554 2644 1647 2697 lilii
1687 2642 1859 2697 nostri

277 2736 426 2806 regis
456 2734 603 2799 ﬂexi,
636 2734 924 2804 plurimum
966 2744 1019 2790 et
1052 2751 1150 2805 pro
1178 2735 1500 2793 rectitudine
1525 2734 1668 2801 ﬁdei,
1698 2751 1861 2804 quam

281 2840 333 2882 te
360 2839 618 2895 tuamque
642 2828 939 2883 ateclesiam
993 2837 1182 2883 tenere
1220 2837 1276 2882 et
1319 2827 1570 2897 amplecti
1601 2828 1859 2897 cognovi-

278 2936 425 2984 mus,
442 2920 741 2990 provocati,
766 2919 994 2988 palleum
1020 2919 1115 2974 tibi
1145 2919 1462 2984 direximus,
1480 2920 1863 2974 interdicentes

275 3019 333 3063 et
368 3009 509 3063 inter
538 3018 719 3063 cetera
756 3008 843 3073 ω,
892 3024 961 3063 ne
1014 3024 1271 3078 umquam
1324 3008 1502 3063 aliena
1550 3009 1674 3078 jura
1707 3007 1861 3062 inva-

277 3100 460 3163 deres,
509 3107 602 3152 aut
634 3098 955 3154 temeritatis
1003 3114 1136 3153 ausu
1170 3098 1237 3130 ¹⁸⁸
1272 3112 1564 3165 usurpares
1610 3098 1751 3168 juris
1781 3097 1863 3151 di-

279 3190 451 3243 tionis
474 3186 790 3258 cujusquam
822 3205 835 3253 ;
889 3189 981 3243 sed
1040 3188 1092 3243 in
1129 3189 1214 3243 his
1243 3203 1395 3243 esses
1430 3196 1714 3242 contentus
1742 3202 1862 3256 quae

279 3292 457 3345 usque
508 3278 776 3331 hactenus
800 3278 1111 3346 possedisti.
1145 3277 1299 3332 Nunc
1345 3292 1495 3341 vero,
1529 3286 1586 3332 ut
1610 3276 1862 3346 cognovi-

279 3385 439 3434 mus,
487 3368 785 3423 Gradensis
830 3369 1075 3439 prmsulis
1128 3370 1318 3425 niteris
1363 3369 1657 3440 pervadere
1701 3368 1861 3436 jura,

279 3470 449 3530 atque
473 3475 540 3513 ex
583 3459 669 3514 his
699 3460 892 3528 quibus
931 3461 1170 3529 possedit
1206 3476 1349 3514 nunc
1377 3476 1547 3531 usque
1576 3475 1860 3529 usurpare.

278 3548 365 3605 Ne
412 3563 544 3619 ergo
574 3548 626 3602 in
676 3564 944 3617 quoquam
974 3551 1181 3604 existas
1206 3559 1517 3615 temerator,
1551 3565 1615 3606 ex
1647 3561 1861 3619 aposto-

278 3639 386 3694 lica
416 3639 743 3693 auctoritate
766 3642 1131 3710 prazcipimus,
1178 3657 1245 3696 ne
1269 3642 1377 3697 ullo
1406 3643 1565 3697 modo
1598 3642 1863 3696 terminos

279 3732 517 3785 excedas
554 3729 621 3783 ab
641 3744 705 3784 eo
733 3745 1036 3800 possessus,
1079 3732 1171 3786 sed
1198 3732 1371 3787 solum
1416 3732 1643 3785 sullitias
1674 3733 1726 3785 in
1758 3732 1866 3786 his-

282 3834 395 3890 que
450 3829 501 3873 te
558 3819 777 3884 habeto,
812 3836 919 3888 quo
970 3821 1132 3874 modo
1194 3834 1364 3890 usque
1419 3820 1727 3889 possedisti,
1764 3834 1865 3875 nec

283 3909 523 3981 amplius
549 3925 711 3979 quam
764 3912 818 3965 in
866 3904 1065 3967 finibus
1091 3912 1282 3982 procul
1312 3911 1476 3966 dubio
1513 3912 1690 3982 gentis
1725 3911 1867 3965 Lon-

286 4002 658 4075 gobardorum
690 4002 1048 4056 existentibus
1094 4018 1341 4072 gressum
1394 4004 1616 4058 tendere
1666 4017 1867 4074 praesu-

286 4110 435 4160 mas,
464 4104 524 4147 ut
566 4109 671 4148 non
700 4092 897 4162 injuste
948 4104 1001 4148 te
1052 4095 1356 4164 suscepisse
1403 4095 1633 4165 gratiam
1685 4092 1867 4149 collati

284 4186 452 4259 pallei
490 4201 557 4240 ex
583 4185 997 4255 praesumptione
1024 4187 1299 4241 ostendas.
1343 4187 1410 4240 Et
1436 4187 1558 4240 inde
1585 4184 1867 4255 apostolici

283 4276 479 4347 vigore
506 4273 736 4338 concilii,
770 4274 815 4328 si
867 4274 1185 4329 inobediens
1238 4274 1435 4330 fuisses
1483 4276 1867 4345 couprobatus,

1962 1986 2029 2039 de
2079 1992 2259 2039 vestra
2300 1994 2422 2054 post
2476 1984 2717 2040 divinum
2748 1983 3058 2053 praesidium
3106 1984 3439 2055 percogitate
3469 1985 3537 2016 ¹⁹¹

1958 2075 2149 2131 salute.
2183 2074 2319 2144 Quia
2345 2074 2472 2129 illud
2504 2091 2609 2130 non
2632 2075 2920 2130 occasione
2952 2074 3151 2142 agitur,
3174 2075 3267 2129 sed
3302 2076 3391 2129 ubi
3420 2090 3543 2145 pos-

1958 2177 2083 2223 sunt
2138 2168 2248 2222 Deo
2276 2168 2393 2237 ejus
2440 2167 2509 2199 ¹⁹³
2536 2168 2823 2240 resistente
2878 2166 3080 2221 virtute
3112 2174 3425 2237 perpetrare
3471 2167 3544 2201 ¹⁹⁸

1958 2260 2225 2313 nituntur.
2272 2258 2534 2330 Optantes
2566 2273 2660 2313 vos
2688 2258 2753 2313 de
2779 2257 2986 2327 reliquo
3018 2257 3072 2311 in
3109 2272 3295 2313 amore
3336 2258 3542 2312 domini

1963 2352 2138 2406 nostri
2194 2349 2322 2406 Jesu
2366 2350 2569 2407 Christi
2619 2350 2843 2422 pollere,
2872 2359 2923 2404 et
2980 2350 3047 2404 ab
3105 2349 3252 2405 omni
3295 2350 3545 2405 inmunes

1958 2444 2249 2499 aversitate
2274 2457 2517 2499 manere.
2561 2442 2707 2497 Bene
2738 2441 2933 2496 valete.
2957 2460 2977 2495 ι

2030 2536 2249 2590 luterim
2306 2545 2487 2590 autem
2536 2534 2624 2591 hic
2676 2535 2871 2589 beatus
2917 2532 3211 2604 Gregorius
3251 2534 3543 2590 defunctus

1960 2637 2043 2683 est
2072 2628 2275 2693 Romze,
2307 2628 2394 2683 cui
2424 2626 2688 2682 successit
2711 2624 3058 2681 beatissimus
3087 2625 3380 2695 Gregorius
3407 2641 3542 2695 papa

1962 2720 2163 2775 tercius
2191 2735 2207 2785 ;
2236 2720 2329 2789 qui
2379 2726 2504 2788 post
2532 2718 2740 2773 obitum
2772 2715 2963 2770 Donati
2990 2715 3285 2771 Gradensis
3314 2717 3546 2786 patriar-

1961 2810 2063 2866 ehe
2102 2809 2386 2881 epistulam
2432 2824 2588 2864 suam
2636 2794 2836 2863 direxit
2885 2806 3154 2862 universis
3205 2806 3548 2861 Venetiensis

1963 2918 2056 2957 seu
2081 2901 2297 2957 Histria:
2329 2910 2383 2956 et
2405 2909 2605 2956 cuncto
2649 2900 2869 2968 populo,
2894 2908 2953 2951 ut
2981 2898 3302 2953 electionem
3330 2898 3384 2952 in
3412 2897 3548 2953 οη.

1963 2996 2183 3050 densem
2214 2994 2582 3064 patriarcham
2620 2992 2882 3047 facerent.
2915 2991 3019 3059 Qui
3078 2998 3352 3061 praecepto
3403 2989 3550 3057 ejus.-

1964 3087 2085 3141 dem
2148 3103 2301 3157 papa:
2350 3088 2601 3157 Gregorii
2661 3086 2942 3155 elegerunt
2986 3084 3323 3139 Antoninum
3373 3082 3547 3136 virum

1888 3224 1935 3285 Ο
1966 3176 2408 3248 probatissimum
2460 3180 2514 3233 in
2542 3193 2681 3235 nova
2735 3186 2923 3231 sancta
2950 3174 3286 3245 Aquileiensi
3312 3173 3550 3243 patriar-

1999 3271 2012 3285 .
2272 3270 2284 3285 .
2356 3272 2367 3283 .
2520 3270 2534 3285 ,
2671 3269 2789 3285 ..σω
2871 3266 2969 3285 ne.
3022 3282 3038 3285 Α
3291 3265 3363 3285 η,
3407 3264 3545 3285 ματ-

1966 3271 2124 3327 chain
2172 3270 2463 3326 ecclesiam
2514 3270 2629 3342 (an.
2671 3269 2816 3339 725).
2869 3266 2971 3333 Qui
3016 3282 3049 3321 a
3092 3267 3250 3322 beato
3290 3264 3551 3337 Gregorio

1964 3377 2103 3433 papa
2137 3363 2305 3418 tercio
2321 3364 2478 3433 juxta
2507 3362 2857 3417 decessorum
2877 3373 3100 3413 suorum
3130 3357 3410 3427 exemplar
3434 3354 3547 3426 pri-

1964 3454 2224 3524 vilegium
2279 3470 2403 3509 cum
2458 3452 2836 3507 benedictione
2866 3448 3027 3519 pallei
3073 3458 3398 3503 consecutus
3444 3456 3549 3502 est.

1965 3546 2064 3601 llic
2096 3547 2399 3601 Antoninus
2430 3545 2498 3577 ¹⁹⁵
2547 3544 2857 3615 patriarcha
2889 3541 3218 3596 ammonitus
3247 3548 3330 3595 est
3355 3554 3385 3593 a
3413 3553 3552 3609 prae-

1967 3638 2113 3692 dicto
2139 3637 2404 3707 Gregorio
2429 3652 2567 3707 papa
2615 3635 2841 3690 Romam
2884 3634 2952 3687 ad
2978 3631 3246 3703 synodum
3294 3645 3554 3687 occurre-

1966 3744 2068 3795 re;
2126 3730 2194 3782 ad
2243 3744 2407 3798 quam
2462 3728 2728 3798 synodum
2778 3726 3055 3781 Johannes
3115 3722 3556 3792 archiepiscopus

1966 3819 2217 3875 Ravenas
2252 3829 2476 3874 vocatus
2515 3828 2598 3873 est
2640 3826 2863 3888 propter
2890 3815 3153 3885 imagines
3176 3828 3295 3884 quze
3324 3812 3378 3866 in
3405 3812 3556 3883 regia

1970 3910 2107 3966 urbe
2162 3912 2433 3981 deponere
2476 3908 2741 3977 jubebant
2806 3907 2916 3962 Leo
2965 3915 3127 3977 atque
3167 3904 3558 3961 Constantinus

1976 4002 2215 4072 augusti,
2254 4011 2309 4057 et
2338 4000 2541 4056 inlicite
2578 3999 2827 4071 conjugia
2878 4013 2998 4068 qua:
3039 4011 3136 4067 per
3182 3997 3395 4051 diversa
3439 3995 3558 4051 loca

1974 4095 2197 4148 ﬁebant.
2223 4093 2354 4149 Post
2384 4094 2525 4147 hanc
2550 4092 2888 4147 vocationem
2912 4089 3217 4143 Antoninus
3239 4088 3558 4157 patriarcha

1973 4200 2095 4242 cum
2119 4186 2233 4239 suis
2255 4182 2611 4250 suﬁ‘raganeis
2634 4183 2860 4237 Romam
2887 4180 2955 4235 ad
2981 4180 3244 4250 synodum
3271 4179 3511 4249 perrexit
3538 4195 3555 4244 ;

1975 4277 2029 4331 in
2065 4292 2169 4345 qua
2199 4278 2404 4348 synodo
2434 4274 2710 4329 deﬁnitive
2733 4272 2930 4327 divisio
2968 4270 3113 4325 facta
3157 4281 3242 4325 est
3272 4270 3416 4324 inter
3449 4271 3559 4323 An-

286 4368 549 4439 indignus
572 4365 854 4435 judiceris.
887 4365 1021 4421 Data
1074 4366 1194 4422 Kal.
1226 4366 1564 4433 Decembris,
1619 4368 1871 4423 indictio—
1976 4368 2222 4425 toninum
2254 4366 2588 4422 Gradensem
2630 4364 2996 4437 patriarcham
3045 4366 3123 4417 et
3149 4361 3413 4416 Serenum
3456 4357 3561 4414 Fo-

286 4457 378 4513 nis
412 4458 465 4510 7.
492 4476 509 4507 ι
540 4456 682 4510 idem
710 4454 1005 4526 Gregorius
1032 4471 1128 4527 pro
1161 4456 1262 4512 hac
1290 4473 1349 4512 re
1373 4459 1534 4511 talem
1568 4459 1635 4512 ad
1662 4459 1867 4527 episco-
1977 4460 2311 4530 rojulensem
2344 4459 2668 4524 antistitem,
2697 4458 2850 4527 juxta
2873 4455 3110 4509 edictum
3137 4453 3282 4508 beati
3313 4452 3560 4522 Gregorii

286 4563 392 4620 pos
444 4548 683 4603 Venetiae
732 4558 789 4602 et
816 4548 1047 4619 llystriaa
1081 4550 1279 4604 direxit
1306 4551 1630 4619 epistolam:
1662 4569 1681 4602 ι
1732 4549 1867 4604 Gre-
1896 4560 1949 4621 Β
1985 4552 2232 4615 secundi,
2297 4550 2655 4605 conﬁrmante
2700 4558 2810 4603 tota
2864 4546 3070 4618 synodo
3127 4554 3184 4601 et
3236 4545 3561 4599 sententiam

290 4641 500 4713 gorius,
524 4655 713 4695 servus
758 4655 1043 4695 servorum
1090 4642 1207 4707 Dei,
1235 4642 1558 4711 episcopus,
1605 4641 1872 4697 universis
1980 4643 2352 4699 anathematis
2397 4644 2453 4698 in
2488 4640 2651 4711 hujus
2690 4639 3118 4696 conﬁrmationis
3152 4636 3447 4693 violatores
3482 4633 3565 4688 di-

287 4732 564 4803 episcopis
595 4732 835 4787 Venetia:
882 4747 977 4787 seu
1024 4732 1256 4804 Hystrize
1300 4736 1383 4789 vel
1412 4734 1552 4805 plebi
1610 4735 1870 4804 ejusdem.
1981 4744 2178 4791 ctante.

290 4822 634 4893 Quamquam
658 4840 725 4879 ex
754 4824 1059 4879 ministerio
1091 4827 1234 4895 quod
1261 4826 1612 4881 miseratione
1640 4843 1874 4895 superna
2054 4830 2269 4883 Mortuo
2299 4844 2425 4883 vero
2456 4828 2571 4899 ipso
2596 4825 2867 4881 Antonino
2897 4824 3227 4895 patriarcha,
3266 4822 3359 4891 qui
3394 4832 3567 4874 annos

291 4916 538 4985 tegimus
568 4956 583 4981 ,
633 4916 890 4987 quicquid
946 4917 1166 4987 provide
1216 4917 1560 4973 deliberando
1618 4933 1879 4987 peragere
1987 4922 2133 4975 rexit
2152 4920 2527 4989 pontificatum
2551 4920 2645 4983 22,
2679 4931 2894 4971 menses
2924 4916 3012 4980 10,
3062 4916 3179 4969 dies
3199 4913 3294 4976 20,
3319 4909 3567 4981 sepultus

289 5009 505 5075 absque
533 5006 809 5064 obstaculo
831 5008 1140 5075 conveniat,
1168 5017 1405 5065 attamen
1456 5026 1522 5066 ne
1567 5010 1766 5064 frustra
1787 5009 1875 5078 ju-
1986 5021 2070 5068 est
2095 5013 2146 5065 in
2178 5012 2367 5065 eodem
2406 5021 2586 5067 castro
2618 5010 2671 5063 in
2711 5007 2953 5061 aecclesia
3000 5012 3203 5060 sanctae
3256 5000 3566 5058 Eufemice.

292 5099 502 5138 ιιῖοίιιῐη
532 5101 704 5138 noiccn
751 5100 1037 5138 \rhloumnr
1068 5101 1134 5135 ηδ
1207 5102 1293 5138 illa
1323 5105 1566 5138 muni-nne
1601 5104 1848 5138 novena-ni

1984 5104 2119 5138 "uin
2146 5104 2405 5138 cnnnnccil
2452 5102 2762 5138 Fmilinnnc
2795 5098 3101 5138 natrinrnlm
3146 5093 3259 5138 (nn-
3295 5094 3445 5138 7‘9}-
3481 5087 3576 5138 οοί

1545 5122 1566 5138 α
1601 5117 1848 5138 nnrcnnun
