4094 5252
280 272 376 334 96!

1750 281 2082 338 MOMTUM.

3445 295 3551 351 952

210 394 217 400 ’
281 412 439 465 quem
478 396 719 477 maxime.
745 412 865 452 cum
910 398 1243 470 posteritatis
1296 397 1471 453 fructu
1522 398 1719 453 litteris
1760 399 1855 452 do-
1887 404 1935 459 Α
1963 400 2153 453 churus
2181 401 2533 470 etfamiliaris
2570 402 2692 471 fuit,
2726 412 2911 456 utnon
2954 402 3123 457 solum
3161 403 3213 457 in
3251 405 3553 463 domesticis

284 488 470 540 cendis
503 502 736 542 navasse
783 503 1004 558 operam
1052 490 1283 558 probant
1316 487 1699 558 discipulorum
1735 503 1871 558 quos

283 579 513 633 erudivit
544 578 844 633 clarissima
877 581 1116 633 nomina.
1157 580 1292 634 Nam
1326 582 1392 634 ad
1434 582 1667 635 medium
1698 595 1869 649 usque

286 671 541 724 smeulum
572 671 920 725 undecimum
961 669 1202 742 Herigeri
1234 681 1290 727 et
1320 670 1623 742 exemplum
1648 682 1702 725 et
1731 687 1870 742 prte-

286 776 440 835 cepta
470 774 597 820 sunt
626 774 999 827 servata,cum
1025 764 1394 820 felicissimum
1419 766 1557 834 quod
1583 779 1871 833 puerorum

288 857 485 910 animis
540 856 802 926 injecerat
849 870 1034 910 semen
1085 856 1136 909 in
1179 854 1400 910 Olberto
1445 857 1520 924 (8)
1574 855 1873 908 clarissimo

288 946 664 1000 Gemblacensi
695 947 892 1001 abbate
942 954 997 999 et
1046 946 1098 999 in
1134 945 1373 999 Wazone
1420 945 1676 1014 episeopo
1733 944 1870 997 Leo-

291 1044 477 1097 dieusi
524 1042 601 1113 (9)
642 1042 1048 1098 exuberaretet
1096 1042 1161 1095 ad
1193 1040 1494 1094 [artissimas
1541 1038 1721 1109 fruges
1756 1054 1875 1107 per-

292 1134 521 1187 veniret.

365 1223 472 1276 Sed
516 1222 626 1291 jam
659 1222 941 1275 videamus
970 1237 1088 1291 quae
1118 1221 1238 1275 vita:
1283 1221 1523 1290 llerigeri
1558 1221 1697 1290 apud
1744 1220 1877 1273 al‘os

295 1317 591 1385 seriptores
617 1315 803 1370 relicta
831 1317 937 1368 sint
961 1315 1201 1385 vestigia.
1239 1311 1412 1367 Unum
1442 1312 1594 1366 nobis
1625 1312 1877 1366 traditum

296 1415 383 1461 est
412 1405 781 1460 testimonium
820 1420 925 1459 nou
978 1405 1053 1459 ita
1100 1405 1267 1459 multo
1300 1414 1420 1474 post
1466 1404 1609 1457 illius
1640 1413 1878 1473 tempora

298 1498 581 1565 scriptum,
613 1497 778 1565 quod,
819 1512 941 1549 cum
976 1496 1130 1565 quasi
1160 1496 1371 1549 tirtmun
1403 1495 1715 1564 qurestionis
1747 1510 1882 1563 prce-

297 1588 425 1642 beat
470 1587 897 1652 fundamentum,
954 1588 1244 1642 intextum
1290 1588 1528 1656 recipere
1558 1602 1661 1639 non
1711 1586 1779 1641 ab
1825 1601 1883 1641 re

301 1677 419 1735 fore
458 1680 671 1748 opinor,
702 1680 975 1748 verbaque
1015 1680 1151 1750 ipsa,
1184 1694 1251 1733 ne
1302 1679 1451 1733 testis
1499 1677 1642 1733 illius
1670 1691 1883 1733 senten-

1970 489 2047 542 νει
2085 492 2448 546 ecclesiasticis
2487 496 2657 557 rebus,
2679 494 2769 547 sed
2798 494 2851 547 in
2885 494 3129 562 palatinis
3159 512 3361 565 quoque
3398 516 3555 568 nego-

1972 580 2090 645 liis,
2134 598 2353 651 quorum
2404 595 2527 638 tunc
2568 586 2809 653 temporis
2856 587 3151 655 praecipuus
3194 600 3304 641 erat
3350 606 3561 644 exsecu-

1972 681 2053 724 tor
2098 673 2232 741 (l2),
2272 675 2407 728 idem
2454 677 2723 745 episcopus
2771 678 2907 731 inter
2956 680 3153 745 primos
3196 698 3313 734 eum
3360 699 3564 750 semper

1971 760 2227 822 habuerit,
2261 779 2350 816 nec
2393 764 2447 816 in
2492 762 2837 832 Lotharingia
2881 766 3052 820 solum
3085 769 3176 823 sed
3215 780 3262 823 et
3298 771 3350 823 in
3376 770 3563 835 Italia,

1973 850 2060 902 ubi
2092 849 2285 905 Othoni
2318 852 2379 906 11
2406 854 2516 924 (l5)
2548 856 2719 909 adhuc
2754 874 2915 926 puero
2948 874 3163 928 regnum
3208 864 3558 931 prmparabat,

1972 943 2086 1011 ejus
2118 943 2378 1014 obsequiis
2403 958 2449 999 et
2477 948 2710 1003 consiliis
2749 967 2874 1004 usus
2914 951 3092 1018 fuerit.
3129 953 3411 1025 Postquam
3446 973 3562 1010 vero

1980 1037 2139 1089 abbas
2195 1038 2469 1092 ordinatus
2518 1050 2624 1103 est,
2671 1045 2965 1097 construxit
3015 1045 3111 1098 hoc
3157 1048 3442 1099 oratorium
3492 1048 3562 1101 ad

1978 1126 2349 1180 occidentalem
2378 1130 2608 1184 ecclesia:
2643 1130 2854 1199 plagam
2886 1134 2938 1185 in
2970 1136 3164 1188 honore
3194 1135 3375 1189 Sancti
3396 1136 3565 1193 Bene-

1977 1217 2137 1282 dicti,
2187 1218 2329 1287 quod
2380 1220 2443 1272 ab
2490 1220 2669 1290 eodem
2720 1220 2988 1293 Nothgero
3041 1226 3278 1296 episcopo
3328 1228 3564 1284 dedicari

1979 1306 2122 1375 fecit,
2156 1318 2202 1362 et
2249 1310 2384 1363 unde
2434 1311 2705 1364 obsonium
2756 1326 3047 1382 competens
3093 1317 3343 1384 fratribus
3386 1321 3439 1373 in
3480 1322 3565 1376 die

1980 1399 2347 1454 translationis
2389 1401 2624 1470 ejusdem
2656 1402 2792 1456 beati
2829 1403 3095 1458 Benedicti
3132 1409 3272 1461 omni
3299 1410 3355 1463 in
3390 1421 3563 1479 poste-

1983 1507 2097 1543 rum
2138 1502 2365 1560 tempore
2402 1504 2796 1562 procuraretur,
2824 1496 3053 1564 ejusdem
3085 1500 3309 1569 episc0pi
3338 1502 3568 1555 auctori-

1983 1591 2087 1635 tate
2122 1584 2426 1652 assignavit.
2464 1583 2725 1638 Ornatum
2769 1587 3205 1655 ecclesiasﬁicum,
3248 1608 3365 1644 cum
3396 1594 3567 1648 adhuc

1984 1674 2270 1727 monachus
2296 1675 2577 1743 episcopali
2619 1678 2779 1729 curia:
2821 1678 3119 1743 deserviret,
3149 1691 3194 1733 et
3237 1698 3355 1735 cum
3397 1683 3569 1752 fartus

303 1773 432 1825 t‘am
466 1771 641 1827 minus
669 1782 924 1825 accurate
951 1780 1209 1840 repetam,
1244 1770 1588 1840 proponenda
1613 1770 1881 1825 videntur.
1915 1753 1956 1810 Β
1986 1774 2113 1831 esset
2154 1765 2333 1829 abbas,
2366 1775 2618 1830 quantum
2658 1770 2897 1831 adauxit,
2933 1772 3039 1839 ipse
3075 1789 3279 1843 quoque
3318 1776 3570 1831 adnotare

300 1860 441 1916 Sunt
467 1873 644 1917 autem
673 1863 923 1933 anonymi
971 1862 1254 1931 scriptoris
1280 1863 1371 1929 qui
1413 1861 1654 1917 Folcuini
1686 1862 1881 1915 librum

299 1955 371 2009 ad
404 1956 701 2025 posteriora
728 1965 966 2023 tempora
997 1955 1238 2007 deduxit.
1265 1952 1416 2020 Quoi
1448 1952 1490 2006 si
1517 1968 1621 2006 non
1650 1953 1883 2022 primum

301 2046 369 2101 de
408 2046 665 2117 Herigero
703 2046 1092 2109 testimonium,
1130 2045 1507 2115 gravissimum
1542 2044 1731 2097 saltem
1765 2058 1885 2098 esse

299 2153 463 2193 nemo
492 2156 597 2195 non
620 2140 782 2206 videt,
807 2154 930 2193 nam
966 2138 1108 2208 quod
1143 2138 1328 2207 paucis
1365 2146 1571 2190 tantum
1618 2136 1799 2191 verbis
1830 2137 1882 2190 in

300 2230 441 2284 libro
468 2232 543 2286 De
572 2232 921 2303 scriptoribus
956 2230 1344 2287 ecclesiasticis
1376 2231 1520 2284 dedit
1548 2228 1883 2300 Sigebertus,

302 2322 357 2376 ni
390 2321 572 2387 fallor,
598 2338 662 2377 ex
694 2324 784 2379 illo
813 2323 983 2378 altero
1004 2331 1282 2376 mutuatus
1303 2330 1385 2375 est
1416 2320 1549 2390 (l0).

374 2412 503 2467 Post
536 2414 671 2467 hunc
694 2414 805 2484 (ll)
832 2412 1113 2483 Ilerigerus
1143 2413 1455 2487 substitutus
1478 2421 1572 2474 est,
1604 2410 1756 2479 cujus
1784 2409 1888 2463 rir-

300 2512 471 2555 tutum
503 2503 646 2556 dotes
684 2503 996 2573 perscribere
1028 2504 1350 2572 super/luunt
1380 2490 1533 2570 puto,
1583 2518 1699 2554 cum
1747 2501 1887 2566 apud

298 2602 512 2647 exteros
544 2594 697 2646 etiam
736 2603 781 2648 et
818 2593 918 2647 vita
964 2602 1009 2645 et
1059 2593 1277 2645 scientia
1331 2591 1505 2644 clarus
1563 2591 1779 2643 exstitit.
1823 2589 1889 2642 In

310 2694 521 2737 tantum
564 2686 700 2738 enim
735 2685 980 2754 pra'dicto
1012 2682 1288 2739 venerabili
1332 2683 1571 2752 episcopo
1620 2679 1889 2752 Nothgcro

303 2920 362 2974 ιδ.
400 2902 528 2965 151,
569 2900 702 2974 156;
736 2898 976 2965 Vossius,
1009 2899 1087 2974 De
1134 2898 1416 2974 Historicis
1458 2897 1663 2974 Latinis
1694 2897 1760 2974 ll,
1785 2897 1886 2974 di;

304 2969 579 3035 Dudinus,
602 2972 964 3025 Commentar.
987 2972 1052 3022 de
1074 2970 1427 3037 scriptoribus
1449 2969 1641 3023 eccles.
1657 2971 1891 3037 antiquis

314 3045 387 3107 ll,
416 3043 543 3098 485.
575 3043 709 3096 610:
754 3040 950 3107 Dupiu.
992 3038 1247 3093 Nouvelle
1271 3040 1515 3094 bildiOtlt.
1551 3041 1645 3093 des
1673 3050 1892 3092 auteurs

1986 1853 2173 1906 litteris
2225 1860 2443 1906 curavit.
2495 1853 2717 1925 Scripsit
2755 1856 2911 1911 Gesta
2960 1862 3267 1930 pontiﬁcatu
3310 1863 3569 1920 Leodien-

1986 1948 2141 2009 sium,
2170 1947 2374 2015 scripsit
2410 1949 2620 2001 metrico
2649 1949 2770 2003 stilo
2800 1952 2955 2003 vitam
2987 1952 3046 2007 S.
3081 1952 3339 2022 Ursmari,
3364 1958 3483 2025 scri;
3504 1960 3571 2011 sit

1986 2039 2055 2092 ad
2080 2038 2355 2110 Hugoncm
2379 2042 2441 2094 de
2464 2041 2773 2111 quibusdam
2795 2046 3188 2114 quttstionibus,
3210 2060 3255 2103 et
3285 2050 3391 2104 alia
3428 2069 3571 2121 quai-

1987 2131 2108 2182 dam
2130 2148 2243 2200 quia
2265 2135 2571 2201 composuit,
2595 2136 2684 2187 sed
2706 2154 2809 2190 non
2832 2142 3089 2207 exposuit.
3117 2141 3337 2211 Scripsit
3356 2146 3570 2201 sub‘sua

1988 2221 2207 2277 Elboni
2223 2234 2491 2291 etpersona
2507 2223 2805 2281 Leodiensis
2824 2229 3019 2294 clerici,
3035 2241 3210 2300 postea
3228 2232 3571 2303 Ultrajectcm

1987 2317 2059 2369 sis
2090 2317 2334 2384 episcopi,
2363 2317 2630 2387 dialogum
2653 2319 2716 2372 de
2742 2321 3067 2378 dissonantia
3096 2322 3345 2379 Ecclesia:
3378 2327 3441 2379 de
3464 2328 3572 2379 Ad—

1990 2418 2136 2459 rentu
2154 2407 2387 2461 Domini.
2410 2407 2675 2480 Congessit
2697 2412 2853 2466 etiam
2879 2424 3060 2468 contra
3082 2414 3383 2470 Ratbertum
3405 2418 3571 2471 multa

1988 2497 2363 2551 catholicorum
2392 2496 2614 2579 Patrum
2644 2504 2840 2571 scripta
2878 2504 2941 2556 de
2981 2521 3193 2574 corpore
3231 2517 3277 2559 et
3318 2509 3573 2577 sanguine

1991 2585 2226 2639 Domini.
2260 2588 2397 2641 Obiit
2428 2588 2481 2641 in
2514 2600 2775 2644 senectute
2798 2592 2953 2657 bona,
2982 2610 3120 2647 anno
3163 2594 3452 2649 Dominica:
3478 2595 3573 2648 ln-

1991 2676 2310 2728 carnationis
2354 2676 2508 2740 1007,
2535 2679 2705 2747 pridie
2749 2679 2873 2734 Kal.
2920 2680 3081 2747 Natu,
3114 2683 3443 2753 sepultusque
3491 2696 3567 2737 est

1993 2894 2218 2971 Otberto
2242 2894 2523 2971 Leodiensi
2556 2899 2809 2968 episcopo
2845 2910 2899 2955 et
2930 2901 3197 2958 Fulcardo
3238 2905 3450 2971 abbate,
3483 2911 3574 2964 lit-

1996 2968 2125 3047 teris
2147 2969 2455 3047 mandatam
2482 2984 2639 3047 esse,_
2659 2972 2879 3047 militare
2900 2972 3166 3047 alliruiare
3188 2977 3271 3031 vel
3301 2968 3573 3047 conjicere

1995 3037 2343 3111 a~tisint._ll:1}c
2374 3049 2500 3111 sunt
2530 3041 2691 3111 verba
2722 3040 2987 3111 Sigeberti
3025 3044 3235 3099 Gembl.
3273 3062 3321 3101 c.
3368 3037 3468 3103 £37
3518 3052 3571 3104 in

307 3089 635 3169 ὲὶὶιὲέἷιίεῐξ
653 3089 788 3172 'v'ltf,
802 3089 922 3165 wEii.
937 3089 1212 3181 ἰὶὶξὶὒόξ
1225 3089 1426 3172 esis;
1444 3089 1888 3181 gantiam};
1916 3089 1964 3153 C
1997 3089 2175 3181 nisi
2193 3089 2337 3181 bibl:
2355 3089 2497 3162 seu;
2522 3089 2549 3163 τ’
2569 3089 3062 3181 axi-psam...“
3075 3089 3337 3170 ῐιὶὶὲἓέηέίὶ
3358 3089 3573 3174 ὑἦὲνᾶἱὲ

307 3186 444 3237 t-les.
487 3183 613 3236 hist.
641 3182 741 3235 litt.
769 3181 830 3245 ll,
858 3181 975 3241 “‘2.
1011 3180 1150 3245 135;
1184 3180 1310 3245 Pagi
1356 3181 1546 3233 critica
1580 3180 1645 3232 ad
1687 3179 1887 3232 Barea.

307 3255 482 3315 £807;
543 3252 857 3320 Spanhcim,
916 3252 1134 3305 historia
1173 3249 1474 3304 ecclesiast.
1537 3250 1670 3318 Opp.
1724 3250 1782 3313 ll,
1841 3252 1888 3316 l,

308 3324 455 3378 1495
474 3340 488 3387 ;
518 3321 643 3377 Olea
654 3323 788 3385 rius,
820 3323 1109 3389 scriptores
1124 3320 1426 3375 ecclesiast.
1444 3336 1496 3388 p.
1520 3322 1611 3382 60,
1631 3321 1765 3383 318;
1794 3321 1893 3389 Fa-

312 3395 525 3448 bricius
553 3401 603 3447 et
636 3391 803 3446 Mansi
837 3393 888 3445 in
918 3388 1163 3445 biblioth.
1186 3392 1373 3459 script.
1411 3390 1501 3443 lat.
1536 3392 1678 3445 med.
1708 3401 1762 3445 et
1793 3388 1891 3445 inf.

312 3465 495 3517 aetatis
531 3463 570 3524 l,
604 3462 728 3524 illi,
773 3462 861 3525 lll,
908 3461 1037 3526 l89;
1072 3459 1335 3531 iFoppeus
1379 3460 1648 3531 bibliutlt.
1682 3460 1892 3531 Belgica

307 3550 365 3603 p.
398 3532 489 3593 65.
520 3533 616 3586 471
644 3548 658 3596 ;
706 3532 1029 3603 Bertbollet,
1069 3530 1302 3603 Histoire
1331 3533 1395 3603 de
1431 3529 1806 3600 Luxembourg
1850 3530 1888 3603 _l,

309 3601 454 3665 301;
494 3603 725 3666 Ceillier,
760 3601 993 3657 ilistore

311 3671 437 3731 XX,
470 3672 560 3737 Si,
584 3673 717 3736 597;
754 3672 1083 3740 llamberger
1122 3671 1482 3740 zuverl'assige
1530 3670 1891 3724 Nachricluen

314 3742 403 3803 lll,
431 3743 553 3806 760,
601 3743 736 3805 821;
780 3740 1139 3807 Villeufague,
1180 3741 1451 3809 Mélanges
1488 3742 1817 3809 pourservir
1863 3740 1892 3793 ii

311 3812 579 3865 l'iiisloire
604 3813 669 3863 de
709 3811 868 3877 Liége
912 3812 1070 3873 1785,
1096 3827 1255 3879 quem
1298 3811 1491 3863 librum
1522 3825 1625 3862 non
1660 3810 1793 3879 vidi;
1828 3811 1894 3863 de

311 3882 508 3935 Windt
536 3881 858 3934 bibliotheek
876 3882 971 3935 der
998 3881 1423 3935 nederlaudsclie
1438 3878 1892 3943 Gescbiedschry-

311 3967 446 4005 vers
476 3951 513 4009 ι.
544 3954 592 4008 l.
614 3952 666 4004 d.
704 3952 785 4010 19.
816 3952 907 4004 20.
1278 4001 1281 4005 ⁴

393 4024 473 4089 (8)
516 4020 675 4074 Gesta
716 4022 894 4074 abluit.
922 4019 1132 4075 Getuhl.
1166 4019 1406 4087 Declicry
1438 4018 1497 4082 ll,
1528 4016 1629 4071 765
1656 4033 1669 4071 :
1700 4017 1764 4070 In
1793 4035 1895 4072 cte-

313 4091 478 4145 nobio
504 4092 779 4143 Laubiensi
807 4109 836 4142 a
864 4108 1021 4157 puero
1054 4092 1105 4142 in
1128 4089 1404 4157 disciplina
1430 4091 1714 4141 monastica
1748 4106 1898 4155 regu-

312 4163 508 4213 lariter
538 4160 763 4213 nutritus
811 4172 855 4213 et
906 4162 958 4213 in
1005 4160 1194 4213 studiis
1246 4160 1623 4225 scripturarum
1667 4162 1899 4225 apprime

312 4232 581 4293 eruditus,
611 4246 675 4282 ex
703 4240 940 4298 provectu
983 4246 1093 4283 sua:
1137 4229 1677 4299 imlolisumonstrabat
1728 4232 1897 4295 qualis

314 4302 534 4369 futurus
574 4297 724 4353 esset.
778 4299 879 4352 llic
927 4301 1012 4352 ubi
1061 4314 1125 4351 ea:
1172 4297 1271 4351 ore.
1311 4297 1552 4365 llerigeri
1594 4298 1899 4351 Laubiensis

316 4371 532 4423 abbatis
602 4371 697 4422 viri
753 4386 845 4422 suo
909 4381 1135 4438 tempore
1186 4370 1511 4421 disertissimi
1575 4369 1772 4437 aliquid
1837 4370 1899 4422 dc

1036 3600 1286 3671 generale
1330 3601 1426 3654 des
1457 3612 1676 3671 auteurs
1712 3601 1895 3655 sacres
1938 3615 1951 3629 ο

1995 3180 2211 3251 scicntia
2249 3178 2424 3251 clarus
2481 3178 2723 3248 scripsit'
2757 3182 2912 3235 Gesta
2967 3187 3267 3251 pontiﬁcum
3322 3186 3575 3243 Leodien-

1996 3250 2168 3313 sium;
2194 3249 2399 3314 scripsit
2425 3252 2638 3301 metrico
2660 3250 2781 3303 stilo
2804 3249 3141 3306 laudabiliter
3174 3254 3342 3309 Vitam
3374 3257 3429 3311 S.
3466 3258 3574 3312 Ur-

1994 3322 2193 3392 smari;
2232 3320 2349 3392 scri;
2368 3319 2434 3371 sit
2462 3318 2829 3392 ad‘Hugonent
2856 3323 3126 3378 epistolam
3158 3327 3220 3378 de
3263 3328 3573 3392 quibusdam

1994 3388 2407 3467 qua’stionibu‘s;
2440 3388 2682 3467 scripsitg.
2703 3392 2797 3444 sub
2832 3409 2928 3467 sua
2953 3405 2999 3447 et
3030 3388 3303 3467 Adelboldi
3348 3398 3575 3467 episcopi

1994 3457 2214 3528 persona
2239 3457 2506 3527 dialogum
2534 3460 2599 3512 de
2627 3459 2953 3515 dissonantia
2980 3466 3229 3527 ecclesitc,
3262 3466 3326 3519 de
3347 3457 3571 3521 a'dvent'u

2001 3530 2234 3581 Domini.
2270 3527 2536 3595 Congessit
2562 3532 2716 3582 etiam
2744 3543 2925 3585 contra
2953 3533 3256 3587 Itatbertum
3283 3537 3447 3590 nmlta
3480 3554 3574 3589 ca-

1997 3598 2310 3675 tholicorum
2349 3596 2572 3675 Patrum
2604 3602 2815 3675 scripta
2840 3602 2909 3675 de
2946 3619 3166 3675 corpore
3223 3615 3270 3658 et
3320 3608 3576 3675 sanguine

2000 3669 2229 3721 Dommi.
2274 3666 2370 3721 Cui
2413 3668 2640 3721 alterum
2690 3666 2815 3722 illud
2868 3666 3145 3725 Trithemii
3202 3666 3572 3731 testimonium

1984 3739 2230 3809 ~ai'tjirere
2259 3737 2415 3809 liceat
2446 3753 2507 3809 ex
2542 3739 2678 3809 libro
2731 3740 2805 3793 De
2848 3743 3037 3809 script.
3068 3744 3262 3796 eccles.
3292 3760 3341 3797 c.
3374 3744 3478 3799 306
3520 3748 3573 3800 iu

1998 3807 2233 3862 Fabricii
2279 3806 2524 3859 biblintli.
2557 3808 2755 3877 eccles.
2796 3823 2811 3860 :
2852 3806 3133 3877 Ilerigerus
3161 3814 3319 3865 abbas
3352 3813 3573 3869 Lobien~

2004 3879 2075 3929 sis
2101 3877 2339 3950 ctenobii,
2377 3877 2574 3950 ordinis
2609 3878 2668 3930 S.
2694 3876 2955 3950 Benedicti
2986 3876 3042 3933 in
3069 3882 3254 3935 divinis
3288 3882 3571 3950 Scriptus-is

1997 3947 2379 4021 eruditissimus
2405 3962 2448 4021 u_.
2485 3945 2535 3997 in
2559 3948 3345 4021 secularibuslitlerisinobiliter
3366 3945 3571 4021 doctus,

2000 4016 2229 4068 carmine
2279 4016 2535 4067 excellens
2578 4025 2623 4067 rt
2672 4032 2845 4084 prosa.
2878 4016 3042 4085 Cujus
3080 4020 3247 4073 Βενιιο
3276 4022 3433 4075 abbas
3464 4016 3575 4076 An;

1999 4086 2188 4155 giensis
2217 4085 2447 4136 meminit
2477 4087 2528 4135 in
2558 4085 2689 4137 libro
2737 4089 2962 4153 quodam
3019 4090 3087 4140 ad
3136 4090 3409 4143 Aribonem
3462 4093 3576 4145 Μο-

1999 4157 2271 4231 guntinum
2298 4155 2761 4231 archiepiscopum.
2788 4156 3291 4231 Scripsitdinlagum
3316 4163 3572 4231 insignem

2001 4228 2094 4279 sub
2125 4240 2345 4292 persona
2387 4225 2469 4276 sui
2509 4234 2555 4277 et
2584 4225 2856 4278 Adelboldi
2887 4228 3060 4280 cleriti
3100 4243 3141 4280 et
3174 4225 3573 4285 monachi'tunc

2002 4295 2185 4347 Roma:
2207 4294 2492 4366 existentis,
2516 4305 2693 4366 postea
2724 4297 2947 4366 episcopi
2980 4297 3344 4366 'l'rajectensis,
3372 4303 3434 4353 de
3457 4303 3567 4354 dis-

2001 4366 2239 4418 sonantia
2265 4364 2493 4417 εει·Ιεδὶιυ
2516 4365 2704 4418 librum
2728 4382 2775 4429 ις
2815 4364 2984 4419 Vitam
3009 4364 3339 4422 S.'Ursmari
3367 4373 3575 4425 metrice

314 4453 516 4508 septem
555 4455 740 4506 sapore
784 4441 974 4492 artium
1011 4433 1170 4504 bibit,
1219 4441 1357 4491 sitim
1391 4439 1550 4491 studii
1576 4433 1668 4492 sui
1702 4441 1901 4491 exstin-
1935 4444 1978 4498 D
2005 4435 2096 4508 lib.
2122 4450 2172 4508 t;
2201 4433 2570 4508 adflugongz
2599 4435 2661 4487 de
2686 4438 3057 4504 qua'stionibus
3083 4437 3170 4508 lib.
3207 4455 3256 4503 l;
3294 4442 3356 4493 de
3379 4443 3574 4495 divinis

314 4525 481 4579 guere
503 4526 603 4561 non
628 4510 813 4573 potuit.

396 4580 478 4647 (9)
520 4579 583 4641 ll,
613 4580 702 4639 '50,
738 4578 822 4632 70.
854 4579 1105 4634 Olbertus
1124 4577 1379 4631 Wazouis
1409 4578 1474 4629 ab
1501 4578 1631 4646 ipsis
1659 4580 1903 4647 pueritia:

318 4650 486 4719 annis
498 4666 711 4703 coaevus
724 4650 778 4701 et
801 4651 999 4719 collega
1029 4649 1349 4718 appellatur.
1369 4647 1531 4701 Gesta
1549 4648 1672 4701 abb.
1687 4648 1896 4703 Gerubl.

318 4720 360 4773 Ι.
392 4718 430 4770 l.
472 4734 525 4786 p.
557 4718 681 4772 766.
726 4720 797 4773 De
846 4722 963 4773 aliis
994 4719 1208 4789 Notgeri
1236 4728 1497 4789 tempore
1527 4718 1902 4773 Lemliensiuut

319 4789 610 4857 disciplina
641 4791 867 4843 eruditis
890 4788 961 4844 cf.
1000 4790 1038 4843 ll
1061 4829 1076 4853 ,
1112 4788 1189 4842 "29
1234 4788 1373 4841 inter
1419 4803 1552 4854 quos
1581 4788 1905 4845 Adelboldus

320 4858 614 4913 Lobieusis
644 4858 906 4922 clericus,
958 4861 1081 4914 dein
1125 4858 1549 4925 'l’rajeetensium
1598 4858 1901 4926 episcopus,

322 4930 441 4982 vid.
474 4927 614 4982 Mou.
642 4929 743 4983 SS.
782 4929 868 4992 IV,
901 4930 1023 4984 680.

402 4998 514 5068 (10)
556 4999 669 5054 Etsi
727 4999 857 5053 alios
904 5000 1063 5052 aliam
1110 4996 1430 5052 sententiam
1462 4997 1736 5067 amplexos
1783 5013 1905 5055 esse

325 5067 508 5114 viden.
552 5079 734 5114 tamen
774 5069 1009 5114 ieiunum
1060 5068 1322 5114 Sicelterti
1366 5068 1539 5114 locum
1570 5070 1619 5114 in
1652 5067 1790 5114 lihrn
1834 5071 1906 5114 he

2005 4505 2195 4582 ofﬁciis
2246 4504 2335 4582 lib.
2371 4502 2624 4582 t;_“Gesta
2664 4502 3029 4582 episcoporum
3071 4506 3398 4582 Lobivnsiutn
3443 4512 3569 4582 (leg.

2006 4575 2391 4647 Leodiensium)
2420 4575 2505 4647 lib.
2543 4590 2591 4639 t;
2638 4576 2716 4647 de
2745 4592 2957 4642 corpore
2986 4590 3032 4629 et
3078 4580 3326 4647 sanguine
3364 4575 3575 4633 Domini

2005 4647 2094 4699 lib.
2118 4662 2177 4717 Vl,
2207 4656 2254 4697 et
2272 4642 2413 4717 alia
2436 4644 2618 4717 plura.
2654 4642 2856 4717 Claruit
2902 4648 2996 4699 sub
3050 4642 3234 4700 Ottone
3262 4650 3575 4717 imperatore

2005 4716 2157 4789 (prtio
2181 4732 2231 4767 a.
2255 4714 2326 4789 D.
2356 4716 2480 4789 9_90.
2506 4714 2712 4789 Eadem
2750 4716 2937 4789 iisdem
2970 4717 3081 4789 fere
3120 4718 3296 4771 verbis
3326 4714 3580 4789 repetivit

2007 4785 2335 4856 Trithcmius
2385 4786 2438 4837 in
2496 4783 2762 4838 Chronico
2809 4786 3168 4856 llirsaugiensi
3220 4790 3308 4840 ad.
3359 4783 3409 4843 a'.
3446 4790 3576 4850 979,

2006 4857 2091 4910 liis
2123 4854 2322 4907 additis
2362 4872 2377 4909 :
2422 4855 2542 4907 Alia
2583 4869 2785 4923 quoque
2815 4854 3068 4909 nonnulla
3094 4858 3363 4924 scripsisse
3390 4859 3582 4911 dicitur

2003 4925 2211 4997 quised
2238 4940 2424 4997 manus
2459 4932 2663 4977 nostras
2688 4940 2789 4997 non
2824 4936 3087 4997 venerunt.
3122 4926 3253 4978 Eum
3283 4940 3351 4997 ne
3391 4928 3583 4997 legisse

2005 4994 2221 5063 quidem
2254 5009 2373 5059 qua:
2404 4994 2455 5046 in
2504 5007 2695 5045 manus
2734 4994 2847 5061 ejus
2894 4994 3345 5063 veneriutasatis
3394 4994 3587 5049 ducent

2006 5062 2124 5114 mne
2150 5064 2343 5114 ibidem
2369 5065 2433 5114 de
2459 5063 2640 5114 Gestis
2663 5072 2864 5114 temere
2884 5064 3097 5114 scripsit
3122 5078 3135 5113 :
3166 5062 3243 5113 De
3268 5068 3434 5114 aestis
3460 5081 3589 5114 auo-
