4094 5252
499 240 604 292 9υὸ

1040 234 1373 293 IIERZGERI
1415 234 1503 290 ET
1538 233 1839 290 ANSELMI
1878 232 2101 291 GESTA
2143 232 2359 290 EPISC.
2413 211 2672 293 TUNGR.
2715 235 2905 292 TRAJ.
2947 237 3035 294 ET
3077 237 3275 296 LEOD.

3672 229 3829 320 at,

498 363 620 409 ante
649 353 820 408 altare
840 353 1008 409 sancti
1036 351 1250 407 Thamar
1287 350 1511 420 apostoli
1538 352 1593 404 in
1623 336 1841 406 ecclesia
1865 347 1925 405 S.
1954 347 2085 402 Urs—
2110 349 2161 408 Α
2190 345 2524 419 Herigerum.
2569 348 2762 413 Verum
2807 349 2914 406 Deo
2962 362 3089 406 teste
3128 369 3231 406 non
3272 352 3557 406 secundum
3602 370 3767 416 suam,

498 448 657 508 mari,
682 446 821 516 quod
850 448 1059 515 quidem
1092 443 1280 506 altare,
1313 443 1452 513 quod
1477 443 1532 495 in
1561 444 1646 496 die
1674 442 1909 511 ejusdem
1952 458 2082 512 apo-

498 538 622 592 stoli
655 537 929 591 ordinatus
952 544 1083 589 esset
1110 534 1290 598 abbas,
1324 534 1488 587 eidem
1519 534 1756 603 apostolo
1779 544 2088 588 construxe-

496 636 604 681 rat.
640 626 705 680 In
731 626 926 679 honore
948 626 1106 677 etiam
1128 624 1243 693 ejus
1269 624 1403 677 duas
1426 624 1737 692 antiphonas
1762 635 1781 674 :
1811 622 1855 678 Ο
1880 621 1920 674 Τ
1928 624 2084 677 ltoma

497 718 715 773 Didime
742 726 789 771 et
821 714 865 772 0
895 713 1099 769 Thema
1137 713 1376 782 apostole
1413 716 1764 782 composuisse
1802 714 1999 768 dicitur
2036 723 2084 769 et
2112 739 2117 744 -

501 808 751 878 hymnum
776 806 840 859 de
863 816 1045 860 sancta
1065 804 1240 858 Maria
1252 804 1466 875 Virgine
1490 821 1510 859 :
1534 806 1668 870 Ave,
1698 821 1792 875 per
1818 820 2003 874 quam,
2038 804 2087 859 et

497 898 741 969 quaedam
771 895 900 949 alia.
931 893 1104 948 Fuere
1131 896 1220 965 qui
1251 897 1478 950 dixerint
1516 896 1844 966 frigoreticos
1872 898 1943 950 ad
1972 897 2086 965 ejus

498 987 758 1042 tumulum
786 999 999 1040 sanatos
1029 999 1047 1037 .'
1082 1002 1176 1040 nos
1210 987 1343 1041 sicut
1380 988 1445 1041 de
1479 989 1597 1041 uitta
1629 987 1773 1041 illius
1809 990 2087 1041 sanctitate

499 1096 605 1135 non
632 1077 998 1138 discredimus,
1030 1077 1104 1130 ita
1144 1071 1193 1130 et
1239 1078 1304 1131 de
1342 1077 1636 1132 sanctitalis
1670 1078 2087 1132 remuneratione

498 1186 679 1224 coram
727 1169 927 1225 Sancto
964 1181 1264 1226 sanctorum
1304 1172 1454 1225 illum
1499 1172 1727 1241 gaudere
1768 1187 1873 1226 non
1923 1171 2090 1225 ambi-

499 1261 693 1329 gintus.

500 1380 507 1383 »
570 1353 961 1409 Adumbratam
1022 1354 1237 1424 quidem
1306 1353 1550 1425 Herigeri
1609 1356 1898 1427 imaginem
1955 1358 2088 1412 satis

499 1444 638 1501 bene
667 1455 846 1502 tamen
878 1461 1189 1516 expressam
1225 1440 1603 1503 au'etoremob
1628 1449 1811 1502 oculos
1840 1449 2089 1517 posuisse

501 1553 662 1593 nemo
709 1548 889 1608 neget.
934 1540 1121 1595 \‘irum
1164 1539 1315 1594 vides
1345 1548 1400 1594 et
1443 1539 1643 1594 virtute
1689 1550 1745 1595 et
1785 1540 2086 1595 litterarum

496 1630 748 1685 doctrina
797 1641 1075 1693 ornatum,
1124 1631 1265 1685 inter
1316 1630 1535 1702 Notgeri
1592 1630 1828 1701 episeOpi
1886 1632 2090 1685 amicos

502 1732 803 1791 receptum,
836 1738 943 1777 non
975 1721 1103 1776 solis
1125 1722 1509 1779 eceleSiasticis
1540 1723 1704 1778 rebus
1734 1723 1971 1778 deditum
1997 1734 2088 1777 aut

502 1813 557 1868 in
607 1815 920 1869 monasterii
969 1814 1159 1868 umbra
1207 1814 1645 1880 delitescentem,
1711 1817 1803 1871 sed
1857 1817 1909 1870 in
1973 1817 2092 1871 luce

504 1907 740 1977 publica,
774 1908 829 1961 in
860 1907 1010 1963 curia
1035 1917 1371 1973 versantem;
1406 1908 1570 1963 etiam
1604 1917 1896 1978 antequam
1929 1909 2092 1963 abba-

508 1999 577 2052 tis
624 2014 823 2053 munus
867 2000 1113 2069 adeptus
1144 1999 1195 2052 in
1244 1999 1559 2069 ampliorem
1616 2008 1671 2054 et
1718 2001 1981 2054 bonorum
2037 2009 2091 2055 et

502 2104 684 2145 rerum
732 2091 1094 2160 gerendarum
1142 2089 1319 2145 locum
1372 2091 1710 2146 ascenderet.
1754 2090 1919 2147 Paulo
1966 2101 2091 2147 ante

504 2195 629 2233 eum
677 2180 861 2234 Romze
889 2183 1281 2234 e'omtnoratum
1312 2195 1433 2235 esse
1480 2179 1592 2249 jam
1625 2181 1757 2237 alias
1796 2182 1896 2237 viri
1946 2183 2087 2239 docti

494 2272 856 2341 conjeeerunt
885 2271 1019 2343 (14).
1054 2271 1190 2325 Num
1229 2287 1358 2327 vero
1401 2272 1504 2327 hoc
1554 2272 1646 2327 illo
1691 2273 1808 2342 ipso
1850 2281 2091 2344 tempore

498 2379 611 2433 quo
643 2363 810 2419 abbas
854 2363 1146 2434 eligeretur
1175 2362 1376 2420 factum
1407 2365 1501 2431 sit,
1531 2365 1619 2418 vix
1661 2365 1840 2420 dicere
1881 2368 2086 2432 ausim;

507 2454 602 2508 sed
651 2468 757 2507 non
815 2454 993 2507 minus
1038 2452 1385 2508 Lobicnsium
1427 2453 1716 2509 Annalium
1767 2456 2091 2510 auctoritate

499 2545 720 2615 probari
789 2544 1001 2598 videtur
1062 2543 1383 2612 llerigerum
1455 2559 1600 2599 anno
1657 2553 1787 2599 ante
1839 2544 2088 2600 Fulcnini

500 2635 707 2689 obitum
730 2634 836 2689 989
867 2632 1102 2706 Notgero
1128 2636 1181 2688 in
1213 2632 1423 2688 Italiam
1463 2634 1567 2689 iter
1596 2632 1809 2689 facturo
1837 2634 2089 2689 comitem

501 2726 668 2782 fuisse
693 2728 827 2798 (15).
868 2727 924 2781 In
962 2728 1176 2782 abbatis
1219 2741 1445 2782 munere
1496 2727 1926 2781 administrando
1967 2741 2090 2780 eru-

498 2819 653 2890 ditus
704 2820 979 2875 eruditum
1023 2820 1200 2873 virum
1262 2817 1576 2886 excipiens,
1627 2818 1715 2873 die
1763 2818 1827 2873 21
1887 2818 2090 2874 mensis

504 2908 761 2963 Deeemb.
802 2909 909 2963 990
951 2909 1062 2979 (lli)
1104 2917 1460 2964 consecratus
1507 2923 1678 2978 usque
1717 2908 1783 2963 ad
1830 2908 1972 2964 diem
2020 2908 2083 2964 51

501 3001 707 3055 mensis
749 3000 999 3055 Octobris
1044 3016 1097 3055 a.
1140 2999 1276 3055 1007
1307 2998 1444 3072 (17),
1484 2997 1699 3055 Ottonis
1727 3000 1791 3055 Ill
1828 3009 1885 3055 et
1922 2999 2088 3055 llein-
2118 3035 2165 3100 Ω

498 3091 602 3169 riei
642 3090 685 3146 ll
726 3091 1119 3162 imperatorum
1158 3091 1492 3164 temporibus
1527 3092 1789 3148 navicula:
1832 3108 1942 3148 suae
1982 3092 2095 3157 ela-

501 3197 631 3238 .vum
656 3189 875 3237 strenua
914 3198 1075 3236 manu
1121 3191 1315 3237 tenuit.
1347 3183 1454 3238 Sed
1483 3183 1720 3252 ipsorum
1753 3182 2094 3238 Lobiensium

511 3273 898 3328 monachorum
926 3282 1138 3327 servata
1164 3284 1246 3327 est
1271 3274 1336 3328 ad
1362 3272 1657 3353 Notgezzum
1680 3285 1736 3328 et
1760 3272 2095 3328 ltotbardum

509 3364 959 3421 Cameracensem
1005 3364 1317 3434 cpisc0pum
1363 3365 1616 3435 epistola,
1646 3380 1753 3436 qna
1787 3384 1804 3415 ι
1835 3364 1948 3434 jam
1994 3365 2095 3421 du-

502 3462 636 3515 dum
684 3469 903 3530 pastore
962 3459 1170 3515 riduati
1211 3458 1320 3528 (18)
1359 3477 1378 3511 ι
1425 3458 1773 3530 Herigernm,
1826 3474 1949 3514 eum
2006 3458 2098 3512 illo

508 3551 774 3621 aptiorem
823 3550 1069 3605 invenire
1102 3566 1206 3604 non
1236 3562 1478 3621 possent,
1509 3552 1760 3605 abbatem
1790 3550 1892 3607 sibi
1925 3550 2097 3620 petie-

510 3651 660 3696 runt.
680 3640 900 3713 Legitur
920 3640 1143 3712 epistola
1166 3641 1253 3695 illa
1273 3642 1323 3695 in
1337 3640 1606 3697 Chronico
1620 3640 2100 3697 Cameracensiutn

510 3745 564 3789 et
603 3734 1042 3790 Atrebatensium
1076 3734 1484 3802 episcoporum;
1526 3735 1613 3790 hic
1670 3733 1833 3789 verba
1888 3742 2098 3788 tantum

508 3841 630 3895 qua:
656 3825 987 3896 praecipuum
1024 3823 1093 3878 de
1127 3823 1387 3896 llerigero
1416 3823 1678 3894 judicium
1711 3823 1933 3887 faciunt,
1975 3837 2100 3893 pro-

508 3933 705 3991 ponam
738 3934 753 3970 :
1768 3972 1769 3975 η
2066 3916 2069 3923 ’

500 3998 507 4005 “
581 4008 662 4063 Ad
700 4024 817 4078 qua’
866 4005 998 4078 (19)
1047 4016 1305 4079 u‘cunque
1371 4008 1671 4078 aﬂ'ectanda
1746 4006 1947 4062 nullum
2000 4006 2100 4059 hoc

507 4111 735 4172 tempore
781 4103 1034 4169 aptiorem
1077 4103 1308 4155 inuenire
1346 4103 1612 4172 potuimus
1651 4117 1809 4173 quant
1847 4100 2100 4154 damnum

502 4192 510 4255 ι

494 4290 509 4383 .’
585 4301 699 4397 itit
741 4300 1366 4397 t'ii!°‘te._l§!1€s"s.:1?
1394 4270 1897 4397 inminuta;

2118 1687 2168 1750 Β

2185 440 2279 493 sed
2331 443 2617 495 secundum
2668 454 2903 497 nostram
2959 444 3390 507 (estimationem,
3443 454 3564 498 ante
3610 462 3772 500 annos

2186 531 2378 585 multos
2421 542 2469 586 et
2515 533 2783 588 nobiscum
2831 535 3097 589 socialiter
3137 544 3191 588 ut
3243 534 3459 603 fratrem
3503 551 3773 589 conversa-

2186 631 2317 685 tum,
2342 622 2621 692 multisque
2640 625 3003 679 emolumentis
3030 626 3177 681 nobis
3196 626 3512 695 proﬁcuum,
3535 625 3770 695 pluribus

2186 728 2307 766 vero
2338 725 2634 767 nostrorum
2664 715 2905 785 magistri
2942 724 2991 768 et
3031 717 3330 770 educatoris
3369 725 3584 770 strenue
3612 715 3775 768 adim-

2186 801 2408 872 plentem
2435 804 2677 874 ofﬁcium.
2702 833 2774 845 —-
2799 804 2866 858 In
2896 805 3047 875 cujus
3069 805 3370 861 electionem
3402 806 3651 861 not-eritis
3674 823 3773 860 non

2187 893 2363 948 deesse
2389 905 2618 948 nostram
2647 896 3068 961 unanimitatem,
3094 906 3201 952 etc.

2258 1009 2391 1063 Cum
2424 1009 2534 1066 tale
2563 1026 2760 1065 munus
2791 1004 3013 1082 regendi
3046 1012 3096 1065 in
3139 1028 3198 1067 se
3228 1012 3529 1083 susciperet
3557 1010 3776 1080 “erige-

2188 1115 2309 1164 rus,
2349 1100 2460 1169 jam
2516 1116 2803 1170 superasse
2850 1117 2972 1156 eum
3023 1103 3256 1157 mediam
3302 1111 3518 1158 aetatem
3562 1117 3628 1157 ex
3679 1102 3777 1158 hoc

2189 1198 2413 1259 apparet
2465 1191 2608 1260 quod
2656 1207 2707 1245 a.
2758 1192 2893 1246 1007
2946 1208 3068 1247 eum
3108 1211 3127 1244 ι
3166 1194 3220 1248 in
3260 1195 3398 1250 bona
3437 1204 3722 1250 senectute
3752 1212 3771 1244 υ

2189 1280 2390 1336 obiisse
2439 1283 2707 1347 audimus,
2748 1299 3001 1354 annoque
3043 1283 3148 1340 990
3183 1285 3478 1341 Lobienses
3526 1286 3776 1341 monachi

2191 1386 2312 1426 eum
2348 1391 2366 1423 ι
2420 1383 2546 1427 ante
2586 1389 2760 1429 annos
2805 1375 3006 1430 multos
3038 1395 3056 1428 ι
3084 1392 3208 1431 cum
3253 1376 3381 1447 ipsis
3411 1376 3614 1432 vixisse
3644 1376 3777 1431 scri-

2191 1462 2345 1517 bunt.
2406 1461 2557 1517 Unde
2610 1462 2930 1536 Herigerum
2992 1475 3118 1521 ante
3177 1481 3375 1520 annum
3424 1466 3532 1521 950
3593 1474 3776 1520 natum

2190 1568 2313 1607 esse
2340 1552 2453 1625 (9.0)
2485 1554 2602 1610 sine
2642 1555 2747 1609 ulla
2791 1557 3159 1611 controversia
3197 1566 3433 1612 statuere
3459 1571 3620 1627 posse
3649 1555 3776 1611 mibi

2190 1642 2399 1696 videor.
2434 1643 2486 1696 ln
2516 1644 2600 1698 bis
2631 1645 2957 1699 testimoniis
2991 1646 3058 1699 de
3097 1655 3334 1715 tempore
3363 1662 3470 1717 quo
3505 1654 3779 1700 monaste-

2196 1733 2274 1787 rio
2305 1734 2579 1802 pt'ml'tterit
2608 1735 2776 1790 abbas
2801 1737 3202 1791 subsistendum
3231 1749 3337 1801 est,
3364 1752 3540 1808 neque
3568 1753 3635 1792 ex
3664 1737 3779 1793 aliis

2193 1841 2297 1897 qua
2330 1827 2537 1881 ratione
2566 1844 2787 1882 munere
2817 1827 3035 1882 functus
3064 1829 3131 1882 sit
3161 1829 3469 1884 deseribere
3496 1829 3646 1883 licet.
3676 1828 3781 1885 Sed

2192 1919 2338 1971 aliud
2367 1928 2449 1973 est
2483 1919 2622 1988 quod
2654 1920 2867 1975 addam.
2900 1924 2901 1927 “
3036 1926 3039 1929 ’
3494 1924 3497 1925 ⁷

2264 2031 2397 2098 Quae
2441 2032 2720 2102 hucusque
2769 2034 3051 2089 attulimus
3086 2050 3350 2090 summam
3384 2034 3591 2091 iaciunt
3622 2034 3780 2091 ﬁden

2192 2124 2334 2179 baud
2354 2125 2587 2195 vulgaris
2614 2126 2892 2182 societatis
2913 2127 3127 2182 vinculo
3149 2127 3441 2199 Notgerum
3467 2128 3780 2199 epise0pum

2193 2232 2315 2272 cum
2350 2218 2604 2274 Lubicnsi
2651 2220 2845 2275 abbate
2884 2221 3228 2289 conjunetum
3270 2220 3456 2282 fuisse.
3489 2221 3586 2276 sed
3616 2222 3783 2291 majo-

2193 2323 2306 2363 rem
2352 2310 2640 2379 quamdam
2695 2311 3148 2367 necessitudinem
3189 2313 3333 2367 iuter
3377 2321 3672 2382 utrumque
3706 2314 3783 2365 in-

2193 2401 2508 2456 tercessisse
2535 2402 2616 2455 vel
2646 2416 2713 2457 ex
2742 2418 2808 2459 eo
2834 2414 3055 2475 apparet
3084 2406 3228 2475 quod
3250 2405 3458 2476 posteri
3484 2406 3618 2476 quid
3645 2420 3785 2461 unus

2192 2494 2321 2563 quid
2368 2494 2506 2550 alter
2552 2496 2606 2549 in
2656 2495 2852 2563 litteris
2889 2498 3186 2553 elaborarit
3227 2514 3334 2554 non
3385 2499 3781 2563 discernentes,

2191 2586 2348 2661 alteri
2391 2588 2615 2644 alterius
2656 2589 3210 2659 librostribuerunt,
3253 2601 3307 2646 et
3362 2606 3491 2646 num
3530 2606 3671 2645 unus
3713 2606 3782 2643 an

2192 2688 2422 2751 uterque
2454 2686 2726 2737 communi
2760 2684 2988 2738 consilio
3030 2684 3220 2739 iisdem
3253 2684 3403 2738 libris
3431 2682 3782 2738 conscribeuo

2192 2772 2275 2828 dis
2302 2788 2522 2843 operam
2554 2789 2706 2829 suam
2737 2775 2952 2833 navarit
2981 2775 3320 2831 dubitarunt.

2176 2938 2181 2943 .
2260 2887 2358 2942 Cui
2406 2888 2689 2958 qtraestioni
2739 2887 2912 2945 lucem
2963 2888 3141 2945 alierri
3191 2890 3359 2946 credo
3401 2892 3539 2946 satis
3578 2887 3783 2944 claram

2196 2978 2691 3052 Notgeri'episeOpi
2728 2979 2947 3049 litteris,
2991 2998 3113 3052 qua:
3159 2983 3247 3037 alii
3285 2983 3499 3038 cuidam
3539 2980 3784 3049 Herigeri

2198 3074 2486 3144 opusculo,
2530 3072 2587 3128 S.
2618 3073 2911 3130 Landoaldi
2963 3074 3131 3141 Viue,
3179 3075 3412 3147 pratlixaa
3452 3084 3601 3129 sunt.
3650 3072 3784 3129 Cum

2197 3168 2342 3223 enim
2370 3184 2423 3222 a.
2453 3166 2557 3223 954
2583 3168 2723 3237 apud
2752 3166 3065 3224 Gandenses
3097 3168 3371 3239 antiquior
3398 3166 3520 3222 Vita
3552 3165 3613 3221 S.
3643 3166 3787 3220 Lan-

2199 3257 2376 3312 doaldi
2424 3266 2479 3312 et
2521 3242 2803 3313 sociorum.
2832 3258 2969 3329 ejus,
3020 3259 3288 3330 llungaris
3331 3257 3780 3328 irrumpentibus,

2200 3364 2323 3405 cum
2366 3349 2489 3407 aliis
2525 3351 2688 3406 rebus
2726 3349 2962 3406 ﬂammis
3008 3352 3344 3421 deperiissct,
3380 3352 3481 3407 hoc
3528 3352 3786 3406 damnum

2200 3444 2379 3514 quoad
2416 3451 2636 3514 possent
2682 3429 2984 3514 reparaturi
3025 3443 3297 3510 monachi,
3334 3458 3453 3513 qua:
3488 3441 3558 3496 de
3596 3438 3785 3511 priori-

2200 3538 2302 3592 bus
2346 3547 2664 3592 sanctorum
2717 3535 2933 3592 illorum
2989 3536 3432 3592 translationibus
3479 3533 3781 3595 Saraberti,

2200 3627 2349 3680 senis
2393 3626 2719 3697 presbyteri,
2752 3633 2805 3681 et
2830 3625 3058 3681 aliorum
3100 3626 3356 3680 memoria
3386 3625 3781 3696 suppeditaret,

2200 3720 2530 3789 etillegernnt
2557 3728 2773 3791 postero
2798 3728 3060 3790 tempore,
3087 3730 3143 3774 et
3165 3734 3192 3772 a
3217 3717 3450 3787 Notgero
3475 3727 3535 3771 ut
3556 3716 3782 3773 collecta

2202 3814 2256 3867 in
2291 3812 2541 3866 ordinem
2577 3811 2733 3880 quasi
2768 3812 3034 3881 redigeret
3067 3819 3124 3865 et
3158 3825 3255 3865 sua
3292 3810 3621 3864 auctoritate
3650 3823 3781 3864 con-

2204 3904 2439 3958 ﬁrmaret
2474 3905 2765 3973 petierunt.
2792 3902 2898 3970 Qui
2929 3902 3197 3972 quomodo
3227 3901 3540 3972 rogant’bas
3570 3899 3786 3956 satisfe-

2202 3995 2360 4057 cerit,
2383 3993 2577 4048 docent
2602 3994 2793 4048 littera:
2822 3992 2922 4047 illa:
2945 4008 3040 4046 run
3064 3991 3182 4045 Kal.
3206 3990 3312 4045 Jul.
3337 3990 3441 4046 989
3464 3993 3626 4053 datae,
3651 4004 3785 4060 quas

2202 4085 2257 4140 in
2288 4084 2637 4139 adnotatione
2667 4083 3013 4154 apposuimus
3045 4082 3179 4152 (2|).
3217 4081 3474 4137 Extrema
3512 4090 3642 4136 sunt
3675 4095 3784 4151 pra:

2202 4301 2329 4355 Vita
2381 4298 2441 4372 S.
2486 4298 2769 4372 Berlendis
2810 4302 2880 4357 ab
2917 4300 3176 4372 Herigcro
3223 4300 3528 4372 conscripta
3575 4301 3680 4367 sit;
3720 4300 3784 4356 de

492 4368 698 4442 i._f(l5)
738 4372 882 4426 Ann.
930 4372 1182 4428 Lobiens.
1239 4372 1379 4426 Mon.
1425 4374 1524 4428 SS.
1577 4374 1671 4438 IV,
1724 4375 1789 4429 18
1837 4376 1902 4426 ad
1944 4372 2095 4429 989:
2129 4378 2177 4437 D
2205 4386 2307 4440 qua
2333 4371 2454 4442 vide
2480 4370 2639 4439 paulo
2669 4368 2831 4425 infra.

516 4440 783 4498 Notkerus
817 4443 1084 4509 episcopus
1120 4443 1263 4497 vadit
1298 4443 1515 4497 Romam
1552 4453 1599 4496 et
1634 4444 1702 4497 ll.
1735 4460 1850 4497 cum
1882 4461 1961 4497 eo.
1994 4443 2101 4498 Lit-

516 4522 633 4567 tera
673 4510 745 4565 Η.
785 4511 1057 4582 llerigeri.
1096 4523 1155 4567 ut
1205 4514 1439 4577 videtur,
1487 4514 1719 4568 nominis
1766 4514 1882 4568 loco
1928 4517 2100 4582 posita

515 4597 624 4637 non
649 4582 937 4645 inniterer,
970 4583 1068 4635 nisi
1097 4583 1494 4639 eontinuaturis
1522 4584 1808 4638 Lohiensis
1835 4585 2102 4650 narratio,

508 4668 646 4707 num
698 4651 990 4724 Herigerus
1022 4653 1187 4707 Italia:
1228 4656 1365 4709 lines
1409 4655 1664 4724 attigerit,
1696 4669 1911 4708 otnnetn
1942 4655 2102 4709 dubi-

517 4724 781 4778 tationem
808 4723 1088 4778 eximeret.

590 4795 704 4864 (16)
743 4794 1190 4864 Αηη.ηι.οιιίοηε.
1239 4795 1345 4849 990
1401 4793 1436 4848 Ι.
1489 4794 1525 4848 l.
1575 4793 1714 4849 Obiit
1771 4791 2100 4860 Fulcuinus,

520 4862 852 4919 substituitur
880 4862 1161 4932 Herigerus
1189 4865 1353 4918 natali
1378 4865 1610 4919 Domini.

590 4934 701 5005 (l7)
739 4935 882 4990 Ann.
916 4933 1167 4988 Labicus.
1199 4934 1237 4986 ι.
1270 4934 1304 4987 1.

595 5004 706 5075 (l8)
742 5006 895 5069 Quod
939 5005 1305 5084 interregnum
1356 5004 1636 5084 an_ni_990
1684 5004 1946 5084 terminos
1994 5020 2101 5084 nan

2275 4442 2388 4512 ((21)
2430 4441 2665 4496 Litteras
2692 4457 2812 4512 qua:
2838 4441 3041 4513 prologi
3081 4442 3199 4497 loco
3237 4440 3370 4496 Vitae
3397 4440 3456 4513 S.
3488 4440 3781 4513 Landoaldi

2202 4515 2438 4584 praeﬁxa;
2457 4522 2583 4584 sunt
2609 4527 2681 4584 ex,
2696 4512 2888 4584 codice
2913 4512 3205 4577 Gaudensi,
3227 4513 3400 4584 edidit
3412 4512 3780 4584 llensebenins

2203 4581 2326 4638 Aet.
2356 4582 2457 4637 SS.
2490 4581 2645 4635 Mart.
2672 4581 2759 4645 Ill,
2781 4584 2881 4649 35;
2908 4584 3009 4637 ct'r.
3039 4584 3202 4637 etiam
3228 4597 3348 4651 quae
3370 4582 3438 4636 de
3459 4584 3651 4638 eadem
3669 4582 3781 4635 Vita

2206 4652 2497 4707 Bollandus
2528 4653 2647 4707 Act.
2683 4653 2782 4707 SS.
2821 4654 2980 4709 Febr.
3012 4653 3054 4719 l,
3086 4654 3190 4708 569
3221 4652 3373 4715 dixit,
3404 4662 3459 4707 et
3485 4653 3631 4708 Surii
3663 4656 3779 4706 Aet.

2206 4725 2309 4779 SS.
2342 4723 2404 4783 ll,
2433 4724 2561 4777 9.8L
2598 4723 2814 4793 Notgeri
2854 4739 2983 4778 vero
3028 4724 3221 4780 littera:
3248 4734 3373 4793 sunt
3407 4725 3489 4777 Ine
3518 4741 3534 4776 :
3568 4719 3780 4792 Nudae-—

2205 4811 2297 4852 rus
2341 4809 2522 4862 queat,
2565 4796 2660 4847 etsi
2712 4792 2990 4864 indignum
3032 4804 3230 4848 snuctw
3277 4792 3467 4846 Marias
3516 4796 3782 4861 sanctique

2205 4864 2470 4920 Lantberti
2526 4865 2845 4929 mancipium
2895 4865 3182 4932 pradicant
3241 4873 3413 4916 tamen
3462 4866 3780 4932 episcopum.

2207 4881 2468 4920 Latuaertt
2526 4881 2845 4929 mancipium
2932 4881 3182 4918 marcent
3241 4881 3413 4916 tamen
3462 4881 3780 4932 episcopum.

2207 4935 2461 5026 Womfro
2494 4934 2776 5026 venerabili
2802 4936 2856 4987 in
2878 4881 3083 5026 (finiat?
3107 4934 3246 5003 patri
3274 4944 3322 4988 et
3355 4933 3612 5026 fratribus
3643 4931 3784 4985 Gan-

2206 5003 2450 5084 densibus
2510 5004 2848 5056 omnii-"MM
2908 5002 3138 5026 “’“W‘
3201 5019 3498 5038 ἠδ’-’κη’
3550 5002 3782 5056 locarunt
