4094 5252
306 338 414 392 965

1710 320 2052 378 MONITUaI.

3465 319 3572 377 965

307 430 519 485 caeteris
541 427 768 481 tenenda
823 425 1007 488 verba,
1043 423 1238 495 quibus
1270 422 1530 492 Nolgerus
1576 423 1658 473 se'
1682 429 1876 487 praeter
1907 423 1954 477 Α
1981 430 2085 468 non
2127 421 2173 466 et
2200 413 2362 482 ipsius
2389 410 2616 480 episcOpi
2637 419 2756 464 sunt
2794 409 3107 463 auctoritate
3129 409 3396 475 roborata,
3425 410 3573 464 insu-

297 521 671 577 ‘Candeusium
732 517 1069 570 narrationes
1116 514 1248 568 nihil
1291 512 1435 567 aliud
1484 511 1696 565 dedisse
1748 524 1880 561 cun-

309 613 506 674 lirmat.
537 611 779 680 exceptis
804 610 1064 663 duntaxat
1093 608 1158 662 iis
1187 623 1307 677 qua:
1339 608 1390 662 in
1431 606 1739 676 episcopatu
1768 605 1881 675 ('12)

306 715 490 760 nostro
541 703 820 773 decerpta,
871 700 996 756 huic
1044 699 1313 754 schedulze
1351 713 1448 767 pro
1495 696 1750 766 temporis
1799 711 1884 748 ra-

303 796 452 848 tione
474 795 796 848 videbantur
836 801 1194 861 congruenter
1223 790 1602 860 prarponenda.
1643 807 1660 839 ›
1696 786 1798 840 Sed
1831 787 1882 840 in

304 886 406 939 hoc
438 901 543 937 uno
573 884 692 938 loco
721 884 1016 938 subsistere
1044 898 1148 935 non
1177 895 1483 950 possumus.
1520 878 1656 933 alter
1681 879 1883 930 adden-

303 977 404 1030 dus
432 986 512 1029 est
541 975 843 1029 Gandensis
887 974 1031 1026 enim
1079 973 1297 1042 quidam
1350 972 1647 1025 monachus
1682 983 1885 1038 anony-

303 1081 444 1128 mus,
475 1079 634 1133 quem
680 1063 1015 1118 translationi
1048 1072 1102 1117 et
1145 1061 1427 1117 elevatioui
1484 1060 1542 1114 S.
1590 1060 1882 1114 Landoaldi

299 1137 353 1209 a.
387 1155 492 1210 982
541 1153 850 1209 interfuisse
905 1154 1178 1207 oculatum
1237 1161 1430 1206 testem
1486 1152 1728 1205 narratio
1773 1153 1883 1219 ipsa

301 1247 492 1311 docet.
547 1247 734 1302 eodem
796 1246 908 1298 fere
971 1255 1211 1313 tempore
1265 1259 1384 1313 quae
1426 1245 1635 1297 viderat
1691 1243 1885 1297 litteris

297 1339 699 1393 commendavit
727 1339 864 1406 (ἳό).
900 1337 999 1403 Qui
1035 1338 1175 1390 inter
1206 1337 1309 1389 alia
1346 1337 1457 1389 lucc
1506 1335 1572 1388 de
1625 1333 1885 1402 llerigero

299 1431 520 1500 scripsit
549 1447 562 1482 :
595 1430 660 1482 At
693 1446 809 1482 vero
849 1431 1090 1481 dominus
1122 1428 1302 1480 abbas.
1332 1457 1402 1466 —
1441 1425 1732 1479 Womarus
1768 1425 1882 1493 (ἓῦ)

299 1551 368 1561 —
420 1521 580 1574 tantis
620 1519 878 1587 beneficiis
926 1519 1081 1583 visis.
1145 1518 1345 1587 gratias
1385 1517 1722 1584 omnipotenti
1775 1513 1880 1567 Deo

297 1611 563 1679 rependit;
593 1626 683 1663 nec
715 1610 874 1662 multo
913 1620 1023 1678 post
1049 1610 1336 1676 inspirante
1365 1607 1609 1668 Domino.
1635 1622 1727 1675 pro
1759 1621 1885 1657 cau-

305 1703 410 1754 tela
434 1703 754 1770 futurorum.
779 1711 847 1765 et,
876 1701 1013 1770 quod
1043 1701 1210 1754 verius
1238 1709 1336 1761 est.
1361 1715 1453 1766 pro
1491 1700 1682 1768 majori
1713 1700 1881 1768 gloria

1982 521 2075 572 per
2110 504 2266 573 sigilli
2302 505 2382 557 sui
2421 504 2757 570 impressione
2803 503 3002 553 munita
3054 515 3205 566 mque
3232 502 3442 554 domino
3473 506 3571 556 ab-

1983 595 2092 646 bati
2157 610 2219 647 ac
2297 593 2536 647 omnibus
2606 592 2860 662 fratribus
2921 589 3282 646 Gundensibus
3340 593 3574 661 fideliter

1985 684 2164 737 missa.

2059 775 2136 828 Ex
2186 775 2382 844 quibus
2412 775 2514 828 hoc
2561 774 2679 830 luce
2730 773 2931 829 clarius
2979 784 3221 844 apparat,
3250 773 3572 845 llcrigerum

1981 880 2037 918 a.
2067 867 2170 920 980
2204 867 2587 920 scholasticum
2625 866 2971 929 Lobiensem.
3003 867 3234 920 musices
3275 869 3408 920 artis
3433 868 3574 935 peri-

1987 967 2122 1019 tum.
2139 957 2198 1013 8.
2215 957 2506 1011 Landoaldi
2523 958 2778 1012 V'itamex
2799 957 3165 1012 Gandensium
3196 957 3409 1011 schedis
3433 972 3576 1011 com-

1985 1051 2231 1119 posuisse
2263 1051 2398 1121 (26).
2437 1050 2730 1119 Notgerum
2769 1066 2895 1103 vero
2929 1050 2976 1103 ei
3023 1064 3202 1106 rerum
3249 1060 3568 1116 argumenta

1985 1152 2040 1195 et
2069 1142 2338 1196 scribendi
2372 1143 2652 1196 materiem
2687 1141 2901 1195 dedisse
2960 1139 3204 1210 Vitzeque
3231 1141 3299 1195 ab
3331 1140 3420 1195 illo
3447 1156 3574 1195 vere

1983 1243 2041 1288 et
2084 1235 2292 1305 integre
2346 1236 2562 1303 scripta:
2605 1249 2921 1303 sponsorem
2979 1234 3133 1302 quasi
3184 1232 3385 1287 factum
3433 1248 3572 1287 esse.

1988 1324 2140 1386 Dein.
2167 1325 2311 1393 quod
2365 1324 2562 1378 summi
2603 1333 2688 1377 est
2742 1323 3033 1386 momenti,
3067 1323 3155 1376 illo
3193 1332 3431 1392 tempore
3467 1322 3570 1376 luci

1981 1412 2092 1482 jam
2119 1413 2245 1468 data
2279 1412 2444 1468 fuisse
2468 1421 2619 1483 gesta
2650 1412 3025 1482 episcoporum
3047 1410 3575 1481 Leodiensium,qu:e

1987 1515 2188 1559 antea.
2220 1505 2323 1559 980
2371 1506 2572 1574 scripta
2628 1519 2750 1560 esse
2800 1503 3144 1560 statuendum
3173 1513 3283 1568 est;
3330 1519 3458 1573 ergo
3506 1503 3574 1557 ab

1987 1597 2250 1666 llerigero
2288 1597 2555 1651 monacho
2587 1597 2810 1651 minime
2859 1596 3055 1649 abbate
3089 1595 3385 1664 composita
3427 1605 3572 1656 sunt,

1983 1687 2126 1755 quod
2158 1687 2201 1740 si
2241 1687 2364 1754 quis
2386 1686 2626 1740 Anselmi
2656 1686 2915 1744 verbisiu
2949 1684 3174 1753 epistola
3201 1684 3268 1738 ad
3290 1684 3572 1736 Annonem

296 1800 624 1850 sanctorum.
647 1791 845 1857 priores
883 1801 1086 1843 nostros
1117 1805 1275 1858 supra
1315 1789 1612 1857 designatos
1640 1789 1709 1842 ad
1732 1807 1882 1842 vene-
1917 1789 1959 1847 Β
1988 1779 2454 1847 πειιῖερίεεοριιιῐι
2493 1777 2604 1848 (‘27)
2639 1778 2902 1832 innitatur
2929 1777 3205 1846 conjicere
3236 1774 3425 1844 possit.
3461 1773 3573 1828 Non

290 1883 515 1936 rabilcm
541 1884 832 1950 episcopum
865 1881 1165 1935 Leodiensis
1201 1880 1451 1935 Ecclesire
1491 1884 1693 1934 mittere
1734 1898 1859 1934 cura

289 1974 391 2037 ‘vit,
429 1973 650 2041 supplici
683 1984 894 2042 precatu
922 1973 1231 2042 efﬂagitans,
1261 1983 1518 2042 quatenus
1549 1974 1612 2027 de
1656 1974 1887 2027 transla-

295 2071 470 2117 torum
495 2075 796 2117 sanctorum
828 2065 1058 2134 reliquiis
1089 2081 1303 2134 qtta’qtte
1349 2066 1508 2133 digna
1537 2083 1628 2134 per
1670 2066 1886 2120 clericos

295 2172 421 2209 suos
463 2157 762 2225 inquireret.
789 2167 834 2210 et
861 2157 966 2209 illis
1006 2159 1268 2211 veritatem
1309 2157 1373 2210 de
1411 2158 1474 2209 iis
1517 2156 1755 2211 omnibus
1800 2174 1882 2209 re-

302 2247 576 2298 nuntiaret
608 2247 662 2300 in
685 2249 908 2316 scriptis,
941 2248 1078 2318 quod
1115 2247 1336 2299 Domino
1371 2248 1599 2300 donante
1630 2248 1882 2316 extemplo

297 2327 612 2404 completum
637 2347 731 2390 est.
777 2335 916 2389 Nam
958 2337 1190 2406 requisiti
1213 2337 1264 2388 in
1295 2338 1491 2405 synodo
1521 2337 1672 2405 plena
1704 2353 1880 2390 sacer-

296 2427 448 2479 dotes
477 2436 526 2478 et
551 2426 726 2480 clerici
753 2427 860 2479 und
871 2430 981 2496 'que
1010 2429 1561 2497 confluentes.quanta
1603 2430 1878 2482 audierant

295 2526 346 2568 et
376 2517 522 2584 facta
548 2517 782 2569 viderant
815 2519 876 2570 de
910 2518 1103 2570 sanctis
1136 2519 1324 2571 nostris
1355 2519 1614 2572 miracula
1648 2535 1734 2572 ore
1759 2536 1885 2571 con-

295 2623 430 2660 sono
460 2623 632 2659 coram
668 2607 903 2674 episco'io
934 2626 1028 2661 suo
1065 2609 1418 2677 proferebant.
1451 2609 1672 2662 lubente
1708 2612 1884 2680 itaque

295 2697 481 2750 eodem
514 2699 702 2751 eximio
733 2699 995 2765 pontifice,
1024 2700 1214 2752 ibidem
1255 2699 1511 2752 miracula
1556 2717 1673 2768 qum
1713 2700 1882 2753 divul-

295 2796 548 2855 gaverant
570 2797 687 2839 sunt
710 2787 921 2839 collecta
943 2798 988 2839 et
1013 2804 1103 2854 per
1122 2788 1387 2841 dominum
1415 2787 1744 2856 ﬂeyngerum
1769 2790 1881 2857 (-9.5)

295 2877 631 2931 didascalum
662 2896 722 2931 ac
745 2879 954 2932 musica:
979 2880 1106 2932 artis
1129 2880 1374 2946 peritum,
1403 2880 1620 2932 breviter
1650 2881 1879 2950 quidem.

294 2971 390 3024 sed
418 2971 548 3024 satis
575 2970 762 3024 diserte
799 2989 861 3024 ac
907 2970 1168 3025 luculento
1205 2987 1442 3025 sermone
1469 2973 1748 3041 descripta,
1792 2990 1882 3026 nec

296 3187 551 3260 beamus.
568 3198 819 3260 quantum
865 3189 934 3243 ad
975 3205 1067 3244 nos
1106 3207 1287 3259 usque.
1315 3189 1460 3260 fama
1493 3189 1746 3260 rufgaute.
1782 3209 1875 3258 po-

293 3259 398 3330 t_uit
433 3257 670 3330 perferri.
700 3261 927 3313 omnium
953 3261 1054 3312 imo
1081 3257 1260 3313 vestrm
1286 3257 1519 3328 petitioni
1550 3257 1871 3330 satisfacere.

288 3325 460 3379 Justa
482 3328 696 3399 quidem
735 3330 908 3394 petitio
952 3339 998 3382 et
1039 3331 1198 3398 digna
1237 3325 1551 3393 exhortatio,
1578 3325 1696 3399 qtae
1719 3332 1876 3399 juxta

289 3396 579 3470 quemdam
603 3401 904 3470 sapientem,
932 3409 979 3470 et
1009 3400 1071 3453 de
1097 3396 1366 3466 pra'seutis
1401 3396 1668 3454 honestate
1689 3396 1875 3470 propo-

291 3467 387 3538 siti
433 3476 478 3517 et
514 3469 576 3518 de
610 3468 799 3535 futura!
839 3469 1005 3522 attatis
1041 3470 1264 3523 utilitate
1301 3471 1577 3538 conjuncta
1624 3467 1716 3524 est.
1756 3467 1876 3527 Nisi

292 3537 439 3588 enim
472 3545 611 3604 gesta
645 3553 821 3590 eorum
854 3539 1056 3591 incuria
1097 3537 1534 3607 priet/ecessOrum
1573 3553 1872 3599 nostmmm

275 3607 638 3682 .deperissent,
680 3609 822 3660 nobis
871 3609 1124 3682 hodieque
1169 3612 1489 3680 sufficerent;
1538 3612 1629 3666 sed
1677 3629 1875 3682 quanta

291 3676 593 3729 audivimus
635 3687 680 3728 et
724 3676 1074 3746 cognovimus.
1100 3696 1160 3732 ea
1188 3676 1435 3747 et'Vpatres
1479 3685 1642 3736 nostri
1683 3676 1874 3737 narra—

291 3755 482 3797 reruat
525 3747 699 3808 nobis.
745 3763 804 3798 ea
849 3747 1077 3802 videlicet
1121 3765 1238 3818 qua-
1289 3753 1459 3804 (athuc
1511 3763 1688 3805 nostra
1740 3765 1873 3807 tenet

287 3818 572 3888 memoria,
605 3818 797 3883 rogatis
816 3818 1010 3888 scripta
1042 3821 1365 3883 mandanda,
1400 3838 1461 3873 ne
1490 3823 1667 3874 itidem
1703 3833 1748 3874 et
1782 3841 1874 3877 nos

287 3886 618 3940 damnentur
637 3906 668 3940 a
708 3886 1006 3954 posteritate
1040 3890 1398 3944 subsecutura.
1435 3889 1629 3944 Positis
1658 3893 1726 3944 ad
1763 3894 1874 3947 lucc

287 3958 350 4010 in
377 3957 610 4024 ancipiti,
634 3959 756 4026 quia
779 3959 1114 4028 pra'sulatum
1143 3962 1283 4028 apud
1310 3978 1397 4015 vos
1425 3963 1655 4013 omnium
1679 3964 1872 4016 artium

287 4038 466 4079 artem
485 4039 690 4099 constat
722 4039 765 4080 et
797 4047 905 4082 esse
939 4031 1101 4093 credi.
1131 4048 1433 4099 suspensam
1465 4041 1683 4084 utentem
1714 4033 1873 4086 silen-

286 4099 448 4170 (ἰωῇ-
475 4097 714 4160 librabat.
746 4099 975 4170 illudque
1012 4097 1268 4167 poeticum
1309 4101 1541 4152 animum
1585 4102 1868 4170 oﬁ‘endens.

283 4167 349 4220 in
380 4167 564 4240 siluam
594 4185 655 4240 ne
683 4170 820 4237 ligna
850 4167 1011 4239 feras,
1047 4187 1234 4238 parum
1273 4172 1399 4240 quid
1441 4167 1741 4240 diffidentia:
1776 4175 1873 4225 im-

283 4238 560 4312 ponebat.
607 4237 710 4292 Sed
751 4237 898 4312 quia,
921 4242 973 4293 in
1021 4237 1175 4309 culpa
1213 4237 1294 4294 est
1333 4237 1538 4294 animus
1571 4246 1658 4312 qui
1687 4259 1740 4294 se
1771 4260 1872 4297 non

283 4307 476 4373 effugit
498 4323 774 4380 umquam.
797 4311 1094 4378 lli/fidentia:
1111 4307 1296 4380 torpor
1323 4313 1498 4375 cessit,
1525 4307 1871 4380 erpostulutfo

281 4385 465 4427 clastra
491 4377 729 4451 invaluit,
757 4377 1030 4451 nisiquod
1069 4377 1326 4445 celeritas,
1351 4399 1466 4450 qum
1490 4377 1646 4450 juxta
1681 4381 1845 4435 Sacra

285 4455 397 4497 tem
440 4447 742 4530 beneﬁcium
782 4447 978 4518 gratius
1004 4452 1293 4530 facit._plus
1329 4447 1574 4519 festinare
1599 4468 1757 4521 quam
1792 4469 1868 4506 res
1898 4471 1948 4530 ι)

282 4516 647 4591 εςηιοδιηιατᾳι
699 4516 796 4572 nos
838 4516 1103 4589 compulit.
1151 4520 1284 4574 Erat
1330 4516 1550 4591 namque
1601 4516 1723 4574 ante
1766 4539 1867 4577 nos

282 4587 491 4659 dictum
524 4604 540 4634 ι
577 4589 704 4640 vires
733 4606 862 4658 quas
908 4587 1164 4658 imperitia
1192 4591 1432 4659 denegat,
1462 4587 1693 4644 i-Iiaritas
1741 4593 1865 4645 sub-

281 4656 580 4728 ministrat.
615 4675 632 4707 ι
668 4671 715 4728 et
745 4656 867 4728 quia
910 4656 1109 4727 incepto
1151 4656 1354 4714 tantum
1397 4677 1524 4727 opus
1560 4670 1654 4722 est.
1698 4672 1866 4716 cetera

283 4741 376 4796 res
416 4727 672 4794 expediet.
699 4727 871 4796 Igitur
898 4730 1076 4782 adorsi
1103 4746 1302 4793 sumus,
1345 4747 1407 4784 ne
1437 4741 1655 4783 vestram
1686 4742 1869 4784 aucto-

281 4795 503 4867 ritatem
530 4795 771 4867 defugere
795 4801 1104 4853 videremur.
1133 4800 1480 4852 Prtesumeuti
1511 4803 1646 4854 enim
1688 4811 1868 4853 aucto-

283 4865 631 4938 ritasdatur.
659 4865 774 4920 cum
803 4869 964 4922 credit
998 4885 1149 4938 quem
1185 4869 1408 4936 postulat
1442 4880 1690 4937 pra-stare
1719 4884 1869 4937 posse

275 4933 436 5010 quod
468 4937 682 5010 petitur,
715 4949 760 4990 et
803 4940 984 4991 scienti
1011 4933 1245 5010 '_econtra
1297 4933 1480 5008 parere
1523 4933 1742 5010 (aqualis
1791 4949 1868 4994 est

281 5004 464 5071 gloria
497 5021 614 5057 cum
661 5009 962 5076 imperante.
1007 5008 1067 5062 Si
1149 5010 1229 5061 uis
1273 5004 1447 5061 autem
1483 5004 1616 5080 forte
1654 5009 1868 5078 futurus

281 5073 613 5127 obtrectator
643 5078 848 5129 obliauo
881 5078 992 5129 hau:
1017 5026 1166 5129 ocu70
1205 5095 1307 5129 non
1339 5080 1566 5129 timuerit
1603 5081 1792 5129 limare
1820 5093 1868 5129 et

281 5073 613 5148 obtrectator
643 5073 848 5148 obliquo
881 5078 992 5132 ha'e
1017 5073 1166 5131 oculo
1205 5095 1307 5132 non
1339 5073 1566 5134 timuerit
1603 5073 1792 5133 (iniure
1820 5093 1868 5134 et

274 5144 672 5218 odio’obscuro
715 5144 893 5202 morsu
935 5149 1317 5218 praesumpserit
1352 5164 1618 5209 venenare.
1650 5149 1706 5201 in
1751 5151 1869 5218 ejus

1989 1871 2133 1924 enim
2163 1871 2408 1939 proiecto
2453 1871 2611 1926 video
2663 1869 2789 1939 quid
2843 1869 2944 1924 sibi
2990 1868 3158 1923 velint
3220 1867 3306 1920 illa
3354 1865 3574 1936 Notgeri

1989 1962 2172 2026 verba.
2197 1979 2263 2016 ex
2292 1963 2604 2033 episcopatu
2629 1978 2726 2017 suo
2747 1963 2998 2032 decerpta
3022 1962 3263 2030 quaedam
3288 1961 3339 2013 in
3370 1968 3574 2014 textum

1991 2052 2128 2107 Vita:
2163 2054 2221 2108 S.
2259 2053 2553 2109 Landoaldi
2585 2070 2644 2110 se
2674 2054 2962 2122 recepisse,
2989 2053 3090 2107 nisi
3115 2068 3178 2107 ca
3225 2053 3292 2105 ad
3335 2051 3573 2120 llerigeri

1985 2148 2360 2218 episcoporum
2395 2147 2684 2203 Historiam
2717 2147 3000 2202 referenda
3021 2160 3139 2200 esse
3168 2159 3290 2198 cum
3320 2143 3575 2198 Boll.:n.lo

1986 2251 2194 2296 statuas
2245 2241 2378 2311 (28).
2430 2240 2582 2308 Quod
2637 2240 2812 2309 reipsa
2885 2237 3166 2309 probatum
3220 2236 3390 2299 vides.
3450 2251 3574 2288 nam

1986 2331 2240 2390 nonnulla
2287 2352 2351 2390 ex
2403 2335 2584 2390 Ccslis
2629 2335 3004 2404 episcoporum
3047 2329 3442 2402 Tungrunsium
3483 2325 3574 2382 de-

1984 2441 2222 2499 sumpta.
2278 2431 2330 2484 in
2383 2430 2500 2483 \‘ila
2547 2428 2604 2482 S.
2655 2427 2947 2482 Landualdi
2999 2425 3188 2480 iisdem
3243 2423 3354 2478 fere
3399 2422 3574 2476 verbis

1985 2531 2300 2577 recurrunt.
2338 2521 2407 2577 Ut
2455 2520 2558 2574 hoc
2605 2535 2713 2573 uno
2745 2527 2865 2572 utar
2891 2517 3156 2587 exemplo,
3193 2514 3476 2584 epistolam
3507 2513 3572 2566 ad

1985 2612 2375 2666 Wcriulridum
2400 2611 2651 2664 abbatem
2677 2609 3075 2672 Stabuleusem,
3099 2623 3217 2676 quae
3239 2605 3418 2662 Grais
3439 2621 3572 2673 pra!-

1979 2705 2147 2758 udssa
2177 2713 2282 2765 est,
2316 2703 2367 2756 iu
2401 2702 2631 2756 alteram
2681 2700 2826 2754 illam
2858 2700 2923 2753 ad
2952 2699 3270 2755 Womarum
3318 2695 3571 2750 Gauden-

1983 2808 2095 2845 sem
2128 2808 2190 2845 ex
2228 2801 2380 2862 parte
2413 2791 2620 2860 recepit
2659 2790 2973 2859 llerigerus.
3005 2788 3098 2842 sed
3140 2790 3211 2843 ita
3262 2788 3484 2856 recepit,
3515 2794 3569 2839 ut

1985 2883 2112 2936 hinc
2157 2884 2280 2938 inde
2319 2883 2485 2936 verba
2540 2883 2826 2937 omitteret
2883 2889 2939 2936 et
2965 2879 3264 2936 orationem
3309 2879 3464 2949 quasi
3517 2877 3568 2931 in

1983 2987 2267 3047 augustum
2294 2976 2589 3032 deduceret
2627 2975 2761 3047 (‘29).

1982 3187 2120 3238 tione
2168 3184 2479 3238 ridebantur
2529 3195 2874 3252 congruenter
2925 3184 3295 3252 prtrponenda.
3367 3181 3564 3236 Valete.

1981 3256 2176 3309 Datum
2201 3256 2266 3308 15
2291 3254 2415 3306 Kal.
2445 3255 2577 3307 Julii
2601 3271 2738 3307 anno
2767 3253 3054 3305 [tantinij
3082 3255 3184 3305 inc.
3215 3255 3339 3315 980.
3370 3254 3480 3306 iud.
3507 3255 3563 3315 ὃ,

1979 3328 2266 3394 imperante
2303 3331 2497 3377 domno
2529 3326 2718 3378 ()ttone
2742 3335 2856 3394 post
2887 3333 3101 3376 mortem
3149 3327 3312 3390 patris
3351 3342 3490 3394 anno
3513 3325 3566 3384 8.

1978 3399 2304 3464 episcopatus
2354 3395 2516 3447 nostri
2556 3411 2694 3447 anno
2726 3398 2775 3446 υ.
2811 3393 3073 3464 (Eamde
3121 3394 3400 3464 epistoluu
3435 3393 3565 3463 legit

1973 3463 2030 3518 et
2076 3468 2125 3516 iu
2169 3481 2324 3519 suum
2376 3480 2532 3518 usum
2590 3465 2750 3517 vertit
2799 3463 3032 3518 Joannes
3083 3466 3146 3516 de
3192 3463 3476 3517 'l‘hiclrode
3518 3467 3568 3516 in

1975 3536 2250 3591 Clirozzico
2288 3538 2344 3591 8.
2376 3535 2611 3591 Bavonis
2641 3534 2916 3588 Gandeusi
2948 3549 2998 3588 c.
3042 3533 3131 3599 l-i,
3163 3536 3294 3589 edit.
3323 3536 3564 3588 Gandav.

1973 3610 2000 3663 ,1
2012 3608 2140 3662 855.

2050 3678 2160 3749 ('29.)
2215 3677 2296 3730 lia:
2341 3677 2620 3749 epismpali
2674 3687 2848 3749 nostra
2911 3673 3108 3749 legitur
3153 3672 3212 3749 in
3262 3673 3568 3749 fragmento

1975 3746 2219 3813 ejusdem
2251 3746 2491 3814 cpistola:
2540 3748 2683 3814 quod
2728 3763 2792 3798 ex
2832 3747 3017 3798 eodem
3065 3746 3250 3800 codice
3291 3747 3564 3799 Gaudeusi

1975 3819 2199 3871 dederat
2230 3817 2516 3870 llollaudus
2543 3814 2664 3869 Act.
2695 3817 2794 3869 SS.
2827 3814 2983 3869 Febr.
3017 3814 3058 3875 Ι,
3084 3815 3207 3866 569.

2048 3889 2161 3954 (’25)
2208 3888 2282 3939 Ex
2317 3886 2595 3941 codicibus
2625 3885 2895 3940 Gandeusi
2919 3895 2973 3938 et
2994 3885 3449 3939 Corseudoucam)
3485 3886 3566 3939 hi-

1976 3953 2198 4011 storiam
2228 3956 2598 4010 translationis
2635 3956 2692 4009 8.
2729 3954 3020 4008 Laudoaldi
3055 3970 3156 4007 una
3195 3972 3316 4008 cum
3358 3953 3470 4006 Vita
3511 3959 3560 4008 in

1976 4027 2148 4080 lucem
2177 4028 2344 4081 edidit
2376 4024 2682 4080 llenschen.
2715 4025 2907 4078 iuAct.
2939 4025 3035 4079 SS.
3073 4025 3229 4079 Mart.
3258 4025 3297 4078 Ι.
3330 4025 3407 4088 Ι.;
3442 4027 3565 4080 vide

1975 4113 2024 4151 c.
2053 4098 2137 4150 lii.

2047 4167 2177 4238 (ἂι)
2203 4165 2422 4238 Prml’uit
2470 4165 2804 4238 monasterio,
2837 4164 3120 4238 (Candensi
3179 4180 3229 4218 a.
3266 4165 3555 4238 (965-982.

1973 4236 2118 4292 Anu.
2149 4237 2323 4291 Gaud.
2357 4237 2498 4289 Mon.
2535 4237 2595 4298 tl.
2629 4238 2760 4300 188;
2795 4237 2934 4290 idem
2958 4238 3024 4290 ad
3054 4251 3214 4305 quem
3247 4236 3398 4291 dedit
3429 4239 3562 4290 Βοι-

1973 4323 2148 4379 gerus
2168 4307 2372 4379 litteras
2393 4307 2831 4379 supralaudatas.

2044 4378 2158 4447 (23)
2191 4378 2496 4447 Legeudum
2533 4392 2653 4430 esse
2694 4376 3025 4446 Herigerum,
3058 4375 3141 4429 vel
3174 4384 3364 4444 sponte
3391 4390 3558 4444 appa-

1976 4446 2060 4501 ret
2085 4459 2140 4502 et
2195 4446 2501 4501 Chronicon
2556 4447 2842 4501 Gaudense
2890 4448 3068 4510 docet.
3116 4447 3166 4498 iu
3222 4461 3330 4514 quia
3371 4450 3560 4501 eadem

1973 4520 2134 4573 verba
2164 4526 2460 4576 recurrent.
2492 4527 2549 4570 ut
2581 4520 2711 4573 dicit
2749 4517 3056 4572 Ileuscheu.
3087 4517 3119 4569 Ι.
3153 4516 3214 4580 1.,
3243 4518 3437 4570 desunt
3465 4533 3562 4570 au-

1972 4598 2078 4644 tem
2107 4589 2159 4642 iu
2193 4587 2364 4642 altero
2395 4588 2595 4642 Chron.
2630 4589 2900 4643 Gandetisi
2931 4586 3072 4640 Mon.
3102 4586 3164 4650 ll.
3201 4586 3317 4639 188.

2041 4659 2156 4727 (26)
2198 4657 2556 4713 Nihilominus
2595 4657 2831 4713 Joannes
2873 4659 2939 4712 de
2982 4656 3345 4727 Thielrodoiu
3379 4657 3558 4710 Chro-

1966 4725 2090 4784 nico
2123 4731 2180 4783 8.
2223 4729 2452 4784 Bavouis
2475 4743 2525 4782 c.
2570 4729 2637 4781 H
2676 4729 2850 4782 Vitam
2891 4727 2948 4780 S.
3003 4725 3289 4780 Laudoaldi
3325 4726 3563 4792 Notgero

1967 4799 2317 4867 ascripsit.ut
2344 4798 2485 4854 haud
2511 4797 2666 4865 pauci
2694 4808 2818 4869 post
2842 4813 2962 4852 eum
2998 4798 3073 4852 rei
3110 4795 3393 4850 litterario:
3427 4794 3562 4850 scri-

1961 4879 2153 4939 ptores
2183 4870 2532 4939 recentiores.

2041 4938 2155 5010 (17)
2193 4939 2248 5010 ln
2285 4940 2461 5010 fronte
2485 4937 2608 4992 libri
2639 4938 2904 5010 llerjgeri.

1971 5079 2011 5134 Ρ
2042 4999 2592 5133 (:8)‘Iulplra:l'atioue
2627 5011 2695 5064 ad
2734 4999 2908 5062 Vitam
2933 5005 2992 5061 8.
3018 5001 3263 5058 lladelini
3295 5001 3437 5060 Act.
3467 4999 3574 5056 SS.

2015 5096 2044 5133 e
2089 5095 2132 5132 ι’.
2200 5116 2214 5134 .
2336 5120 2348 5133 .
2666 5123 2669 5126 .

2015 5095 2132 5133 ΘυΓ.
2162 5095 2214 5138 ‘l.
2248 5095 2262 5131 l
2310 5095 2348 5133 ι.
2666 5123 2669 5126 .

2041 5147 2154 5216 (29)
2193 5148 2481 5204 Gestorum
2534 5161 2754 5214 quoque
2805 5162 2852 5200 c.
2901 5143 2964 5197 41
3019 5143 3070 5196 in
3117 5139 3376 5209 primum
3433 5141 3590 5206 caput
