4094 5252
569 299 674 357 967

1091 295 1419 353 llERlGEm
1462 295 1548 351 ΕΤ
1590 295 1890 354 ANSELMI
1930 296 2152 354 GESTA
2202 297 2416 372 EPlSC.
2472 297 2726 353 TANGR.
2778 293 2968 355 TRAJ.
3011 302 3096 358 ET
3140 303 3341 360 LEOD.

3736 314 3837 366 υδδ

634 409 742 466 Sed
777 423 845 464 ne
877 409 957 465 sic
985 409 1203 479 quidem
1233 411 1462 465 euodata
1495 419 1578 465 est
1606 409 1889 466 diflicultas
1916 410 2004 464 illa
2031 425 2150 480 qum
2178 418 2224 477 Α
2256 411 2534 465 uenerabili
2579 413 2634 466 in
2673 412 2882 468 Christo
2935 414 3084 469 Patri
3121 427 3169 470 et
3217 418 3598 483 consacerdoti,
3654 422 3840 479 salutis

567 503 716 558 viros
743 501 932 557 doctos
977 501 1111 557 satis
1158 501 1376 556 vexavit
1405 500 1541 572 (50),
1574 509 1757 556 utrum
1796 501 1865 556 ab
1894 500 2158 571 Herigero

568 594 689 665 ipso
711 593 873 650 Gesta
901 593 1100 661 scripta
1124 591 1258 656 sint,
1275 607 1342 645 an
1364 592 1544 662 potius
1564 591 1857 662 Notgerum
1878 600 2155 649 auctorem

568 687 824 743 habeant.
849 685 984 740 Nam
1021 685 1075 740 in
1108 699 1216 738 uno
1245 685 1435 740 codice
1465 698 1637 755 eoque
1671 685 1805 740 satis
1834 685 2058 754 antiquo
2093 683 2152 739 S.

562 777 776 833 Martini
805 777 1147 840 Leodiensis,
1179 776 1247 830 de
1276 790 1386 845 quo
1405 789 1506 830 suo
1532 775 1648 830 loco
1673 790 1915 844 agemus,
1933 768 2153 846 Notgeri

561 874 670 924 no‘n
701 867 942 938 Herigeri
969 867 1258 922 Gestorum
1290 863 1533 920 auctoris
1577 881 1771 920 nomen
1803 866 2019 936 legitur.
2046 867 2153 923 Sed

561 962 704 1018 unde
726 969 911 1016 exorta
940 969 1024 1014 est
1047 959 1134 1013 illa
1165 958 1432 1014 dubitatio
1457 960 1521 1012 de
1551 967 1794 1022 auctore,
1812 974 1935 1013 cum
1957 958 2151 1015 Ansel-

559 1051 1054 1115 mns,continuator
1080 1048 1366 1104 Lobiensis
1410 1057 1464 1103 et
1510 1047 1823 1119 Sigehertus
1867 1049 2148 1119 lierigero,

559 1146 784 1202 minime
823 1145 1092 1215 Notgero,
1126 1142 1344 1198 disertis
1381 1142 1562 1195 verbis
1624 1140 1862 1195 libellum
1904 1152 2148 1197 nostrum

561 1237 929 1293 ascriberent?
973 1237 1171 1291 Verum
1214 1243 1318 1298 est,
1366 1233 1486 1287 libri
1531 1242 1723 1288 auctor
1755 1233 2052 1288 modestius
2077 1233 2151 1288 la-

557 1340 674 1385 tere
711 1329 913 1394 voluit;
945 1343 1119 1398 neque
1164 1341 1360 1381 nomen
1400 1339 1575 1394 neque
1605 1325 1780 1378 locum
1811 1340 1917 1394 quo
1943 1325 2149 1380 scribe-

556 1431 640 1477 ret
687 1421 921 1492 posteris
963 1417 1199 1489 prodidit
1243 1425 1335 1470 aut
1380 1416 1572 1470 leviter
1621 1424 1826 1469 tantum
1871 1415 2066 1479 innuit,
2093 1420 2149 1469 et

562 1512 662 1566 nisi
699 1510 927 1566 testibus
953 1523 1114 1579 supra
1146 1507 1379 1562 laudatis
1410 1515 1703 1572 constaret,
1742 1505 1936 1560 librum
1965 1520 1994 1560 a
2031 1521 2148 1560 mo-

556 1601 732 1656 nacho
757 1599 1010 1655 Lobiensi
1055 1599 1423 1667 conscriptum
1465 1610 1604 1660 esse,
1640 1597 1728 1650 vix
1761 1610 2001 1651 erueres.
2031 1596 2146 1650 Pri-

553 1707 697 1746 mam
745 1691 1132 1746 dubitationem
1165 1689 1344 1743 attulit
1396 1687 1509 1742 Vita
1568 1688 1625 1743 8.
1681 1687 1944 1752 liemacli,
1978 1702 2139 1756 quam

2259 512 2469 558 (eterna:
2495 503 2807 559 subsidium.
2825 505 2960 572 Quid
2993 508 3152 577 igitur
3179 508 3412 564 clarius?
3440 510 3587 566 dicat
3608 511 3836 582 aliquis;

2255 600 2311 646 et
2346 591 2558 648 litteras
2596 594 2814 664 scripsit
2847 595 3111 666 Notgerus
3141 609 3195 650 et
3233 597 3428 652 librum
3472 598 3560 654 cui
3608 600 3840 670 praefixae

2255 691 2382 737 sunt
2408 683 2599 738 littera:
2630 685 2753 740 illae.
2786 684 2891 740 Sed
2926 703 3030 742 non
3065 688 3138 741 ita
3169 687 3376 743 clarum
3415 688 3574 756 illud;
3603 707 3752 757 nam,
3785 693 3838 748 ni

2254 771 2431 839 fallor,
2469 771 2735 844 Notgerus
2782 790 2957 845 neque
3017 775 3181 831 Gesta
3233 777 3611 848 episcoporum
3667 795 3840 850 neque

2253 866 2430 922 Vitam
2469 867 2526 923 S.
2561 869 2823 934 liemacli,
2868 886 3040 940 neque
3068 871 3301 941 denique
3346 872 3557 929 litteras
3598 875 3834 946 scripsit.

2250 957 2328 1013 Ex
2368 959 2481 1028 ipsa
2516 959 2636 1014 libri
2684 961 2921 1017 auctoris
2967 977 3196 1032 persona
3245 963 3508 1030 scribere,
3530 965 3837 1036 quicunque

2251 1050 2461 1106 litteras
2491 1051 2608 1106 illas
2637 1053 2804 1115 dedit,
2838 1054 2970 1108 satis
3013 1063 3160 1125 patet
3193 1071 3258 1110 ex
3308 1054 3439 1125 ipsis
3482 1057 3682 1127 quibus
3713 1075 3838 1113 usus

2248 1147 2331 1194 est
2357 1140 2539 1195 verbis
2565 1140 2700 1210 (51).
2742 1140 2847 1196 Sed
2892 1142 2992 1196 sibi
3025 1159 3130 1197 non
3161 1154 3418 1200 constans
3439 1154 3552 1210 est;
3580 1161 3690 1201 uno
3721 1146 3834 1202 loco

2247 1245 2314 1284 ex
2355 1231 2497 1285 illius
2531 1248 2762 1302 persona
2801 1235 2890 1304 qui
2927 1243 3203 1290 auctorem
3233 1237 3301 1290 ad
3351 1237 3698 1293 scribendum
3740 1241 3834 1293 im-

2248 1321 2449 1390 pulerit
2481 1322 2720 1391 loquitur
2767 1324 2850 1378 his
2891 1326 3069 1379 verbis
3102 1343 3114 1378 :
3160 1325 3436 1398 Simulque
3483 1329 3624 1383 visus
3663 1347 3741 1394 es,
3775 1347 3832 1384 ne

2245 1413 2419 1466 dicam
2462 1416 2692 1483 precari,
2742 1418 2832 1470 sed
2856 1419 3028 1486 potius
3068 1419 3336 1472 exhortari
3369 1431 3424 1473 ut
3461 1439 3578 1475 eam
3623 1421 3830 1491 (Vitam

2245 1502 2304 1559 S.
2354 1504 2787 1576 Remacli)nullo
2832 1509 2985 1563 modo
3031 1511 3316 1580 exemplari
3340 1529 3516 1565 verum
3561 1512 3830 1582 aliquanto

2243 1596 2466 1667 lepidius
2501 1599 2808 1654 mandarem
2847 1600 3043 1671 polliri,
3070 1611 3181 1655 tum
3209 1603 3349 1672 quod
3392 1614 3656 1674 gestorum
3685 1605 3829 1660 illius

2243 1689 2457 1743 aliunde
2483 1701 2806 1758 sumpturum
2852 1703 3092 1762 suppetat
3138 1695 3312 1761 capia,
3349 1703 3460 1748 tum
3505 1696 3648 1766 quod
3702 1706 3832 1750 tent-

551 1793 611 1836 ut
644 1782 784 1854 apud
811 1781 1124 1836 Anselmum
1156 1781 1333 1835 Vitam
1377 1779 1656 1844 Wazonis,
1689 1779 1970 1832 dimidiam
2023 1777 2134 1833 f'ere
2164 1769 2213 1830 B
2241 1797 2426 1847 parum
2459 1797 2681 1851 quorum
2711 1782 2984 1837 diversitas
3007 1800 3144 1838 nunc
3168 1785 3390 1840 maxime
3412 1786 3543 1840 scito
3565 1803 3696 1855 opus
3728 1798 3837 1868 est,

552 1875 719 1929 totius
762 1872 927 1928 libelli
959 1880 1168 1943 partem
1201 1869 1537 1941 complexam
1575 1886 1696 1925 esse
1724 1870 1969 1924 videmus
2000 1869 2132 1940 (51).

550 1965 747 2021 Surius
770 1965 914 2020 enim
954 1964 1198 2019 eamdem
1230 1961 1404 2016 Vitam
1449 1977 1518 2016 ex
1560 1962 1747 2016 codice
1794 1960 1978 2015 nescio
2028 1973 2136 2029 quo

550 2057 874 2127 peculiarem
903 2055 1068 2110 edidit
1096 2054 1208 2126 (5‘2)
1239 2055 1339 2108 sub
1379 2052 1595 2121 Notgeri
1644 2054 1879 2107 nomine.
1917 2052 2032 2118 Qua
2080 2052 2134 2106 in

551 2162 609 2201 re
639 2161 736 2202 suo
759 2144 992 2215 ingenio,
1025 2152 1086 2197 ut
1130 2143 1287 2206 solet,
1321 2157 1425 2196 non
1470 2141 1727 2207 indulsit;
1779 2157 1902 2195 nam
1938 2139 1996 2195 S.
2032 2139 2134 2194 Re-

549 2235 710 2292 macli
734 2236 911 2290 Vitam
958 2235 1076 2290 sine
1124 2233 1228 2287 ulla
1273 2234 1481 2288 ratione
1531 2233 1858 2302 reliquarum
1893 2232 2131 2286 Vitarum

549 2327 814 2395 scriptam
841 2337 983 2388 esse,
1015 2331 1073 2377 et
1100 2323 1216 2392 ipsa
1250 2322 1370 2376 libri
1410 2322 1655 2376 indoleus
1681 2323 1836 2375 docet
1863 2330 1915 2376 et
1944 2331 2133 2375 auctor

549 2433 601 2470 tn
639 2415 864 2487 epistola
893 2415 959 2469 ad
1001 2412 1398 2468 Werinfridum
1444 2411 1782 2480 praef'ationis
1830 2410 1948 2465 loco
1992 2426 2131 2482 pra:-

551 2509 716 2563 missa
757 2507 976 2562 fatetur.
1009 2505 1351 2562 Stabulensis
1377 2505 1520 2559 enim
1561 2505 1746 2567 abbas,
1777 2506 1833 2558 S.
1869 2504 2130 2570 lletnacli,

547 2601 628 2654 sui
662 2610 717 2656 et
748 2600 1124 2656 Lcodicnsium
1164 2600 1401 2669 patroni,
1458 2598 1629 2653 Vitam
1674 2614 1835 2670 quam
1873 2600 2132 2656 habemus

547 2695 910 2764 antiquiorum
936 2696 1070 2764 (55),
1097 2693 1305 2748 aridam
1335 2700 1391 2747 et
1421 2692 1664 2763 jejunam
1708 2708 1830 2749 esse
1870 2709 2128 2763 querens,

548 2800 606 2842 ut
641 2787 818 2842 Vitam
851 2795 1042 2841 sancto
1075 2785 1193 2840 viro
1220 2784 1522 2854 digniorem
1558 2792 1907 2854 componeret
1945 2795 2132 2840 aucto-

549 2895 662 2934 rem
692 2879 1009 2933 exbortatus
1034 2885 1172 2932 erat.
1205 2875 1308 2943 Qui
1353 2874 1512 2930 talem
1551 2876 1892 2930 occasionem
1937 2887 2131 2932 nactus

550 2973 702 3028 Vitas
739 2971 1072 3042 reliquorum
1107 2983 1321 3041 quoq-ue
1345 2969 1720 3038 episc0porum
1751 2967 1948 3024 litteris
1975 2985 2130 3024 man-

546 3064 708 3128 davit,
741 3071 796 3118 et
820 3076 886 3119 ex
918 3062 984 3117 iis
1013 3061 1324 3117 uberiorem
1355 3060 1498 3113 illam
1528 3058 1585 3114 S.
1611 3058 1849 3115 Rematli
1887 3075 2128 3116 seorsum

545 3155 716 3210 edidit
744 3163 926 3224 atque,
965 3161 1025 3208 ut
1071 3152 1241 3222 ipsius
1264 3151 1427 3206 verbo
1454 3159 1594 3215 utar,
1623 3151 1854 3219 excepit.
1892 3151 2131 3222 Epistola

549 3260 679 3300 vero
709 3244 822 3310 illa,
849 3257 970 3314 qua:
1021 3242 1076 3296 in
1133 3242 1336 3296 nostris
1375 3240 1652 3296 codicibus
1693 3250 1750 3296 et
1807 3241 2030 3312 Notgeri
2077 3252 2133 3300 et

553 3333 862 3390 Werinfridi
908 3331 1216 3388 nominibus
1251 3340 1418 3398 caret,
1449 3331 1504 3386 in
1553 3330 1699 3386 Surii
1740 3333 1925 3388 codice
1969 3334 2131 3391 talem

548 3430 602 3484 in
628 3425 807 3484 fronte
833 3441 944 3496 pra:
974 3439 1045 3480 se
1068 3423 1174 3479 fert
1202 3423 1642 3492 inscriptionem:
1672 3423 1953 3494 Notgerus,
1979 3442 2131 3492 quem

543 3523 640 3576 etsi
693 3521 968 3590 indigns-nt
1019 3515 1230 3571 Sancta,
1289 3514 1478 3568 Maria:
1530 3512 1811 3585 Sanctique
1865 3514 2130 3571 Lamberti

547 3612 867 3683 mancipium
902 3609 1190 3680 prwdicant
1220 3615 1393 3662 tamen
1435 3603 1752 3675 episcopum,
1782 3604 2125 3676 Werinfrido,

549 3745 860 3802 Leodiensis
896 3742 1131 3814 episcopi
1179 3741 1326 3814 etin
1363 3740 1562 3814 tabulis
1610 3739 1866 3814 Ottonutn
1909 3756 1960 3795 a.
2000 3738 2121 3806 961,

544 3819 670 3882 966,
702 3816 837 3881 974;
872 3811 1002 3869 ibid.
1041 3811 1107 3877 ΙΙ,
1152 3812 1340 3866 47-50.
1373 3812 1481 3867 Sed
1518 3813 1631 3881 jam
1675 3811 1776 3866 hoc
1827 3812 1944 3882 ipso
1983 3827 2126 3868 anno

545 3881 663 3944 980⁷
696 3902 804 3956 quo
837 3887 903 3956 ad
945 3884 1332 3956 Weriuf‘ridum
1379 3885 1590 3956 litteras
1643 3883 1786 3936 dedit
1833 3881 2120 3956 Notgerus,

546 3953 768 4012 minime
804 3953 1192 4013 Werinfridum
1243 3955 1338 4008 sed
1382 3954 1754 4021 Ravcngerum
1795 3954 2124 4008 monasterio

546 4028 824 4099 praefuisse
858 4026 1020 4099 docet
1063 4023 1747 4099 OttonisIluprivilegiunt
1781 4023 1867 4076 die
1912 4023 1947 4076 4
1990 4021 2118 4099 Jun.

545 4089 941 4166 conscriptum;
973 4095 1200 4148 Marteu.
1244 4093 1308 4155 ll,
1356 4089 1443 4147 50.
1489 4089 2024 4166 ﬁiltilouiinusvero
2067 4093 2120 4146 in

545 4169 687 4224 bulla
719 4162 961 4236 Gregorii
1001 4166 1039 4220 V
1071 4181 1220 4234 papae
1246 4165 1460 4236 iterum
1489 4162 1803 4236 Werinf‘ridi
1829 4163 2124 4236 abliaziset

547 4240 668 4292 dein
712 4233 906 4290 iterum
963 4233 1256 4304 llavengeri
1305 4234 1797 4304 nomenirecnrrit;
1828 4233 1900 4286 ib.
1935 4233 1996 4297 ll,
2027 4234 2115 4288 52.

546 4307 710 4374 Cujus
733 4308 1074 4376 expedienda:
1105 4303 1451 4376 diflicnltatis
1475 4303 1566 4376 alii
1603 4305 1763 4376 aliam
1807 4303 1945 4376 viam
1987 4303 2121 4356 inie-

549 4372 675 4431 runt
701 4395 713 4428 :
748 4372 1019 4431 illabillon.
1047 4377 1178 4430 duos
1204 4374 1560 4429 Werinf‘ridos
1585 4375 1826 4441 duosque
1841 4372 2118 4442 Ravcnge-

547 4463 638 4501 ros
657 4449 982 4501 monasterio
1008 4445 1284 4516 przefuisse
1307 4446 1496 4516 statuit
1517 4445 1708 4497 Annal.
1733 4445 1852 4498 0rd.
1881 4444 2008 4498 Ben.
2033 4443 2117 4507 lll,

549 4517 681 4577 616;
709 4530 937 4584 cumque
976 4514 1145 4570 secuti
1196 4525 1323 4569 sunt
1363 4514 1602 4569 Martene
1639 4524 1694 4568 et
1743 4517 1956 4568 Uurand
1995 4516 2117 4568 coll.

548 4587 709 4656 atupl.
741 4587 802 4650 ll,
850 4601 903 4655 p.
930 4587 1002 4651 V;
1044 4587 1344 4652 Itoderique
1392 4586 1620 4656 veronin
1655 4585 1810 4646 libro,
1857 4586 2123 4656 discepta-

549 4654 722 4711 tiones
756 4659 821 4709 de
846 4654 1129 4710 abbatibus
1154 4655 1491 4709 abbatiartnn
1525 4654 1892 4708 Malmundarii
1921 4665 1975 4709 et
1998 4657 2118 4708 Sta-

547 4726 692 4782 bulai
737 4726 963 4781 Wirzih.
995 4725 1149 4791 i728,
1199 4725 1238 4777 f.
1281 4724 1524 4796 Gregorii
1569 4724 1767 4796 bullam
1793 4726 2122 4796 suppositam

549 4812 671 4853 esse
699 4799 931 4868 probare
958 4806 1118 4865 atque
1153 4794 1559 4868 catalogi‘msc.
1594 4794 1994 4868 Stabnlensinm
2023 4795 2120 4849 ab-

547 4866 728 4924 batum
756 4868 1074 4922 auctoritate
1109 4866 1316 4921 eflicere
1350 4876 1575 4920 conatus
1616 4875 1700 4920 est
1728 4866 1796 4920 24
1822 4880 1990 4919 annos
2013 4881 2124 4921 mo-

547 4940 841 4995 na'stcriutn
891 4939 1092 4992 rexisse
1136 4936 1550 5003 Werinfridum;
1599 4936 1699 4991 cfr.
1749 4953 1800 5006 p.
1851 4937 1946 4999 58,
1980 4937 2118 5003 120,

546 5011 688 5079 quod
733 5025 854 5082 cum
899 5009 1094 5081 litteris
1123 5008 1519 5081 supralaudatis
1543 5008 1651 5082 viae
1679 5017 2018 5082 stargposse
2039 5007 2118 5082 vi:

2239 1887 2305 1925 ea:
2331 1871 2654 1925 cltartulario
2695 1882 2862 1926 vestro
2888 1891 2989 1927 non
3013 1874 3141 1928 desit
3189 1876 3393 1929 notitia.
3422 1875 3576 1944 Quis,
3621 1892 3824 1946 quaso,

2238 1960 2546 2015 mandavit?
2595 1961 2732 2016 Num
2767 1962 2909 2016 idem
2947 1964 3035 2032 qui
3085 1963 3282 2018 librum
3328 1968 3692 2038 conscripsit?
3730 1969 3828 2024 Mi-

2237 2051 2404 2106 nime.
2448 2051 2603 2106 Alius
2641 2053 2941 2116 mandavit,
2972 2053 3109 2108 alius
3143 2057 3482 2128 conscripsit.
3527 2058 3823 2132 Nolgerum

2236 2142 2549 2212 episcopum
2568 2152 2626 2197 ut
2649 2143 2784 2198 liber
2807 2145 3138 2200 scriberetur
3163 2147 3468 2215 mandasse,
3500 2148 3820 2222 ﬂet-igerum

2235 2231 2616 2287 scltolasticum
2647 2247 2776 2288 vero
2805 2233 3111 2303 scripsisse,
3151 2244 3205 2290 ct
3249 2234 3382 2291 Vita:
3434 2238 3495 2293 S.
3521 2238 3818 2296 Landoaldi

2234 2326 2375 2395 quod
2398 2325 2467 2379 ob
2509 2324 2695 2381 oculos
2737 2324 2998 2380 habemus
3036 2328 3339 2396 exemplum
3387 2329 3544 2386 ﬁdem
3589 2330 3722 2386 facit
3765 2340 3820 2387 et

2234 2416 2572 2471 laudatorum
2619 2416 2834 2470 testium
2885 2416 3179 2470 auctoritas
3246 2418 3456 2487 probat.
3511 2419 3624 2476 Nisi
3680 2419 3816 2476 forte

2233 2506 2354 2576 quis
2397 2503 2765 2559 difﬁcultatem
2813 2503 2955 2558 illam
2987 2503 3058 2558 ita
3093 2505 3345 2574 expedire
3391 2507 3565 2575 malit,
3595 2519 3656 2564 ttt
3701 2509 3813 2579 ipsa

2232 2599 2563 2671 prtefationis
2589 2599 2751 2654 verba
2780 2607 2989 2664 tenens,
3018 2597 3310 2669 Notgerum
3353 2601 3444 2656 alii
3474 2601 3533 2657 S.
3565 2601 3808 2658 Remacli

2233 2693 2413 2747 Vitam
2447 2692 2789 2748 scribendam
2843 2695 3127 2765 reliquisse
3157 2696 3294 2768 (55),
3337 2697 3672 2766 reliquorum
3703 2696 3811 2766 epi-

2232 2798 2516 2851 scoporum
2549 2784 2698 2838 Vitas
2728 2784 2901 2854 ipsum
2932 2786 3299 2856 composuisse
3325 2786 3599 2856 conjiciat.

2307 2870 2415 2926 Sed
2462 2870 2606 2925 aliud
2653 2881 2737 2926 est
2784 2871 2927 2941 quod
2972 2874 3170 2928 obstet.
3216 2872 3273 2928 Si
3302 2873 3574 2929 scribendi
3613 2887 3808 2946 genus,

2233 2963 2376 3032 quod
2404 2963 2459 3016 in
2491 2963 2658 3033 gestis
2685 2963 3128 3034 deprehenditur,
3160 2963 3320 3035 paulo
3347 2967 3656 3024 accuratius
3685 2981 3808 3020 exa-

2235 3054 2552 3117 minaveris,
2583 3053 2652 3108 ab
2690 3052 2794 3108 alio
2839 3054 3125 3124 epistolam
3174 3055 3240 3108 ad
3285 3054 3701 3122 Wcrinf‘ridum,
3741 3057 3806 3111 ab

2160 3123 2202 3181 ο
2236 3143 2343 3198 alio
2376 3141 2554 3198 Vitam
2601 3143 2659 3196 S.
2703 3123 2967 3208 Remacli,
3001 3143 3068 3198 ab
3098 3144 3203 3198 alio
3250 3144 3455 3214 reliqua
3503 3146 3806 3216 conscripta

2235 3252 2354 3294 esse
2378 3237 2522 3292 haud
2548 3235 2707 3293 facile
2753 3237 2850 3292 tibi
2893 3239 3262 3308 persuadebis.
3313 3239 3410 3295 Cui
3460 3239 3652 3295 ultima
3709 3256 3802 3297 ca-

2231 3331 2346 3400 pita
2402 3328 2538 3384 Vitae
2594 3325 2654 3383 S.
2718 3327 2962 3384 Remacli
3023 3330 3220 3402 legenti
3269 3333 3382 3403 (56)
3423 3348 3530 3388 non
3580 3334 3804 3404 epistola

2233 3420 2324 3476 illa
2351 3421 2404 3475 in
2435 3419 2751 3475 memoriam
2802 3430 3072 3486 recurrat,
3102 3432 3198 3475 aut
3231 3437 3352 3491 qua:
3379 3437 3446 3478 ex
3472 3425 3807 3494 reliquorum

2227 3497 2608 3582 episcoporum
2658 3511 2799 3565 serie
2847 3511 3126 3583 desumpta
3173 3521 3255 3567 est
3307 3511 3425 3566 Vita
3472 3512 3531 3568 S.
3577 3513 3804 3571 Joannis

2229 3608 2470 3680 episcopi
2496 3607 2642 3680 (37)?
2671 3607 2787 3663 Non
2818 3623 2950 3664 sane
2980 3607 3218 3665 limatius
3250 3610 3468 3680 scripsit
3493 3622 3689 3668 auctor
3709 3621 3811 3682 aut

2227 3750 2375 3815 gesta
2411 3742 2593 3815 abbat.
2637 3743 2886 3815 Loliiens.
2912 3757 2962 3815 c.
2992 3741 3084 3798 28.

2298 3815 2409 3886 (50)
2445 3813 2866 3886 Gbapeavillinm
2914 3813 2966 3866 in
3013 3815 3442 3886 prauauonead
3483 3813 3639 3870 Gest.
3676 3830 3798 3886 epp.

2225 3883 2412 3947 Lced.,
2447 3883 2714 3939 Valet'inm
2743 3883 3038 3946 Andream,
3057 3883 3315 3946 Miramini,
3340 3883 3654 3939 llollandnm
3680 3883 3801 3941 A'ct.

2225 3956 2327 4010 SS.
2361 3956 2521 4010 Febr.
2551 3957 2727 4019 Ι.5(›0,
2755 3964 3003 4009 auctores
3028 3955 3154 4009 hist.
3185 3954 3289 4009 liil.
3315 3955 3510 4012 Franc.
3546 3955 3796 4022 “1,198,

2223 4037 2278 4081 et
2309 4027 2543 4095 reliquos
2565 4040 2700 4095 quos
2730 4041 2892 4096 supra
2917 4026 3334 4083 nominavimus.

2294 4097 2406 4166 (δι)
2444 4097 2483 4160 ι,
2515 4098 2700 4151 40-56.

2294 4098 2377 4166 (51
2444 4098 2483 4160 1,
2515 4098 2700 4151 40-56.

2293 4098 2406 4236 (Si;
2443 4167 2576 4222 Acta
2610 4168 2709 4221 SS.
2735 4176 2864 4222 tom.
2889 4166 2953 4229 V,
2986 4167 3073 4220 17.

2292 4240 2404 4309 (55)
2448 4239 2568 4293 Act.
2614 4237 2714 4292 SS.
2765 4239 3041 4307 Septemb.
3074 4237 3279 4304 tom.l;
3323 4249 3554 4295 exeunte
3601 4240 3798 4295 sreculo

2221 4325 2364 4363 nouo
2389 4310 2588 4377 scripta
2611 4318 2713 4362 est.

2293 4379 2404 4448 (54)
2442 4379 2536 4434 His
2571 4378 2821 4447 loquendi
2852 4377 3096 4433 formulis
3123 4378 3295 4433 utitur
3333 4397 3347 4432 :
3395 4380 3634 4433 Adorsus
3683 4397 3795 4434 sum

2224 4466 2436 4512 munus,
2475 4452 2521 4503 ei
2563 4450 2767 4503 muneri
2792 4451 3044 4519 acquievi,
3083 4450 3167 4502 hic
3211 4450 3360 4502 labor
3393 4452 3481 4519 qui
3526 4463 3796 4515 susceptus

2226 4531 2320 4584 est,
2387 4530 2529 4588 gesta
2564 4548 2636 4559 —
2672 4519 2854 4589 collegi
2883 4550 2952 4558 —
2976 4521 3206 4589 porrexi.
3254 4536 3443 4573 munus
3498 4531 3795 4588 susceptum

2225 4592 2470 4645 amicitia:
2496 4591 2917 4659 prwsumptione,
2945 4606 3148 4643 morsus
3172 4593 3325 4643 timeo
3347 4591 3578 4656 int-illiw,
3603 4601 3713 4644 etc.

2299 4658 2564 4731 (55)7Tafi
2596 4661 2878 4715 sententia:
2925 4675 3225 4731 repugnare
3269 4662 3522 4731 videntur
3561 4661 3694 4714 Vita:
3733 4658 3791 4714 S.

2223 4726 2463 4786 [ientacli
2511 4731 2726 4785 codices
2769 4731 2895 4793 duo,
2933 4726 3273 4785 Trevirensis
3310 4740 3364 4783 et
3398 4726 3790 4798 Sangallensis.

2224 4804 2276 4856 in
2303 4817 2532 4872 quorum
2578 4801 2754 4872 fronte
2801 4800 3300 4872 Notgeri‘auctoris
3327 4816 3520 4872 nomen
3554 4800 3787 4872 legitur;

2220 4883 2277 4926 et
2320 4866 2372 4926 in
2420 4871 2592 4926 altero
2635 4866 2966 4940 Sangallerfsi
3007 4869 3272 4941 Notgerns
3322 4866 3703 4941 presbyter‘ad
3729 4866 3788 4923 S.

2222 4941 2568 4996 Lambertum
2604 4942 2920 5010 appellatur.
2959 4941 3056 4995 Cui
3090 4940 3423 5010 inscriptioui
3451 4943 3494 4995 si
3526 4941 3661 4994 ﬁdes
3697 4940 3790 4993 ha-

2221 5011 2333 5065 beri
2384 5022 2581 5081 posset,
2635 5011 2904 5080 Notgerus
2947 5011 3125 5065 Vitam
3176 5011 3232 5064 S.
3285 5011 3530 5081 Remacli
3567 5019 3697 5064 ante
3733 5024 3788 5065 ι.
