4094 5252
287 336 390 395 973

1720 325 2077 386 ΜΟΝΙἸἭΜ.

3432 321 3536 376 976

287 461 416 505 nato
462 446 601 517 (57),
650 445 708 500 S.
756 443 995 500 Remaell
1037 443 1313 513 antiquior
1342 440 1475 511 (58),
1526 438 1583 493 Β.
1631 438 1864 507 Remigii
1890 443 1941 499 Α
1966 434 2208 491 curatius
2245 433 2667 498 examinaveris,
2699 431 3016 503 llerigerum
3048 430 3205 502 longe
3232 444 3343 500 prae
3370 440 3535 485 cate-

289 548 515 595 auctore
551 537 845 591 llincmaro
889 534 1022 605 (59),
1074 534 1132 588 S.
1174 532 1446 587 Lamberti
1486 538 1706 584 auctore
1744 526 1863 582 Ste-

288 631 470 701 phano
507 627 645 697 (60).
678 626 906 681 Textum
942 636 1103 695 prout
1139 640 1229 679 res
1264 622 1540 693 postulare
1583 619 1865 673 videbatur

288 718 452 774 modo
493 717 733 773 servavit
774 714 841 769 ad
888 715 1140 779 verbum,
1180 722 1239 766 ut
1277 713 1410 767 Vitae
1445 710 1546 765 SS.
1586 708 1862 772 Eucharii,

288 812 529 871 Valerii.
568 810 817 872 Materni,
854 806 1133 870 Jordanis,
1176 803 1569 865 Baudemundi,
1606 800 1766 854 modo
1799 798 1865 852 li-

290 905 472 960 berius
511 912 884 973 argumentum
926 915 993 955 ex
1044 899 1150 953 illis
1188 900 1534 967 desumptum
1582 910 1682 949 suo
1722 891 1864 962 stylo

287 1002 612 1065 prosecutus
646 1000 749 1046 est.
788 990 893 1045 Sed
930 989 1157 1044 aliorum
1187 1004 1402 1058 quoque
1426 987 1686 1041 librorum
1713 999 1863 1038 men-

289 1087 369 1140 tio
407 1084 551 1154 apud
594 1082 911 1152 llerigerum
962 1080 1233 1144 occurrit,
1274 1094 1411 1147 quos
1461 1093 1565 1132 non
1611 1076 1664 1129 in
1706 1088 1862 1129 usum

291 1194 449 1233 suum
488 1177 674 1241 vertit,
716 1176 808 1230 sed
840 1173 1077 1227 laudavit
1108 1182 1337 1227 tantum.
1375 1170 1566 1225 Multos
1604 1170 1861 1223 historio-

288 1267 553 1339 graphos,
581 1266 687 1336 'qui
723 1267 787 1319 de
828 1264 1034 1318 Hunnis
1067 1262 1401 1326 referebant,
1440 1271 1640 1330 praeter
1666 1259 1861 1314 Jorda-

290 1374 415 1413 nem
467 1358 699 1412 habebat
735 1355 870 1426 (61),
909 1354 1148 1408 llilduini
1184 1354 1489 1423 passionem
1527 1353 1584 1405 S.
1622 1349 1861 1419 Dionysii

289 1448 477 1502 laudat
526 1449 578 1501 in
622 1446 850 1517 cpistola
889 1446 955 1500 ad
1005 1444 1416 1508 Werinfridunt,
1467 1454 1521 1496 ct
1559 1442 1757 1496 ibidem
1805 1456 1863 1496 se

289 1538 719 1608 quamplurimas
756 1545 1067 1591 sanctorum
1110 1534 1254 1589 Vitas
1281 1536 1348 1589 ab
1384 1534 1503 1587 aliis
1531 1534 1863 1602 conscriptas

290 1628 489 1699 legisse
534 1638 587 1682 et
636 1628 903 1681 scribendi
944 1628 1208 1681 rationem
1252 1641 1436 1681 secum
1488 1625 1863 1681 considerasse

287 1721 503 1789 probat.
549 1718 707 1773 llisee
739 1720 891 1773 libris
920 1719 1125 1773 litteras
1157 1717 1471 1787 tabulasque
1500 1716 1741 1787 publicas
1769 1716 1862 1768 ad-

1966 527 2044 582 ris
2069 526 2388 582 excellaisse
2428 545 2532 585 non
2564 528 2816 598 negabis;
2850 540 3031 580 raram
3064 525 3169 579 illis
3200 524 3535 595 temporibus

1964 636 2032 675 cx
2063 630 2303 674 veterum
2334 633 2388 675 et
2416 620 2637 675 Patrum
2666 619 3157 675 ecclesiasticorum
3186 618 3403 687 scriptis
3430 618 3536 672 sibi

1964 711 2298 778 comparavit
2330 712 2729 777 eruditionem;
2770 711 2937 764 multa
2974 710 3105 779 legit
3132 718 3182 763 et
3216 724 3400 764 secum
3440 725 3537 764 co-

1964 804 2174 873 gitavit.
2213 802 2347 856 Nam
2378 820 2482 859 non
2512 806 2699 874 primis
2741 814 2949 859 tantum
2980 804 3145 858 labris
3174 814 3383 860 veteres
3409 807 3539 859 atti-

1965 897 2064 965 git,
2098 897 2191 952 sed
2220 896 2315 961 ita,
2347 906 2405 950 ut
2436 898 2537 951 hoc
2564 898 2730 952 verbo
2758 907 2903 963 utar,
2933 897 2986 951 in
3013 912 3233 952 succum
3262 899 3439 963 vertit,
3480 910 3541 953 ut

1964 990 2223 1045 scribenti
2254 1000 2492 1044 veterum
2530 1000 2826 1045 sententias
2855 990 2938 1045 vel
2976 1007 3071 1045 sua
3105 1001 3295 1059 sponte
3329 1008 3539 1046 memo-

1965 1086 2048 1139 ria
2105 1086 2509 1154 suppeditaret;
2561 1102 2666 1141 non
2710 1103 2844 1143 sane
2888 1088 3049 1141 medii
3094 1090 3193 1141 aevi
3232 1088 3541 1145 Chronicon

1968 1178 2063 1232 sed
2106 1188 2387 1232 centonem
2427 1181 2715 1247 quemdam
2743 1179 3013 1234 interdum
3050 1180 3226 1250 legere
3258 1180 3349 1235 tibi
3390 1181 3541 1236 vide-

1965 1267 2041 1322 ris
2097 1266 2233 1338 (68).
2283 1268 2593 1338 Eorumque
2656 1268 2872 1322 excellit
2924 1269 3251 1338 scriptorum
3303 1269 3539 1338 notitia,

1968 1372 2201 1426 quorum
2244 1358 2447 1413 mentio
2488 1358 2665 1413 rarius
2700 1358 2791 1411 illo
2828 1368 3068 1427 tempore
3098 1360 3537 1429 deprehenditur.

1964 1447 2006 1501 Ε
2044 1447 2317 1502 veteribus
2362 1458 2661 1504 occurrunt
2698 1449 2892 1505 Cicero
2917 1448 3060 1519 (69),
3086 1449 3372 1504 Sallustius
3400 1450 3536 1520 (70),

1962 1536 2169 1593 Plinius
2212 1539 2359 1609 (71),
2401 1540 2687 1595 Terentius
2726 1541 2864 1611 (72),
2906 1540 3163 1594 lloratius
3193 1542 3326 1610 (73),
3358 1540 3536 1612 Virgi—

1963 1627 2067 1681 lius
2092 1629 2226 1699 (75),
2263 1629 2507 1684 Tibullus
2530 1631 2665 1700 (75),
2692 1631 2909 1686 Persius
2934 1631 3069 1701 (76),
3104 1631 3364 1685 Martialis
3394 1633 3535 1702 (77);

1966 1719 2163 1786 quibus
2206 1720 2343 1773 adde
2392 1719 2779 1789 llieronymum
2828 1722 2961 1792 (78),
3011 1723 3371 1791 Augustinum
3422 1722 3539 1792 (79)

284 1810 417 1879 jecit
470 1810 737 1881 Sigebcrti
787 1823 841 1865 et
884 1810 1173 1864 Childerici
1217 1824 1433 1883 regunt,
1483 1809 1861 1878 episcoporum
1891 1794 1938 1853 Β
1965 1819 2019 1863 et
2052 1825 2120 1863 ex
2154 1810 2475 1865 Christianis
2512 1813 2686 1881 poetis
2731 1801 3014 1867 Aratorem
3062 1814 3173 1883 (80)
3215 1822 3269 1866 et
3304 1812 3543 1867 Pruden-

288 1900 506 1955 litteras
544 1902 679 1971 (6‘2),
713 1901 1064 1955 conciliorum
1108 1914 1349 1954 canones
1376 1882 1531 1965 ((65);
1566 1907 1619 1951 et
1648 1913 1709 1951 ca
1742 1913 1862 1967 qua:

290 1994 495 2047 dixerit
544 1994 725 2047 multis
769 1994 986 2061 scriptis
1023 1993 1075 2045 in
1116 1989 1402 2045 Leodiensi
1453 1998 1508 2042 et
1555 1987 1861 2042 Stabuleusi

292 2084 562 2138 tabulario
592 2085 882 2137 asservatis
914 2083 1119 2136 firmari
1149 2097 1309 2152 posse
1338 2080 1446 2135 alio
1478 2080 1596 2135 loco
1634 2087 1863 2133 testatus

289 2184 376 2227 est
403 2174 538 2243 (64).
566 2173 669 2227 Sed
701 2188 872 2242 neque
912 2174 1059 2226 illum
1084 2172 1284 2226 fontem
1314 2170 1652 2238 contempsit,
1682 2168 1773 2237 qui
1796 2181 1863 2222 ex

288 2268 475 2337 pepuli
525 2268 706 2323 vivido
746 2268 960 2338 ingenio
1002 2266 1289 2332 redundat,
1336 2264 1613 2336 vulgarem
1662 2262 1750 2332 qui
1804 2262 1857 2315 in

288 2360 575 2417 lmnnnum
622 2381 717 2419 ore
765 2372 1010 2416 versatur
1070 2378 1373 2427 rumorem,
1426 2377 1587 2429 quem
1638 2360 1692 2413 in
1738 2357 1861 2413 Vita

289 2456 348 2509 S.
382 2454 611 2509 Joannis
643 2456 715 2508 ita
758 2454 1045 2521 descripsit
1084 2468 1097 2506 :
1140 2453 1339 2504 Audita
1390 2460 1593 2504 tantum
1632 2460 1676 2504 et
1726 2450 1861 2503 rela-

286 2549 432 2597 tione
488 2560 522 2596 a
572 2542 855 2611 majoribus
906 2552 956 2597 et
1010 2552 1162 2595 a'tate
1214 2540 1618 2610 provectioribns
1662 2538 1863 2605 accepi-

286 2650 407 2687 mus
439 2634 581 2704 (65),
616 2649 881 2702 quemque
908 2632 1013 2686 alio
1044 2632 1161 2685 loco
1187 2632 1254 2686 ab
1282 2630 1472 2684 incolis
1502 2629 1860 2683 referentibus

287 2742 352 2782 se
374 2729 660 2797 excepisse
694 2727 975 2781 coafirmat
1001 2734 1055 2779 et
1083 2725 1356 2780 relationis
1381 2724 1578 2777 famam
1608 2722 1691 2777 vel
1718 2723 1861 2777 anti-

285 2819 559 2888 quitatem
592 2828 745 2873 voeat
777 2818 907 2888 (66).
948 2818 1092 2886 ipsas
1119 2816 1349 2883 denique
1379 2830 1465 2869 res
1498 2814 1765 2883 quomodo
1802 2828 1861 2868 se

287 2914 411 2968 Suis
458 2914 789 2983 temporibus
819 2912 1100 2967 halmerint
1134 2920 1297 2965 testes
1326 2910 1452 2964 fecit
1486 2910 1621 2980 (67).

363 3007 464 3063 llis
490 3008 719 3077 denique
747 3006 885 3060 aliud
920 3005 1126 3060 accedit
1153 3003 1484 3073 pratsidium,
1516 3016 1642 3072 quo,
1681 3002 1726 3057 si
1764 3015 1860 3056 ac-

288 3211 373 3263 ria
400 3206 767 3263 confessorum
797 3224 845 3271 c,
872 3206 960 3272 72,
994 3208 1059 3261 iis
1087 3223 1214 3261 usus
1244 3216 1347 3267 est,
1380 3216 1433 3259 et
1462 3206 1529 3259 ila
1555 3200 1769 3273 quidem
1794 3209 1856 3257 ut

287 3296 404 3332 uno
453 3279 689 3332 alterove
736 3278 851 3332 loco
879 3294 999 3332 cum
1038 3278 1276 3345 llerigeri
1309 3278 1374 3328 ad
1413 3276 1631 3327 verbum
1668 3286 1860 3345 conso-

287 3360 388 3403 net
419 3349 675 3425 Gregorii
697 3357 893 3425 textus.
935 3348 1083 3425 Quod
1114 3342 1393 3425 jainuvidit
1418 3344 1697 3425 lleustfhen
1722 3342 1773 3425 ἰ...
1795 3343 1857 3406 1.,

289 3430 351 3471 et
388 3410 591 3472 nostris
629 3418 815 3472 diebus
855 3410 1193 3470 COnliruiavit
1227 3415 1401 3484 llaupt
1432 3430 1481 3467 v.
1534 3414 1602 3466 el.
1635 3414 1684 3465 in
1721 3410 1858 3484 libro

287 3488 606 3542 Zeitschril‘t
641 3486 725 3539 fur
753 3486 1037 3541 deutsches
1066 3480 1361 3538 Alterthuni
1394 3483 1453 3536 V.
1480 3485 1545 3536 73
1577 3498 1692 3551 sqq.
1721 3480 1857 3535 Num

288 3560 675 3630 antiquissima
726 3555 812 3612 illa
854 3555 971 3611 V-ita
1015 3557 1153 3630 inter
1187 3570 1289 3630 eas
1328 3555 1400 3630 sit
1446 3568 1672 3630 ψιοηιρι
1700 3551 1859 3630 haud

314 3618 456 3684 ιειιιυῖ
494 3632 705 3684 codices
737 3638 1065 3683 annotantur
1097 3628 1148 3680 in
1185 3626 1320 3678 libro
1353 3618 1571 3678 Archiv.
1606 3623 1667 3676 T.
1700 3618 1781 3674 Vil
1808 3630 1861 3677 et

314 3645 456 3684 mnet
494 3645 705 3684 cmtnces
737 3645 1065 3683 annutantur
1097 3645 1148 3680 ιιι
1185 3645 1320 3678 nuro
1353 3645 1571 3678 arentv.
1615 3645 1667 3676 ι.
1708 3645 1781 3674 ιιι
1808 3645 1859 3677 ei

286 3645 409 3755 ιΥΙΙΙ
445 3701 592 3767 (vide
624 3699 889 3768 indicem)
924 3698 1010 3750 vix
1050 3695 1438 3768 diceret-iusim
1461 3710 1481 3768 ;_
1512 3695 1572 3768 in
1612 3706 1723 3768 uno
1760 3692 1859 3768 illo

288 3760 490 3825 codice
521 3769 805 3823 Parisiensi
835 3760 960 3822 sine.
999 3782 1128 3831 xui,
1161 3764 1300 3819 5320
1339 3764 1581 3832 (Archiv.
1612 3760 1719 3832 γει,
1757 3760 1858 3832 59)

286 3856 421 3895 eam
467 3856 568 3893 non
607 3839 840 3909 servari,
875 3837 1234 3909 descriptione
1268 3831 1860 3909 codicisguaanethf

288 3926 499 3964 manno
536 3924 587 3961 v.
627 3908 695 3962 cl.
733 3899 1011 3971 debemus,
1042 3899 1325 3973 probatur;
1364 3899 1864 3973 reliquaejitzeaut

285 3990 361 4035 ex
402 3978 639 4046 llerigeri
674 3978 809 4031 libro
840 3970 1129 4030 manarunt
1159 3974 1297 4046 (vid.
1321 3970 1542 4046 Archiv.
1572 3970 1701 4046 \_'l!l,

289 4060 392 4103 aut
429 4040 559 4102 cuni
588 4047 860 4101 miraculis
886 4047 942 4100 S.
973 4044 1202 4112 Servatii
1234 4058 1355 4112 qua:
1406 4040 1689 4112 scripsit_a
1728 4040 1791 4092 10

284 4114 571 4174 Jocundus
614 4120 891 4188 presbyter
930 4110 1232 4188 conjuncta:
1252 4110 1417 4188 sunt.
1467 4112 1541 4188 De
1583 4110 1862 4188 miraculis

287 4192 435 4255 illis,
486 4190 536 4240 in
585 4178 1374 4255 q'uibus'fabulatorissomnia
1414 4180 1644 4255 proferri
1681 4178 1863 4255 dicere

284 4247 706 4315 non'dubitavit
754 4255 1056 4319 Henschen,
1095 4253 1205 4306 vid.
1242 4252 1359 4320 ejus
1400 4247 1608 4319 prmfat.
1655 4248 1722 4320 ad
1765 4247 1861 4301 vit.

285 4332 352 4384 S.
403 4328 618 4381 Servat.
664 4343 711 4381 c.
746 4327 798 4390 ὃ,
839 4326 892 4379 4.
930 4318 1049 4378 Aet.
1092 4325 1190 4377 SS.
1230 4318 1344 4374 l.'l.
1387 4318 1628 4373 Similem
1662 4318 1861 4371 librum

283 4409 491 4455 auctor
517 4395 815 4451 Germanici
844 4394 1101 4449 carminis
1129 4407 1253 4446 sate.
1280 4406 1353 4445 xu
1383 4406 1469 4443 ex.
1490 4403 1651 4458 quem
1673 4402 1739 4458 er
1766 4401 1829 4438 co
1850 4414 1863 4425 -

284 4446 1013 4521 ili—ee‘i'iennensiiediditv.
1050 4462 1118 4519 cl.
1151 4460 1330 4531 liaupt
1369 4462 1424 4516 in
1456 4446 1593 4515 libro
1620 4456 1859 4523 laudato,
1889 4446 1942 4505 D

283 4543 515 4593 videtur
542 4545 754 4590 secutus
782 4550 920 4591 esse.

352 4607 483 4679 K57)
515 4616 552 4679 ἓ»
580 4605 780 4679 14»έὸ-

356 4668 485 4742 ϊῦξι)
512 4668 553 4741 ι,
586 4668 897 4739 Lit—5.5,
924 4672 1013 4727 56.

360 4744 483 4817 (59)
512 4746 549 4817 ι,
580 4746 628 4817 ιν,
660 4745 750 4812 27,
783 4744 871 4798 tt.

361 4815 481 4887 (ϐο)
510 4815 548 4887 ι.
582 4815 670 4887 5:»

392 4880 482 4954 61)
514 4886 556 4947 l,
582 4880 667 4938 17.

392 4903 482 4954 οι)
514 4903 556 4947 ι,
582 4903 605 4938 ι
628 4903 667 4938 t.

363 4903 481 5028 (62)
514 4954 556 5028 1,
587 4954 761 5028 46,
782 4954 873 5020 68,
900 4950 989 5009 54.

366 5025 483 5124 Si???
513 5026 557 5124 ε·
589 5025 679 5124 i3:

392 5082 479 5124 ιειῖ
513 5082 555 5124 1⁷
592 5095 615 5124 Δ
657 5111 670 5123 .
714 5090 787 5124 υ..
815 5088 1105 5126 ηηυισιΙηνϐη
1142 5097 1306 5126 κράνη
1337 5082 1715 5126 (Ωιαὶιιιιιηιςῖὶ
1764 5101 1867 5126 nnn

1967 1900 2103 1955 tium
2132 1901 2264 1972 (81).
2298 1901 2367 1954 At
2397 1900 2500 1954 alia
2533 1917 2746 1971 quoque
2777 1918 2881 1955 non
2912 1902 3101 1957 deesse
3125 1916 3242 1972 qure
3272 1903 3538 1971 supersti-

1969 1992 2165 2048 tiosam
2210 1992 2352 2046 illam
2398 2009 2519 2061 qua:
2565 1994 2620 2048 in
2676 1986 3023 2049 monasteriis
3062 1994 3292 2050 florebat
3332 1994 3541 2049 doctri-

1968 2101 2093 2139 nam
2118 2086 2411 2145 redoleant.
2446 2087 2537 2139 vix
2561 2096 2645 2141 est
2675 2088 2815 2156 quod
2847 2087 3062 2141 mireris
3090 2088 3222 2156 (82).
3255 2086 3362 2141 Sed
3392 2087 3539 2140 nihi-

1966 2173 2199 2229 lominus
2246 2190 2275 2229 a
2331 2176 2550 2230 critiees
2609 2177 2927 2231 exercendae
2977 2178 3217 2247 periculo
3269 2178 3323 2231 in
3376 2177 3540 2231 rebus

1964 2264 2098 2333 ipsis
2131 2266 2430 2321 scribendis
2466 2268 2688 2322 minime
2721 2281 2914 2324 auctor
2955 2269 3253 2322 abhorruit.
3306 2268 3537 2323 Miracu-

1961 2354 2030 2410 lis
2061 2355 2217 2408 fidem
2261 2358 2374 2425 ipse
2402 2374 2504 2411 non
2536 2359 2843 2430 denegavit,
2876 2369 3053 2413 tamen
3086 2375 3180 2413 eos
3214 2376 3278 2414 ex
3319 2360 3541 2429 aequali-

1963 2447 2062 2501 bus
2094 2447 2206 2502 suis
2236 2462 2368 2500 sana
2398 2464 2490 2502 sua
2526 2460 2707 2504 mente
2740 2450 2961 2513 refutat,
2987 2450 3075 2518 qui
3105 2452 3217 2504 suis
3244 2450 3374 2519 ipsis
3405 2460 3543 2505 tem-

1962 2540 2182 2607 poribus
2224 2539 2486 2593 ntiracula
2542 2558 2646 2595 non
2690 2542 2805 2595 fieri
2854 2541 3225 2608 querebantur
3264 2541 3397 2609 (85).
3442 2540 3543 2594 Μί-

1963 2630 2110 2683 nime
2143 2630 2355 2683 dubitat
2386 2630 2442 2682 S.
2488 2630 2719 2683 Servatii
2755 2645 2817 2683 ex
2858 2630 3160 2683 Salvatoris
3192 2631 3393 2683 familia
3432 2630 3544 2683 ori-

1963 2717 2163 2785 ginem,
2204 2731 2323 2785 quae
2362 2717 2564 2785 pietate
2607 2716 2837 2769 fortasse
2876 2714 3011 2769 Vita:
3051 2716 3168 2784 ejus
3198 2717 3403 2785 ingesta
3443 2718 3534 2783 sit,

1966 2808 2221 2877 rejicere;
2282 2819 2340 2863 et
2395 2808 2613 2877 ingenui
2673 2822 2801 2862 sane
2856 2818 2939 2861 est
3005 2807 3169 2860 animi
3232 2808 3320 2860 illa
3378 2823 3542 2877 quam

1964 2901 2171 2971 profert
2221 2900 2519 2964 confessio,
2578 2900 2765 2954 melius
2822 2914 2941 2953 esse
2992 2899 3344 2969 ignorantiam
3396 2916 3538 2954 rere-

1968 2992 2135 3045 cunde
2186 2991 2365 3059 fateri,
2417 3007 2573 3062 quam
2630 2992 2965 3047 irreverenter
3021 3007 3114 3060 pro
3164 2992 3351 3061 pietate
3398 3007 3542 3044 men-

1964 3212 2221 3261 posscssa,
2243 3196 2285 3261 I,
2310 3198 2376 3253 48
2407 3216 2419 3250 :
2449 3197 2605 3251 Extat
2633 3212 2791 3263 usque
2821 3195 2871 3246 in
2902 3210 3130 3261 prtt'scns
3156 3190 3302 3245 locus
3330 3191 3531 3245 oratio-

1965 3267 2043 3318 nis
2075 3269 2191 3337 ejus
2216 3284 2366 3335 opere
2405 3266 2457 3321 in
2496 3284 2621 3337 rupe
2650 3266 2901 3319 excitatis.

2178 3336 2305 3416 1,.1,
2341 3337 2431 3391 55.

2133 3409 2150 3471 )
2192 3405 2406 3459 Librum

2060 3400 2150 3472 69)
2192 3405 2406 3459 Librum
2433 3407 2506 3459 De
2528 3404 2756 3459 Orato*e
2782 3412 2835 3457 et
2863 3404 3138 3456 orationes
3168 3400 3221 3455 in
3253 3400 3543 3455 Catilinam

1964 3474 2127 3542 legit,
2162 3474 2493 3529 Tusculanas
2530 3491 2656 3529 vero
2702 3484 2827 3527 ante
2867 3472 3049 3526 omnia
3099 3473 3152 3526 in
3198 3487 3351 3525 suum
3385 3485 3541 3524 usum

1962 3547 2148 3609 vertit.
2187 3544 2226 3609 I,
2262 3547 2309 3605 i,
2341 3545 2429 3607 20,
2462 3544 2551 3598 55.

2036 3591 2150 3681 (id)
2190 3591 2227 3675 i:
2260 3591 2476 3677 é'af's's.

2033 3682 2149 3749 (7i)
2178 3683 2412 3738 llistoria
2440 3683 2668 3737 natural.
2696 3682 2736 3747 1,
2771 3684 2824 3736 7.

2311 3893 2343 3946 5

1965 3892 1981 3945 Ι
2020 3816 2697 3946 ι(75),Οἱιιιὲέδῖὀθιιιιοιιιῑε,
2724 3816 3016 3891 Epistolas,
3046 3816 3231 3872 Artem
3272 3816 3539 3887 poeticam

1986 3907 2016 3946 e
2060 3910 2117 3945 I.
2183 3932 2196 3946 .
2264 3933 2278 3946 .
2386 3930 2400 3944 .

1986 3894 2117 3963 egit.
2157 3894 2196 3955 ι,
2228 3894 2278 3956 ι.
2311 3894 2400 3963 55.

2061 3963 2150 4028 74)
2186 3963 2227 4027 l,
2254 3963 2345 4028 50,
2376 3962 2462 4017 55.

2063 4032 2150 4100 75)
2184 4032 2341 4096 1,55.

2065 4101 2151 4170 76)
2185 4102 2221 4163 ι,
2252 4102 2343 4157 29.

2065 4172 2150 4239 77)
2188 4172 2228 4231 ι,
2261 4174 2313 4225 ι.

2063 4234 2150 4309 78)
2197 4234 2462 4311 Epistolas
2510 4248 2697 4295 contra
2735 4240 3087 4310 Vigilantiam
3129 4248 3185 4294 et
3222 4238 3288 4294 ad
3332 4238 3539 4309 Agcruo

1968 4309 2174 4375 Chiam;
2206 4309 2255 4375 Ι,
2276 4313 2325 4376 7,
2358 4312 2447 4364 21.

2037 4380 2149 4519 pa)
2183 4381 2220 4441 ι,
2252 4381 2307 4433 2.

2063 4451 2151 4519 90)
2187 4450 2307 4503 ιιιει

2063 4451 2151 4520 80)
2187 4450 2475 4520 Historiam
2502 4451 2863 4519 apostolorum
2885 4466 2915 4520 ;
2940 4450 2994 4520 l.,
3019 4449 3073 4502 5.

2040 4516 2153 4591 (81)
2182 4520 2401 4574 Librunt
2439 4516 2860 4588 l‘eristepbauou
2899 4519 3025 4591 1,3.
3065 4518 3172 4573 Sed
3201 4533 3267 4572 ne
3299 4520 3383 4591 his
3418 4523 3541 4591 qui-

1966 4588 2090 4643 dem
2122 4588 2241 4659 quae
2280 4592 2531 4658 proposui
2571 4600 2813 4644 veterum
2862 4588 3187 4659 scriptorum
3227 4588 3540 4645 nominibus

1967 4660 2025 4729 in
2076 4657 2450 4714 reconditioris
2498 4659 2740 4729 llerigeri
2785 4657 3103 4729 eruditionis
3138 4672 3398 4729 recessus
3451 4675 3542 4713 me

2040 4739 2283 4783 netrasse
2317 4731 2455 4783 bene
2483 4724 2771 4796 sciofnam
2802 4737 2857 4781 et
2885 4729 2937 4781 in
2959 4726 3186 4796 epistola
3206 4727 3285 4796 ad
3319 4724 3541 4796 Werin-g

1996 4798 2166 4852 ridum
2214 4808 2268 4852 et
2314 4798 2367 4851 in
2402 4793 2647 4852 oratione
2697 4796 2755 4850 S.
2808 4793 3046 4849 Remacli
3084 4795 3124 4858 Ι,
3167 4794 3258 4856 55,
3294 4793 3546 4850 nonnulli

1967 4867 2143 4921 relicti
2191 4877 2318 4921 sunt
2361 4866 2486 4931 loci,
2528 4882 2665 4935 quos
2698 4881 2764 4935 ex
2810 4875 3047 4935 veterum
3083 4864 3547 4935 scrip_tis_duetos

1967 4949 2091 4995 esse
2130 4952 2285 4990 nemo
2314 4953 2419 4990 non
2450 4931 2630 4998 videt,
2657 4934 2798 4987 unde
2827 4947 2955 4987 vero
2982 4932 3250 4996 desmnpti
3286 4931 3401 4985 sint
3435 4947 3551 4986 non

1967 5002 2122 5074 aique
2159 5007 2214 5058 in
2240 5016 2427 5073 aperto
2456 5017 2560 5063 est.
2590 5003 2718 5069 Qua:
2746 5000 3044 5069 indaganda
3078 5012 3163 5051 me
3190 4997 3553 5074 peritioribus

1966 5066 2203 5128 libenter
2247 5066 2511 5128 relinquo.
2563 5066 2672 5126 Sed
2725 5066 2898 5123 ununi
2936 5076 3022 5119 est
3072 5066 3215 5128 quod
3264 5081 3546 5124 moneam.

2134 3614 2150 3681 )

2062 3686 2149 3754 71)
2178 3686 2412 3738 Historia

2064 3754 2130 3807 72
2188 3756 2225 3813 Ι.
2265 3753 2430 3818 1,55.

2062 3760 2152 3894 73)
2182 3822 2430 3894 ΟιΙιιεηδι

2104 3894 2173 3946 ,ι

2096 3963 2150 4029 4)
