4094 5252
534 241 650 308 Ὦῗῦ

1044 229 1366 299 utiutccm
1410 243 1498 298 ur
1548 239 1846 297 susum
1894 236 2120 296 casn
2170 238 2386 297 ωηερε.
2440 239 2698 299 runca.
2743 241 2936 297 τίω.
2985 241 3073 299 ετ
3116 241 3315 300 Leon.

3675 248 3803 311 ,υτσ

545 362 633 415 tiri
644 359 777 432 (84).
792 357 974 428 itaque
989 357 1053 412 de
1067 356 1456 425 antiquissimis
1472 352 1867 424 Tungrensium
1884 352 2046 408 rebus
2074 351 2127 407 in
2153 360 2204 422 Α
2231 368 2374 409 anno
2393 364 2637 423 sequenti
2661 366 2789 410 vero
2813 355 2987 410 Vitam
3012 353 3071 410 S.
3095 352 3393 410 Landoaldt
3413 369 3802 427 composuisse.

548 460 702 507 tanta
729 464 908 505 rerum
927 447 1256 504 obscuritate
1278 444 1408 500 nihil
1438 445 1569 500 certi
1597 443 1826 515 proferri
1843 456 2002 512 posse
2017 457 2121 498 non

542 556 657 601 uno
671 540 788 599 loco
800 538 970 593 libero
984 551 1080 593 ore
1093 535 1290 591 fatetur
1302 534 1801 605 (85).Qua:critices
1812 533 2125 589 exercendae

546 630 691 684 ratio
734 642 843 697 quo
890 627 1061 696 magis
1113 625 1166 685 in
1216 633 1405 695 aperto
1453 624 1548 689 sit,
1589 624 1753 677 alium
1792 637 1858 676 ex
1899 621 2124 691 epistola

547 720 665 790 ejus
698 719 765 774 ad
804 717 1085 787 Hugonem
1113 715 1340 770 afferam
1374 714 1548 769 locum
1570 754 1585 779 ,
1625 728 1733 782 quo
1773 711 2123 782 Herigernm,

548 824 677 863 num
703 807 864 878 primi
894 806 967 860 illi
1000 805 1348 859 Trevirorum
1382 802 1619 873 episcopi
1660 800 1983 866 Eueharius,
2014 799 2125 853 Va-

546 898 710 953 lei-ius
747 907 803 953 et
848 897 1131 951 Maternus
1172 909 1361 949 revera
1402 892 1748 963 Evangelium
1781 892 2126 961 praedicaturi

546 1007 576 1045 a
603 990 661 1045 S.
688 990 854 1044 Petro
881 990 1029 1046 missi
1060 989 1192 1055 sint,
1210 987 1547 1043 dubitantem
1574 985 1935 1041 videmus.En
1958 985 2126 1041 verba

536 1079 592 1148 ej
601 1095 662 1134 us
693 1078 803 1150 (86)
822 1092 853 1158 Δε

619 1170 695 1224 De
736 1170 925 1223 nostris
956 1166 1354 1222 Treverensibus
1402 1164 1695 1231 Eucherio,
1739 1162 1961 1227 Valerio,
2011 1163 2133 1219 Ila-

550 1250 721 1326 lerno,
748 1261 837 1330 qui
864 1260 1113 1314 dicuntur
1158 1258 1304 1312 missi
1332 1257 1495 1327 fuisse
1527 1256 1591 1309 ab
1618 1256 1852 1326 apostolo
1875 1254 2055 1322 Petro,
2081 1264 2129 1310 et

545 1354 693 1408 locus
715 1352 931 1422 quidam
964 1352 1020 1403 in
1048 1349 1452 1419 Elisatimpago
1490 1363 1679 1401 nomen
1711 1347 1907 1401 habens
1944 1345 2129 1417 Elegia

538 1430 830 1513 ~concordat
877 1458 996 1495 cum
1025 1456 1203 1495 eorum
1232 1439 1476 1515 historia,
1520 1438 1613 1492 sed
1663 1454 1696 1492 a
1721 1437 1964 1508 passione
1994 1438 2130 1491 beati

555 1534 718 1597 Petri,
741 1535 832 1604 qui
856 1543 932 1588 est
955 1548 1127 1601 annus
1154 1532 1222 1586 15
1253 1529 1503 1595 Neronis,
1554 1529 1647 1599 qui
1672 1528 1890 1598 (scilicet
1916 1527 2129 1598 Petrus)

548 1627 593 1679 si
624 1625 759 1693 fdrte
800 1622 1145 1687 Eucharium,
1188 1620 1450 1695 Valerium
1490 1629 1538 1674 et
1566 1619 1865 1691 Maternum
1893 1612 2129 1675 Treveri-

2231 443 2367 511 Quid
2393 445 2636 500 versibus
2670 445 2964 515 pangendis
2996 454 3203 515 posset,
3246 445 3301 500 in
3351 446 3456 502 alio
3488 447 3632 503 libro
3674 459 3791 504 ten-

2229 532 2363 586 tavit
2410 532 2640 587 de‘Vita
2693 531 2753 588 S.
2813 532 3055 588 Ursmari
3093 534 3424 589 hexametris
3472 536 3803 607 conscripto,

2229 637 2411 692 quem,
2442 632 2738 695 antequam
2786 625 2998 682 abbatis
3026 642 3223 680 munus
3252 627 3575 696 susciperet,
3616 629 3803 683 edidit.

2230 713 2308 767 Ex
2339 716 2592 771 omnibus
2641 731 2765 784 qua:
2815 717 3078 771 habemus
3108 716 3353 789 Herigeri
3398 718 3697 788 opusculis,
3753 720 3804 775 ni

2229 805 2410 871 fallor,
2439 807 2675 876 primum
2696 815 2780 862 est
2804 807 3161 877 compositum
3189 824 3205 873 ;
3242 822 3362 862 nam
3406 808 3458 862 in
3484 808 3666 863 Gestis
3696 810 3804 879 epi-

2235 910 2524 964 scoporum
2555 911 2747 952 versus
2774 897 3038 965 quosdam
3065 912 3130 952 ex
3168 897 3260 953 illo
3304 899 3666 967 transcripsit.
3692 898 3802 967 Ipse

2231 991 2377 1045 enim
2410 1001 2602 1045 auctor
2644 998 2728 1046 est
2756 991 3068 1045 metricauus
3115 990 3205 1046 ille
3240 1006 3402 1061 quem
3451 991 3519 1047 de
3573 991 3635 1046 S.
3684 991 3799 1046 Ser-

2220 1082 2378 1162 ‘vatio
2413 1098 2605 1138 versus
2635 1081 2780 1137 haud
2812 1083 3136 1153 incongruos
3165 1081 3356 1138 fecisse
3390 1083 3520 1138 dicit
3541 1083 3679 1154 (89).

2302 1170 2407 1226 Sed
2436 1171 2754 1240 Herigerum
2779 1186 2883 1226 non
2911 1172 3071 1227 modo
3103 1172 3265 1227 rebus
3304 1172 3472 1243 gestis
3517 1171 3809 1227 narrandis

2231 1277 2453 1333 operam
2478 1277 2722 1327 navasse,
2753 1264 2848 1318 sed
2876 1277 3129 1332 magnam
3173 1272 3326 1318 Suam
3360 1263 3727 1318 eruditionem
3754 1262 3808 1318 in

2233 1351 2584 1407 illustrandas
2638 1351 2773 1407 alias
2824 1353 3150 1421 qua-stiones
3208 1353 3520 1419 contulisse,
3579 1352 3811 1423 catalogi

2232 1441 2495 1517 librorum
2526 1441 2644 1509 ejus
2664 1443 2955 1497 ostendunt
2981 1454 3036 1496 et
3058 1451 3223 1497 testes
3252 1444 3628 1511 comprobant.
3668 1441 3813 1497 Inter

2233 1544 2369 1599 quos
2406 1546 2539 1586 sane
2567 1531 2803 1601 primum
2842 1532 3050 1586 obtinet
3098 1530 3274 1587 locum
3324 1532 3537 1587 libellus
3584 1531 3678 1586 ille
3720 1530 3810 1600 qui

2235 1620 2547 1676 inscribitur
2595 1620 2835 1692 Epistola
2868 1621 3111 1692 llerigeri
3163 1623 3366 1678 abbatis
3422 1623 3490 1677 ad
3532 1621 3811 1692 quemdam

538 1717 643 1770 bus
666 1717 829 1781 misit,
860 1725 981 1769 ante
1014 1714 1214 1785 aliquot
1241 1729 1409 1768 annos
1428 1712 1662 1783 passioni
1686 1728 1797 1767 suae
1839 1712 1938 1766 hoc
1983 1712 2127 1782 fecit,
2157 1700 2205 1760 B
2237 1710 2509 1782 Hugonem
2560 1715 2874 1768 monachum
2924 1713 3057 1785 (90).
3112 1714 3285 1781 Quam
3333 1723 3456 1785 post
3500 1729 3556 1768 a.
3612 1712 3721 1768 990
3757 1722 3811 1767 et

548 1817 917 1878 computantur
972 1807 1099 1860 anni
1144 1804 1250 1859 263
1299 1820 1464 1875 usque
1514 1803 1584 1858 ad
1638 1820 1837 1858 annum
1889 1802 1960 1857 25
1991 1802 2131 1859 Con-

546 1900 790 1964 stantini,
829 1897 1040 1969 quando
1064 1896 1190 1950 obiit
1235 1903 1448 1949 sanctus
1485 1892 1765 1964 Sylvester,
1799 1893 1950 1964 cujus
1969 1895 2129 1965 jussu

548 1988 766 2043 Arelato
810 1988 955 2058 facta
1015 1995 1091 2063 est
1142 1986 1397 2063 synodus,
1461 1986 1551 2039 ubi
1599 1984 1790 2055 legitur
1831 1985 2131 2056 interfuisse

547 2088 758 2155 sanctus
788 2060 1082 2145 Maternus,
1100 2062 1400 2149 Agrippinae
1421 2076 1713 2145 episcopus,
1739 2092 1858 2130 cum
1885 2075 2130 2132 Maurino

550 2170 926 2241 archidiacono
947 2185 1066 2234 suo,
1096 2170 1188 2223 ubi
1221 2179 1268 2224 et
1294 2167 1466 2238 adfuit
1497 2178 1709 2222 sanctus
1733 2168 1974 2239 Agricius
2009 2167 2133 2222 Tre-

550 2248 789 2315 verorum
815 2260 1108 2332 episcopus.

616 2352 690 2407 At
711 2366 819 2407 non
848 2352 901 2407 in
933 2352 1097 2407 rebus
1138 2358 1346 2406 tantum
1371 2349 1538 2422 gestis
1561 2349 1738 2415 haesit,
1775 2349 1870 2406 sed
1897 2349 2130 2407 indolem

550 2458 737 2500 earum
759 2454 816 2500 et
843 2452 1093 2499 naturam
1136 2442 1445 2513 perspicere
1494 2450 1740 2506 conatus,
1773 2441 2021 2496 altiorem
2069 2457 2132 2498 se

548 2549 736 2605 gerere
764 2535 1015 2606 spiritum
1047 2542 1339 2609 gustuque,
1374 2533 1610 2604 quodam
1642 2532 2021 2602 philosophice
2073 2547 2133 2589 se

550 2628 816 2695 imbutum
845 2641 966 2682 esse
990 2627 1043 2681 in
1088 2626 1232 2681 libro
1257 2639 1356 2680 suo
1402 2623 1621 2694 probat.
1655 2623 1790 2678 Nam
1821 2624 1890 2679 de
1931 2624 2135 2679 mundo

550 2702 658 2773 non
688 2725 917 2792 aeterno,
940 2717 1020 2792 ab
1041 2724 1248 2772 aeterno
1270 2715 1382 2770 Deo
1402 2723 1612 2781 creato,
1654 2713 1721 2769 de
1757 2713 1931 2771 libero
1960 2715 2133 2768 homi-

551 2808 637 2862 nis
684 2807 918 2862 arbitrio
981 2822 1103 2861 cum
1166 2805 1507 2875 providentia
1556 2804 1740 2859 divina
1792 2804 2132 2881 conciliando

548 2900 880 2969 qumstiones
910 2898 1149 2953 enodare
1194 2903 1423 2952 conatus
1453 2906 1535 2951 est
1563 2895 1696 2966 (ετ).
1738 2895 1968 2967 Alioque
2013 2894 2132 2951 loco

550 2986 680 3057 quid
704 2986 922 3041 intersit
945 2985 1089 3040 inter
1108 2985 1493 3054 antiquitatem
1536 2994 1592 3039 et
1639 2978 1949 3041 recentiora
1991 2994 2131 3039 tem-

550 3091 690 3146 pora
743 3074 1121 3145 explicandum
1189 3074 1292 3129 sibi
1344 3074 1623 3144 suscepit,
1678 3073 1753 3130 ita
1800 3083 1860 3129 ut
1908 3076 2134 3147 exliac

554 3170 675 3238 ipsa
736 3184 798 3223 re
858 3168 1106 3223 historiae
1172 3166 1477 3222 scribenda:
1542 3166 1923 3223 necessitatem
1986 3167 2133 3224 deri-

553 3268 643 3315 vet
659 3259 789 3332 (88).

626 3350 746 3406 1am
774 3351 841 3404 ad
866 3347 1109 3405 Anselmi
1150 3347 1350 3403 librum
1378 3346 1690 3413 transirem,
1731 3346 1838 3402 nisi
1871 3360 2044 3417 pauca
2071 3348 2136 3403 de

555 3441 782 3513 reliquis
808 3440 1053 3510 Iierigeri
1078 3438 1355 3509 opusculis
1381 3438 1631 3493 addenda
1671 3452 1791 3493 esse
1812 3437 2134 3504 arbitrarer,

558 3546 629 3588 re
656 3531 786 3603 quid
825 3538 932 3584 tam
953 3529 1165 3585 erudito
1192 3528 1308 3583 viro
1331 3528 1635 3583 detraxisse
1661 3526 1868 3588 videar.
1892 3525 2139 3582 Vidimus

552 3620 670 3691 jam
701 3634 867 3692 supra
888 3618 1054 3676 Gesta
1073 3618 1452 3689 episcoporum
1494 3632 1619 3672 eum
1650 3631 1757 3673 non
1787 3625 1984 3689 posta.
2014 3615 2136 3683 979,

1001 3843 1105 3919 Qui
1150 3857 1371 3919 quorum
1396 3840 1476 3895 vel
1515 3842 1888 3919 imperatorum
1919 3838 1993 3919 rel
2016 3855 2139 3919 con-

554 3911 736 3972 suluni
788 3914 1070 3969 clarueriut
1124 3911 1539 3982 temporibus-3
1570 3928 1723 3982 nec‘a
1756 3912 1904 3964 nobis
1932 3911 2138 3982 lectoris

556 3986 784 4055 alicujus
815 3986 1050 4055 requirat
1063 4053 1068 4055 _
1101 3979 1323 4055 exactio.
1351 3981 1412 4055 _l.‘
1433 3980 1545 4055 96;
1572 3979 1965 4055 _lncertum_est,
1999 3980 2139 4055 sicut

554 4067 601 4110 et
652 4048 716 4109 de
763 4048 946 4107 mullis
984 4051 1227 4105 aliarum
1262 4050 1455 4120 legitur
1483 4050 1751 4120 civitatum
1776 4048 2036 4120 episcopis
2068 4077 2142 4120 _-—

555 4134 757 4195 quanta
814 4122 1196 4195 intercapedine
1243 4117 1460 4173 ecclesia
1492 4118 1811 4195 Tungrensis
1849 4117 2143 4195 fueritrsiue

557 4187 822 4266 pontiﬁce.
852 4192 892 4255 l,‘
923 4188 994 4244 45
1016 4187 1445 4266 ncompertum
1467 4197 1541 4265 est
1570 4187 1759 4266 deinde
1782 4197 1981 4266 quanta
2009 4194 2140 4266 tem-

556 4255 717 4333 poris
737 4260 1122 4329 intercapedine
1167 4255 1309 4330 plebs
1362 4255 1976 4325 Trajecteusium'fuerit
2030 4257 2143 4309 sine

595 4342 785 4395 astore,
824 4340 932 4384 etc.

557 4349 785 4401 pastore,
824 4349 932 4384 etc.

638 4401 750 4472 (8,6)
789 4399 1036 4472 hlartene
1063 4406 1117 4454 et
1142 4398 1363 4454 Durand
1390 4396 1549 4452 Thes.
1591 4395 1840 4450 ancedot.
1871 4393 1910 4461 l,
1948 4393 2067 4448 M7.

655 4467 746 4538 87)
788 4468 913 4534 1,2,
943 4467 1032 4523 to.

655 4540 746 4610 88)
785 4539 827 4610 ἓν
860 4539 910 4610 1-.

592 4622 595 4625 ‘
631 4600 750 4693 (89')
788 4600 1163 4693 κει-,γυνη
1191 4606 1249 4662 ε·
1297 4602 1979 4693 Urinariteeemaeb'ici
2002 4600 2147 4693 ista:

557 4674 690 4736 iecit
732 4674 859 4734 cum
899 4676 1042 4732 aliis
1086 4677 1451 4731 monumentis
1499 4674 1855 4730 Lobiensibus‘
1903 4688 1952 4727 a.
2002 4674 2150 4728 l628~

558 4749 809 4821 Egidius
863 4746 1094 4803 Waulde
1125 4747 1626 4821 ;_librum‘ip_sum
1677 4758 1782 4798 non
1830 4740 1959 4821 vidi.
2010 4743 2142 4821 tiar-

557 4813 1140 4889 mihis‘fragmentum,
1163 4816 1217 4888 in
1256 4830 1364 4938 gito
1386 4813 1602 4870 eosdem
1632 4828 1825 4867 versus
1843 4813 2142 4888 deprehen-

561 4890 742 4938 dimus
775 4894 867 4938 ani
902 4888 1153 4938 leguntur
1178 4886 1223 4938 1.
1306 4887 1356 4938 1.
1384 4900 1450 4937 ex
1498 4882 1682 4938 codice
1710 4883 1767 4936 S.
1809 4881 1981 4937 Ἣιυιιί
2022 4879 2139 4935 Vir.

561 4890 742 4944 dimus
775 4884 867 4957 qui
901 4888 1155 4958 leguntur
1178 4884 1223 4958 1,

560 4949 817 5013 duncnsis
840 4949 1007 5012 edidit
1055 4954 1313 5009 Mabillon
1344 4949 1488 5007 ‘Act.
1533 4953 1632 5006 SS.
1667 4967 1792 5004 Stltt‘.
1825 4967 1906 5010 ιιι.
1931 4949 1965 5002 2
1997 4965 2011 5015 ;
2054 4950 2139 5004 cui

560 5028 679 5082 haec
706 5028 964 5096 inscripta
992 5024 1324 5096 esseﬂverba
1360 5030 1587 5096 testatur
1611 5036 1666 5096 p.
1696 5020 1831 5096 55]:
1887 5019 1952 5096 lu
1984 5019 2153 5088 Chri—'

558 5098 628 5151 sti
654 5100 859 5150 nomine
878 5090 1069 5162 incipit
1104 5092 1258 5162 Vitam
1276 5090 1334 5146 S.
1380 5090 1621 5162 Ursmari
1648 5090 1960 5162 confessoris
1984 5100 2139 5159 atque

560 5166 845 5252 pontificis,
870 5159 1181 5252 venerabilis
1209 5159 1419 5214 Herieri
1444 5159 2156 5252 a‘bbaﬁisindust-ria.

1454 5231 1519 5252 ξι-
1574 5228 1698 5252 οη...
1734 5228 1890 5252 ..λ-Λ...
1926 5241 2018 5252 ..ηπ

2158 3033 2206 3093 ο

1306 4887 1356 4951 1,
1384 4900 1450 4937 Px
1498 4882 1682 4938 codice
1710 4883 1767 4936 S.
1809 4879 1981 4951 Vitelli
2022 4879 2155 4951 Viri"

2234 1812 2362 1859 ante
2388 1818 2440 1859 a.
2469 1803 2571 1860 999
2595 1807 2961 1875 conscriptam
3001 1821 3142 1872 esse,
3180 1808 3394 1863 abbatis
3420 1821 3619 1863 nomen
3652 1805 3812 1861 lleri-

2233 1912 2362 1967 gero
2383 1898 2566 1952 datum
2619 1907 2674 1953 et
2725 1898 2910 1957 domui
2959 1900 3207 1957 Gerberti
3245 1902 3449 1957 mentio
3497 1900 3644 1957 facta
3675 1900 3811 1971 (9i),

2233 1986 2428 2045 autumi
2459 1987 2733 2058 pontificis
2777 1990 2998 2058 nomine
3023 2006 3337 2061 suppresso,
3393 1990 3525 2046 mihi
3579 2005 3811 2060 persua-

2234 2078 2380 2135 dent.
2403 2076 2471 2130 Et
2495 2076 2606 2144 jam
2638 2079 2965 2147 provectiori
2993 2089 3157 2136 aetate
3178 2080 3496 2151 llerigerum
3535 2079 3628 2135 illo
3671 2088 3811 2136 tem-

2233 2183 2363 2239 pore
2390 2168 2557 2224 fuisse
2588 2169 2703 2226 haec
2751 2186 2871 2240 qua:
2906 2170 3104 2231 ibidem
3154 2180 3450 2227 occurrunt
3489 2171 3657 2226 verba
3712 2172 3812 2225 do-

2234 2268 2356 2316 cent
2386 2279 2401 2314 :
2446 2261 2597 2329 Πανί,
2642 2262 2810 2331 frater
2833 2261 3187 2327 dilectissime,
3233 2262 3537 2316 summatim
3568 2261 3815 2315 breriter-

2233 2368 2353 2422 que,
2379 2351 2505 2421 quia
2534 2368 2626 2421 per
2671 2353 3053 2423 mentetipsum,
3079 2352 3384 2420 inﬁrmitate
3435 2350 3800 2422 interpellante

2233 2451 2282 2496 et
2314 2441 2586 2497 oculorum
2630 2444 2743 2498 acie
2764 2443 2880 2514 jam
2909 2443 3200 2513 caligante,
3254 2444 3477 2497 scribere
3521 2460 3625 2498 non
3645 2442 3809 2513 potui.

2235 2530 2599 2601 Proposuerat
2628 2532 2773 2587 enim
2819 2532 2974 2602 Hngo
3024 2531 3115 2587 ille
3161 2532 3426 2603 quasdam
3475 2532 3544 2588 de
3596 2530 3805 2587 calculo

2236 2623 2619 2694 chronologico
2639 2624 2988 2694 quaestiones,
3017 2638 3233 2694 quaque
3262 2624 3471 2683 ratione
3489 2640 3612 2679 cum
3634 2623 3809 2678 Evan-

2235 2714 2359 2785 gelii
2379 2714 2605 2769 veritate
2637 2715 2876 2787 Dionysii
2904 2715 3243 2771 concilianda
3263 2716 3333 2771 sit
3364 2715 3665 2771 auctoritas
3680 2714 3810 2783 (92).

2236 2804 2445 2872 Quibus
2467 2806 2765 2861 enodandis
2799 2806 3086 2877 benignam
3115 2805 3434 2875 eruditionis
3476 2805 3814 2876 proferenda:

2235 2895 2575 2949 occasionem
2604 2903 2795 2950 nactus
2847 2894 3160 2967 llerigerus,
3197 2894 3328 2951 illud
3372 2896 3519 2966 quod
3567 2896 3635 2951 de
3667 2895 3806 2950 sein

2236 2980 2415 3037 Geslis
2461 2976 2837 3053 episcoporum
2894 2982 3023 3038 fecit
3062 2982 3325 3053 judicium
3372 2974 3505 3039 satis
3545 2985 3812 3056 probavit.

2236 3071 2371 3126 Nam
2418 3071 2735 3137 Eusebium,
2798 3071 3184 3144 llieronymum
3243 3073 3376 3146 (95),
3423 3073 3809 3145 Augustinum,

2236 3161 2598 3233 Fulgentium,
2629 3162 2851 3230 Bedam,
2898 3178 3036 3234 quos
3084 3163 3222 3235 ipsis
3249 3163 3563 3220 nominibus
3610 3164 3814 3229 laudat,

2236 3252 2559 3311 eruditionis
2613 3267 2726 3308 sua:
2773 3260 2941 3307 testes
2979 3252 3128 3308 fecit.
3161 3253 3219 3308 ln
3267 3252 3417 3310 calce
3444 3253 3661 3309 demum
3702 3254 3817 3324 epi-

2239 3342 2391 3398 stolae
2432 3344 2791 3413 quaestionum
2818 3344 2886 3397 ab
2935 3342 3161 3413 Hugone
3211 3344 3616 3414 propositarum
3664 3349 3816 3415 quasi

2240 3432 2738 3488 remunerationem
2785 3444 2991 3504 septem
3036 3434 3448 3506 chronologicas
3490 3436 3818 3506 quaestiones

2243 3522 2315 3579 illi
2349 3524 2634 3591 solvendas
2662 3525 2860 3590 reddit,
2890 3541 3011 3597 qua:
3039 3540 3167 3580 num
3197 3524 3266 3581 ab
3299 3526 3394 3581 illo
3416 3527 3681 3597 expedita:
3709 3510 3816 3582 sint

2240 3617 2395 3673 valde
2417 3615 2627 3672 dubito.
2658 3614 2896 3672 Tertiam
2927 3615 3279 3688 quaestionem
3330 3628 3491 3689 snpra
3533 3617 3818 3674 attulimus

2242 3772 2433 3827 tionem
2471 3772 2739 3844 mundjet
2785 3771 2999 3844 Adami,
3063 3772 3223 3843 hujus
3271 3774 3476 3843 lapsum
3522 3775 3814 3844 reparatio-

2243 3858 2459 3913 nemque
2485 3858 2577 3913 per
2608 3840 2803 3913 Christi
2836 3840 3183 3913 adventum'et
3209 3840 3529 3913 triumphum
3558 3840 3612 3898 in
3639 3845 3812 3913 cruce.

2240 3910 2442 3983 Deinde
2485 3910 2816 3983 progreditur
2855 3913 2924 3964 ad
2951 3910 3312 3983 Evangelium'
3347 3910 3440 3981 per
3477 3912 3739 3981 apostolos
3766 3921 3815 3968 et

2243 3982 2379 4053 riros
2411 3982 2722 4053 apostolicos
2750 3982 3121 4053 annuntiatum
3165 3984 3277 4036 orbi
3304 3983 3546 4036 universo
3573 3999 3636 4036 ac
3655 3984 3814 4053 potis-

2242 4051 2430 4102 simum
2453 4050 2632 4120 vicinis
2658 4051 2970 4120 regionibus.
3222 4118 3239 4120 ξ
3336 4088 3339 4089 ν

2314 4120 2429 4191 (90)
2479 4118 2727 4191 Martene
2768 4119 2930 4173 Thes.
2982 4123 3171 4191 anecd.
3218 4118 3440 4191 ltili.
3485 4119 3656 4187 Quem
3710 4120 3818 4191 llu-

2244 4189 2437 4258 gonem
2479 4189 2725 4245 eumdem
2759 4202 2883 4244 esse
2913 4190 3081 4244 voluit
3129 4189 3379 4245 Mabillon
3421 4191 3564 4244 Ann.
3602 4192 3722 4245 ord.
3754 4189 3812 4245 Β.

2244 4257 2333 4325 lV,
2358 4258 2482 4324 517,
2507 4273 2663 4328 quem
2698 4275 2748 4313 a.
2778 4259 2921 4314 1055
2943 4259 3388 4331 apndLobienses
3408 4259 3813 4331 lierigeri_suc-

2247 4327 2531 4383 eessorem'
2567 4337 2806 4383 creatum
2855 4327 2993 4384 esse'
3025 4330 3246 4384 scimus.
3297 4331 3440 4383 Ann.
3495 4327 3626 4383 Lob.
3670 4329 3811 4385 Men.

2167 4368 2220 4427 Ῑ)
2249 4368 2470 4462 δδῗῖν,
2502 4368 2593 4451 ιθῖ
2616 4368 2788 4453 ιιιιὶιὲ
2808 4368 3367 4455 ιίιῖἕῦἷιιιῖἷὶὶὶὶῧόἑεὲ
3388 4368 3813 4467 ’ςὶιίιῖέἔὸἀῖἑὲἓ

2247 4467 2300 4521 in
2330 4469 2659 4521 monasterio
2682 4470 2739 4521 S.
2775 4468 3048 4523 Laniherti
3084 4469 3331 4524 Ltetiensi
3357 4477 3628 4523 servatum
3653 4469 3816 4522 fuisse

2245 4537 2376 4609 dicit
2407 4539 2681 4609 Sanderus
2710 4537 2762 4609 in
2798 4538 3120 4609 bibliotheca
3174 4538 3320 4609 Belg.
3369 4538 3722 4609 iuanuseript.
3752 4540 3813 4602 Ii.

2242 4605 2314 4659 24
2348 4625 2361 4670 ;
2395 4617 2541 4661 recte
2570 4608 2687 4660 sine
2724 4606 2886 4661 dubio
2934 4608 3185 4662 viderunt
3238 4605 3487 4662 auctores
3520 4605 3661 4661 Hist;
3712 4608 3813 4661 litt.

2242 4674 2438 4731 Franc.
2472 4674 2582 4740 VII,
2604 4675 2942 4746 207.7Codes
2990 4677 3280 4746 inscriptus
3305 4685 3456 4730 erat:
3491 4676 3814 4746 Epistolaris

2244 4746 2509 4814 responsio
2538 4748 2603 4799 de
2635 4745 2779 4815 cyclo
2820 4744 3057 4815 paschali
3093 4756 3140 4800 et
3158 4744 3416 4814 ejusmodi
3455 4744 3641 4799 contra
3684 4744 3814 4800 Dico

2242 4816 2443 4883 nysium
2472 4816 2731 4870 abbatem.

2313 4885 2423 4951 (9|)
2468 4886 2703 4939 Martene
2729 4883 2890 4939 Thes.
2915 4883 2960 4950 I,
2984 4885 3106 4939 H7.

2314 4951 2725 5075 {792)lilartene
2758 4962 2813 5007 et
2865 4954 3082 5009 Dnrand
3140 4953 3402 5007 Thesaur.
3457 4952 3712 5007 anecdot.
3765 4954 3813 5019 1,

2374 5039 2388 5075 :
2429 5022 2670 5075 llueonis
2704 5037 2913 5075 aneane
2954 5023 3162 5075 litteras
3209 5022 3501 5075 se'leaisse
3537 5032 3811 5075 testantur

2243 5021 2273 5075 Ι
2283 5021 2388 5089 17;
2429 5022 2670 5092 llugonis
2704 5037 2913 5091 quoque
2954 5023 3162 5077 litteras
3209 5022 3501 5092 se'legisse
3530 5032 3811 5092 testantur

2282 5090 2840 5161 naruminitinm'hoc
2869 5101 2995 5146 est:
3042 5093 3243 5145 Damno
3291 5090 3466 5145 manu
3516 5090 3591 5161 ll.
3640 5093 3813 5161 frater

2241 5100 2467 5212 quarum
2499 5100 2708 5144 initium
2739 5100 2840 5146 hoc
2869 5101 2995 5146 est:
3042 5100 3243 5145 Damno
3291 5100 3465 5145 (iubati
3517 5100 3591 5145 Il.
3640 5100 3813 5161 frater

2248 5160 2430 5252 11⁸,ίῖῐέ
2453 5158 2619 5252 9Ψῖῗῖ
2632 5160 2869 5252 ,Βέῖίίίέιέξ
2910 5160 3813 5252 Ἦῆἲνδὲξεὶξῗ--εξηέἒῗίὶἱδῇίΞῩ
