4094 5252
219 133 358 204 ’ωδ
722 128 753 144 ”

1759 142 2100 201 ἊΟΝΙΊἪΜ.

3384 110 3490 206 oss

255 253 506 309 librarius
551 265 642 320 qui
667 266 852 308 verum
884 237 1121 309 auctoris
1156 267 1350 309 nomen
1385 253 1678 323 ignoraret,
1712 251 1811 307 t‘al-
1843 231 2058 317 A'ctcre
2109 259 2401 312 studuimus
2446 271 2562 328 qui:
2610 258 2674 313 de
2725 258 3096 324 posterioribus
3142 259 3489 328 sparsimaut

258 362 376 401 sum
405 346 620 412 ingenio
649 345 866 413 proprio
897 345 1180 413 indulgens
1211 347 1260 403 in
1295 354 1499 399 textum
1530 345 1815 412 receperit.

222 439 366 493 "lloc
409 453 517 491 uno
557 445 876 506 argumento
926 448 1133 490 remota
1175 445 1316 490 esset
1366 435 1673 500 tliﬂieultas,
1718 435 1818 489 nisi

255 531 359 583 alio
409 515 642 596 quodam
667 527 785 580 loco
821 527 1001 596 augeri
1030 537 1082 581 et
1125 525 1278 594 quasi
1317 526 1693 580 recrudesccrc
1735 540 1818 574 VI-

225 639 232 644 ·
255 622 487 675 deretur.

325 711 635 766 Certissima
670 710 812 762 enim
854 710 902 761 in
931 709 1067 762 libro
1100 711 1216 777 ipso
1245 710 1469 776 vestigia
1517 708 1820 776 deprehen-

253 803 451 857 (luitur
479 803 613 855 duos
637 810 760 868 post
791 798 1106 869 ile'rigcrum
1138 803 1204 854 de
1244 808 1409 868 gestis
1438 803 1818 869 episcOporum

253 892 628 945 Leodiezvsinin
679 890 844 943 libros
889 877 1119 959 scriptos
1175 906 1312 952 esse,
1371 907 1596 959 quorum
1656 906 1817 942 unum

251 981 528 1040 Auselmo,
567 979 794 1031 alterum
841 979 1148 1032 Alexandro
1180 983 1418 1033 lrihucrc
1465 982 1596 1033 viris
1645 977 1820 1032 doctis

255 1072 457 1140 placuit
490 1071 660 1138 (li-5).
701 1069 788 1120 Ille
819 1069 959 1119 enim
1003 1071 1065 1121 Α.
1117 1073 1420 1138 presbyter,
1451 1085 1609 1137 quem
1658 1085 1817 1137 supra

253 1158 558 1212 audivimus
623 1156 972 1209 conﬁtentem
1035 1157 1258 1210 alteram
1320 1168 1522 1226 partem
1578 1158 1695 1211 lilri
1754 1174 1818 1210 ex

252 1249 546 1304 Alexandri
577 1251 837 1317 opusculo
867 1264 925 1302 se
959 1250 1218 1313 hausisse,
1269 1250 1320 1301 in
1352 1249 1573 1323 epistola
1606 1250 1670 1302 ad
1707 1251 1814 1304 An-

251 1355 448 1394 nonem
481 1339 700 1392 tlisertis
726 1340 902 1393 verbis
929 1341 1041 1392 ἰδίης
1075 1350 1342 1393 testatur:
1383 1339 1582 1392 "orum
1614 1341 1816 1410 quidem

227 1445 379 1500 ~pars
428 1431 574 1496 prior
617 1430 687 1480 ali
749 1428 999 1498 Ilcrigero
1053 1428 1316 1490 Lubicnsis
1368 1431 1582 1482 (mnobii
1639 1421 1820 1482 abbate

229 1520 447 1586 “absque
504 1517 746 1585 capitulis
796 1527 868 1569 est
927 1520 1251 1582 conscripta,
1313 1519 1414 1568 cui
1447 1533 1537 1569 nos
1589 1519 1816 1584 capitula

1905 337 2136 414 legimus
2164 358 2252 400 aut
2288 358 2426 400 certa
2464 349 2796 416 antiquorum
2831 347 3083 402 relatione
3121 346 3400 402 didicimus
3439 358 3490 403 et

1920 436 2174 489 breviario
2229 437 2451 504 quartum
2503 438 2712 490 nomina
2761 429 3086 507 singulorum
3145 453 3264 490 cum
3307 439 3529 504 paucis-

1917 530 2258 598 quorumdum
2289 531 2516 593 ipsorum
2546 528 2716 581 Cesti:
2753 544 2911 597 usque
2935 529 3000 580 ad
3026 529 3276 580 damnum
3299 525 3494 580 Wazo-

1909 626 2034 667 'nem
2063 618 2476 682 perstrinximus.
2520 616 2703 684 Itaque
2747 634 2847 670 una
2887 617 3147 685 particula
3177 615 3264 669 illa
3297 615 3493 683 episto-

1922 705 1982 756 l.e
2019 707 2084 756 ad
2131 704 2272 757 ltlant
2324 705 2649 760 abbatiSsatn
2706 723 2769 762 ex
2823 707 2991 773 ipsius
3027 705 3314 759 Alexandri
3355 704 3492 758 libro

1926 809 2220 864 temporum
2255 797 2524 863 iniquitati
2563 807 2745 864 erepta
2775 798 2942 851 videri
2990 798 3180 866 possit,
3227 795 3490 864 reliquum

1921 879 2054 952 Opus
2098 886 2436 954 compilator,
2482 887 2786 954 quicunque
2827 895 2910 941 est
2958 887 3067 948 ille,
3101 888 3192 952 A.,
3239 886 3292 939 in
3337 901 3492 939 usum

1923 991 2074 1027 suum
2109 977 2289 1028 vertit.
2320 977 2558 1028 Alteram
2609 977 2749 1052 enim
2784 977 2903 1029 libri
2933 988 3164 1050 partem,
3213 991 3316 1042 qua
3350 977 3494 1044 prio-

1926 1083 2038 1117 rum
2084 1067 2149 1118 ’Ξῖ
2203 1069 2572 1135 episcoliorum
2621 1067 2783 1121 Gesta
2833 1068 3128 1136 secundum
3173 1068 3492 1137 llerigerum

1921 1155 2115 1209 litteris
2155 1158 2455 1210 Alexander
2484 1172 2695 1226 quoque
2729 1159 3098 1222 mandaverat,
3146 1172 3203 1211 se
3239 1158 3497 1212 recidisse

1921 1248 2238 1316 cotnpilator
2283 1248 2364 1301 his
2408 1248 2586 1301 verbis
2635 1257 2860 1301 testatus
2900 1259 3026 1299 est:
3066 1247 3194 1311 Quir
3245 1264 3362 1320 cum
3420 1249 3494 1299 ita

1922 1338 2064 1414 sint,
2116 1356 2208 1391 nos
2259 1356 2460 1409 quoque
2502 1357 2602 1391 non
2633 1340 3047 1392 inconrenienter
3093 1339 3323 1406 ejusdem
3368 1355 3496 1407 opu-

1916 1429 2050 1483 'sculi
2090 1434 2255 1499 capite
2291 1432 2519 1497 subluto,
2560 1445 2614 1486 ut
2660 1434 2915 1501 inoffenso
2949 1433 3076 1500 pede
3101 1449 3304 1486 servare
3330 1435 3498 1502 possi-

1925 1539 2036 1573 mus
2083 1523 2316 1575 ordinent
2365 1520 2637 1576 Gestorum
2679 1524 3082 1592 pontiﬁcii/iuni,
3127 1541 3157 1576 a
3203 1540 3498 1578 successore

233 1617 625 1676 .pm'nottmtes,
651 1617 879 1658 nostram
903 1623 1016 1658 cum
1041 1607 1282 1673 capitulis
1303 1607 1411 1658 suis
1434 1606 1818 1659 elucubratiun-
1851 1595 1897 1654 Β
1925 1604 2088 1665 suum
2140 1613 2390 1676 Remuli,
2439 1616 2584 1669 beato
2645 1617 2875 1667 videlicet
2927 1614 3260 1680 Tlteodardo,
3309 1631 3497 1667 novum

253 1700 424 1750 culum
461 1710 706 1767 cooptare
743 1700 1056 1751 studuimus.
1089 1696 1156 1749 Et
1183 1709 1298 1751 cum
1341 1697 1433 1751 illa
1459 1700 1694 1768 superior
1716 1697 1821 1751 Cc;-

253 1801 331 1843 ειη
362 1794 660 1844 earumdem
687 1787 983 1859 ponti/frum
1014 1794 1225 1861 aprim'o
1249 1809 1408 1860 usque
1431 1793 1498 1846 ad
1526 1793 1819 1846 vicesimum

243 1885 549 1947 septimum,
591 1883 784 1935 scilicet
822 1900 853 1935 a
899 1899 1077 1935 sancto
1125 1884 1360 1936 Materno
1403 1900 1560 1951 usque
1600 1885 1664 1934 ad
1707 1897 1822 1936 san-

251 1983 392 2024 ctum
449 1970 751 2024 lieniaclum
776 1985 800 2035 ,'
837 1974 1164 2042 digesserit,
1201 1991 1292 2026 nos
1343 1976 1545 2043 quoque
1586 1985 1820 2027 nostrum

254 2078 404 2128 opus,
445 2063 584 2131 quod
623 2059 834 2130 precatu
879 2061 1085 2118 domine
1126 2063 1238 2118 Ida:
1281 2054 1558 2119 abbatissae
1596 2067 1820 2118 conscri-

252 2169 547 2220 pscramns,
585 2153 973 2221 .dccapitm‘ites,
1021 2171 1082 2208 ne
1125 2156 1310 2209 eadem
1345 2157 1640 2226 replicando
1668 2157 1820 2222 fasti-

251 2245 400 2296 dium
427 2244 614 2312 legenti
636 2243 945 2312 faceremus,
984 2262 1015 2296 a
1043 2245 1187 2298 beato
1216 2246 1519 2300 Tlieodardo
1542 2246 1822 2312 incepimus

252 2345 299 2388 et
330 2335 566 2387 ordinem
589 2335 942 2403 episcoporum
967 2347 1127 2405 usque
1157 2337 1224 2389 ad
1245 2339 1490 2390 domuum
1515 2335 1819 2398 Wazoncm,

251 2442 404 2494 quem
449 2427 932 2496 quinquagesimum
978 2429 1260 2481 secundum
1297 2445 1406 2482 esse
1441 2437 1662 2490 constat,
1701 2442 1856 2495 pro-'

249 2515 417 2568 secuti
459 2530 658 2577 sumus,
707 2514 838 2568 nihil
887 2527 1132 2583 ponentes
1164 2517 1262 2570 nisi
1305 2517 1442 2586 quod
1473 2526 1561 2568 aut
1605 2515 1822 2584 legimus

252 2615 346 2659 aut
394 2623 536 2658 certa
571 2606 804 2673 ﬁdelium
848 2615 1186 2676 personarum
1229 2607 1475 2660 relatione
1518 2607 1820 2670 didicimus,

242 2707 344 2750 aut
367 2707 507 2751 certe
535 2699 632 2766 ipsi
659 2712 932 2766 praesentes
961 2701 1180 2754 uidimus
1207 2711 1252 2753 et
1293 2701 1608 2754 audivimus.
1641 2700 1824 2768 Itaque

253 2789 370 2857 ipse
424 2791 636 2857 quoque
689 2791 751 2843 A.
795 2787 1072 2862 presbyter
1117 2792 1525 2860 antiquissimas
1565 2791 1825 2845 Leodieu-

243 2881 398 2935 sium
467 2893 556 2934 res
608 2880 968 2948 conscripsit,
1023 2881 1115 2935 sed
1178 2881 1230 2934 in
1288 2880 1528 2950 llerigeri
1585 2881 1816 2933 favorem

252 2970 493 3039 primam
526 2969 606 3021 sui
645 2968 765 3022 libri
806 2979 1013 3038 portent
1045 2971 1367 3038 suppressit.
1404 2970 1562 3026 Hisce
1612 2969 1819 3024 duobus

248 3057 618 3125 scriptor-ibus
652 3058 704 3110 in
739 3058 1052 3125 praefatione
1077 3058 1363 3113 Gestorum
1407 3059 1545 3113 libro
1583 3060 1821 3114 secundo

248 3150 501 3219 praeﬁxa,
528 3149 720 3204 tertius
748 3150 966 3218 quidam
1005 3151 1235 3215 accedit,
1259 3151 1304 3204 si
1337 3151 1577 3205 codicem
1606 3151 1819 3220 Hagen-

248 3255 367 3296 sein
414 3249 471 3294 et
519 3239 836 3294 Martcnium
879 3242 1170 3310 sequeris,
1212 3241 1534 3295 Alexander.
1587 3241 1666 3295 Ex
1717 3257 1818 3309 qua

245 3329 574 3410 praefatione
617 3329 735 3383 loco
789 3344 949 3398 supra
1002 3329 1215 3384 laudato
1255 3331 1368 3387 haec
1421 3331 1584 3386 verba
1625 3329 1823 3385 addere

243 3418 402 3485 juvat
427 3432 442 3470 :
473 3416 539 3470 Et
566 3421 790 3486 priorem
812 3420 1018 3488 quidem
1052 3421 1284 3491 ejusdem
1320 3421 1557 3488 apusculi
1595 3422 1676 3474 sui
1703 3436 1823 3489 par-

249 3519 353 3562 tem
385 3524 451 3561 ea:
473 3509 810 3576 prtesentibus
845 3509 912 3562 Ἦ
955 3510 1310 3580 episcoporum
1349 3509 1517 3567 Gestis
1550 3512 1608 3579 ti.
1637 3527 1685 3565 e.
1717 3511 1823 3565 He.-

248 3597 440 3666 tigcri,
504 3611 622 3662 qua:
684 3596 876 3650 ibidem
932 3599 1179 3665 superius
1237 3600 1485 3654 volumen
1534 3599 1820 3655 Gestorum

247 3687 613 3757 appellantur)
645 3703 700 3740 se
743 3688 1045 3756 campi/asse
1077 3705 1176 3742 non
1204 3699 1277 3744 est
1305 3695 1553 3756 confusus
1589 3689 1822 3757 conﬁteri

246 3779 392 3849 (scil.
443 3786 630 3831 auctor
660 3776 882 3831 alterius
922 3780 1184 3848 opusculi,
1227 3780 1261 3833 i.
1298 3794 1348 3833 e.
1393 3779 1720 3848 Alexander)
1749 3779 1824 3832 ita

243 3868 501 3922 dicendo.
562 3868 682 3924 Jam
747 3869 991 3938 sequitur
1055 3871 1390 3941 praefationis
1447 3872 1515 3931 ad
1577 3872 1825 3938 eamdem

241 3963 396 4017 Idam
450 3961 774 4016 abbatissam
824 3962 1082 4030 particula
1141 3963 1224 4016 his
1284 3964 1460 4018 verbis
1508 3963 1657 4035 (144)
1692 3981 1706 4016 :
1738 3963 1824 4018 Ea:

239 4052 563 4122 pontiﬁcum
601 4051 975 4122 Tungrensium
1011 4053 1206 4117 Gestis,
1245 4071 1361 4124 qua:
1407 4074 1438 4109 a
1476 4066 1655 4110 sancto
1699 4055 1824 4122 Illae

241 4154 396 4198 terno
439 4159 598 4212 usque
645 4143 712 4195 ad
762 4155 998 4197 sanctum
1056 4144 1360 4199 Remaclum
1403 4159 1525 4201 sunt
1565 4159 1822 4215 porrecta,

1922 1700 2277 1774 ingrediantur
2300 1707 2591 1757 exordium.
2629 1705 2703 1758 Ex
2734 1706 2926 1772 quibus
2967 1705 3071 1757 hoc
3097 1705 3312 1758 elucere
3351 1704 3496 1758 vide-

1922 1797 2028 1857 tur,
2063 1795 2471 1868 compilatorem
2513 1797 2770 1850 intactum
2805 1798 2959 1849 nobis
2991 1811 3238 1851 servasse
3266 1796 3499 1850 Alexan-

1923 1882 2000 1936 dri
2046 1885 2258 1946 librum,
2290 1869 2402 1938 uno
2433 1887 2656 1940 exordio
2701 1887 2766 1940 ad
2805 1887 2861 1938 S.
2894 1884 3270 1940 Theodardum
3326 1900 3498 1955 usque

1923 1969 2156 2037 Sublato,
2206 1976 2346 2043 quod
2395 1975 2448 2028 ni
2501 1975 2655 2030 fallor
2701 1975 3024 2029 conﬁrmant
3069 1990 3282 2045 quoque
3325 1963 3498 2029 verba

1923 2075 2086 2132 Supra
2133 2063 2387 2117 laudata:
2417 2081 2536 2134 qua:
2575 2075 2861 2135 sequuntur
2900 2082 2964 2119 ex
3002 2065 3218 2118 alterius
3262 2063 3499 2133 opusculi

1924 2151 2096 2205 libello
2119 2154 2325 2206 —-Iiuic
2351 2141 2494 2221 operi
2524 2164 2647 2230 sunt
2691 2171 2915 2208 annexa.
2951 2153 3057 2230 Sed
3093 2153 3146 2207 in
3181 2152 3496 2206 memoriam

1924 2256 2236 2298 revocetnus
2265 2245 2392 2314 quid
2434 2245 2500 2299 de
2531 2246 2646 2300 suis
2684 2233 3017 2315 temporibus
3054 2245 3228 2313 deque
3270 2257 3365 2297 Sua
3400 2257 3497 2295 au-

1923 2333 2172 2386 ctoritate
2205 2333 2256 2387 in
2281 2335 2505 2402 epistola
2537 2335 2603 2388 ad
2628 2335 2910 2390 Annonem
2939 2335 3004 2387 A.
3037 2334 3127 2388 ille
3155 2319 3380 2388 teStatus
3407 2333 3497 2386 sit.

1924 2421 2059 2489 Quae
2077 2438 2314 2492 praisens
2341 2425 2596 2490 audierit,
2631 2441 2750 2495 qua:
2776 2411 3015 2494 praesens
3038 2425 3237 2479 viderit
3271 2424 3502 2493 posteris

1923 2515 1990 2568 de
2034 2515 2273 2570 Wazone
2315 2514 2739 2570 tradidit/Num
2797 2515 3123 2570 credendum
3182 2514 3358 2592 virum
3407 2513 3500 2582 qui

1926 2605 2086 2660 rebus
2140 2606 2270 2675 ipsis
2327 2607 2577 2676 gerendis
2625 2606 2703 2660 vel
2741 2606 2918 2676 _testis
2958 2595 3222 2678 "oculatus
3271 2605 3352 2659 vel
3403 2604 3504 2658 mi-

1926 2697 2094 2750 nister
2154 2707 2209 2752 et
2275 2698 2488 2768 adjutor
2556 2698 2862 2752 interfuerit
2926 2699 3142 2752 easdem
3217 2714 3304 2752 res
3365 2697 3501 2751 scri—

1925 2787 2144 2842 bentem
2202 2787 2417 2866 defsuo
2475 2787 2632 2860 plane
2694 2789 2827 2844 nihil
2874 2790 3125 2854 dedisse,
3201 2789 3295 2844 sed
3365 2788 3504 2840 alios

1928 2867 2461 2947 cujusdam‘lihrum
2519 2877 2857 2934 ad'verbum
2914 2877 3309 2949 exscripsisse?
3365 2875 3504 2930 Num

1925 2975 2256 3030 credendum
2291 2991 2414 3030 eum
2448 2973 2592 3028 aliud
2629 2974 2952 3044 pollicitum,
2991 2973 3134 3027 aliud
3161 2987 3350 3041 revera
3381 2986 3506 3038 pro-

1921 3069 2227 3133 ferenlem,
2288 3067 2522 3137 turpiter
2575 3066 2858 3120 mentitum
2916 3065 3066 3128 esse?
3124 3063 3192 3117 Et
3250 3063 3377 3133 quid
3436 3061 3504 3115 de

1923 3157 2095 3213 altero
2156 3155 2246 3209 illo
2301 3153 2522 3210 auctore
2577 3166 2878 3209 Statuamus
2926 3153 3110 3224 (US)?
3156 3151 3273 3230 Non
3329 3151 3506 3233 minus

1923 3258 2110 3318 aperte
2156 3248 2464 3302 Alexander
2509 3248 2563 3301 in
2604 3233 2920 3316 praifatione
2968 3246 3036 3300 ad
3078 3245 3224 3299 Idam
3258 3244 3414 3298 docet
3448 3257 3507 3296 se

1924 3341 2187 3397 Wazonis
2216 3341 2450 3410 episcopi
2479 3339 2669 3395 faciem
2710 3339 2907 3393 vidisse
2953 3335 3178 3404 ejusque
3209 3341 3502 3388 consuetu-

1923 3421 2049 3489 dine
2102 3449 2256 3488 usum
2305 3419 2718 3501 essc,posteris
2760 3416 2828 3485 'se
2873 3427 3012 3482 velle
3061 3425 3350 3496 imaginem
3389 3423 3506 3493 ejus

1925 3521 2138 3577 tradere
2195 3535 2266 3575 ex
2338 3520 2427 3574 illo
2480 3511 2739 3574 manasse
2785 3517 2931 3570 fonte
2981 3530 3100 3585 qua:
3149 3515 3215 3568 de
3262 3513 3504 3566 Wazone

1923 3613 2228 3682 scripserit,
2279 3612 2413 3666 satis
2459 3621 2646 3681 aperte
2692 3595 2921 3664 indicat.
2989 3609 3174 3677 Itaque
3221 3607 3324 3660 duo
3379 3602 3503 3659 sunt

1923 3715 2174 3760 auctores
2207 3703 2297 3774 qui
2327 3703 2516 3757 eodem
2560 3691 2799 3770 tempore
2834 3701 3076 3754 viventes
3118 3695 3499 3752 L-codiensiuui

1924 3779 2303 3866 episcoporum
2355 3785 2442 3848 res
2490 3795 2558 3847 ad
2598 3792 2894 3846 Wazonem
2934 3779 3102 3860 usque
3141 3789 3498 3842 deduxerunt.

1925 3887 2163 3958 Uterque
2187 3887 2242 3941 in
2273 3885 2450 3956 priore
2479 3879 2629 3954 parte
2657 3883 2774 3953 qua:
2803 3883 2994 3953 legerit
3032 3867 3128 3935 aut
3169 3890 3315 3934 certa
3355 3878 3498 3932 anti-

1923 3960 2153 4049 quorum
2182 3977 2444 4032 relatione
2469 3975 2740 4038 didicerit,
2771 3975 2823 4028 in
2851 3973 3151 4052 posteriore
3191 3986 3322 4049 quas
3349 3969 3504 4023 vide-

1927 4069 1997 4123 rit
2026 4069 2141 4137 ipse
2168 4066 2409 4135 scripsit,
2443 4073 2691 4134 uterque
2713 4063 2976 4134 ller‘iger.'
3001 4062 3141 4116 libro
3180 4076 3332 4115 suum
3375 4061 3501 4114 sub-

1921 4157 2123 4226 junxit,
2189 4167 2416 4222 uterque
2473 4155 2821 4208 nihilominus
2874 4163 3110 4220 tempora
3160 4164 3370 4220 quoque
3433 4148 3500 4200 ab
3579 4188 3591 4197 .

239 4237 451 4305 placuit
482 4237 628 4304 quasi
650 4252 722 4288 rx
755 4239 1002 4306 ﬂorigera
1035 4240 1174 4306 prati
1198 4243 1489 4297 .nmenitate
1531 4244 1824 4312 decerptum
1851 4256 1906 4317 Β
1934 4253 2189 4322 lleriget‘o
2215 4238 2415 4321 scripta
2443 4237 2634 4304 iterum
2658 4249 2852 4306 litteris
2879 4247 3170 4311 mandavit,
3195 4247 3286 4299 sed
3315 4255 3501 4313 postea

234 4325 307 4381 ,de
330 4325 552 4378 diversis
576 4325 989 4394 ﬂoribustexere
1013 4338 1228 4382 sertum.
1267 4329 1363 4384 Cui
1391 4333 1629 4403 deinceps
1657 4349 1822 4387 anne-

318 4526 469 4596 (145)
513 4527 752 4583 Martene
791 4541 844 4586 et
887 4531 1104 4586 Durand
1151 4531 1238 4597 ιν,
1279 4534 1403 4589 858.
1437 4535 1676 4589 Histoire
1711 4534 1821 4592 litt.

242 4593 463 4670 Franc.
485 4598 592 4670 V_I|,
625 4598 729 4652 472
757 4616 871 4670 sqq.

261 4739 264 4741 _
317 4667 473 4733 (tu)
515 4667 618 4744 Ita;
664 4667 852 4744 nomen
899 4672 950 4724 in
1002 4671 1112 4744 hoc
1145 4672 1480 4744 prrefationis
1521 4674 1824 4744 fragmento

242 4739 354 4790 non
399 4738 663 4813 occurrit,
703 4741 826 4806 quin
883 4756 1014 4813 vero
1063 4738 1253 4795 illasit
1303 4743 1496 4797 Christi
1536 4738 1726 4813 sponsa
1757 4749 1824 4800 ad

243 4822 411 4881 quam
456 4807 673 4881 scripta
689 4816 770 4881 est
794 4811 1064 4881 cpistola,
1097 4814 1293 4881 nemini
1323 4807 1713 4876 duhium'erit,
1741 4816 1824 4869 di-

238 4878 516 4943 sertisque
563 4877 743 4944 verbis
789 4877 861 4934 in'
887 4880 1138 4951 pt'Othil
1193 4892 1341 4952 parte
1389 4884 1571 4952 priore
1617 4883 1827 4944 {conﬁr-

240 4956 446 5000 ΠΙΩΙΙΙΓ.

251 5049 262 5057 -
316 5016 469 5084 (IL-3)
511 5015 792 5083 Quomodo
831 5020 1132 5074 enodat-ent
1169 5021 1266 5075 has
1297 5021 1458 5077 tricas
1493 5025 1636 5080 haud
1678 5024 1824 5080 felici

243 5097 444 5137 conatu
488 5096 766 5140 tentarunt
799 5090 1042 5143 Martene
1071 5099 1123 5139 et
1171 5092 1383 5144 Durand
1429 5095 1685 5157 editores,
1731 5112 1826 5148 ne-

244 5169 361 5252 qua
380 5172 511 5237 sane
541 5158 856 5252 estplica‘udra
883 5160 983 5241 _illa
1019 5157 1317 5252 dilllicultas,
1351 5163 1545 5252 si'uno
1585 5167 1823 5247 "agt-nsi

246 5226 429 5252 nn.I:n.-

1927 4347 2042 4400 haec
2066 4345 2185 4400 libri
2209 4359 2332 4414 pars
2352 4355 2638 4415 suppreSSa
2663 4337 2745 4398 est
2760 4355 2785 4401 :'
2802 4353 3027 4410 uterque
3049 4341 3281 4411 denique
3303 4339 3499 4391 librum

1927 4535 2221 4589 Coloniensi
2248 4537 2608 4603 arcliiprtcsuli
2632 4533 2877 4588 obtulisse
2901 4549 2955 4584 (ι.
2996 4532 3153 4586 1056.
3183 4532 3352 4588 Paulo
3375 4540 3502 4600 post

1930 4608 2066 4658 hanc
2104 4606 2245 4656 viam
2297 4607 2432 4659 inire
2483 4621 2642 4672 posse
2684 4605 2783 4656 sihi
2823 4603 3162 4662 videbantur.
3213 4606 3264 4657 in
3315 4604 3504 4655 t'OtllCO

1930 4674 2158 4741 llagensi
2188 4683 2241 4726 et
2272 4675 2323 4726 iu
2355 4678 2666 4728 recensione
2699 4672 3026 4739 (Zhapeavilli
3057 4673 3358 4741 propositos
3381 4685 3518 4723 esset

1926 4753 1980 4800 et
2007 4741 2247 4799 Anseltni
2279 4755 2334 4799 et
2359 4744 2647 4800 Alexandri
2690 4743 2854 4796 libros
2884 4757 3006 4795 cum
3038 4741 3273 4795 Ansehni
3307 4742 3503 4806 prmia-

1928 4815 2096 4876 tione,
2139 4823 2259 4866 uter
2301 4824 2478 4869 textus
2509 4829 2638 4868 vero
2671 4811 2914 4866 Anselmi
2949 4812 3042 4872 sit.
3067 4825 3186 4864 uter
3207 4808 3506 4864 Alexandri

1927 4879 2033 4940 non
2070 4882 2360 4958 satis_s_ciri
2391 4883 3046 4958 posse._ll:c_c__uoiLstare
3067 4894 3230 4958 posse
3260 4877 3509 4958 videntes

1927 4967 2181 5008 auctores
2221 4954 2360 5007 llist.
2395 4951 2516 5008 litt.
2557 4953 2647 5008 Fr.
2683 4953 2788 5013 VII,
2819 4951 2924 5004 $75
2964 4951 3331 5014 coniecerunt.
3375 4962 3504 5002 cum

1925 5022 2224 5079 Alexandri
2273 5023 2485 5079 libellus
2526 5022 2799 5092 prioribus
2852 5019 3008 5092 istius
3058 5017 3159 5071 loci
3198 5016 3511 5081 displicuis-

1929 5107 2034 5158 set,
2072 5108 2261 5149 eorum
2299 5092 2454 5160 jussu
2497 5089 2809 5148 Ansehnum
2858 5089 2997 5163 idem
3029 5100 3506 5163 optis_ag_g_t‘esstim

1927 5155 2064 5220 esse.
2103 5155 2357 5218 Martenii
2385 5164 2712 5217 sententiam
2741 5158 3140 5235 aniliter-tuseu
3171 5155 3369 5235 Cellier
3405 5155 3442 5208 Ι.
3468 5155 3506 5209 ι.

2637 5248 2651 5252 -
2733 5227 3057 5252 Ι“Ι.η.ι......ῙΙΙῖ

3110 5243 3163 5252 ιιι-
3173 5239 3294 5252 ιιι-,ιιι
3305 5238 3390 5252 ann
3400 5241 3482 5252 ιιι-Α
