  <div class='ocr_page' id='page_1' title='image "/cluster/home/n/w/nwhite01/storage/ocr_20150623/139/hvd.32044015471782/499.png"; bbox 0 0 4094 5252; ppageno 0'>
   <div class='ocr_carea' id='block_1_1' title="bbox 583 164 690 227">
    <p class='ocr_par' dir='ltr' id='par_1_1' title="bbox 583 164 690 227">
     <span class='ocr_line' id='line_1_1' title="bbox 583 164 690 227; baseline 0.047 -7"><span class='ocrx_word' id='word_1_1' title='bbox 583 164 690 227; x_wconf 79' lang='grc'><strong>987</strong></span> 
     </span>
    </p>
   </div>
   <div class='ocr_carea' id='block_1_2' title="bbox 1084 160 2181 225">
    <p class='ocr_par' dir='ltr' id='par_1_2' title="bbox 1084 162 2145 225">
     <span class='ocr_line' id='line_1_2' title="bbox 1084 162 2145 225; baseline 0 -4"><span class='ocrx_word' id='word_1_2' title='bbox 1084 162 1416 225; x_wconf 73' lang='lat' dir='ltr'><strong>HERIGBRI</strong></span> <span class='ocrx_word' id='word_1_3' title='bbox 1457 165 1544 222; x_wconf 81' lang='lat' dir='ltr'><strong>ET</strong></span> <span class='ocrx_word' id='word_1_4' title='bbox 1577 165 1878 224; x_wconf 66' lang='lat' dir='ltr'><strong>ANSELHI</strong></span> <span class='ocrx_word' id='word_1_5' title='bbox 1918 165 2145 224; x_wconf 76' lang='lat' dir='ltr'><strong>GESTA</strong></span> 
     </span>
    </p>
   </div>
   <div class='ocr_carea' id='block_1_3' title="bbox 2279 160 3360 225">
    <p class='ocr_par' dir='ltr' id='par_1_3' title="bbox 2279 160 3360 222">
     <span class='ocr_line' id='line_1_3' title="bbox 2279 160 3360 222; baseline -0.005 -1"><span class='ocrx_word' id='word_1_6' title='bbox 2279 164 2413 222; x_wconf 52' lang='grc' dir='ltr'><strong>ἓ150.</strong></span> <span class='ocrx_word' id='word_1_7' title='bbox 2472 164 2734 222; x_wconf 65' lang='grc' dir='ltr'><strong>τυκςιι.</strong></span> <span class='ocrx_word' id='word_1_8' title='bbox 2787 163 2976 220; x_wconf 76' lang='lat' dir='ltr'><strong>TRAJ.</strong></span> <span class='ocrx_word' id='word_1_9' title='bbox 3023 161 3111 218; x_wconf 82' lang='grc' dir='ltr'><strong>ΕΤ</strong></span> <span class='ocrx_word' id='word_1_10' title='bbox 3165 160 3360 219; x_wconf 76' lang='grc' dir='ltr'><strong>ιεοο.</strong></span> 
     </span>
    </p>
   </div>
   <div class='ocr_carea' id='block_1_4' title="bbox 3737 161 3842 220">
    <p class='ocr_par' dir='ltr' id='par_1_4' title="bbox 3737 161 3842 220">
     <span class='ocr_line' id='line_1_4' title="bbox 3737 161 3842 220; baseline 0.029 -3"><span class='ocrx_word' id='word_1_11' title='bbox 3737 161 3842 220; x_wconf 68' lang='grc' dir='ltr'><strong>ιω</strong></span> 
     </span>
    </p>
   </div>
   <div class='ocr_carea' id='block_1_5' title="bbox 582 272 3842 356">
    <p class='ocr_par' dir='ltr' id='par_1_5' title="bbox 582 272 3842 356">
     <span class='ocr_line' id='line_1_5' title="bbox 582 272 3842 356; baseline -0.001 -24"><span class='ocrx_word' id='word_1_12' title='bbox 582 289 739 332; x_wconf 87' lang='lat' dir='ltr'><strong>suum</strong></span> <span class='ocrx_word' id='word_1_13' title='bbox 767 272 1008 344; x_wconf 70' lang='lat' dir='ltr'><strong>ejusdem</strong></span> <span class='ocrx_word' id='word_1_14' title='bbox 1027 272 1133 332; x_wconf 66' lang='lat' dir='ltr'><strong>Ida</strong></span> <span class='ocrx_word' id='word_1_15' title='bbox 1155 276 1441 333; x_wconf 70' lang='lat' dir='ltr'><strong>abbatissae</strong></span> <span class='ocrx_word' id='word_1_16' title='bbox 1465 277 1839 356; x_wconf 85' lang='lat' dir='ltr'><strong>exhortatione</strong></span> <span class='ocrx_word' id='word_1_17' title='bbox 1851 278 2156 348; x_wconf 73' lang='lat' dir='ltr'><strong>composuit</strong></span> <span class='ocrx_word' id='word_1_18' title='bbox 2185 283 2231 339; x_wconf 75' lang='grc' dir='ltr'>Α</span> <span class='ocrx_word' id='word_1_19' title='bbox 2263 275 2505 349; x_wconf 79' lang='lat' dir='ltr'><strong>Herigeri</strong></span> <span class='ocrx_word' id='word_1_20' title='bbox 2532 286 2586 333; x_wconf 93' lang='lat' dir='ltr'><strong>et</strong></span> <span class='ocrx_word' id='word_1_21' title='bbox 2605 277 2774 348; x_wconf 85' lang='lat' dir='ltr'><strong>ipsius</strong></span> <span class='ocrx_word' id='word_1_22' title='bbox 2804 276 3049 333; x_wconf 86' lang='lat' dir='ltr'><strong>Anselmi</strong></span> <span class='ocrx_word' id='word_1_23' title='bbox 3077 275 3253 332; x_wconf 85' lang='lat' dir='ltr'><strong>libello</strong></span> <span class='ocrx_word' id='word_1_24' title='bbox 3277 273 3842 346; x_wconf 73' lang='lat' dir='ltr'><strong>emtnpOsitutn,&#39;qaem</strong></span> 
     </span>
    </p>
   </div>
   <div class='ocr_carea' id='block_1_6' title="bbox 582 367 2162 440">
    <p class='ocr_par' dir='ltr' id='par_1_6' title="bbox 582 367 2162 440">
     <span class='ocr_line' id='line_1_6' title="bbox 582 367 2162 440; baseline 0.003 -18"><span class='ocrx_word' id='word_1_25' title='bbox 582 367 870 438; x_wconf 75' lang='lat' dir='ltr'><strong>eidemque</strong></span> <span class='ocrx_word' id='word_1_26' title='bbox 899 367 1118 423; x_wconf 83' lang='lat' dir='ltr'><strong>dicavit.</strong></span> <span class='ocrx_word' id='word_1_27' title='bbox 1147 367 1453 424; x_wconf 78' lang='lat' dir='ltr'><strong>Alexander</strong></span> <span class='ocrx_word' id='word_1_28' title='bbox 1485 383 1619 440; x_wconf 88' lang='lat' dir='ltr'><strong>opus</strong></span> <span class='ocrx_word' id='word_1_29' title='bbox 1651 369 1943 439; x_wconf 77' lang='lat' dir='ltr'><strong>genuinum</strong></span> <span class='ocrx_word' id='word_1_30' title='bbox 1972 385 2162 427; x_wconf 80' lang='lat' dir='ltr'><strong>revera</strong></span> 
     </span>
    </p>
   </div>
   <div class='ocr_carea' id='block_1_7' title="bbox 586 457 2166 530">
    <p class='ocr_par' dir='ltr' id='par_1_7' title="bbox 586 457 2166 530">
     <span class='ocr_line' id='line_1_7' title="bbox 586 457 2166 530; baseline 0.003 -17"><span class='ocrx_word' id='word_1_31' title='bbox 586 458 655 513; x_wconf 87' lang='lat' dir='ltr'><strong>ab</strong></span> <span class='ocrx_word' id='word_1_32' title='bbox 684 458 800 529; x_wconf 90' lang='lat' dir='ltr'><strong>ipso</strong></span> <span class='ocrx_word' id='word_1_33' title='bbox 829 457 1103 513; x_wconf 88' lang='lat' dir='ltr'><strong>conditum</strong></span> <span class='ocrx_word' id='word_1_34' title='bbox 1142 457 1208 513; x_wconf 85' lang='lat' dir='ltr'><strong>ad</strong></span> <span class='ocrx_word' id='word_1_35' title='bbox 1253 459 1398 515; x_wconf 89' lang='lat' dir='ltr'><strong>ldam</strong></span> <span class='ocrx_word' id='word_1_36' title='bbox 1435 460 1601 526; x_wconf 91' lang='lat' dir='ltr'><strong>misit,</strong></span> <span class='ocrx_word' id='word_1_37' title='bbox 1653 461 1990 530; x_wconf 89' lang='lat' dir='ltr'><strong>impudenter</strong></span> <span class='ocrx_word' id='word_1_38' title='bbox 2032 476 2166 518; x_wconf 96' lang='lat' dir='ltr'><strong>sane</strong></span> 
     </span>
    </p>
   </div>
   <div class='ocr_carea' id='block_1_8' title="bbox 539 545 2166 618">
    <p class='ocr_par' dir='ltr' id='par_1_8' title="bbox 539 545 2166 618">
     <span class='ocr_line' id='line_1_8' title="bbox 539 545 2166 618; baseline -0.001 -14"><span class='ocrx_word' id='word_1_39' title='bbox 539 561 542 566; x_wconf 85' lang='lat'>&#39;</span> <span class='ocrx_word' id='word_1_40' title='bbox 586 547 727 604; x_wconf 85' lang='lat' dir='ltr'><strong>alter</strong></span> <span class='ocrx_word' id='word_1_41' title='bbox 752 562 909 603; x_wconf 91' lang='lat' dir='ltr'><strong>suum</strong></span> <span class='ocrx_word' id='word_1_42' title='bbox 954 561 1166 617; x_wconf 88' lang='lat' dir='ltr'><strong>quoque</strong></span> <span class='ocrx_word' id='word_1_43' title='bbox 1199 545 1394 604; x_wconf 91' lang='lat' dir='ltr'><strong>librum</strong></span> <span class='ocrx_word' id='word_1_44' title='bbox 1435 549 1486 603; x_wconf 91' lang='lat' dir='ltr'><strong>in</strong></span> <span class='ocrx_word' id='word_1_45' title='bbox 1517 564 1623 618; x_wconf 90' lang='lat' dir='ltr'><strong>quo</strong></span> <span class='ocrx_word' id='word_1_46' title='bbox 1653 549 1878 604; x_wconf 90' lang='lat' dir='ltr'><strong>alterum</strong></span> <span class='ocrx_word' id='word_1_47' title='bbox 1907 549 2166 618; x_wconf 84' lang='lat' dir='ltr'><strong>compila-</strong></span> 
     </span>
    </p>
   </div>
   <div class='ocr_carea' id='block_1_9' title="bbox 587 637 2164 711">
    <p class='ocr_par' dir='ltr' id='par_1_9' title="bbox 587 637 2164 711">
     <span class='ocr_line' id='line_1_9' title="bbox 587 637 2164 711; baseline 0.004 -22"><span class='ocrx_word' id='word_1_48' title='bbox 587 644 743 692; x_wconf 86' lang='lat' dir='ltr'><strong>verat</strong></span> <span class='ocrx_word' id='word_1_49' title='bbox 768 637 817 692; x_wconf 93' lang='lat' dir='ltr'><strong>ei</strong></span> <span class='ocrx_word' id='word_1_50' title='bbox 846 651 1060 692; x_wconf 87' lang='lat' dir='ltr'><strong>sacrum</strong></span> <span class='ocrx_word' id='word_1_51' title='bbox 1087 651 1207 693; x_wconf 90' lang='lat' dir='ltr'><strong>esse</strong></span> <span class='ocrx_word' id='word_1_52' title='bbox 1232 637 1417 692; x_wconf 89' lang='lat' dir='ltr'><strong>voluit.</strong></span> <span class='ocrx_word' id='word_1_53' title='bbox 1453 637 1636 708; x_wconf 89' lang='lat' dir='ltr'><strong>Neque</strong></span> <span class='ocrx_word' id='word_1_54' title='bbox 1661 640 1712 694; x_wconf 92' lang='lat' dir='ltr'><strong>in</strong></span> <span class='ocrx_word' id='word_1_55' title='bbox 1743 640 1846 695; x_wconf 91' lang='lat' dir='ltr'><strong>hoc</strong></span> <span class='ocrx_word' id='word_1_56' title='bbox 1873 641 2164 711; x_wconf 75' lang='lat' dir='ltr'><strong>acquievit,</strong></span> 
     </span>
    </p>
   </div>
   <div class='ocr_carea' id='block_1_10' title="bbox 587 725 2162 802">
    <p class='ocr_par' dir='ltr' id='par_1_10' title="bbox 587 725 2162 802">
     <span class='ocr_line' id='line_1_10' title="bbox 587 725 2162 802; baseline 0.006 -24"><span class='ocrx_word' id='word_1_57' title='bbox 587 725 681 779; x_wconf 90' lang='lat' dir='ltr'><strong>sed</strong></span> <span class='ocrx_word' id='word_1_58' title='bbox 711 727 899 780; x_wconf 90' lang='lat' dir='ltr'><strong>eodem</strong></span> <span class='ocrx_word' id='word_1_59' title='bbox 979 727 1262 782; x_wconf 87' lang='lat' dir='ltr'><strong>mendacio</strong></span> <span class='ocrx_word' id='word_1_60' title='bbox 1333 731 1616 785; x_wconf 84' lang='lat' dir='ltr'><strong>Annonem</strong></span> <span class='ocrx_word' id='word_1_61' title='bbox 1697 731 2162 802; x_wconf 67' lang='lat' dir='ltr'><strong>archiepiscopum</strong></span> 
     </span>
    </p>
   </div>
   <div class='ocr_carea' id='block_1_11' title="bbox 587 812 2160 892">
    <p class='ocr_par' dir='ltr' id='par_1_11' title="bbox 587 812 2160 892">
     <span class='ocr_line' id='line_1_11' title="bbox 587 812 2160 892; baseline 0.006 -25"><span class='ocrx_word' id='word_1_62' title='bbox 587 812 774 872; x_wconf 79' lang='lat' dir='ltr'><strong>fallere</strong></span> <span class='ocrx_word' id='word_1_63' title='bbox 800 825 1027 872; x_wconf 91' lang='lat' dir='ltr'><strong>conatus</strong></span> <span class='ocrx_word' id='word_1_64' title='bbox 1062 826 1168 882; x_wconf 85' lang='lat' dir='ltr'><strong>est,</strong></span> <span class='ocrx_word' id='word_1_65' title='bbox 1200 827 1470 890; x_wconf 70' lang='lat' dir='ltr'><strong>tantteque</strong></span> <span class='ocrx_word' id='word_1_66' title='bbox 1495 829 1615 874; x_wconf 89' lang='lat' dir='ltr'><strong>erat</strong></span> <span class='ocrx_word' id='word_1_67' title='bbox 1661 820 2008 892; x_wconf 63' lang='lat' dir='ltr'><strong>impudentia;</strong></span> <span class='ocrx_word' id='word_1_68' title='bbox 2057 823 2160 887; x_wconf 90' lang='lat' dir='ltr'><strong>vel,</strong></span> 
     </span>
    </p>
   </div>
   <div class='ocr_carea' id='block_1_12' title="bbox 587 904 2164 978">
    <p class='ocr_par' dir='ltr' id='par_1_12' title="bbox 587 904 2164 978">
     <span class='ocr_line' id='line_1_12' title="bbox 587 904 2164 978; baseline 0.007 -22"><span class='ocrx_word' id='word_1_69' title='bbox 587 905 633 957; x_wconf 89' lang='lat' dir='ltr'><strong>si</strong></span> <span class='ocrx_word' id='word_1_70' title='bbox 660 904 850 968; x_wconf 78' lang='lat' dir='ltr'><strong>mavis,</strong></span> <span class='ocrx_word' id='word_1_71' title='bbox 880 905 1188 972; x_wconf 76' lang='lat' dir='ltr'><strong>dementize,</strong></span> <span class='ocrx_word' id='word_1_72' title='bbox 1225 917 1284 963; x_wconf 91' lang='lat' dir='ltr'><strong>ut</strong></span> <span class='ocrx_word' id='word_1_73' title='bbox 1319 909 1371 964; x_wconf 91' lang='lat' dir='ltr'><strong>in</strong></span> <span class='ocrx_word' id='word_1_74' title='bbox 1414 909 1730 978; x_wconf 60' lang='lat' dir='ltr'><strong>praefatione</strong></span> <span class='ocrx_word' id='word_1_75' title='bbox 1772 913 1992 966; x_wconf 86' lang='lat' dir='ltr'><strong>secundi</strong></span> <span class='ocrx_word' id='word_1_76' title='bbox 2042 913 2164 970; x_wconf 85' lang='lat' dir='ltr'><strong>libri</strong></span> 
     </span>
    </p>
   </div>
   <div class='ocr_carea' id='block_1_13' title="bbox 587 994 2166 1072">
    <p class='ocr_par' dir='ltr' id='par_1_13' title="bbox 587 994 2166 1072">
     <span class='ocr_line' id='line_1_13' title="bbox 587 994 2166 1072; baseline 0.007 -25"><span class='ocrx_word' id='word_1_77' title='bbox 587 1007 648 1048; x_wconf 85' lang='lat' dir='ltr'><strong>se</strong></span> <span class='ocrx_word' id='word_1_78' title='bbox 676 994 742 1048; x_wconf 84' lang='lat' dir='ltr'><strong>ab</strong></span> <span class='ocrx_word' id='word_1_79' title='bbox 771 994 878 1048; x_wconf 87' lang='lat' dir='ltr'><strong>alio</strong></span> <span class='ocrx_word' id='word_1_80' title='bbox 925 1005 1225 1052; x_wconf 89' lang='lat' dir='ltr'><strong>mutuatum</strong></span> <span class='ocrx_word' id='word_1_81' title='bbox 1265 1012 1387 1053; x_wconf 90' lang='lat' dir='ltr'><strong>esse</strong></span> <span class='ocrx_word' id='word_1_82' title='bbox 1433 999 1602 1055; x_wconf 85' lang='lat' dir='ltr'><strong>libere</strong></span> <span class='ocrx_word' id='word_1_83' title='bbox 1634 1001 2001 1066; x_wconf 83' lang='lat' dir='ltr'><strong>confiteretur,</strong></span> <span class='ocrx_word' id='word_1_84' title='bbox 2043 1018 2166 1072; x_wconf 80' lang='lat' dir='ltr'><strong>quae</strong></span> 
     </span>
    </p>
   </div>
   <div class='ocr_carea' id='block_1_14' title="bbox 587 1083 2168 1164">
    <p class='ocr_par' dir='ltr' id='par_1_14' title="bbox 587 1083 2168 1164">
     <span class='ocr_line' id='line_1_14' title="bbox 587 1083 2168 1164; baseline 0.006 -26"><span class='ocrx_word' id='word_1_85' title='bbox 587 1083 644 1138; x_wconf 89' lang='lat' dir='ltr'><strong>in</strong></span> <span class='ocrx_word' id='word_1_86' title='bbox 674 1084 901 1154; x_wconf 82' lang='lat' dir='ltr'><strong>epistola</strong></span> <span class='ocrx_word' id='word_1_87' title='bbox 939 1086 1006 1140; x_wconf 92' lang='lat' dir='ltr'><strong>ad</strong></span> <span class='ocrx_word' id='word_1_88' title='bbox 1050 1089 1332 1144; x_wconf 83' lang='lat' dir='ltr'><strong>Annonem</strong></span> <span class='ocrx_word' id='word_1_89' title='bbox 1372 1107 1469 1147; x_wconf 91' lang='lat' dir='ltr'><strong>sua</strong></span> <span class='ocrx_word' id='word_1_90' title='bbox 1519 1107 1641 1148; x_wconf 91' lang='lat' dir='ltr'><strong>esse</strong></span> <span class='ocrx_word' id='word_1_91' title='bbox 1665 1093 1919 1164; x_wconf 77' lang='lat' dir='ltr'><strong>religiose</strong></span> <span class='ocrx_word' id='word_1_92' title='bbox 1969 1094 2168 1150; x_wconf 83' lang='lat' dir='ltr'><strong>conﬁr-</strong></span> 
     </span>
    </p>
   </div>
   <div class='ocr_carea' id='block_1_15' title="bbox 590 1174 2164 1254">
    <p class='ocr_par' dir='ltr' id='par_1_15' title="bbox 590 1174 2164 1254">
     <span class='ocr_line' id='line_1_15' title="bbox 590 1174 2164 1254; baseline 0.006 -26"><span class='ocrx_word' id='word_1_93' title='bbox 590 1183 785 1228; x_wconf 80' lang='lat' dir='ltr'><strong>marat.</strong></span> <span class='ocrx_word' id='word_1_94' title='bbox 817 1174 951 1231; x_wconf 87' lang='lat' dir='ltr'><strong>Nam</strong></span> <span class='ocrx_word' id='word_1_95' title='bbox 989 1193 1110 1247; x_wconf 71' lang='lat' dir='ltr'><strong>qua:</strong></span> <span class='ocrx_word' id='word_1_96' title='bbox 1147 1180 1361 1234; x_wconf 86' lang='lat' dir='ltr'><strong>tandem</strong></span> <span class='ocrx_word' id='word_1_97' title='bbox 1412 1191 1538 1236; x_wconf 88' lang='lat' dir='ltr'><strong>sunt</strong></span> <span class='ocrx_word' id='word_1_98' title='bbox 1582 1181 1668 1238; x_wconf 89' lang='lat' dir='ltr'><strong>illa</strong></span> <span class='ocrx_word' id='word_1_99' title='bbox 1725 1197 1844 1254; x_wconf 84' lang='lat' dir='ltr'><strong>quae</strong></span> <span class='ocrx_word' id='word_1_100' title='bbox 1892 1193 2011 1254; x_wconf 90' lang='lat' dir='ltr'><strong>post</strong></span> <span class='ocrx_word' id='word_1_101' title='bbox 2058 1193 2164 1238; x_wconf 90' lang='lat' dir='ltr'><strong>tam</strong></span> 
     </span>
    </p>
   </div>
   <div class='ocr_carea' id='block_1_16' title="bbox 591 1267 2166 1344">
    <p class='ocr_par' dir='ltr' id='par_1_16' title="bbox 591 1267 2166 1344">
     <span class='ocr_line' id='line_1_16' title="bbox 591 1267 2166 1344; baseline 0.004 -24"><span class='ocrx_word' id='word_1_102' title='bbox 591 1267 881 1336; x_wconf 86' lang='lat' dir='ltr'><strong>superbam</strong></span> <span class='ocrx_word' id='word_1_103' title='bbox 911 1276 1128 1338; x_wconf 85' lang='lat' dir='ltr'><strong>tamque</strong></span> <span class='ocrx_word' id='word_1_104' title='bbox 1155 1271 1492 1341; x_wconf 78' lang='lat' dir='ltr'><strong>magniﬁcam</strong></span> <span class='ocrx_word' id='word_1_105' title='bbox 1533 1273 1599 1328; x_wconf 89' lang='lat' dir='ltr'><strong>de</strong></span> <span class='ocrx_word' id='word_1_106' title='bbox 1639 1289 1737 1328; x_wconf 91' lang='lat' dir='ltr'><strong>suo</strong></span> <span class='ocrx_word' id='word_1_107' title='bbox 1774 1288 1937 1344; x_wconf 90' lang='lat' dir='ltr'><strong>opere</strong></span> <span class='ocrx_word' id='word_1_108' title='bbox 1974 1272 2166 1342; x_wconf 68' lang='lat' dir='ltr'><strong>prmiu-</strong></span> 
     </span>
    </p>
   </div>
   <div class='ocr_carea' id='block_1_17' title="bbox 590 1359 2167 1428">
    <p class='ocr_par' dir='ltr' id='par_1_17' title="bbox 590 1359 2167 1428">
     <span class='ocr_line' id='line_1_17' title="bbox 590 1359 2167 1428; baseline 0.005 -18"><span class='ocrx_word' id='word_1_109' title='bbox 590 1359 790 1412; x_wconf 91' lang='lat' dir='ltr'><strong>tionem</strong></span> <span class='ocrx_word' id='word_1_110' title='bbox 823 1359 1204 1428; x_wconf 89' lang='lat' dir='ltr'><strong>metroplitano</strong></span> <span class='ocrx_word' id='word_1_111' title='bbox 1228 1376 1325 1415; x_wconf 90' lang='lat' dir='ltr'><strong>suo</strong></span> <span class='ocrx_word' id='word_1_112' title='bbox 1351 1362 1414 1416; x_wconf 87' lang='lat' dir='ltr'><strong>A.</strong></span> <span class='ocrx_word' id='word_1_113' title='bbox 1444 1363 1531 1417; x_wconf 92' lang='lat' dir='ltr'><strong>ille</strong></span> <span class='ocrx_word' id='word_1_114' title='bbox 1556 1364 1771 1420; x_wconf 86' lang='lat' dir='ltr'><strong>mittere</strong></span> <span class='ocrx_word' id='word_1_115' title='bbox 1801 1375 2027 1420; x_wconf 86' lang='lat' dir='ltr'><strong>conatus</strong></span> <span class='ocrx_word' id='word_1_116' title='bbox 2049 1366 2167 1421; x_wconf 75' lang='lat' dir='ltr'><strong>est?</strong></span> 
     </span>
    </p>
   </div>
   <div class='ocr_carea' id='block_1_18' title="bbox 591 1445 2168 1523">
    <p class='ocr_par' dir='ltr' id='par_1_18' title="bbox 591 1445 2168 1523">
     <span class='ocr_line' id='line_1_18' title="bbox 591 1445 2168 1523; baseline 0.005 -23"><span class='ocrx_word' id='word_1_117' title='bbox 591 1445 807 1502; x_wconf 84' lang='lat' dir='ltr'><strong>Primus</strong></span> <span class='ocrx_word' id='word_1_118' title='bbox 835 1448 979 1503; x_wconf 90' lang='lat' dir='ltr'><strong>enim</strong></span> <span class='ocrx_word' id='word_1_119' title='bbox 1009 1447 1295 1505; x_wconf 87' lang='lat' dir='ltr'><strong>Gestorum</strong></span> <span class='ocrx_word' id='word_1_120' title='bbox 1329 1451 1464 1507; x_wconf 90' lang='lat' dir='ltr'><strong>liber</strong></span> <span class='ocrx_word' id='word_1_121' title='bbox 1489 1451 1560 1519; x_wconf 82' lang='lat' dir='ltr'><strong>ab</strong></span> <span class='ocrx_word' id='word_1_122' title='bbox 1588 1452 1869 1523; x_wconf 76' lang='lat' dir='ltr'><strong>llerigero,</strong></span> <span class='ocrx_word' id='word_1_123' title='bbox 1900 1453 2168 1508; x_wconf 83' lang='lat' dir='ltr'><strong>secundus</strong></span> 
     </span>
    </p>
   </div>
   <div class='ocr_carea' id='block_1_19' title="bbox 589 1537 2170 1614">
    <p class='ocr_par' dir='ltr' id='par_1_19' title="bbox 589 1537 2170 1614">
     <span class='ocr_line' id='line_1_19' title="bbox 589 1537 2170 1614; baseline 0.006 -24"><span class='ocrx_word' id='word_1_124' title='bbox 589 1539 660 1591; x_wconf 78' lang='lat' dir='ltr'><strong>ab</strong></span> <span class='ocrx_word' id='word_1_125' title='bbox 683 1537 986 1596; x_wconf 80' lang='lat' dir='ltr'><strong>Alexandro</strong></span> <span class='ocrx_word' id='word_1_126' title='bbox 1007 1541 1338 1612; x_wconf 86' lang='lat' dir='ltr'><strong>compositus</strong></span> <span class='ocrx_word' id='word_1_127' title='bbox 1359 1551 1463 1608; x_wconf 89' lang='lat' dir='ltr'><strong>est,</strong></span> <span class='ocrx_word' id='word_1_128' title='bbox 1479 1540 1826 1614; x_wconf 85' lang='lat' dir='ltr'><strong>ejusdemque</strong></span> <span class='ocrx_word' id='word_1_129' title='bbox 1838 1553 1921 1599; x_wconf 87' lang='lat' dir='ltr'><strong>est</strong></span> <span class='ocrx_word' id='word_1_130' title='bbox 1938 1543 2170 1599; x_wconf 87' lang='lat' dir='ltr'><strong>Alexan-</strong></span> 
     </span>
    </p>
   </div>
   <div class='ocr_carea' id='block_1_20' title="bbox 2247 367 3845 452">
    <p class='ocr_par' dir='ltr' id='par_1_20' title="bbox 2247 367 3845 452">
     <span class='ocr_line' id='line_1_20' title="bbox 2247 367 3845 452; baseline -0.002 -27"><span class='ocrx_word' id='word_1_131' title='bbox 2247 381 2396 452; x_wconf 22' lang='lat' dir='ltr'><strong>Iante</strong></span> <span class='ocrx_word' id='word_1_132' title='bbox 2434 371 2618 427; x_wconf 89' lang='lat' dir='ltr'><strong>oculos</strong></span> <span class='ocrx_word' id='word_1_133' title='bbox 2654 370 2939 434; x_wconf 85' lang='lat' dir='ltr'><strong>habemus,</strong></span> <span class='ocrx_word' id='word_1_134' title='bbox 2979 368 3193 424; x_wconf 89' lang='lat' dir='ltr'><strong>Annoni</strong></span> <span class='ocrx_word' id='word_1_135' title='bbox 3244 367 3654 436; x_wconf 74' lang='lat' dir='ltr'><strong>archiepiscopo</strong></span> <span class='ocrx_word' id='word_1_136' title='bbox 3700 367 3845 422; x_wconf 85' lang='lat' dir='ltr'><strong>misit</strong></span> 
     </span>
    </p>
   </div>
   <div class='ocr_carea' id='block_1_21' title="bbox 2267 456 3848 524">
    <p class='ocr_par' dir='ltr' id='par_1_21' title="bbox 2267 456 3848 524">
     <span class='ocr_line' id='line_1_21' title="bbox 2267 456 3848 524; baseline -0.001 -8"><span class='ocrx_word' id='word_1_137' title='bbox 2267 460 2575 524; x_wconf 86' lang='lat' dir='ltr'><strong>Anselmus,</strong></span> <span class='ocrx_word' id='word_1_138' title='bbox 2607 459 2709 516; x_wconf 80' lang='lat' dir='ltr'><strong>Ida:</strong></span> <span class='ocrx_word' id='word_1_139' title='bbox 2750 475 2879 516; x_wconf 89' lang='lat' dir='ltr'><strong>vero</strong></span> <span class='ocrx_word' id='word_1_140' title='bbox 2917 459 3203 514; x_wconf 72' lang='lat' dir='ltr'><strong>abbatissa:</strong></span> <span class='ocrx_word' id='word_1_141' title='bbox 3248 457 3476 512; x_wconf 81' lang='lat' dir='ltr'><strong>alterum</strong></span> <span class='ocrx_word' id='word_1_142' title='bbox 3522 456 3848 514; x_wconf 82' lang='lat' dir='ltr'><strong>libellumin</strong></span> 
     </span>
    </p>
   </div>
   <div class='ocr_carea' id='block_1_22' title="bbox 2253 542 3849 620">
    <p class='ocr_par' dir='ltr' id='par_1_22' title="bbox 2253 542 3849 620">
     <span class='ocr_line' id='line_1_22' title="bbox 2253 542 3849 620; baseline -0.003 -14"><span class='ocrx_word' id='word_1_143' title='bbox 2253 542 2419 620; x_wconf 79' lang='lat' dir='ltr'><strong>cujus</strong></span> <span class='ocrx_word' id='word_1_144' title='bbox 2448 560 2602 618; x_wconf 89' lang='lat' dir='ltr'><strong>parte</strong></span> <span class='ocrx_word' id='word_1_145' title='bbox 2639 550 2820 618; x_wconf 82' lang='lat' dir='ltr'><strong>priore</strong></span> <span class='ocrx_word' id='word_1_146' title='bbox 2860 564 2929 604; x_wconf 86' lang='lat' dir='ltr'><strong>ex</strong></span> <span class='ocrx_word' id='word_1_147' title='bbox 2971 547 3231 616; x_wconf 77' lang='lat' dir='ltr'><strong>Herigero</strong></span> <span class='ocrx_word' id='word_1_148' title='bbox 3268 546 3587 618; x_wconf 72' lang='lat' dir='ltr'><strong>gravissima</strong></span> <span class='ocrx_word' id='word_1_149' title='bbox 3637 555 3849 602; x_wconf 79' lang='lat' dir='ltr'><strong>tantum</strong></span> 
     </span>
    </p>
   </div>
   <div class='ocr_carea' id='block_1_23' title="bbox 2265 636 3849 708">
    <p class='ocr_par' dir='ltr' id='par_1_23' title="bbox 2265 636 3849 708">
     <span class='ocr_line' id='line_1_23' title="bbox 2265 636 3849 708; baseline -0.003 -15"><span class='ocrx_word' id='word_1_150' title='bbox 2265 649 2528 708; x_wconf 88' lang='lat' dir='ltr'><strong>excerpta</strong></span> <span class='ocrx_word' id='word_1_151' title='bbox 2587 654 2684 694; x_wconf 91' lang='lat' dir='ltr'><strong>suo</strong></span> <span class='ocrx_word' id='word_1_152' title='bbox 2707 638 2845 708; x_wconf 87' lang='lat' dir='ltr'><strong>stylo</strong></span> <span class='ocrx_word' id='word_1_153' title='bbox 2873 645 3190 707; x_wconf 91' lang='lat' dir='ltr'><strong>prosecutus</strong></span> <span class='ocrx_word' id='word_1_154' title='bbox 3211 646 3315 700; x_wconf 89' lang='lat' dir='ltr'><strong>est,</strong></span> <span class='ocrx_word' id='word_1_155' title='bbox 3359 644 3418 688; x_wconf 90' lang='lat' dir='ltr'><strong>ut</strong></span> <span class='ocrx_word' id='word_1_156' title='bbox 3457 650 3525 689; x_wconf 90' lang='lat' dir='ltr'><strong>ex</strong></span> <span class='ocrx_word' id='word_1_157' title='bbox 3556 637 3687 705; x_wconf 88' lang='lat' dir='ltr'><strong>ipsis</strong></span> <span class='ocrx_word' id='word_1_158' title='bbox 3732 636 3849 704; x_wconf 82' lang='lat' dir='ltr'><strong>epi-</strong></span> 
     </span>
    </p>
   </div>
   <div class='ocr_carea' id='block_1_24' title="bbox 2266 724 3850 801">
    <p class='ocr_par' dir='ltr' id='par_1_24' title="bbox 2266 724 3850 801">
     <span class='ocr_line' id='line_1_24' title="bbox 2266 724 3850 801; baseline -0.001 -18"><span class='ocrx_word' id='word_1_159' title='bbox 2266 730 2420 784; x_wconf 84' lang='lat' dir='ltr'><strong>stolis</strong></span> <span class='ocrx_word' id='word_1_160' title='bbox 2442 738 2687 800; x_wconf 89' lang='lat' dir='ltr'><strong>apparet.</strong></span> <span class='ocrx_word' id='word_1_161' title='bbox 2720 729 2776 784; x_wconf 92' lang='lat' dir='ltr'><strong>lu</strong></span> <span class='ocrx_word' id='word_1_162' title='bbox 2797 727 2984 801; x_wconf 88' lang='lat' dir='ltr'><strong>priore</strong></span> <span class='ocrx_word' id='word_1_163' title='bbox 3008 728 3171 798; x_wconf 81' lang='lat' dir='ltr'><strong>igitur</strong></span> <span class='ocrx_word' id='word_1_164' title='bbox 3191 737 3342 796; x_wconf 91' lang='lat' dir='ltr'><strong>parte</strong></span> <span class='ocrx_word' id='word_1_165' title='bbox 3360 727 3502 795; x_wconf 84' lang='lat' dir='ltr'><strong>inter</strong></span> <span class='ocrx_word' id='word_1_166' title='bbox 3515 741 3575 782; x_wconf 89' lang='lat' dir='ltr'><strong>se</strong></span> <span class='ocrx_word' id='word_1_167' title='bbox 3593 724 3850 782; x_wconf 72' lang='lat' dir='ltr'><strong>differunt</strong></span> 
     </span>
    </p>
   </div>
   <div class='ocr_carea' id='block_1_25' title="bbox 2266 818 3823 890">
    <p class='ocr_par' dir='ltr' id='par_1_25' title="bbox 2266 818 3823 890">
     <span class='ocr_line' id='line_1_25' title="bbox 2266 818 3823 890; baseline -0.002 -16"><span class='ocrx_word' id='word_1_168' title='bbox 2266 820 2418 887; x_wconf 71' lang='lat' dir='ltr'><strong>libri;</strong></span> <span class='ocrx_word' id='word_1_169' title='bbox 2455 823 2682 876; x_wconf 89' lang='lat' dir='ltr'><strong>alteram</strong></span> <span class='ocrx_word' id='word_1_170' title='bbox 2720 830 2926 890; x_wconf 89' lang='lat' dir='ltr'><strong>partem</strong></span> <span class='ocrx_word' id='word_1_171' title='bbox 2968 820 3036 874; x_wconf 89' lang='lat' dir='ltr'><strong>ad</strong></span> <span class='ocrx_word' id='word_1_172' title='bbox 3085 818 3338 873; x_wconf 79' lang='lat' dir='ltr'><strong>Wazonis</strong></span> <span class='ocrx_word' id='word_1_173' title='bbox 3387 828 3619 872; x_wconf 87' lang='lat' dir='ltr'><strong>mortem</strong></span> <span class='ocrx_word' id='word_1_174' title='bbox 3654 833 3823 888; x_wconf 88' lang='lat' dir='ltr'><strong>usque</strong></span> 
     </span>
    </p>
   </div>
   <div class='ocr_carea' id='block_1_26' title="bbox 2266 908 3843 982">
    <p class='ocr_par' dir='ltr' id='par_1_26' title="bbox 2266 908 3843 982">
     <span class='ocr_line' id='line_1_26' title="bbox 2266 908 3843 982; baseline -0.001 -18"><span class='ocrx_word' id='word_1_175' title='bbox 2266 910 2550 966; x_wconf 90' lang='lat' dir='ltr'><strong>deductam</strong></span> <span class='ocrx_word' id='word_1_176' title='bbox 2595 911 2650 965; x_wconf 91' lang='lat' dir='ltr'><strong>in</strong></span> <span class='ocrx_word' id='word_1_177' title='bbox 2694 921 2926 982; x_wconf 89' lang='lat' dir='ltr'><strong>utroque</strong></span> <span class='ocrx_word' id='word_1_178' title='bbox 2971 908 3135 964; x_wconf 78' lang='lat' dir='ltr'><strong>fuisse</strong></span> <span class='ocrx_word' id='word_1_179' title='bbox 3171 908 3416 964; x_wconf 87' lang='lat' dir='ltr'><strong>eamdem</strong></span> <span class='ocrx_word' id='word_1_180' title='bbox 3457 924 3621 964; x_wconf 87' lang='lat' dir='ltr'><strong>nemo</strong></span> <span class='ocrx_word' id='word_1_181' title='bbox 3672 918 3843 976; x_wconf 82' lang='lat' dir='ltr'><strong>neget.</strong></span> 
     </span>
    </p>
   </div>
   <div class='ocr_carea' id='block_1_27' title="bbox 2267 998 3849 1073">
    <p class='ocr_par' dir='ltr' id='par_1_27' title="bbox 2267 998 3849 1073">
     <span class='ocr_line' id='line_1_27' title="bbox 2267 998 3849 1073; baseline -0.002 -17"><span class='ocrx_word' id='word_1_182' title='bbox 2267 1002 2541 1072; x_wconf 84' lang='lat' dir='ltr'><strong>D‘uplicem</strong></span> <span class='ocrx_word' id='word_1_183' title='bbox 2571 1003 2736 1073; x_wconf 81' lang='lat' dir='ltr'><strong>igitur</strong></span> <span class='ocrx_word' id='word_1_184' title='bbox 2767 1002 2892 1056; x_wconf 90' lang='lat' dir='ltr'><strong>libri</strong></span> <span class='ocrx_word' id='word_1_185' title='bbox 2921 1001 3004 1056; x_wconf 91' lang='lat' dir='ltr'><strong>sui</strong></span> <span class='ocrx_word' id='word_1_186' title='bbox 3035 1008 3241 1055; x_wconf 86' lang='lat' dir='ltr'><strong>textum</strong></span> <span class='ocrx_word' id='word_1_187' title='bbox 3267 1000 3556 1054; x_wconf 80' lang='lat' dir='ltr'><strong>Anselmus</strong></span> <span class='ocrx_word' id='word_1_188' title='bbox 3579 1001 3636 1054; x_wconf 91' lang='lat' dir='ltr'><strong>in</strong></span> <span class='ocrx_word' id='word_1_189' title='bbox 3678 998 3849 1053; x_wconf 86' lang='lat' dir='ltr'><strong>lucem</strong></span> 
     </span>
    </p>
   </div>
   <div class='ocr_carea' id='block_1_28' title="bbox 2267 1089 3851 1162">
    <p class='ocr_par' dir='ltr' id='par_1_28' title="bbox 2267 1089 3851 1162">
     <span class='ocr_line' id='line_1_28' title="bbox 2267 1089 3851 1162; baseline -0.004 -15"><span class='ocrx_word' id='word_1_190' title='bbox 2267 1093 2466 1158; x_wconf 87' lang='lat' dir='ltr'><strong>edidit;</strong></span> <span class='ocrx_word' id='word_1_191' title='bbox 2494 1107 2655 1147; x_wconf 86' lang='lat' dir='ltr'><strong>unam</strong></span> <span class='ocrx_word' id='word_1_192' title='bbox 2687 1092 2982 1162; x_wconf 81' lang='lat' dir='ltr'><strong>editionem</strong></span> <span class='ocrx_word' id='word_1_193' title='bbox 3005 1091 3270 1161; x_wconf 75' lang='lat' dir='ltr'><strong>integram</strong></span> <span class='ocrx_word' id='word_1_194' title='bbox 3293 1099 3347 1144; x_wconf 90' lang='lat' dir='ltr'><strong>et</strong></span> <span class='ocrx_word' id='word_1_195' title='bbox 3364 1089 3653 1154; x_wconf 82' lang='lat' dir='ltr'><strong>illibatam,</strong></span> <span class='ocrx_word' id='word_1_196' title='bbox 3673 1103 3851 1142; x_wconf 88' lang='lat' dir='ltr'><strong>rerum</strong></span> 
     </span>
    </p>
   </div>
   <div class='ocr_carea' id='block_1_29' title="bbox 2269 1180 3855 1253">
    <p class='ocr_par' dir='ltr' id='par_1_29' title="bbox 2269 1180 3855 1253">
     <span class='ocr_line' id='line_1_29' title="bbox 2269 1180 3855 1253; baseline -0.003 -15"><span class='ocrx_word' id='word_1_197' title='bbox 2269 1183 2648 1240; x_wconf 79' lang='lat' dir='ltr'><strong>Leodiensium</strong></span> <span class='ocrx_word' id='word_1_198' title='bbox 2697 1183 2854 1253; x_wconf 89' lang='lat' dir='ltr'><strong>quasi</strong></span> <span class='ocrx_word' id='word_1_199' title='bbox 2918 1198 3137 1252; x_wconf 92' lang='lat' dir='ltr'><strong>corpus,</strong></span> <span class='ocrx_word' id='word_1_200' title='bbox 3167 1180 3386 1237; x_wconf 88' lang='lat' dir='ltr'><strong>Annoni</strong></span> <span class='ocrx_word' id='word_1_201' title='bbox 3439 1180 3855 1249; x_wconf 77' lang='lat' dir='ltr'><strong>metropolitano</strong></span> 
     </span>
    </p>
   </div>
   <div class='ocr_carea' id='block_1_30' title="bbox 2269 1268 3844 1336">
    <p class='ocr_par' dir='ltr' id='par_1_30' title="bbox 2269 1268 3844 1336">
     <span class='ocr_line' id='line_1_30' title="bbox 2269 1268 3844 1336; baseline -0.003 -10"><span class='ocrx_word' id='word_1_202' title='bbox 2269 1273 2486 1336; x_wconf 77' lang='lat' dir='ltr'><strong>dicavit;</strong></span> <span class='ocrx_word' id='word_1_203' title='bbox 2514 1271 2841 1328; x_wconf 87' lang='lat' dir='ltr'><strong>succinctam</strong></span> <span class='ocrx_word' id='word_1_204' title='bbox 2869 1271 3121 1336; x_wconf 86' lang='lat' dir='ltr'><strong>alteram,</strong></span> <span class='ocrx_word' id='word_1_205' title='bbox 3151 1268 3565 1325; x_wconf 87' lang='lat' dir='ltr'><strong>utsatisfaceret</strong></span> <span class='ocrx_word' id='word_1_206' title='bbox 3583 1269 3844 1322; x_wconf 71' lang='lat' dir='ltr'><strong>adhorta—</strong></span> 
     </span>
    </p>
   </div>
   <div class='ocr_carea' id='block_1_31' title="bbox 2272 1359 3852 1431">
    <p class='ocr_par' dir='ltr' id='par_1_31' title="bbox 2272 1359 3852 1431">
     <span class='ocr_line' id='line_1_31' title="bbox 2272 1359 3852 1431; baseline -0.004 -13"><span class='ocrx_word' id='word_1_207' title='bbox 2272 1363 2525 1428; x_wconf 90' lang='lat' dir='ltr'><strong>tionibus,</strong></span> <span class='ocrx_word' id='word_1_208' title='bbox 2543 1363 2645 1417; x_wconf 72' lang='lat' dir='ltr'><strong>lda:</strong></span> <span class='ocrx_word' id='word_1_209' title='bbox 2667 1363 2953 1418; x_wconf 76' lang='lat' dir='ltr'><strong>abbatissae</strong></span> <span class='ocrx_word' id='word_1_210' title='bbox 2969 1361 3113 1415; x_wconf 80' lang='lat' dir='ltr'><strong>misit</strong></span> <span class='ocrx_word' id='word_1_211' title='bbox 3127 1359 3432 1431; x_wconf 74' lang='lat' dir='ltr'><strong>(l50).Qu;e</strong></span> <span class='ocrx_word' id='word_1_212' title='bbox 3445 1360 3551 1413; x_wconf 91' lang='lat' dir='ltr'><strong>duo</strong></span> <span class='ocrx_word' id='word_1_213' title='bbox 3568 1359 3687 1413; x_wconf 60' lang='lat' dir='ltr'><strong>bare</strong></span> <span class='ocrx_word' id='word_1_214' title='bbox 3708 1360 3775 1412; x_wconf 89' lang='lat' dir='ltr'><strong>ab</strong></span> <span class='ocrx_word' id='word_1_215' title='bbox 3791 1373 3852 1411; x_wconf 84' lang='lat' dir='ltr'><strong>eo</strong></span> 
     </span>
    </p>
   </div>
   <div class='ocr_carea' id='block_1_32' title="bbox 2270 1448 3850 1525">
    <p class='ocr_par' dir='ltr' id='par_1_32' title="bbox 2270 1448 3850 1525">
     <span class='ocr_line' id='line_1_32' title="bbox 2270 1448 3850 1525; baseline -0.004 -16"><span class='ocrx_word' id='word_1_216' title='bbox 2270 1456 2520 1525; x_wconf 90' lang='lat' dir='ltr'><strong>petierat,</strong></span> <span class='ocrx_word' id='word_1_217' title='bbox 2548 1465 2605 1508; x_wconf 93' lang='lat' dir='ltr'><strong>ut</strong></span> <span class='ocrx_word' id='word_1_218' title='bbox 2625 1454 2690 1509; x_wconf 90' lang='lat' dir='ltr'><strong>de</strong></span> <span class='ocrx_word' id='word_1_219' title='bbox 2713 1453 2770 1508; x_wconf 89' lang='lat' dir='ltr'><strong>S.</strong></span> <span class='ocrx_word' id='word_1_220' title='bbox 2795 1452 3352 1524; x_wconf 78' lang='lat' dir='ltr'><strong>EbergisoTungrensi</strong></span> <span class='ocrx_word' id='word_1_221' title='bbox 3383 1451 3663 1520; x_wconf 85' lang='lat' dir='ltr'><strong>episcOpo,</strong></span> <span class='ocrx_word' id='word_1_222' title='bbox 3699 1448 3850 1516; x_wconf 85' lang='lat' dir='ltr'><strong>cujus</strong></span> 
     </span>
    </p>
   </div>
   <div class='ocr_carea' id='block_1_33' title="bbox 2271 1542 3851 1614">
    <p class='ocr_par' dir='ltr' id='par_1_33' title="bbox 2271 1542 3851 1614">
     <span class='ocr_line' id='line_1_33' title="bbox 2271 1542 3851 1614; baseline -0.005 -12"><span class='ocrx_word' id='word_1_223' title='bbox 2271 1547 2482 1602; x_wconf 90' lang='lat' dir='ltr'><strong>cineres</strong></span> <span class='ocrx_word' id='word_1_224' title='bbox 2512 1547 2634 1603; x_wconf 88' lang='lat' dir='ltr'><strong>inde</strong></span> <span class='ocrx_word' id='word_1_225' title='bbox 2663 1564 2691 1601; x_wconf 91' lang='lat' dir='ltr'><strong>a</strong></span> <span class='ocrx_word' id='word_1_226' title='bbox 2723 1549 2780 1602; x_wconf 86' lang='lat' dir='ltr'><strong>S.</strong></span> <span class='ocrx_word' id='word_1_227' title='bbox 2825 1547 3094 1602; x_wconf 88' lang='lat' dir='ltr'><strong>Brnnonis</strong></span> <span class='ocrx_word' id='word_1_228' title='bbox 3130 1545 3466 1614; x_wconf 78' lang='lat' dir='ltr'><strong>temporibus</strong></span> <span class='ocrx_word' id='word_1_229' title='bbox 3515 1543 3572 1596; x_wconf 88' lang='lat' dir='ltr'><strong>in</strong></span> <span class='ocrx_word' id='word_1_230' title='bbox 3599 1543 3718 1612; x_wconf 93' lang='lat' dir='ltr'><strong>ipso</strong></span> <span class='ocrx_word' id='word_1_231' title='bbox 3768 1542 3851 1595; x_wconf 88' lang='lat' dir='ltr'><strong>illo</strong></span> 
     </span>
    </p>
   </div>
   <div class='ocr_carea' id='block_1_34' title="bbox 593 1615 2181 1707">
    <p class='ocr_par' dir='ltr' id='par_1_34' title="bbox 593 1626 2164 1700">
     <span class='ocr_line' id='line_1_34' title="bbox 593 1626 2164 1700; baseline 0.004 -20"><span class='ocrx_word' id='word_1_232' title='bbox 593 1627 675 1681; x_wconf 90' lang='lat' dir='ltr'><strong>dri</strong></span> <span class='ocrx_word' id='word_1_233' title='bbox 708 1626 934 1682; x_wconf 90' lang='lat' dir='ltr'><strong>alterum</strong></span> <span class='ocrx_word' id='word_1_234' title='bbox 954 1629 1233 1684; x_wconf 90' lang='lat' dir='ltr'><strong>dimidium</strong></span> <span class='ocrx_word' id='word_1_235' title='bbox 1253 1630 1583 1700; x_wconf 69' lang='lat' dir='ltr'><strong>praefatiouis</strong></span> <span class='ocrx_word' id='word_1_236' title='bbox 1608 1630 1728 1686; x_wconf 89' lang='lat' dir='ltr'><strong>libri</strong></span> <span class='ocrx_word' id='word_1_237' title='bbox 1756 1632 1999 1688; x_wconf 89' lang='lat' dir='ltr'><strong>secundi.</strong></span> <span class='ocrx_word' id='word_1_238' title='bbox 2022 1633 2164 1699; x_wconf 58' lang='lat' dir='ltr'><strong>Quo.</strong></span> 
     </span>
    </p>
   </div>
   <div class='ocr_carea' id='block_1_35' title="bbox 2279 1615 3847 1707">
    <p class='ocr_par' dir='ltr' id='par_1_35' title="bbox 2279 1637 3847 1707">
     <span class='ocr_line' id='line_1_35' title="bbox 2279 1637 3847 1707; baseline -0.003 -11"><span class='ocrx_word' id='word_1_239' title='bbox 2279 1643 2602 1698; x_wconf 88' lang='lat' dir='ltr'><strong>monasterio</strong></span> <span class='ocrx_word' id='word_1_240' title='bbox 2625 1643 2999 1707; x_wconf 76' lang='lat' dir='ltr'><strong>servabantur,</strong></span> <span class='ocrx_word' id='word_1_241' title='bbox 3033 1640 3289 1696; x_wconf 89' lang='lat' dir='ltr'><strong>nonnulla</strong></span> <span class='ocrx_word' id='word_1_242' title='bbox 3320 1638 3515 1693; x_wconf 87' lang='lat' dir='ltr'><strong>litteris</strong></span> <span class='ocrx_word' id='word_1_243' title='bbox 3549 1637 3847 1699; x_wconf 81' lang='lat' dir='ltr'><strong>mandaret,</strong></span> 
     </span>
    </p>
   </div>
   <div class='ocr_carea' id='block_1_36' title="bbox 595 1720 2166 1791">
    <p class='ocr_par' dir='ltr' id='par_1_36' title="bbox 595 1720 2166 1791">
     <span class='ocr_line' id='line_1_36' title="bbox 595 1720 2166 1791; baseline 0.004 -20"><span class='ocrx_word' id='word_1_244' title='bbox 595 1733 716 1772; x_wconf 87' lang='lat' dir='ltr'><strong>rum</strong></span> <span class='ocrx_word' id='word_1_245' title='bbox 740 1729 966 1791; x_wconf 85' lang='lat' dir='ltr'><strong>uterque</strong></span> <span class='ocrx_word' id='word_1_246' title='bbox 993 1720 1039 1775; x_wconf 91' lang='lat' dir='ltr'><strong>si</strong></span> <span class='ocrx_word' id='word_1_247' title='bbox 1069 1735 1164 1776; x_wconf 88' lang='lat' dir='ltr'><strong>sua</strong></span> <span class='ocrx_word' id='word_1_248' title='bbox 1189 1722 1288 1776; x_wconf 86' lang='lat' dir='ltr'><strong>sibi</strong></span> <span class='ocrx_word' id='word_1_249' title='bbox 1314 1723 1616 1787; x_wconf 81' lang='lat' dir='ltr'><strong>vindicarit,</strong></span> <span class='ocrx_word' id='word_1_250' title='bbox 1644 1723 1776 1778; x_wconf 87' lang='lat' dir='ltr'><strong>nihil</strong></span> <span class='ocrx_word' id='word_1_251' title='bbox 1801 1723 1902 1778; x_wconf 85' lang='lat' dir='ltr'><strong>nisi</strong></span> <span class='ocrx_word' id='word_1_252' title='bbox 1936 1724 2166 1778; x_wconf 83' lang='lat' dir='ltr'><strong>mendax</strong></span> 
     </span>
    </p>
   </div>
   <div class='ocr_carea' id='block_1_37' title="bbox 597 1810 2166 1882">
    <p class='ocr_par' dir='ltr' id='par_1_37' title="bbox 597 1810 2166 1882">
     <span class='ocr_line' id='line_1_37' title="bbox 597 1810 2166 1882; baseline 0.004 -18"><span class='ocrx_word' id='word_1_253' title='bbox 597 1810 689 1864; x_wconf 91' lang='lat' dir='ltr'><strong>illa</strong></span> <span class='ocrx_word' id='word_1_254' title='bbox 741 1811 808 1866; x_wconf 88' lang='lat' dir='ltr'><strong>ad</strong></span> <span class='ocrx_word' id='word_1_255' title='bbox 859 1811 1142 1866; x_wconf 84' lang='lat' dir='ltr'><strong>Annonem</strong></span> <span class='ocrx_word' id='word_1_256' title='bbox 1192 1813 1438 1882; x_wconf 88' lang='lat' dir='ltr'><strong>epistola,</strong></span> <span class='ocrx_word' id='word_1_257' title='bbox 1488 1814 1819 1882; x_wconf 77' lang='lat' dir='ltr'><strong>przefationis</strong></span> <span class='ocrx_word' id='word_1_258' title='bbox 1860 1814 1928 1869; x_wconf 93' lang='lat' dir='ltr'><strong>ad</strong></span> <span class='ocrx_word' id='word_1_259' title='bbox 1970 1814 2166 1871; x_wconf 90' lang='lat' dir='ltr'><strong>librum</strong></span> 
     </span>
    </p>
   </div>
   <div class='ocr_carea' id='block_1_38' title="bbox 593 1902 2170 1977">
    <p class='ocr_par' dir='ltr' id='par_1_38' title="bbox 593 1902 2170 1977">
     <span class='ocr_line' id='line_1_38' title="bbox 593 1902 2170 1977; baseline 0.005 -23"><span class='ocrx_word' id='word_1_260' title='bbox 593 1902 889 1956; x_wconf 89' lang='lat' dir='ltr'><strong>secundum</strong></span> <span class='ocrx_word' id='word_1_261' title='bbox 914 1902 1132 1956; x_wconf 88' lang='lat' dir='ltr'><strong>dimidia</strong></span> <span class='ocrx_word' id='word_1_262' title='bbox 1149 1918 1274 1972; x_wconf 88' lang='lat' dir='ltr'><strong>pars</strong></span> <span class='ocrx_word' id='word_1_263' title='bbox 1287 1905 1436 1973; x_wconf 91' lang='lat' dir='ltr'><strong>prior</strong></span> <span class='ocrx_word' id='word_1_264' title='bbox 1455 1914 1508 1960; x_wconf 92' lang='lat' dir='ltr'><strong>et</strong></span> <span class='ocrx_word' id='word_1_265' title='bbox 1533 1905 1772 1977; x_wconf 90' lang='lat' dir='ltr'><strong>capitum</strong></span> <span class='ocrx_word' id='word_1_266' title='bbox 1792 1905 2170 1977; x_wconf 89' lang='lat' dir='ltr'><strong>inscriptiones</strong></span> 
     </span>
    </p>
   </div>
   <div class='ocr_carea' id='block_1_39' title="bbox 594 1991 2172 2066">
    <p class='ocr_par' dir='ltr' id='par_1_39' title="bbox 594 1991 2172 2066">
     <span class='ocr_line' id='line_1_39' title="bbox 594 1991 2172 2066; baseline 0.005 -22"><span class='ocrx_word' id='word_1_267' title='bbox 594 1991 912 2063; x_wconf 86' lang='lat' dir='ltr'><strong>presbytero</strong></span> <span class='ocrx_word' id='word_1_268' title='bbox 928 1992 993 2046; x_wconf 90' lang='lat' dir='ltr'><strong>A.</strong></span> <span class='ocrx_word' id='word_1_269' title='bbox 1014 2007 1080 2047; x_wconf 89' lang='lat' dir='ltr'><strong>ex</strong></span> <span class='ocrx_word' id='word_1_270' title='bbox 1108 1992 1247 2048; x_wconf 87' lang='lat' dir='ltr'><strong>ﬁctis</strong></span> <span class='ocrx_word' id='word_1_271' title='bbox 1270 1994 1374 2049; x_wconf 92' lang='lat' dir='ltr'><strong>illis</strong></span> <span class='ocrx_word' id='word_1_272' title='bbox 1396 1995 1598 2051; x_wconf 85' lang='lat' dir='ltr'><strong>divitiis</strong></span> <span class='ocrx_word' id='word_1_273' title='bbox 1622 1996 1836 2066; x_wconf 88' lang='lat' dir='ltr'><strong>propria</strong></span> <span class='ocrx_word' id='word_1_274' title='bbox 1859 1997 2172 2066; x_wconf 86' lang='lat' dir='ltr'><strong>relinquun-</strong></span> 
     </span>
    </p>
   </div>
   <div class='ocr_carea' id='block_1_40' title="bbox 595 2087 2172 2160">
    <p class='ocr_par' dir='ltr' id='par_1_40' title="bbox 595 2087 2172 2160">
     <span class='ocr_line' id='line_1_40' title="bbox 595 2087 2172 2160; baseline 0.006 -22"><span class='ocrx_word' id='word_1_275' title='bbox 595 2096 704 2150; x_wconf 91' lang='lat' dir='ltr'><strong>tur,</strong></span> <span class='ocrx_word' id='word_1_276' title='bbox 735 2087 946 2142; x_wconf 64' lang='lat' dir='ltr'><strong>miserae</strong></span> <span class='ocrx_word' id='word_1_277' title='bbox 975 2087 1128 2155; x_wconf 90' lang='lat' dir='ltr'><strong>quasi</strong></span> <span class='ocrx_word' id='word_1_278' title='bbox 1159 2087 1392 2151; x_wconf 75' lang='lat' dir='ltr'><strong>Iaeinim,</strong></span> <span class='ocrx_word' id='word_1_279' title='bbox 1418 2090 1615 2157; x_wconf 90' lang='lat' dir='ltr'><strong>quibus</strong></span> <span class='ocrx_word' id='word_1_280' title='bbox 1643 2105 1766 2143; x_wconf 92' lang='lat' dir='ltr'><strong>eum</strong></span> <span class='ocrx_word' id='word_1_281' title='bbox 1800 2099 1911 2144; x_wconf 88' lang='lat' dir='ltr'><strong>tam</strong></span> <span class='ocrx_word' id='word_1_282' title='bbox 1941 2090 2172 2160; x_wconf 87' lang='lat' dir='ltr'><strong>superbe</strong></span> 
     </span>
    </p>
   </div>
   <div class='ocr_carea' id='block_1_41' title="bbox 599 2178 2171 2248">
    <p class='ocr_par' dir='ltr' id='par_1_41' title="bbox 599 2178 2171 2248">
     <span class='ocr_line' id='line_1_41' title="bbox 599 2178 2171 2248; baseline 0.003 -18"><span class='ocrx_word' id='word_1_283' title='bbox 599 2192 658 2230; x_wconf 87' lang='lat' dir='ltr'><strong>se</strong></span> <span class='ocrx_word' id='word_1_284' title='bbox 687 2179 918 2246; x_wconf 79' lang='lat' dir='ltr'><strong>gessisse</strong></span> <span class='ocrx_word' id='word_1_285' title='bbox 945 2179 1035 2231; x_wconf 92' lang='lat' dir='ltr'><strong>vix</strong></span> <span class='ocrx_word' id='word_1_286' title='bbox 1057 2178 1244 2232; x_wconf 90' lang='lat' dir='ltr'><strong>credat</strong></span> <span class='ocrx_word' id='word_1_287' title='bbox 1272 2179 1488 2248; x_wconf 87' lang='lat' dir='ltr'><strong>aliquis.</strong></span> <span class='ocrx_word' id='word_1_288' title='bbox 1521 2180 1651 2248; x_wconf 75' lang='lat' dir='ltr'><strong>Qua:</strong></span> <span class='ocrx_word' id='word_1_289' title='bbox 1676 2181 1858 2234; x_wconf 91' lang='lat' dir='ltr'><strong>omnia</strong></span> <span class='ocrx_word' id='word_1_290' title='bbox 1889 2181 1932 2235; x_wconf 90' lang='lat' dir='ltr'><strong>si</strong></span> <span class='ocrx_word' id='word_1_291' title='bbox 1962 2195 2171 2235; x_wconf 89' lang='lat' dir='ltr'><strong>mecum</strong></span> 
     </span>
    </p>
   </div>
   <div class='ocr_carea' id='block_1_42' title="bbox 597 2267 2170 2335">
    <p class='ocr_par' dir='ltr' id='par_1_42' title="bbox 597 2267 2170 2335">
     <span class='ocr_line' id='line_1_42' title="bbox 597 2267 2170 2335; baseline 0.004 -15"><span class='ocrx_word' id='word_1_292' title='bbox 597 2267 882 2321; x_wconf 82' lang='lat' dir='ltr'><strong>considero</strong></span> <span class='ocrx_word' id='word_1_293' title='bbox 912 2276 1021 2321; x_wconf 90' lang='lat' dir='ltr'><strong>tam</strong></span> <span class='ocrx_word' id='word_1_294' title='bbox 1061 2269 1336 2323; x_wconf 89' lang='lat' dir='ltr'><strong>contraria</strong></span> <span class='ocrx_word' id='word_1_295' title='bbox 1364 2278 1419 2324; x_wconf 91' lang='lat' dir='ltr'><strong>et</strong></span> <span class='ocrx_word' id='word_1_296' title='bbox 1448 2269 1534 2324; x_wconf 91' lang='lat' dir='ltr'><strong>vix</strong></span> <span class='ocrx_word' id='word_1_297' title='bbox 1568 2270 1710 2324; x_wconf 89' lang='lat' dir='ltr'><strong>inter</strong></span> <span class='ocrx_word' id='word_1_298' title='bbox 1731 2285 1790 2324; x_wconf 91' lang='lat' dir='ltr'><strong>se</strong></span> <span class='ocrx_word' id='word_1_299' title='bbox 1811 2271 2170 2335; x_wconf 68' lang='lat' dir='ltr'><strong>concilianda,</strong></span> 
     </span>
    </p>
   </div>
   <div class='ocr_carea' id='block_1_43' title="bbox 601 2359 2172 2432">
    <p class='ocr_par' dir='ltr' id='par_1_43' title="bbox 601 2359 2172 2432">
     <span class='ocr_line' id='line_1_43' title="bbox 601 2359 2172 2432; baseline 0.004 -19"><span class='ocrx_word' id='word_1_300' title='bbox 601 2361 669 2413; x_wconf 86' lang='lat' dir='ltr'><strong>ab</strong></span> <span class='ocrx_word' id='word_1_301' title='bbox 689 2359 869 2413; x_wconf 89' lang='lat' dir='ltr'><strong>animo</strong></span> <span class='ocrx_word' id='word_1_302' title='bbox 892 2366 1179 2428; x_wconf 79' lang='lat' dir='ltr'><strong>impetrare</strong></span> <span class='ocrx_word' id='word_1_303' title='bbox 1199 2375 1304 2415; x_wconf 95' lang='lat' dir='ltr'><strong>non</strong></span> <span class='ocrx_word' id='word_1_304' title='bbox 1327 2377 1546 2432; x_wconf 90' lang='lat' dir='ltr'><strong>possum</strong></span> <span class='ocrx_word' id='word_1_305' title='bbox 1581 2363 1708 2432; x_wconf 92' lang='lat' dir='ltr'><strong>quin</strong></span> <span class='ocrx_word' id='word_1_306' title='bbox 1739 2373 1975 2418; x_wconf 85' lang='lat' dir='ltr'><strong>statuam</strong></span> <span class='ocrx_word' id='word_1_307' title='bbox 2010 2365 2172 2420; x_wconf 89' lang='lat' dir='ltr'><strong>alium</strong></span> 
     </span>
    </p>
   </div>
   <div class='ocr_carea' id='block_1_44' title="bbox 598 2449 2176 2526">
    <p class='ocr_par' dir='ltr' id='par_1_44' title="bbox 598 2449 2176 2526">
     <span class='ocr_line' id='line_1_44' title="bbox 598 2449 2176 2526; baseline 0.004 -21"><span class='ocrx_word' id='word_1_308' title='bbox 598 2465 719 2506; x_wconf 86' lang='lat' dir='ltr'><strong>esse</strong></span> <span class='ocrx_word' id='word_1_309' title='bbox 746 2449 1135 2517; x_wconf 86' lang='lat' dir='ltr'><strong>Alexandrum,</strong></span> <span class='ocrx_word' id='word_1_310' title='bbox 1167 2451 1331 2506; x_wconf 89' lang='lat' dir='ltr'><strong>alium</strong></span> <span class='ocrx_word' id='word_1_311' title='bbox 1371 2452 1744 2524; x_wconf 88' lang='lat' dir='ltr'><strong>presbyterum</strong></span> <span class='ocrx_word' id='word_1_312' title='bbox 1775 2455 1921 2509; x_wconf 91' lang='lat' dir='ltr'><strong>illum</strong></span> <span class='ocrx_word' id='word_1_313' title='bbox 1961 2456 2053 2520; x_wconf 86' lang='lat' dir='ltr'><strong>A.,</strong></span> <span class='ocrx_word' id='word_1_314' title='bbox 2085 2458 2176 2526; x_wconf 88' lang='lat' dir='ltr'><strong>qui</strong></span> 
     </span>
    </p>
   </div>
   <div class='ocr_carea' id='block_1_45' title="bbox 572 2529 2179 2616">
    <p class='ocr_par' dir='ltr' id='par_1_45' title="bbox 572 2529 2179 2616">
     <span class='ocr_line' id='line_1_45' title="bbox 572 2529 2179 2616; baseline 0.004 -22"><span class='ocrx_word' id='word_1_315' title='bbox 572 2529 575 2536; x_wconf 77' lang='grc'><em>’</em></span> <span class='ocrx_word' id='word_1_316' title='bbox 601 2540 813 2596; x_wconf 88' lang='lat' dir='ltr'><strong>litteras</strong></span> <span class='ocrx_word' id='word_1_317' title='bbox 840 2542 905 2595; x_wconf 88' lang='lat' dir='ltr'><strong>ad</strong></span> <span class='ocrx_word' id='word_1_318' title='bbox 937 2542 1220 2597; x_wconf 85' lang='lat' dir='ltr'><strong>Annonem</strong></span> <span class='ocrx_word' id='word_1_319' title='bbox 1244 2543 1450 2599; x_wconf 85' lang='lat' dir='ltr'><strong>dederit</strong></span> <span class='ocrx_word' id='word_1_320' title='bbox 1478 2561 1490 2596; x_wconf 87' lang='lat'><strong>:</strong></span> <span class='ocrx_word' id='word_1_321' title='bbox 1517 2545 1625 2600; x_wconf 86' lang='lat' dir='ltr'><strong>imo</strong></span> <span class='ocrx_word' id='word_1_322' title='bbox 1651 2560 1791 2602; x_wconf 91' lang='lat' dir='ltr'><strong>unus</strong></span> <span class='ocrx_word' id='word_1_323' title='bbox 1818 2555 1903 2601; x_wconf 90' lang='lat' dir='ltr'><strong>est</strong></span> <span class='ocrx_word' id='word_1_324' title='bbox 1931 2547 2179 2616; x_wconf 85' lang='lat' dir='ltr'><strong>idemque</strong></span> 
     </span>
    </p>
   </div>
   <div class='ocr_carea' id='block_1_46' title="bbox 604 2621 2181 2710">
    <p class='ocr_par' dir='ltr' id='par_1_46' title="bbox 604 2621 2181 2710">
     <span class='ocr_line' id='line_1_46' title="bbox 604 2621 2181 2710; baseline 0.006 -23"><span class='ocrx_word' id='word_1_325' title='bbox 604 2642 814 2688; x_wconf 89' lang='lat' dir='ltr'><strong>auctor.</strong></span> <span class='ocrx_word' id='word_1_326' title='bbox 842 2621 993 2701; x_wconf 87' lang='lat' dir='ltr'><strong>Quod</strong></span> <span class='ocrx_word' id='word_1_327' title='bbox 1027 2635 1068 2689; x_wconf 92' lang='lat' dir='ltr'><strong>si</strong></span> <span class='ocrx_word' id='word_1_328' title='bbox 1102 2637 1474 2699; x_wconf 83' lang='lat' dir='ltr'><strong>statuerimus,</strong></span> <span class='ocrx_word' id='word_1_329' title='bbox 1504 2646 1626 2707; x_wconf 88' lang='lat' dir='ltr'><strong>post</strong></span> <span class='ocrx_word' id='word_1_330' title='bbox 1655 2652 1716 2693; x_wconf 89' lang='lat' dir='ltr'><strong>ea</strong></span> <span class='ocrx_word' id='word_1_331' title='bbox 1751 2653 1871 2709; x_wconf 66' lang='lat' dir='ltr'><strong>qua:</strong></span> <span class='ocrx_word' id='word_1_332' title='bbox 1917 2655 2076 2710; x_wconf 89' lang='lat' dir='ltr'><strong>supra</strong></span> <span class='ocrx_word' id='word_1_333' title='bbox 2115 2640 2181 2696; x_wconf 89' lang='lat' dir='ltr'><strong>de</strong></span> 
     </span>
    </p>
   </div>
   <div class='ocr_carea' id='block_1_47' title="bbox 601 2725 2182 2801">
    <p class='ocr_par' dir='ltr' id='par_1_47' title="bbox 601 2725 2182 2801">
     <span class='ocr_line' id='line_1_47' title="bbox 601 2725 2182 2801; baseline 0.003 -23"><span class='ocrx_word' id='word_1_334' title='bbox 601 2725 876 2780; x_wconf 81' lang='lat' dir='ltr'><strong>codicibus</strong></span> <span class='ocrx_word' id='word_1_335' title='bbox 899 2727 1100 2782; x_wconf 90' lang='lat' dir='ltr'><strong>nostris</strong></span> <span class='ocrx_word' id='word_1_336' title='bbox 1135 2727 1390 2794; x_wconf 84' lang='lat' dir='ltr'><strong>diximus,</strong></span> <span class='ocrx_word' id='word_1_337' title='bbox 1420 2743 1578 2784; x_wconf 92' lang='lat' dir='ltr'><strong>nemo</strong></span> <span class='ocrx_word' id='word_1_338' title='bbox 1603 2728 1755 2784; x_wconf 83' lang='lat' dir='ltr'><strong>facile</strong></span> <span class='ocrx_word' id='word_1_339' title='bbox 1785 2730 1940 2786; x_wconf 90' lang='lat' dir='ltr'><strong>nobis</strong></span> <span class='ocrx_word' id='word_1_340' title='bbox 1964 2746 2182 2801; x_wconf 84' lang='lat' dir='ltr'><strong>persua-</strong></span> 
     </span>
    </p>
   </div>
   <div class='ocr_carea' id='block_1_48' title="bbox 603 2809 2184 2878">
    <p class='ocr_par' dir='ltr' id='par_1_48' title="bbox 603 2809 2184 2878">
     <span class='ocr_line' id='line_1_48' title="bbox 603 2809 2184 2878; baseline 0.003 -8"><span class='ocrx_word' id='word_1_341' title='bbox 603 2817 750 2872; x_wconf 85' lang='lat' dir='ltr'><strong>debit</strong></span> <span class='ocrx_word' id='word_1_342' title='bbox 786 2809 1079 2874; x_wconf 80' lang='lat' dir='ltr'><strong>Alexandri</strong></span> <span class='ocrx_word' id='word_1_343' title='bbox 1133 2834 1328 2874; x_wconf 92' lang='lat' dir='ltr'><strong>nomen</strong></span> <span class='ocrx_word' id='word_1_344' title='bbox 1383 2821 1590 2876; x_wconf 89' lang='lat' dir='ltr'><strong>auctori</strong></span> <span class='ocrx_word' id='word_1_345' title='bbox 1630 2821 1812 2878; x_wconf 83' lang='lat' dir='ltr'><strong>fuisse.</strong></span> <span class='ocrx_word' id='word_1_346' title='bbox 1865 2820 2040 2877; x_wconf 90' lang='lat' dir='ltr'><strong>Unum</strong></span> <span class='ocrx_word' id='word_1_347' title='bbox 2075 2822 2184 2876; x_wconf 79' lang='lat' dir='ltr'><strong>Au-</strong></span> 
     </span>
    </p>
   </div>
   <div class='ocr_carea' id='block_1_49' title="bbox 2268 1729 3854 1802">
    <p class='ocr_par' dir='ltr' id='par_1_49' title="bbox 2268 1729 3854 1802">
     <span class='ocr_line' id='line_1_49' title="bbox 2268 1729 3854 1802; baseline -0.004 -15"><span class='ocrx_word' id='word_1_348' title='bbox 2268 1748 2442 1802; x_wconf 90' lang='lat' dir='ltr'><strong>ncque</strong></span> <span class='ocrx_word' id='word_1_349' title='bbox 2462 1735 2639 1788; x_wconf 90' lang='lat' dir='ltr'><strong>minus</strong></span> <span class='ocrx_word' id='word_1_350' title='bbox 2659 1734 2726 1789; x_wconf 88' lang='lat' dir='ltr'><strong>de</strong></span> <span class='ocrx_word' id='word_1_351' title='bbox 2739 1734 2998 1796; x_wconf 81' lang='lat' dir='ltr'><strong>Wazone,</strong></span> <span class='ocrx_word' id='word_1_352' title='bbox 3019 1732 3319 1788; x_wconf 88' lang='lat' dir='ltr'><strong>clarissimo</strong></span> <span class='ocrx_word' id='word_1_353' title='bbox 3332 1729 3545 1799; x_wconf 67' lang='lat' dir='ltr'><strong>aequali.</strong></span> <span class='ocrx_word' id='word_1_354' title='bbox 3568 1731 3729 1792; x_wconf 69' lang='lat' dir='ltr'><strong>cuius</strong></span> <span class='ocrx_word' id='word_1_355' title='bbox 3745 1743 3854 1781; x_wconf 83' lang='lat' dir='ltr'><strong>ma-</strong></span> 
     </span>
    </p>
   </div>
   <div class='ocr_carea' id='block_1_50' title="bbox 2268 1819 3856 1896">
    <p class='ocr_par' dir='ltr' id='par_1_50' title="bbox 2268 1819 3856 1896">
     <span class='ocr_line' id='line_1_50' title="bbox 2268 1819 3856 1896; baseline -0.006 -20"><span class='ocrx_word' id='word_1_356' title='bbox 2268 1839 2370 1896; x_wconf 73' lang='lat' dir='ltr'><strong>gna</strong></span> <span class='ocrx_word' id='word_1_357' title='bbox 2401 1824 2542 1880; x_wconf 89' lang='lat' dir='ltr'><strong>fama</strong></span> <span class='ocrx_word' id='word_1_358' title='bbox 2571 1825 2638 1878; x_wconf 90' lang='lat' dir='ltr'><strong>ad</strong></span> <span class='ocrx_word' id='word_1_359' title='bbox 2666 1824 2834 1894; x_wconf 89' lang='lat' dir='ltr'><strong>ipsam</strong></span> <span class='ocrx_word' id='word_1_360' title='bbox 2857 1823 3060 1894; x_wconf 88' lang='lat' dir='ltr'><strong>perlata</strong></span> <span class='ocrx_word' id='word_1_361' title='bbox 3081 1821 3408 1892; x_wconf 74' lang='lat' dir='ltr'><strong>esset(l51).</strong></span> <span class='ocrx_word' id='word_1_362' title='bbox 3426 1821 3644 1874; x_wconf 88' lang='lat' dir='ltr'><strong>Illarum</strong></span> <span class='ocrx_word' id='word_1_363' title='bbox 3668 1819 3856 1872; x_wconf 86' lang='lat' dir='ltr'><strong>editio-</strong></span> 
     </span>
    </p>
   </div>
   <div class='ocr_carea' id='block_1_51' title="bbox 2269 1911 3852 1976">
    <p class='ocr_par' dir='ltr' id='par_1_51' title="bbox 2269 1911 3852 1976">
     <span class='ocr_line' id='line_1_51' title="bbox 2269 1911 3852 1976; baseline -0.008 -5"><span class='ocrx_word' id='word_1_364' title='bbox 2269 1931 2397 1971; x_wconf 89' lang='lat' dir='ltr'><strong>num</strong></span> <span class='ocrx_word' id='word_1_365' title='bbox 2425 1925 2599 1969; x_wconf 90' lang='lat' dir='ltr'><strong>utram</strong></span> <span class='ocrx_word' id='word_1_366' title='bbox 2627 1931 2723 1971; x_wconf 92' lang='lat' dir='ltr'><strong>nos</strong></span> <span class='ocrx_word' id='word_1_367' title='bbox 2742 1915 3038 1970; x_wconf 84' lang='lat' dir='ltr'><strong>habeamus</strong></span> <span class='ocrx_word' id='word_1_368' title='bbox 3065 1915 3117 1968; x_wconf 93' lang='lat' dir='ltr'><strong>in</strong></span> <span class='ocrx_word' id='word_1_369' title='bbox 3150 1912 3420 1975; x_wconf 88' lang='lat' dir='ltr'><strong>manibus,</strong></span> <span class='ocrx_word' id='word_1_370' title='bbox 3450 1911 3584 1965; x_wconf 88' lang='lat' dir='ltr'><strong>satis</strong></span> <span class='ocrx_word' id='word_1_371' title='bbox 3608 1917 3852 1976; x_wconf 83' lang='lat' dir='ltr'><strong>apertum</strong></span> 
     </span>
    </p>
   </div>
   <div class='ocr_carea' id='block_1_52' title="bbox 2270 2001 3849 2076">
    <p class='ocr_par' dir='ltr' id='par_1_52' title="bbox 2270 2001 3849 2076">
     <span class='ocr_line' id='line_1_52' title="bbox 2270 2001 3849 2076; baseline -0.01 -12"><span class='ocrx_word' id='word_1_372' title='bbox 2270 2022 2388 2064; x_wconf 88' lang='lat' dir='ltr'><strong>esse</strong></span> <span class='ocrx_word' id='word_1_373' title='bbox 2419 2007 2586 2062; x_wconf 81' lang='lat' dir='ltr'><strong>videri</strong></span> <span class='ocrx_word' id='word_1_374' title='bbox 2618 2007 2816 2076; x_wconf 85' lang='lat' dir='ltr'><strong>possit;</strong></span> <span class='ocrx_word' id='word_1_375' title='bbox 2841 2005 2932 2060; x_wconf 88' lang='lat' dir='ltr'><strong>sed</strong></span> <span class='ocrx_word' id='word_1_376' title='bbox 2965 2014 3215 2059; x_wconf 87' lang='lat' dir='ltr'><strong>neutram</strong></span> <span class='ocrx_word' id='word_1_377' title='bbox 3235 2017 3332 2056; x_wconf 75' lang='lat' dir='ltr'><strong>nos</strong></span> <span class='ocrx_word' id='word_1_378' title='bbox 3360 2001 3566 2056; x_wconf 79' lang='lat' dir='ltr'><strong>habere</strong></span> <span class='ocrx_word' id='word_1_379' title='bbox 3592 2006 3849 2068; x_wconf 87' lang='lat' dir='ltr'><strong>apparet;</strong></span> 
     </span>
    </p>
   </div>
   <div class='ocr_carea' id='block_1_53' title="bbox 2271 2091 3854 2170">
    <p class='ocr_par' dir='ltr' id='par_1_53' title="bbox 2271 2091 3854 2170">
     <span class='ocr_line' id='line_1_53' title="bbox 2271 2091 3854 2170; baseline -0.009 -15"><span class='ocrx_word' id='word_1_380' title='bbox 2271 2108 2355 2156; x_wconf 86' lang='lat' dir='ltr'><strong>est</strong></span> <span class='ocrx_word' id='word_1_381' title='bbox 2381 2099 2559 2170; x_wconf 89' lang='lat' dir='ltr'><strong>potius</strong></span> <span class='ocrx_word' id='word_1_382' title='bbox 2587 2113 2655 2152; x_wconf 93' lang='lat' dir='ltr'><strong>ex</strong></span> <span class='ocrx_word' id='word_1_383' title='bbox 2687 2098 2896 2151; x_wconf 90' lang='lat' dir='ltr'><strong>duabus</strong></span> <span class='ocrx_word' id='word_1_384' title='bbox 2917 2096 3048 2151; x_wconf 87' lang='lat' dir='ltr'><strong>satis</strong></span> <span class='ocrx_word' id='word_1_385' title='bbox 3071 2095 3391 2150; x_wconf 88' lang='lat' dir='ltr'><strong>inconcinne</strong></span> <span class='ocrx_word' id='word_1_386' title='bbox 3429 2091 3642 2146; x_wconf 90' lang='lat' dir='ltr'><strong>libellus</strong></span> <span class='ocrx_word' id='word_1_387' title='bbox 3671 2097 3854 2143; x_wconf 85' lang='lat' dir='ltr'><strong>noster</strong></span> 
     </span>
    </p>
   </div>
   <div class='ocr_carea' id='block_1_54' title="bbox 2273 2181 3850 2262">
    <p class='ocr_par' dir='ltr' id='par_1_54' title="bbox 2273 2181 3850 2262">
     <span class='ocr_line' id='line_1_54' title="bbox 2273 2181 3850 2262; baseline -0.01 -16"><span class='ocrx_word' id='word_1_388' title='bbox 2273 2189 2625 2259; x_wconf 88' lang='lat' dir='ltr'><strong>compositus.</strong></span> <span class='ocrx_word' id='word_1_389' title='bbox 2657 2188 2794 2255; x_wconf 82' lang='lat' dir='ltr'><strong>Quid</strong></span> <span class='ocrx_word' id='word_1_390' title='bbox 2817 2189 2960 2243; x_wconf 91' lang='lat' dir='ltr'><strong>enim</strong></span> <span class='ocrx_word' id='word_1_391' title='bbox 2990 2187 3093 2262; x_wconf 73' lang='lat' dir='ltr'><strong>sibi</strong></span> <span class='ocrx_word' id='word_1_392' title='bbox 3121 2185 3248 2240; x_wconf 85' lang='lat' dir='ltr'><strong>velit</strong></span> <span class='ocrx_word' id='word_1_393' title='bbox 3286 2182 3548 2252; x_wconf 82' lang='lat' dir='ltr'><strong>particula</strong></span> <span class='ocrx_word' id='word_1_394' title='bbox 3589 2181 3680 2234; x_wconf 88' lang='lat' dir='ltr'><strong>illa</strong></span> <span class='ocrx_word' id='word_1_395' title='bbox 3709 2193 3850 2248; x_wconf 79' lang='lat' dir='ltr'><strong>pra:-</strong></span> 
     </span>
    </p>
   </div>
   <div class='ocr_carea' id='block_1_55' title="bbox 2275 2268 3854 2348">
    <p class='ocr_par' dir='ltr' id='par_1_55' title="bbox 2275 2268 3854 2348">
     <span class='ocr_line' id='line_1_55' title="bbox 2275 2268 3854 2348; baseline -0.009 -12"><span class='ocrx_word' id='word_1_396' title='bbox 2275 2281 2495 2337; x_wconf 88' lang='lat' dir='ltr'><strong>fationis</strong></span> <span class='ocrx_word' id='word_1_397' title='bbox 2534 2282 2600 2336; x_wconf 88' lang='lat' dir='ltr'><strong>ad</strong></span> <span class='ocrx_word' id='word_1_398' title='bbox 2644 2281 2792 2335; x_wconf 86' lang='lat' dir='ltr'><strong>Idam</strong></span> <span class='ocrx_word' id='word_1_399' title='bbox 2819 2280 3140 2348; x_wconf 76' lang='lat' dir='ltr'><strong>conscripta:</strong></span> <span class='ocrx_word' id='word_1_400' title='bbox 3175 2278 3228 2331; x_wconf 85' lang='lat' dir='ltr'><strong>in</strong></span> <span class='ocrx_word' id='word_1_401' title='bbox 3253 2277 3388 2330; x_wconf 88' lang='lat' dir='ltr'><strong>libro</strong></span> <span class='ocrx_word' id='word_1_402' title='bbox 3437 2289 3597 2344; x_wconf 87' lang='lat' dir='ltr'><strong>quem</strong></span> <span class='ocrx_word' id='word_1_403' title='bbox 3638 2268 3854 2324; x_wconf 84' lang='lat' dir='ltr'><strong>Annoni</strong></span> 
     </span>
    </p>
   </div>
   <div class='ocr_carea' id='block_1_56' title="bbox 2276 2359 3858 2440">
    <p class='ocr_par' dir='ltr' id='par_1_56' title="bbox 2276 2359 3858 2440">
     <span class='ocr_line' id='line_1_56' title="bbox 2276 2359 3858 2440; baseline -0.009 -14"><span class='ocrx_word' id='word_1_404' title='bbox 2276 2382 2466 2427; x_wconf 90' lang='lat' dir='ltr'><strong>auctor</strong></span> <span class='ocrx_word' id='word_1_405' title='bbox 2497 2371 2666 2437; x_wconf 90' lang='lat' dir='ltr'><strong>misit,</strong></span> <span class='ocrx_word' id='word_1_406' title='bbox 2690 2370 2936 2440; x_wconf 88' lang='lat' dir='ltr'><strong>profecto</strong></span> <span class='ocrx_word' id='word_1_407' title='bbox 2992 2383 3100 2422; x_wconf 90' lang='lat' dir='ltr'><strong>non</strong></span> <span class='ocrx_word' id='word_1_408' title='bbox 3155 2364 3441 2437; x_wconf 90' lang='lat' dir='ltr'><strong>perspicio.</strong></span> <span class='ocrx_word' id='word_1_409' title='bbox 3486 2361 3674 2429; x_wconf 52' lang='lat' dir='ltr'><strong>Neque</strong></span> <span class='ocrx_word' id='word_1_410' title='bbox 3707 2359 3858 2412; x_wconf 81' lang='lat' dir='ltr'><strong>\ideo</strong></span> 
     </span>
    </p>
   </div>
   <div class='ocr_carea' id='block_1_57' title="bbox 2277 2451 3859 2531">
    <p class='ocr_par' dir='ltr' id='par_1_57' title="bbox 2277 2451 3859 2531">
     <span class='ocr_line' id='line_1_57' title="bbox 2277 2451 3859 2531; baseline -0.011 -11"><span class='ocrx_word' id='word_1_411' title='bbox 2277 2481 2374 2521; x_wconf 89' lang='lat' dir='ltr'><strong>cur</strong></span> <span class='ocrx_word' id='word_1_412' title='bbox 2407 2463 2696 2519; x_wconf 89' lang='lat' dir='ltr'><strong>Anselmus</strong></span> <span class='ocrx_word' id='word_1_413' title='bbox 2712 2463 2957 2523; x_wconf 86' lang='lat' dir='ltr'><strong>eamdem</strong></span> <span class='ocrx_word' id='word_1_414' title='bbox 2980 2459 3350 2531; x_wconf 66' lang='lat' dir='ltr'><strong>praefationem</strong></span> <span class='ocrx_word' id='word_1_415' title='bbox 3370 2499 3385 2523; x_wconf 95' lang='lat'><strong>,</strong></span> <span class='ocrx_word' id='word_1_416' title='bbox 3408 2471 3570 2525; x_wconf 89' lang='lat' dir='ltr'><strong>quam</strong></span> <span class='ocrx_word' id='word_1_417' title='bbox 3602 2453 3656 2508; x_wconf 92' lang='lat' dir='ltr'><strong>in</strong></span> <span class='ocrx_word' id='word_1_418' title='bbox 3696 2451 3859 2506; x_wconf 85' lang='lat' dir='ltr'><strong>totius</strong></span> 
     </span>
    </p>
   </div>
   <div class='ocr_carea' id='block_1_58' title="bbox 2244 2547 3856 2628">
    <p class='ocr_par' dir='ltr' id='par_1_58' title="bbox 2244 2547 3856 2628">
     <span class='ocr_line' id='line_1_58' title="bbox 2244 2547 3856 2628; baseline -0.011 -16"><span class='ocrx_word' id='word_1_419' title='bbox 2244 2581 2246 2583; x_wconf 43' lang='grc'>&gt;</span> <span class='ocrx_word' id='word_1_420' title='bbox 2279 2558 2458 2628; x_wconf 90' lang='lat' dir='ltr'><strong>operis</strong></span> <span class='ocrx_word' id='word_1_421' title='bbox 2484 2557 2660 2612; x_wconf 87' lang='lat' dir='ltr'><strong>fronte</strong></span> <span class='ocrx_word' id='word_1_422' title='bbox 2690 2556 2850 2611; x_wconf 89' lang='lat' dir='ltr'><strong>edere</strong></span> <span class='ocrx_word' id='word_1_423' title='bbox 2872 2554 3132 2615; x_wconf 82' lang='lat' dir='ltr'><strong>debebat,</strong></span> <span class='ocrx_word' id='word_1_424' title='bbox 3162 2559 3222 2605; x_wconf 93' lang='lat' dir='ltr'><strong>ut</strong></span> <span class='ocrx_word' id='word_1_425' title='bbox 3247 2549 3409 2605; x_wconf 82' lang='lat' dir='ltr'><strong>verba</strong></span> <span class='ocrx_word' id='word_1_426' title='bbox 3437 2550 3550 2618; x_wconf 83' lang='lat' dir='ltr'><strong>ipsa</strong></span> <span class='ocrx_word' id='word_1_427' title='bbox 3602 2547 3856 2614; x_wconf 80' lang='lat' dir='ltr'><strong>probant,</strong></span> 
     </span>
    </p>
   </div>
   <div class='ocr_carea' id='block_1_59' title="bbox 2282 2638 3860 2719">
    <p class='ocr_par' dir='ltr' id='par_1_59' title="bbox 2282 2638 3860 2719">
     <span class='ocr_line' id='line_1_59' title="bbox 2282 2638 3860 2719; baseline -0.011 -15"><span class='ocrx_word' id='word_1_428' title='bbox 2282 2649 2419 2706; x_wconf 91' lang='lat' dir='ltr'><strong>libro</strong></span> <span class='ocrx_word' id='word_1_429' title='bbox 2441 2649 2681 2705; x_wconf 86' lang='lat' dir='ltr'><strong>secundo</strong></span> <span class='ocrx_word' id='word_1_430' title='bbox 2700 2646 3011 2719; x_wconf 64' lang='lat' dir='ltr'><strong>praetixerit.</strong></span> <span class='ocrx_word' id='word_1_431' title='bbox 3034 2643 3136 2698; x_wconf 76' lang='lat' dir='ltr'><strong>V&#39;ix</strong></span> <span class='ocrx_word' id='word_1_432' title='bbox 3158 2656 3288 2698; x_wconf 90' lang='lat' dir='ltr'><strong>sane</strong></span> <span class='ocrx_word' id='word_1_433' title='bbox 3329 2641 3458 2696; x_wconf 88' lang='lat' dir='ltr'><strong>mihi</strong></span> <span class='ocrx_word' id='word_1_434' title='bbox 3481 2638 3860 2708; x_wconf 87' lang='lat' dir='ltr'><strong>persuadeam,</strong></span> 
     </span>
    </p>
   </div>
   <div class='ocr_carea' id='block_1_60' title="bbox 2283 2727 3861 2812">
    <p class='ocr_par' dir='ltr' id='par_1_60' title="bbox 2283 2727 3861 2812">
     <span class='ocr_line' id='line_1_60' title="bbox 2283 2727 3861 2812; baseline -0.013 -15"><span class='ocrx_word' id='word_1_435' title='bbox 2283 2741 2482 2812; x_wconf 90' lang='lat' dir='ltr'><strong>duplici</strong></span> <span class='ocrx_word' id='word_1_436' title='bbox 2526 2749 2714 2812; x_wconf 87' lang='lat' dir='ltr'><strong>parata</strong></span> <span class='ocrx_word' id='word_1_437' title='bbox 2743 2738 3004 2802; x_wconf 81' lang='lat' dir='ltr'><strong>editione,</strong></span> <span class='ocrx_word' id='word_1_438' title='bbox 3041 2742 3315 2790; x_wconf 90' lang='lat' dir='ltr'><strong>auctorem</strong></span> <span class='ocrx_word' id='word_1_439' title='bbox 3362 2731 3536 2800; x_wconf 81' lang='lat' dir='ltr'><strong>ipsum</strong></span> <span class='ocrx_word' id='word_1_440' title='bbox 3585 2729 3724 2781; x_wconf 87' lang='lat' dir='ltr'><strong>duas</strong></span> <span class='ocrx_word' id='word_1_441' title='bbox 3747 2727 3861 2777; x_wconf 76' lang='lat' dir='ltr'><strong>illas</strong></span> 
     </span>
    </p>
   </div>
   <div class='ocr_carea' id='block_1_61' title="bbox 2283 2812 3861 2887">
    <p class='ocr_par' dir='ltr' id='par_1_61' title="bbox 2283 2812 3861 2887">
     <span class='ocr_line' id='line_1_61' title="bbox 2283 2812 3861 2887; baseline -0.013 0"><span class='ocrx_word' id='word_1_442' title='bbox 2283 2833 2546 2887; x_wconf 83' lang='lat' dir='ltr'><strong>editiones</strong></span> <span class='ocrx_word' id='word_1_443' title='bbox 2579 2831 2632 2885; x_wconf 93' lang='lat' dir='ltr'><strong>in</strong></span> <span class='ocrx_word' id='word_1_444' title='bbox 2672 2844 2835 2883; x_wconf 90' lang='lat' dir='ltr'><strong>unam</strong></span> <span class='ocrx_word' id='word_1_445' title='bbox 2881 2840 2988 2880; x_wconf 88' lang='lat' dir='ltr'><strong>tam</strong></span> <span class='ocrx_word' id='word_1_446' title='bbox 3045 2817 3716 2879; x_wconf 87' lang='lat' dir='ltr'><strong>inconsultocoufudisse.</strong></span> <span class='ocrx_word' id='word_1_447' title='bbox 3760 2812 3861 2866; x_wconf 77' lang='lat' dir='ltr'><strong>No-</strong></span> 
     </span>
    </p>
   </div>
   <div class='ocr_carea' id='block_1_62' title="bbox 607 2899 3864 3012">
    <p class='ocr_par' dir='ltr' id='par_1_62' title="bbox 607 2899 3864 3012">
     <span class='ocr_line' id='line_1_62' title="bbox 607 2899 3864 3012; baseline 0 -49"><span class='ocrx_word' id='word_1_448' title='bbox 607 2908 839 2963; x_wconf 83' lang='lat' dir='ltr'><strong>selmum</strong></span> <span class='ocrx_word' id='word_1_449' title='bbox 883 2899 1044 2964; x_wconf 81' lang='lat' dir='ltr'><strong>Gesta</strong></span> <span class='ocrx_word' id='word_1_450' title='bbox 1081 2910 1461 2980; x_wconf 89' lang='lat' dir='ltr'><strong>episcoporum</strong></span> <span class='ocrx_word' id='word_1_451' title='bbox 1496 2909 1871 2966; x_wconf 81' lang='lat' dir='ltr'><strong>Lcodicnsium</strong></span> <span class='ocrx_word' id='word_1_452' title='bbox 1907 2912 2185 2979; x_wconf 77' lang='lat' dir='ltr'><strong>scripsisse</strong></span> <span class='ocrx_word' id='word_1_453' title='bbox 2212 2950 2258 3012; x_wconf 60' lang='grc' dir='ltr'>Ε</span> <span class='ocrx_word' id='word_1_454' title='bbox 2288 2939 2519 2996; x_wconf 57' lang='lat' dir='ltr'><strong>&quot;mque</strong></span> <span class='ocrx_word' id='word_1_455' title='bbox 2573 2931 2756 2978; x_wconf 58' lang='lat' dir='ltr'><strong>move;</strong></span> <span class='ocrx_word' id='word_1_456' title='bbox 2802 2917 3214 2982; x_wconf 67' lang='lat' dir='ltr'><strong>dubitationem,</strong></span> <span class='ocrx_word' id='word_1_457' title='bbox 3265 2913 3405 2983; x_wconf 87' lang='lat' dir='ltr'><strong>quod</strong></span> <span class='ocrx_word' id='word_1_458' title='bbox 3447 2912 3498 2966; x_wconf 92' lang='lat' dir='ltr'><strong>in</strong></span> <span class='ocrx_word' id='word_1_459' title='bbox 3542 2907 3864 2980; x_wconf 62' lang='lat' dir='ltr'><strong>prafatione</strong></span> 
     </span>
    </p>
   </div>
   <div class='ocr_carea' id='block_1_63' title="bbox 608 2997 2184 3078">
    <p class='ocr_par' dir='ltr' id='par_1_63' title="bbox 608 2997 2184 3078">
     <span class='ocr_line' id='line_1_63' title="bbox 608 2997 2184 3078; baseline 0.003 -22"><span class='ocrx_word' id='word_1_460' title='bbox 608 3002 923 3074; x_wconf 77' lang='lat' dir='ltr'><strong>Sigebcrtus</strong></span> <span class='ocrx_word' id='word_1_461' title='bbox 946 3005 1122 3075; x_wconf 72' lang='lat' dir='ltr'>(MO),</span> <span class='ocrx_word' id='word_1_462' title='bbox 1138 3004 1384 3076; x_wconf 66' lang='lat' dir='ltr'><strong>Egidius</strong></span> <span class='ocrx_word' id='word_1_463' title='bbox 1399 2997 1593 3060; x_wconf 68' lang='lat' dir='ltr'><strong>Aurem</strong></span> <span class='ocrx_word' id='word_1_464' title='bbox 1616 3007 1771 3062; x_wconf 87' lang='lat' dir='ltr'><strong>vallis</strong></span> <span class='ocrx_word' id='word_1_465' title='bbox 1785 3023 1835 3061; x_wconf 90' lang='lat' dir='ltr'><strong>a.</strong></span> <span class='ocrx_word' id='word_1_466' title='bbox 1857 3007 1981 3062; x_wconf 72' lang='lat' dir='ltr'><strong>l25l</strong></span> <span class='ocrx_word' id='word_1_467' title='bbox 2011 3007 2184 3078; x_wconf 73' lang='lat' dir='ltr'>(N7),</span> 
     </span>
    </p>
   </div>
   <div class='ocr_carea' id='block_1_64' title="bbox 607 3093 2188 3169">
    <p class='ocr_par' dir='ltr' id='par_1_64' title="bbox 607 3093 2188 3169">
     <span class='ocr_line' id='line_1_64' title="bbox 607 3093 2188 3169; baseline 0.004 -22"><span class='ocrx_word' id='word_1_468' title='bbox 607 3093 841 3150; x_wconf 80' lang='lat' dir='ltr'><strong>Joannes</strong></span> <span class='ocrx_word' id='word_1_469' title='bbox 855 3095 1189 3151; x_wconf 86' lang='lat' dir='ltr'><strong>Stabnlensis</strong></span> <span class='ocrx_word' id='word_1_470' title='bbox 1213 3097 1579 3166; x_wconf 64' lang='grc' dir='ltr'><strong>(148)ο.1130</strong></span> <span class='ocrx_word' id='word_1_471' title='bbox 1607 3107 1662 3152; x_wconf 92' lang='lat' dir='ltr'><strong>et</strong></span> <span class='ocrx_word' id='word_1_472' title='bbox 1688 3099 1777 3152; x_wconf 90' lang='lat' dir='ltr'><strong>alii</strong></span> <span class='ocrx_word' id='word_1_473' title='bbox 1799 3098 1945 3169; x_wconf 72' lang='lat' dir='ltr'>(HQ)</span> <span class='ocrx_word' id='word_1_474' title='bbox 1972 3099 2188 3153; x_wconf 89' lang='lat' dir='ltr'><strong>disertis</strong></span> 
     </span>
    </p>
   </div>
   <div class='ocr_carea' id='block_1_65' title="bbox 611 3186 2189 3259">
    <p class='ocr_par' dir='ltr' id='par_1_65' title="bbox 611 3186 2189 3259">
     <span class='ocr_line' id='line_1_65' title="bbox 611 3186 2189 3259; baseline 0.004 -21"><span class='ocrx_word' id='word_1_475' title='bbox 611 3186 792 3241; x_wconf 74' lang='lat' dir='ltr'><strong>verbis</strong></span> <span class='ocrx_word' id='word_1_476' title='bbox 819 3187 1079 3256; x_wconf 89' lang='lat' dir='ltr'><strong>probant;</strong></span> <span class='ocrx_word' id='word_1_477' title='bbox 1104 3188 1168 3242; x_wconf 89' lang='lat' dir='ltr'><strong>de</strong></span> <span class='ocrx_word' id='word_1_478' title='bbox 1198 3188 1369 3241; x_wconf 90' lang='lat' dir='ltr'><strong>altero</strong></span> <span class='ocrx_word' id='word_1_479' title='bbox 1400 3203 1468 3243; x_wconf 90' lang='lat' dir='ltr'><strong>ne</strong></span> <span class='ocrx_word' id='word_1_480' title='bbox 1492 3189 1714 3242; x_wconf 89' lang='lat' dir='ltr'><strong>verbum</strong></span> <span class='ocrx_word' id='word_1_481' title='bbox 1741 3188 1976 3259; x_wconf 85' lang='lat' dir='ltr'><strong>quidem.</strong></span> <span class='ocrx_word' id='word_1_482' title='bbox 2002 3187 2189 3257; x_wconf 82' lang='lat' dir='ltr'><strong>Itaque</strong></span> 
     </span>
    </p>
   </div>
   <div class='ocr_carea' id='block_1_66' title="bbox 613 3263 2190 3350">
    <p class='ocr_par' dir='ltr' id='par_1_66' title="bbox 613 3263 2190 3350">
     <span class='ocr_line' id='line_1_66' title="bbox 613 3263 2190 3350; baseline 0.004 -22"><span class='ocrx_word' id='word_1_483' title='bbox 613 3276 774 3330; x_wconf 86' lang='lat' dir='ltr'><strong>abeat</strong></span> <span class='ocrx_word' id='word_1_484' title='bbox 823 3263 1036 3332; x_wconf 87' lang='lat' dir='ltr'><strong>tandem</strong></span> <span class='ocrx_word' id='word_1_485' title='bbox 1086 3277 1318 3333; x_wconf 89' lang='lat' dir='ltr'><strong>infelicis</strong></span> <span class='ocrx_word' id='word_1_486' title='bbox 1361 3279 1559 3336; x_wconf 91' lang='lat' dir='ltr'><strong>ominis</strong></span> <span class='ocrx_word' id='word_1_487' title='bbox 1605 3279 1908 3334; x_wconf 87' lang='lat' dir='ltr'><strong>Alexander</strong></span> <span class='ocrx_word' id='word_1_488' title='bbox 1963 3278 2071 3345; x_wconf 92' lang='lat' dir='ltr'><strong>ille,</strong></span> <span class='ocrx_word' id='word_1_489' title='bbox 2098 3279 2190 3350; x_wconf 88' lang='lat' dir='ltr'><strong>qui</strong></span> 
     </span>
    </p>
   </div>
   <div class='ocr_carea' id='block_1_67' title="bbox 616 3366 2051 3424">
    <p class='ocr_par' dir='ltr' id='par_1_67' title="bbox 616 3366 2051 3424">
     <span class='ocr_line' id='line_1_67' title="bbox 616 3366 2051 3424; baseline 0.003 -6"><span class='ocrx_word' id='word_1_490' title='bbox 616 3375 820 3420; x_wconf 84' lang='lat' dir='ltr'><strong>tantam</strong></span> <span class='ocrx_word' id='word_1_491' title='bbox 853 3366 904 3420; x_wconf 91' lang='lat' dir='ltr'><strong>in</strong></span> <span class='ocrx_word' id='word_1_492' title='bbox 937 3383 1047 3422; x_wconf 89' lang='lat' dir='ltr'><strong>rem</strong></span> <span class='ocrx_word' id='word_1_493' title='bbox 1074 3368 1394 3424; x_wconf 85' lang='lat' dir='ltr'><strong>litterariam</strong></span> <span class='ocrx_word' id='word_1_494' title='bbox 1422 3369 1792 3424; x_wconf 77' lang='lat' dir='ltr'><strong>confusionem</strong></span> <span class='ocrx_word' id='word_1_495' title='bbox 1827 3368 2051 3424; x_wconf 89' lang='lat' dir='ltr'><strong>invexit.</strong></span> 
     </span>
    </p>
   </div>
   <div class='ocr_carea' id='block_1_68' title="bbox 691 3454 2193 3528">
    <p class='ocr_par' dir='ltr' id='par_1_68' title="bbox 691 3454 2193 3528">
     <span class='ocr_line' id='line_1_68' title="bbox 691 3454 2193 3528; baseline 0.004 -20"><span class='ocrx_word' id='word_1_496' title='bbox 691 3454 903 3526; x_wconf 88' lang='lat' dir='ltr'><strong>Duplici</strong></span> <span class='ocrx_word' id='word_1_497' title='bbox 949 3467 1170 3514; x_wconf 88' lang='lat' dir='ltr'><strong>auclore</strong></span> <span class='ocrx_word' id='word_1_498' title='bbox 1208 3459 1325 3528; x_wconf 86' lang='lat' dir='ltr'><strong>jam</strong></span> <span class='ocrx_word' id='word_1_499' title='bbox 1352 3475 1384 3515; x_wconf 92' lang='lat' dir='ltr'><strong>e</strong></span> <span class='ocrx_word' id='word_1_500' title='bbox 1424 3459 1603 3514; x_wconf 86' lang='lat' dir='ltr'><strong>modio</strong></span> <span class='ocrx_word' id='word_1_501' title='bbox 1642 3457 1875 3522; x_wconf 88' lang='lat' dir='ltr'><strong>sublato,</strong></span> <span class='ocrx_word' id='word_1_502' title='bbox 1925 3459 2193 3526; x_wconf 86' lang='lat' dir='ltr'><strong>quomodo</strong></span> 
     </span>
    </p>
   </div>
   <div class='ocr_carea' id='block_1_69' title="bbox 617 3545 2192 3616">
    <p class='ocr_par' dir='ltr' id='par_1_69' title="bbox 617 3545 2192 3616">
     <span class='ocr_line' id='line_1_69' title="bbox 617 3545 2192 3616; baseline 0 -15"><span class='ocrx_word' id='word_1_503' title='bbox 617 3545 814 3616; x_wconf 91' lang='lat' dir='ltr'><strong>duplex</strong></span> <span class='ocrx_word' id='word_1_504' title='bbox 862 3545 998 3602; x_wconf 90' lang='lat' dir='ltr'><strong>liber</strong></span> <span class='ocrx_word' id='word_1_505' title='bbox 1027 3548 1094 3602; x_wconf 91' lang='lat' dir='ltr'><strong>de</strong></span> <span class='ocrx_word' id='word_1_506' title='bbox 1131 3549 1321 3604; x_wconf 91' lang='lat' dir='ltr'><strong>iisdem</strong></span> <span class='ocrx_word' id='word_1_507' title='bbox 1378 3549 1542 3603; x_wconf 88' lang='lat' dir='ltr'><strong>rebus</strong></span> <span class='ocrx_word' id='word_1_508' title='bbox 1589 3547 1767 3604; x_wconf 88' lang='lat' dir='ltr'><strong>Gestis</strong></span> <span class='ocrx_word' id='word_1_509' title='bbox 1813 3545 2192 3602; x_wconf 87' lang='lat' dir='ltr'><strong>Leodiensium</strong></span> 
     </span>
    </p>
   </div>
   <div class='ocr_carea' id='block_1_70' title="bbox 619 3639 2193 3713">
    <p class='ocr_par' dir='ltr' id='par_1_70' title="bbox 619 3639 2193 3713">
     <span class='ocr_line' id='line_1_70' title="bbox 619 3639 2193 3713; baseline -0.001 -19"><span class='ocrx_word' id='word_1_510' title='bbox 619 3641 989 3713; x_wconf 86' lang='lat' dir='ltr'><strong>episcoporum</strong></span> <span class='ocrx_word' id='word_1_511' title='bbox 1037 3643 1106 3698; x_wconf 79' lang='lat' dir='ltr'><strong>ab</strong></span> <span class='ocrx_word' id='word_1_512' title='bbox 1170 3641 1359 3697; x_wconf 89' lang='lat' dir='ltr'><strong>eodem</strong></span> <span class='ocrx_word' id='word_1_513' title='bbox 1421 3639 1686 3696; x_wconf 85' lang='lat' dir='ltr'><strong>conscribi</strong></span> <span class='ocrx_word' id='word_1_514' title='bbox 1748 3639 2006 3708; x_wconf 85' lang='lat' dir='ltr'><strong>potuerit.</strong></span> <span class='ocrx_word' id='word_1_515' title='bbox 2055 3653 2193 3693; x_wconf 86' lang='lat' dir='ltr'><strong>nova</strong></span> 
     </span>
    </p>
   </div>
   <div class='ocr_carea' id='block_1_71' title="bbox 620 3728 2195 3802">
    <p class='ocr_par' dir='ltr' id='par_1_71' title="bbox 620 3728 2195 3802">
     <span class='ocr_line' id='line_1_71' title="bbox 620 3728 2195 3802; baseline -0.001 -17"><span class='ocrx_word' id='word_1_516' title='bbox 620 3733 866 3788; x_wconf 88' lang='lat' dir='ltr'><strong>exoritur</strong></span> <span class='ocrx_word' id='word_1_517' title='bbox 905 3733 1155 3802; x_wconf 65' lang='lat' dir='ltr'><strong>quaestio.</strong></span> <span class='ocrx_word' id='word_1_518' title='bbox 1204 3732 1337 3788; x_wconf 88' lang='lat' dir='ltr'><strong>Nam</strong></span> <span class='ocrx_word' id='word_1_519' title='bbox 1367 3732 1474 3788; x_wconf 92' lang='lat' dir='ltr'><strong>duo</strong></span> <span class='ocrx_word' id='word_1_520' title='bbox 1517 3733 1588 3786; x_wconf 90' lang='lat' dir='ltr'><strong>illi</strong></span> <span class='ocrx_word' id='word_1_521' title='bbox 1626 3739 1747 3801; x_wconf 90' lang='lat' dir='ltr'><strong>post</strong></span> <span class='ocrx_word' id='word_1_522' title='bbox 1787 3728 2098 3800; x_wconf 74' lang='lat' dir='ltr'><strong>llerigerum</strong></span> <span class='ocrx_word' id='word_1_523' title='bbox 2127 3729 2195 3784; x_wconf 91' lang='lat' dir='ltr'><strong>de</strong></span> 
     </span>
    </p>
   </div>
   <div class='ocr_carea' id='block_1_72' title="bbox 620 3821 2194 3894">
    <p class='ocr_par' dir='ltr' id='par_1_72' title="bbox 620 3821 2194 3894">
     <span class='ocr_line' id='line_1_72' title="bbox 620 3821 2194 3894; baseline -0.002 -17"><span class='ocrx_word' id='word_1_524' title='bbox 620 3824 782 3878; x_wconf 88' lang='lat' dir='ltr'><strong>rebus</strong></span> <span class='ocrx_word' id='word_1_525' title='bbox 801 3823 1183 3881; x_wconf 86' lang='lat' dir='ltr'><strong>Lcodiensium</strong></span> <span class='ocrx_word' id='word_1_526' title='bbox 1197 3825 1572 3894; x_wconf 80' lang='lat' dir='ltr'><strong>episc0porum</strong></span> <span class='ocrx_word' id='word_1_527' title='bbox 1597 3822 1716 3877; x_wconf 79' lang='lat' dir='ltr'><strong>libri</strong></span> <span class='ocrx_word' id='word_1_528' title='bbox 1747 3821 1831 3876; x_wconf 86' lang='lat' dir='ltr'><strong>vel</strong></span> <span class='ocrx_word' id='word_1_529' title='bbox 1851 3821 1928 3876; x_wconf 91' lang='lat' dir='ltr'><strong>sic</strong></span> <span class='ocrx_word' id='word_1_530' title='bbox 1954 3828 2194 3884; x_wconf 84' lang='lat' dir='ltr'><strong>manent,</strong></span> 
     </span>
    </p>
   </div>
   <div class='ocr_carea' id='block_1_73' title="bbox 621 3914 2196 3988">
    <p class='ocr_par' dir='ltr' id='par_1_73' title="bbox 621 3914 2196 3988">
     <span class='ocr_line' id='line_1_73' title="bbox 621 3914 2196 3988; baseline -0.001 -18"><span class='ocrx_word' id='word_1_531' title='bbox 621 3931 796 3988; x_wconf 89' lang='lat' dir='ltr'><strong>neque</strong></span> <span class='ocrx_word' id='word_1_532' title='bbox 836 3918 1101 3973; x_wconf 88' lang='lat' dir='ltr'><strong>removeri</strong></span> <span class='ocrx_word' id='word_1_533' title='bbox 1137 3925 1385 3988; x_wconf 91' lang='lat' dir='ltr'><strong>possunt.</strong></span> <span class='ocrx_word' id='word_1_534' title='bbox 1417 3915 1658 3984; x_wconf 82' lang='lat' dir='ltr'><strong>Quorum</strong></span> <span class='ocrx_word' id='word_1_535' title='bbox 1684 3928 1850 3969; x_wconf 91' lang='lat' dir='ltr'><strong>unum</strong></span> <span class='ocrx_word' id='word_1_536' title='bbox 1885 3926 1950 3968; x_wconf 90' lang='lat' dir='ltr'><strong>ex</strong></span> <span class='ocrx_word' id='word_1_537' title='bbox 1986 3914 2196 3982; x_wconf 79' lang='lat' dir='ltr'><strong>integro</strong></span> 
     </span>
    </p>
   </div>
   <div class='ocr_carea' id='block_1_74' title="bbox 695 4123 2197 4200">
    <p class='ocr_par' dir='ltr' id='par_1_74' title="bbox 695 4123 2197 4200">
     <span class='ocr_line' id='line_1_74' title="bbox 695 4123 2197 4200; baseline -0.001 -18"><span class='ocrx_word' id='word_1_538' title='bbox 695 4127 844 4200; x_wconf 73' lang='lat' dir='ltr'><strong>(tto)</strong></span> <span class='ocrx_word' id='word_1_539' title='bbox 870 4127 943 4200; x_wconf 73' lang='lat' dir='ltr'><strong>[)e</strong></span> <span class='ocrx_word' id='word_1_540' title='bbox 969 4127 1216 4200; x_wconf 86' lang='lat' dir='ltr'><strong>scriptor.</strong></span> <span class='ocrx_word' id='word_1_541' title='bbox 1259 4125 1640 4200; x_wconf 79' lang='lat' dir='ltr'><strong>ecclesiasticis</strong></span> <span class='ocrx_word' id='word_1_542' title='bbox 1665 4141 1716 4182; x_wconf 86' lang='lat' dir='ltr'><strong>c.</strong></span> <span class='ocrx_word' id='word_1_543' title='bbox 1752 4123 1853 4200; x_wconf 69' lang='grc' dir='ltr'><strong>1(ξὸ</strong></span> <span class='ocrx_word' id='word_1_544' title='bbox 1878 4142 1892 4178; x_wconf 88' lang='grc'>;</span> <span class='ocrx_word' id='word_1_545' title='bbox 1922 4125 2197 4200; x_wconf 65' lang='lat' dir='ltr'><strong>Anselmus</strong></span> 
     </span>
    </p>
   </div>
   <div class='ocr_carea' id='block_1_75' title="bbox 623 4195 2196 4268">
    <p class='ocr_par' dir='ltr' id='par_1_75' title="bbox 623 4195 2196 4268">
     <span class='ocr_line' id='line_1_75' title="bbox 623 4195 2196 4268; baseline -0.002 -16"><span class='ocrx_word' id='word_1_546' title='bbox 623 4195 840 4252; x_wconf 71' lang='lat' dir='ltr'><strong>rlericus</strong></span> <span class='ocrx_word' id='word_1_547' title='bbox 869 4195 1155 4268; x_wconf 26' lang='lat' dir='ltr'><strong>Legiens’is,</strong></span> <span class='ocrx_word' id='word_1_548' title='bbox 1205 4199 1435 4268; x_wconf 37' lang='lat' dir='ltr'><strong>scripsit&quot;</strong></span> <span class='ocrx_word' id='word_1_549' title='bbox 1452 4208 1595 4266; x_wconf 86' lang='lat' dir='ltr'><strong>gesta</strong></span> <span class='ocrx_word' id='word_1_550' title='bbox 1639 4197 1942 4268; x_wconf 76' lang='lat' dir='ltr'><strong>pontiﬁcum</strong></span> <span class='ocrx_word' id='word_1_551' title='bbox 1976 4195 2196 4266; x_wconf 83' lang='lat' dir='ltr'><strong>Legien-</strong></span> 
     </span>
    </p>
   </div>
   <div class='ocr_carea' id='block_1_76' title="bbox 546 4265 2196 4337">
    <p class='ocr_par' dir='ltr' id='par_1_76' title="bbox 546 4265 2196 4337">
     <span class='ocr_line' id='line_1_76' title="bbox 546 4265 2196 4337; baseline -0.001 -16"><span class='ocrx_word' id='word_1_552' title='bbox 546 4286 556 4293; x_wconf 79' lang='grc'><em>’</em></span> <span class='ocrx_word' id='word_1_553' title='bbox 623 4271 847 4328; x_wconf 83' lang='lat' dir='ltr'><strong>sium,et</strong></span> <span class='ocrx_word' id='word_1_554' title='bbox 879 4265 1021 4322; x_wconf 52' lang='lat' dir='ltr'><strong>in&#39;eo</strong></span> <span class='ocrx_word' id='word_1_555' title='bbox 1051 4268 1181 4322; x_wconf 88' lang='lat' dir='ltr'><strong>libro</strong></span> <span class='ocrx_word' id='word_1_556' title='bbox 1209 4269 1365 4322; x_wconf 80' lang='lat' dir='ltr'><strong>vitam</strong></span> <span class='ocrx_word' id='word_1_557' title='bbox 1395 4265 1663 4322; x_wconf 72' lang='lat' dir='ltr'><strong>Guasonis</strong></span> <span class='ocrx_word' id='word_1_558' title='bbox 1681 4265 1904 4337; x_wconf 85' lang='lat' dir='ltr'><strong>episcopi</strong></span> <span class='ocrx_word' id='word_1_559' title='bbox 1942 4265 2196 4320; x_wconf 81' lang='lat' dir='ltr'><strong>veraciter</strong></span> 
     </span>
    </p>
   </div>
   <div class='ocr_carea' id='block_1_77' title="bbox 623 4337 1415 4407">
    <p class='ocr_par' dir='ltr' id='par_1_77' title="bbox 623 4337 1415 4407">
     <span class='ocr_line' id='line_1_77' title="bbox 623 4337 1415 4407; baseline -0.003 -15"><span class='ocrx_word' id='word_1_560' title='bbox 623 4339 722 4392; x_wconf 85' lang='lat' dir='ltr'><strong>sibi</strong></span> <span class='ocrx_word' id='word_1_561' title='bbox 751 4348 924 4391; x_wconf 86' lang='lat' dir='ltr'><strong>notam</strong></span> <span class='ocrx_word' id='word_1_562' title='bbox 951 4337 1098 4407; x_wconf 83' lang='lat' dir='ltr'><strong>plene</strong></span> <span class='ocrx_word' id='word_1_563' title='bbox 1125 4339 1415 4406; x_wconf 78' lang='lat' dir='ltr'><strong>descripsit.</strong></span> 
     </span>
    </p>
   </div>
   <div class='ocr_carea' id='block_1_78' title="bbox 650 4405 2197 4478">
    <p class='ocr_par' dir='ltr' id='par_1_78' title="bbox 650 4405 2197 4478">
     <span class='ocr_line' id='line_1_78' title="bbox 650 4405 2197 4478; baseline 0.003 -20"><span class='ocrx_word' id='word_1_564' title='bbox 650 4455 652 4458; x_wconf 75' lang='grc'>,</span> <span class='ocrx_word' id='word_1_565' title='bbox 697 4408 846 4478; x_wconf 74' lang='lat' dir='ltr'>(H7)</span> <span class='ocrx_word' id='word_1_566' title='bbox 885 4405 1183 4476; x_wconf 86' lang='lat' dir='ltr'><strong>lncpistola</strong></span> <span class='ocrx_word' id='word_1_567' title='bbox 1207 4409 1274 4461; x_wconf 87' lang='lat' dir='ltr'><strong>ad</strong></span> <span class='ocrx_word' id='word_1_568' title='bbox 1295 4405 1614 4478; x_wconf 81' lang='lat' dir='ltr'><strong>Mauricinm</strong></span> <span class='ocrx_word' id='word_1_569' title='bbox 1636 4407 1958 4462; x_wconf 89' lang='lat' dir='ltr'><strong>canonicum</strong></span> <span class='ocrx_word' id='word_1_570' title='bbox 1979 4405 2197 4478; x_wconf 79' lang='lat' dir='ltr'><strong>Hagen-</strong></span> 
     </span>
    </p>
   </div>
   <div class='ocr_carea' id='block_1_79' title="bbox 629 4477 2196 4548">
    <p class='ocr_par' dir='ltr' id='par_1_79' title="bbox 629 4477 2196 4548">
     <span class='ocr_line' id='line_1_79' title="bbox 629 4477 2196 4548; baseline -0.002 -16"><span class='ocrx_word' id='word_1_571' title='bbox 629 4493 742 4532; x_wconf 85' lang='lat' dir='ltr'><strong>setn</strong></span> <span class='ocrx_word' id='word_1_572' title='bbox 772 4479 1113 4548; x_wconf 83' lang='lat' dir='ltr'><strong>Cltapeaville</strong></span> <span class='ocrx_word' id='word_1_573' title='bbox 1141 4478 1257 4548; x_wconf 17' lang='grc' dir='ltr'><strong>ΙΙ,Ῠ1</strong></span> <span class='ocrx_word' id='word_1_574' title='bbox 1293 4495 1306 4530; x_wconf 92' lang='lat'><strong>:</strong></span> <span class='ocrx_word' id='word_1_575' title='bbox 1337 4477 1545 4548; x_wconf 88' lang='lat' dir='ltr'><strong>lmitati</strong></span> <span class='ocrx_word' id='word_1_576' title='bbox 1567 4478 1796 4548; x_wconf 79' lang='lat' dir='ltr'><strong>studium</strong></span> <span class='ocrx_word' id='word_1_577' title='bbox 1826 4477 2196 4548; x_wconf 66' lang='lat' dir='ltr'><strong>uenerabilium</strong></span> 
     </span>
    </p>
   </div>
   <div class='ocr_carea' id='block_1_80' title="bbox 561 4547 2198 4618">
    <p class='ocr_par' dir='ltr' id='par_1_80' title="bbox 561 4547 2198 4618">
     <span class='ocr_line' id='line_1_80' title="bbox 561 4547 2198 4618; baseline 0 -18"><span class='ocrx_word' id='word_1_578' title='bbox 561 4557 567 4566; x_wconf 91' lang='lat'><strong>&#39;</strong></span> <span class='ocrx_word' id='word_1_579' title='bbox 627 4559 836 4618; x_wconf 86' lang='lat' dir='ltr'><strong>patrum</strong></span> <span class='ocrx_word' id='word_1_580' title='bbox 894 4547 1137 4617; x_wconf 81' lang='lat' dir='ltr'><strong>Herigeri</strong></span> <span class='ocrx_word' id='word_1_581' title='bbox 1185 4547 1454 4601; x_wconf 85' lang='lat' dir='ltr'><strong>Lobiensis</strong></span> <span class='ocrx_word' id='word_1_582' title='bbox 1498 4547 1698 4600; x_wconf 77' lang='lat' dir='ltr'><strong>abbatis</strong></span> <span class='ocrx_word' id='word_1_583' title='bbox 1742 4556 1792 4618; x_wconf 83' lang='lat' dir='ltr'><strong>et</strong></span> <span class='ocrx_word' id='word_1_584' title='bbox 1839 4547 2068 4600; x_wconf 79' lang='lat' dir='ltr'><strong>Anselmi</strong></span> <span class='ocrx_word' id='word_1_585' title='bbox 2100 4548 2198 4600; x_wconf 84' lang='lat' dir='ltr'><strong>viri</strong></span> 
     </span>
    </p>
   </div>
   <div class='ocr_carea' id='block_1_81' title="bbox 628 4617 2198 4689">
    <p class='ocr_par' dir='ltr' id='par_1_81' title="bbox 628 4617 2198 4689">
     <span class='ocr_line' id='line_1_81' title="bbox 628 4617 2198 4689; baseline -0.001 -19"><span class='ocrx_word' id='word_1_586' title='bbox 628 4617 879 4688; x_wconf 80' lang='lat' dir='ltr'><strong>religiosi,</strong></span> <span class='ocrx_word' id='word_1_587' title='bbox 907 4619 994 4689; x_wconf 79' lang='lat' dir='ltr'><strong>qui</strong></span> <span class='ocrx_word' id='word_1_588' title='bbox 1029 4618 1333 4683; x_wconf 74' lang='lat' dir='ltr'><strong>sacCessive,</strong></span> <span class='ocrx_word' id='word_1_589' title='bbox 1355 4635 1490 4671; x_wconf 83' lang='lat' dir='ltr'><strong>unus</strong></span> <span class='ocrx_word' id='word_1_590' title='bbox 1532 4627 1664 4689; x_wconf 77' lang='lat' dir='ltr'><strong>post</strong></span> <span class='ocrx_word' id='word_1_591' title='bbox 1696 4617 1884 4689; x_wconf 82' lang='lat' dir='ltr'><strong>alium,</strong></span> <span class='ocrx_word' id='word_1_592' title='bbox 1922 4618 2198 4689; x_wconf 71' lang='lat' dir='ltr'><strong>usquead</strong></span> 
     </span>
    </p>
   </div>
   <div class='ocr_carea' id='block_1_82' title="bbox 627 4686 2202 4759">
    <p class='ocr_par' dir='ltr' id='par_1_82' title="bbox 627 4686 2202 4759">
     <span class='ocr_line' id='line_1_82' title="bbox 627 4686 2202 4759; baseline -0.002 -17"><span class='ocrx_word' id='word_1_593' title='bbox 627 4686 994 4758; x_wconf 50' lang='lat' dir='ltr'><strong>sua&#39;tempu&#39;ra</strong></span> <span class='ocrx_word' id='word_1_594' title='bbox 1033 4699 1205 4759; x_wconf 83' lang='lat' dir='ltr'><strong>partes</strong></span> <span class='ocrx_word' id='word_1_595' title='bbox 1253 4689 1544 4758; x_wconf 81' lang='lat' dir='ltr'><strong>superiores</strong></span> <span class='ocrx_word' id='word_1_596' title='bbox 1591 4687 1816 4755; x_wconf 75' lang='lat' dir='ltr'><strong>ﬁdeliter</strong></span> <span class='ocrx_word' id='word_1_597' title='bbox 1841 4686 1931 4741; x_wconf 81' lang='lat' dir='ltr'><strong>sed</strong></span> <span class='ocrx_word' id='word_1_598' title='bbox 1984 4687 2202 4741; x_wconf 84' lang='lat' dir='ltr'><strong>breviter</strong></span> 
     </span>
    </p>
   </div>
   <div class='ocr_carea' id='block_1_83' title="bbox 627 4759 1029 4828">
    <p class='ocr_par' dir='ltr' id='par_1_83' title="bbox 627 4759 1029 4828">
     <span class='ocr_line' id='line_1_83' title="bbox 627 4759 1029 4828; baseline 0.002 -17"><span class='ocrx_word' id='word_1_599' title='bbox 627 4759 1029 4828; x_wconf 82' lang='lat' dir='ltr'><strong>descripserunt.</strong></span> 
     </span>
    </p>
   </div>
   <div class='ocr_carea' id='block_1_84' title="bbox 701 4824 2204 4900">
    <p class='ocr_par' dir='ltr' id='par_1_84' title="bbox 701 4824 2204 4900">
     <span class='ocr_line' id='line_1_84' title="bbox 701 4824 2204 4900; baseline -0.001 -18"><span class='ocrx_word' id='word_1_600' title='bbox 701 4824 850 4900; x_wconf 75' lang='grc'><strong>(148)</strong></span> <span class='ocrx_word' id='word_1_601' title='bbox 879 4831 1010 4886; x_wconf 85' lang='lat' dir='ltr'><strong>Cod.</strong></span> <span class='ocrx_word' id='word_1_602' title='bbox 1043 4829 1338 4898; x_wconf 79' lang='lat' dir='ltr'><strong>llamburg.</strong></span> <span class='ocrx_word' id='word_1_603' title='bbox 1362 4827 1500 4883; x_wconf 87' lang='lat' dir='ltr'><strong>llist.</strong></span> <span class='ocrx_word' id='word_1_604' title='bbox 1539 4827 1724 4883; x_wconf 86' lang='lat' dir='ltr'><strong>Germ.</strong></span> <span class='ocrx_word' id='word_1_605' title='bbox 1758 4824 2001 4900; x_wconf 15' lang='lat' dir='ltr'><strong>f.,7eujus</strong></span> <span class='ocrx_word' id='word_1_606' title='bbox 2051 4827 2204 4881; x_wconf 89' lang='lat' dir='ltr'><strong>noti-</strong></span> 
     </span>
    </p>
   </div>
   <div class='ocr_carea' id='block_1_85' title="bbox 631 4899 2198 4956">
    <p class='ocr_par' dir='ltr' id='par_1_85' title="bbox 631 4899 2198 4956">
     <span class='ocr_line' id='line_1_85' title="bbox 631 4899 2198 4956; baseline -0.002 -3"><span class='ocrx_word' id='word_1_607' title='bbox 631 4901 764 4954; x_wconf 88' lang='lat' dir='ltr'><strong>tiam</strong></span> <span class='ocrx_word' id='word_1_608' title='bbox 793 4899 842 4953; x_wconf 83' lang='lat' dir='ltr'><strong>v.</strong></span> <span class='ocrx_word' id='word_1_609' title='bbox 881 4902 950 4955; x_wconf 93' lang='lat' dir='ltr'><strong>el.</strong></span> <span class='ocrx_word' id='word_1_610' title='bbox 987 4902 1164 4956; x_wconf 82' lang='lat' dir='ltr'><strong>Waitz</strong></span> <span class='ocrx_word' id='word_1_611' title='bbox 1200 4915 1411 4953; x_wconf 88' lang='lat' dir='ltr'><strong>mecum</strong></span> <span class='ocrx_word' id='word_1_612' title='bbox 1444 4899 1882 4953; x_wconf 86' lang='lat' dir='ltr'><strong>communicavit.</strong></span> <span class='ocrx_word' id='word_1_613' title='bbox 1921 4899 2043 4951; x_wconf 75' lang='lat' dir='ltr'><strong>llaec</strong></span> <span class='ocrx_word' id='word_1_614' title='bbox 2072 4905 2198 4951; x_wconf 89' lang='lat' dir='ltr'><strong>sunt</strong></span> 
     </span>
    </p>
   </div>
   <div class='ocr_carea' id='block_1_86' title="bbox 631 4967 2204 5036">
    <p class='ocr_par' dir='ltr' id='par_1_86' title="bbox 631 4967 2204 5036">
     <span class='ocr_line' id='line_1_86' title="bbox 631 4967 2204 5036; baseline -0.002 -14"><span class='ocrx_word' id='word_1_615' title='bbox 631 4973 795 5024; x_wconf 86' lang='lat' dir='ltr'><strong>verba</strong></span> <span class='ocrx_word' id='word_1_616' title='bbox 817 4969 1041 5025; x_wconf 75' lang='lat' dir='ltr'><strong>Joannis</strong></span> <span class='ocrx_word' id='word_1_617' title='bbox 1071 4969 1438 5025; x_wconf 84' lang='lat' dir='ltr'><strong>Stabulensis:</strong></span> <span class='ocrx_word' id='word_1_618' title='bbox 1471 4968 1680 5021; x_wconf 87' lang='lat' dir='ltr'><strong>Primus</strong></span> <span class='ocrx_word' id='word_1_619' title='bbox 1702 4969 2024 5036; x_wconf 84' lang='lat' dir='ltr'><strong>canscriptur</strong></span> <span class='ocrx_word' id='word_1_620' title='bbox 2045 4967 2204 5020; x_wconf 80' lang='lat' dir='ltr'><strong>ﬂeri-</strong></span> 
     </span>
    </p>
   </div>
   <div class='ocr_carea' id='block_1_87' title="bbox 631 5036 2200 5109">
    <p class='ocr_par' dir='ltr' id='par_1_87' title="bbox 631 5036 2200 5109">
     <span class='ocr_line' id='line_1_87' title="bbox 631 5036 2200 5109; baseline -0.003 -16"><span class='ocrx_word' id='word_1_621' title='bbox 631 5057 784 5109; x_wconf 86' lang='lat' dir='ltr'><strong>gerus</strong></span> <span class='ocrx_word' id='word_1_622' title='bbox 835 5040 994 5093; x_wconf 87' lang='lat' dir='ltr'><strong>abbas</strong></span> <span class='ocrx_word' id='word_1_623' title='bbox 1048 5040 1317 5093; x_wconf 87' lang='lat' dir='ltr'><strong>Lobiensis</strong></span> <span class='ocrx_word' id='word_1_624' title='bbox 1367 5039 1594 5109; x_wconf 84' lang='lat' dir='ltr'><strong>scribens</strong></span> <span class='ocrx_word' id='word_1_625' title='bbox 1645 5055 1795 5090; x_wconf 85' lang='lat' dir='ltr'><strong>suam</strong></span> <span class='ocrx_word' id='word_1_626' title='bbox 1841 5048 2040 5105; x_wconf 85' lang='lat' dir='ltr'><strong>partem</strong></span> <span class='ocrx_word' id='word_1_627' title='bbox 2071 5055 2102 5109; x_wconf 84' lang='lat' dir='ltr'><strong>a</strong></span> 
     </span>
    </p>
   </div>
   <div class='ocr_carea' id='block_1_88' title="bbox 635 5107 2204 5179">
    <p class='ocr_par' dir='ltr' id='par_1_88' title="bbox 635 5107 2204 5179">
     <span class='ocr_line' id='line_1_88' title="bbox 635 5107 2204 5179; baseline -0.001 -17"><span class='ocrx_word' id='word_1_628' title='bbox 635 5107 880 5163; x_wconf 65' lang='lat' dir='ltr'><strong>liiateraa</strong></span> <span class='ocrx_word' id='word_1_629' title='bbox 908 5113 1077 5179; x_wconf 75' lang='lat' dir='ltr'><strong>primo</strong></span> <span class='ocrx_word' id='word_1_630' title='bbox 1112 5109 1443 5178; x_wconf 67' lang='lat' dir='ltr'><strong>Tungrorum</strong></span> <span class='ocrx_word' id='word_1_631' title='bbox 1465 5108 1701 5179; x_wconf 69' lang='lat' dir='ltr'><strong>apiseopo</strong></span> <span class='ocrx_word' id='word_1_632' title='bbox 1736 5109 1982 5174; x_wconf 82' lang='lat' dir='ltr'><strong>suscepit,</strong></span> <span class='ocrx_word' id='word_1_633' title='bbox 2011 5117 2058 5158; x_wconf 88' lang='lat' dir='ltr'><strong>et</strong></span> <span class='ocrx_word' id='word_1_634' title='bbox 2081 5107 2204 5161; x_wconf 82' lang='lat' dir='ltr'><strong>inde</strong></span> 
     </span>
    </p>
   </div>
   <div class='ocr_carea' id='block_1_89' title="bbox 633 5177 2207 5252">
    <p class='ocr_par' dir='ltr' id='par_1_89' title="bbox 633 5177 2207 5252">
     <span class='ocr_line' id='line_1_89' title="bbox 633 5177 2207 5252; baseline -0.001 -22"><span class='ocrx_word' id='word_1_635' title='bbox 633 5181 868 5252; x_wconf 72' lang='lat' dir='ltr'><strong>ordinent</strong></span> <span class='ocrx_word' id='word_1_636' title='bbox 893 5177 1249 5252; x_wconf 73' lang='lat' dir='ltr'><strong>episcoporum</strong></span> <span class='ocrx_word' id='word_1_637' title='bbox 1280 5178 1540 5252; x_wconf 71' lang='lat' dir='ltr'><strong>usquead</strong></span> <span class='ocrx_word' id='word_1_638' title='bbox 1566 5177 1637 5230; x_wconf 78' lang='lat'><strong>‘27</strong></span> <span class='ocrx_word' id='word_1_639' title='bbox 1682 5186 1985 5252; x_wconf 64' lang='lat' dir='ltr'><strong>prosecutus</strong></span> <span class='ocrx_word' id='word_1_640' title='bbox 2015 5186 2112 5242; x_wconf 85' lang='lat' dir='ltr'><strong>est,</strong></span> <span class='ocrx_word' id='word_1_641' title='bbox 2141 5191 2207 5229; x_wconf 78' lang='lat' dir='ltr'><strong>ea:</strong></span> 
     </span>
    </p>
   </div>
   <div class='ocr_carea' id='block_1_90' title="bbox 2291 2998 3866 3077">
    <p class='ocr_par' dir='ltr' id='par_1_90' title="bbox 2291 2998 3866 3077">
     <span class='ocr_line' id='line_1_90' title="bbox 2291 2998 3866 3077; baseline -0.014 -6"><span class='ocrx_word' id='word_1_642' title='bbox 2291 3018 2412 3073; x_wconf 87' lang='lat' dir='ltr'><strong>libri</strong></span> <span class='ocrx_word' id='word_1_643' title='bbox 2441 3015 2663 3072; x_wconf 88' lang='lat' dir='ltr'><strong>secundi</strong></span> <span class='ocrx_word' id='word_1_644' title='bbox 2691 3022 2882 3069; x_wconf 89' lang='lat' dir='ltr'><strong>auctor</strong></span> <span class='ocrx_word' id='word_1_645' title='bbox 2923 3010 3244 3066; x_wconf 90' lang='lat' dir='ltr'><strong>canonicum</strong></span> <span class='ocrx_word' id='word_1_646' title='bbox 3274 3003 3550 3077; x_wconf 84' lang='lat' dir='ltr'><strong>quemdam</strong></span> <span class='ocrx_word' id='word_1_647' title='bbox 3591 2999 3653 3054; x_wconf 93' lang='lat' dir='ltr'><strong>S.</strong></span> <span class='ocrx_word' id='word_1_648' title='bbox 3708 2998 3866 3052; x_wconf 83' lang='lat' dir='ltr'><strong>Lam-</strong></span> 
     </span>
    </p>
   </div>
   <div class='ocr_carea' id='block_1_91' title="bbox 2289 3094 3863 3170">
    <p class='ocr_par' dir='ltr' id='par_1_91' title="bbox 2289 3094 3863 3170">
     <span class='ocr_line' id='line_1_91' title="bbox 2289 3094 3863 3170; baseline -0.015 -5"><span class='ocrx_word' id='word_1_649' title='bbox 2289 3110 2424 3165; x_wconf 87' lang='lat' dir='ltr'><strong>berti</strong></span> <span class='ocrx_word' id='word_1_650' title='bbox 2447 3111 2513 3164; x_wconf 87' lang='lat' dir='ltr'><strong>A.</strong></span> <span class='ocrx_word' id='word_1_651' title='bbox 2544 3107 2782 3163; x_wconf 90' lang='lat' dir='ltr'><strong>libellum</strong></span> <span class='ocrx_word' id='word_1_652' title='bbox 2813 3104 2959 3158; x_wconf 92' lang='lat' dir='ltr'><strong>illum</strong></span> <span class='ocrx_word' id='word_1_653' title='bbox 3011 3098 3381 3170; x_wconf 85' lang='lat' dir='ltr'><strong>composuisse</strong></span> <span class='ocrx_word' id='word_1_654' title='bbox 3401 3094 3701 3163; x_wconf 85' lang='lat' dir='ltr'><strong>scripserit,</strong></span> <span class='ocrx_word' id='word_1_655' title='bbox 3744 3103 3863 3144; x_wconf 81' lang='lat' dir='ltr'><strong>cunt</strong></span> 
     </span>
    </p>
   </div>
   <div class='ocr_carea' id='block_1_92' title="bbox 2290 3182 3869 3268">
    <p class='ocr_par' dir='ltr' id='par_1_92' title="bbox 2290 3182 3869 3268">
     <span class='ocr_line' id='line_1_92' title="bbox 2290 3182 3869 3268; baseline -0.014 -12"><span class='ocrx_word' id='word_1_656' title='bbox 2290 3200 2575 3256; x_wconf 81' lang='lat' dir='ltr'><strong>Anselmus</strong></span> <span class='ocrx_word' id='word_1_657' title='bbox 2602 3213 2779 3268; x_wconf 87' lang='lat' dir='ltr'><strong>neque</strong></span> <span class='ocrx_word' id='word_1_658' title='bbox 2809 3198 2860 3250; x_wconf 93' lang='lat' dir='ltr'><strong>in</strong></span> <span class='ocrx_word' id='word_1_659' title='bbox 2910 3191 3138 3264; x_wconf 87' lang='lat' dir='ltr'><strong>epistola</strong></span> <span class='ocrx_word' id='word_1_660' title='bbox 3185 3190 3252 3244; x_wconf 93' lang='lat' dir='ltr'><strong>ad</strong></span> <span class='ocrx_word' id='word_1_661' title='bbox 3296 3188 3580 3243; x_wconf 87' lang='lat' dir='ltr'><strong>Annonem</strong></span> <span class='ocrx_word' id='word_1_662' title='bbox 3609 3196 3786 3252; x_wconf 85' lang='lat' dir='ltr'><strong>neque</strong></span> <span class='ocrx_word' id='word_1_663' title='bbox 3814 3182 3869 3234; x_wconf 80' lang='lat' dir='ltr'><strong>in</strong></span> 
     </span>
    </p>
   </div>
   <div class='ocr_carea' id='block_1_93' title="bbox 2293 3273 3865 3362">
    <p class='ocr_par' dir='ltr' id='par_1_93' title="bbox 2293 3273 3865 3362">
     <span class='ocr_line' id='line_1_93' title="bbox 2293 3273 3865 3362; baseline -0.013 -15"><span class='ocrx_word' id='word_1_664' title='bbox 2293 3293 2423 3362; x_wconf 86' lang='lat' dir='ltr'><strong>ipsis</strong></span> <span class='ocrx_word' id='word_1_665' title='bbox 2451 3291 2629 3348; x_wconf 87' lang='lat' dir='ltr'><strong>Gestis</strong></span> <span class='ocrx_word' id='word_1_666' title='bbox 2663 3291 2730 3346; x_wconf 93' lang='lat' dir='ltr'><strong>de</strong></span> <span class='ocrx_word' id='word_1_667' title='bbox 2760 3303 2818 3344; x_wconf 89' lang='lat' dir='ltr'><strong>se</strong></span> <span class='ocrx_word' id='word_1_668' title='bbox 2852 3288 3028 3358; x_wconf 89' lang='lat' dir='ltr'><strong>deque</strong></span> <span class='ocrx_word' id='word_1_669' title='bbox 3065 3284 3181 3340; x_wconf 87' lang='lat' dir='ltr'><strong>suis</strong></span> <span class='ocrx_word' id='word_1_670' title='bbox 3215 3280 3378 3336; x_wconf 89' lang='lat' dir='ltr'><strong>rebus</strong></span> <span class='ocrx_word' id='word_1_671' title='bbox 3411 3292 3512 3334; x_wconf 91' lang='lat' dir='ltr'><strong>suo</strong></span> <span class='ocrx_word' id='word_1_672' title='bbox 3542 3278 3763 3331; x_wconf 88' lang='lat' dir='ltr'><strong>nomine</strong></span> <span class='ocrx_word' id='word_1_673' title='bbox 3788 3273 3865 3327; x_wconf 56' lang='lat' dir='ltr'><strong>loc</strong></span> 
     </span>
    </p>
   </div>
   <div class='ocr_carea' id='block_1_94' title="bbox 2291 3367 3867 3456">
    <p class='ocr_par' dir='ltr' id='par_1_94' title="bbox 2291 3367 3867 3456">
     <span class='ocr_line' id='line_1_94' title="bbox 2291 3367 3867 3456; baseline -0.013 -17"><span class='ocrx_word' id='word_1_674' title='bbox 2291 3383 2723 3456; x_wconf 88' lang='lat' dir='ltr'><strong>quidubitaverit</strong></span> <span class='ocrx_word' id='word_1_675' title='bbox 2737 3381 2907 3453; x_wconf 70' lang='lat'><strong>(152).</strong></span> <span class='ocrx_word' id='word_1_676' title='bbox 2925 3379 3107 3448; x_wconf 83' lang='lat' dir='ltr'><strong>Neque</strong></span> <span class='ocrx_word' id='word_1_677' title='bbox 3125 3377 3226 3430; x_wconf 91' lang='lat' dir='ltr'><strong>hoc</strong></span> <span class='ocrx_word' id='word_1_678' title='bbox 3241 3373 3494 3442; x_wconf 87' lang='lat' dir='ltr'><strong>denique,</strong></span> <span class='ocrx_word' id='word_1_679' title='bbox 3507 3369 3650 3438; x_wconf 88' lang='lat' dir='ltr'><strong>quod</strong></span> <span class='ocrx_word' id='word_1_680' title='bbox 3670 3367 3867 3422; x_wconf 87' lang='lat' dir='ltr'><strong>ibidem</strong></span> 
     </span>
    </p>
   </div>
   <div class='ocr_carea' id='block_1_95' title="bbox 2295 3462 3864 3549">
    <p class='ocr_par' dir='ltr' id='par_1_95' title="bbox 2295 3462 3864 3549">
     <span class='ocr_line' id='line_1_95' title="bbox 2295 3462 3864 3549; baseline -0.014 -16"><span class='ocrx_word' id='word_1_681' title='bbox 2295 3479 2510 3549; x_wconf 79' lang='lat' dir='ltr'><strong>legitur,</strong></span> <span class='ocrx_word' id='word_1_682' title='bbox 2540 3476 2764 3530; x_wconf 88' lang='lat' dir='ltr'><strong>alteram</strong></span> <span class='ocrx_word' id='word_1_683' title='bbox 2795 3473 3082 3529; x_wconf 85' lang='lat' dir='ltr'><strong>Gestorum</strong></span> <span class='ocrx_word' id='word_1_684' title='bbox 3134 3474 3346 3537; x_wconf 90' lang='lat' dir='ltr'><strong>partem</strong></span> <span class='ocrx_word' id='word_1_685' title='bbox 3392 3462 3558 3534; x_wconf 89' lang='lat' dir='ltr'><strong>priori</strong></span> <span class='ocrx_word' id='word_1_686' title='bbox 3608 3476 3730 3516; x_wconf 87' lang='lat' dir='ltr'><strong>esse</strong></span> <span class='ocrx_word' id='word_1_687' title='bbox 3771 3475 3864 3512; x_wconf 88' lang='lat' dir='ltr'><strong>an-</strong></span> 
     </span>
    </p>
   </div>
   <div class='ocr_carea' id='block_1_96' title="bbox 2296 3554 3866 3643">
    <p class='ocr_par' dir='ltr' id='par_1_96' title="bbox 2296 3554 3866 3643">
     <span class='ocr_line' id='line_1_96' title="bbox 2296 3554 3866 3643; baseline -0.017 -14"><span class='ocrx_word' id='word_1_688' title='bbox 2296 3589 2487 3629; x_wconf 80' lang='lat' dir='ltr'><strong>nexam</strong></span> <span class='ocrx_word' id='word_1_689' title='bbox 2521 3573 2671 3643; x_wconf 86' lang='lat' dir='ltr'><strong>jussu</strong></span> <span class='ocrx_word' id='word_1_690' title='bbox 2698 3571 2937 3641; x_wconf 82' lang='lat' dir='ltr'><strong>priorum</strong></span> <span class='ocrx_word' id='word_1_691' title='bbox 2963 3566 3118 3622; x_wconf 91' lang='lat' dir='ltr'><strong>istius</strong></span> <span class='ocrx_word' id='word_1_692' title='bbox 3152 3562 3254 3618; x_wconf 92' lang='lat' dir='ltr'><strong>loci</strong></span> <span class='ocrx_word' id='word_1_693' title='bbox 3285 3561 3359 3630; x_wconf 91' lang='lat' dir='ltr'><strong>(id</strong></span> <span class='ocrx_word' id='word_1_694' title='bbox 3377 3568 3460 3613; x_wconf 85' lang='lat' dir='ltr'><strong>est</strong></span> <span class='ocrx_word' id='word_1_695' title='bbox 3491 3554 3720 3624; x_wconf 83' lang='lat' dir='ltr'><strong>Leodii),</strong></span> <span class='ocrx_word' id='word_1_696' title='bbox 3748 3564 3866 3605; x_wconf 83' lang='lat' dir='ltr'><strong>cum</strong></span> 
     </span>
    </p>
   </div>
   <div class='ocr_carea' id='block_1_97' title="bbox 2294 3646 3869 3739">
    <p class='ocr_par' dir='ltr' id='par_1_97' title="bbox 2294 3646 3869 3739">
     <span class='ocr_line' id='line_1_97' title="bbox 2294 3646 3869 3739; baseline -0.016 -19"><span class='ocrx_word' id='word_1_697' title='bbox 2294 3667 2525 3739; x_wconf 82' lang='lat' dir='ltr'><strong>propriis</strong></span> <span class='ocrx_word' id='word_1_698' title='bbox 2550 3662 2786 3719; x_wconf 89' lang='lat' dir='ltr'><strong>Anselmi</strong></span> <span class='ocrx_word' id='word_1_699' title='bbox 2814 3660 2995 3717; x_wconf 91' lang='lat' dir='ltr'><strong>verbis</strong></span> <span class='ocrx_word' id='word_1_700' title='bbox 3015 3655 3292 3713; x_wconf 87' lang='lat' dir='ltr'><strong>conciliari</strong></span> <span class='ocrx_word' id='word_1_701' title='bbox 3315 3659 3510 3723; x_wconf 89' lang='lat' dir='ltr'><strong>potest.</strong></span> <span class='ocrx_word' id='word_1_702' title='bbox 3534 3647 3674 3739; x_wconf 82' lang='lat' dir='ltr'><strong>Nam</strong></span> 
     </span>
    </p>
   </div>
   <div class='ocr_carea' id='block_1_98' title="bbox 2297 3735 3869 3827">
    <p class='ocr_par' dir='ltr' id='par_1_98' title="bbox 2297 3735 3869 3827">
     <span class='ocr_line' id='line_1_98' title="bbox 2297 3735 3869 3827; baseline -0.016 -15"><span class='ocrx_word' id='word_1_703' title='bbox 2297 3735 2350 3812; x_wconf 79' lang='lat' dir='ltr'><strong>ni</strong></span> <span class='ocrx_word' id='word_1_704' title='bbox 2379 3735 2476 3812; x_wconf 86' lang='lat' dir='ltr'><strong>sua</strong></span> <span class='ocrx_word' id='word_1_705' title='bbox 2509 3764 2701 3827; x_wconf 88' lang='lat' dir='ltr'><strong>sponte</strong></span> <span class='ocrx_word' id='word_1_706' title='bbox 2741 3753 2887 3808; x_wconf 89' lang='lat' dir='ltr'><strong>misit</strong></span> <span class='ocrx_word' id='word_1_707' title='bbox 2929 3751 3144 3812; x_wconf 90' lang='lat' dir='ltr'><strong>librum,</strong></span> <span class='ocrx_word' id='word_1_708' title='bbox 3182 3753 3256 3800; x_wconf 86' lang='lat' dir='ltr'><strong>&#39;ut</strong></span> <span class='ocrx_word' id='word_1_709' title='bbox 3297 3745 3434 3799; x_wconf 90' lang='lat' dir='ltr'><strong>bene</strong></span> <span class='ocrx_word' id='word_1_710' title='bbox 3483 3737 3700 3794; x_wconf 84' lang='lat' dir='ltr'><strong>vivendi</strong></span> <span class='ocrx_word' id='word_1_711' title='bbox 3751 3735 3869 3789; x_wconf 92' lang='lat' dir='ltr'><strong>inde</strong></span> 
     </span>
    </p>
   </div>
   <div class='ocr_carea' id='block_1_99' title="bbox 2294 3827 3867 3916">
    <p class='ocr_par' dir='ltr' id='par_1_99' title="bbox 2294 3827 3867 3916">
     <span class='ocr_line' id='line_1_99' title="bbox 2294 3827 3867 3916; baseline -0.016 -13"><span class='ocrx_word' id='word_1_712' title='bbox 2294 3846 2539 3916; x_wconf 81' lang='lat' dir='ltr'><strong>exempla</strong></span> <span class='ocrx_word' id='word_1_713' title='bbox 2571 3853 2796 3916; x_wconf 86' lang='lat' dir='ltr'><strong>peteret,</strong></span> <span class='ocrx_word' id='word_1_714' title='bbox 2822 3853 2882 3896; x_wconf 89' lang='lat' dir='ltr'><strong>ut</strong></span> <span class='ocrx_word' id='word_1_715' title='bbox 2904 3840 3130 3910; x_wconf 81' lang='lat' dir='ltr'><strong>amplius</strong></span> <span class='ocrx_word' id='word_1_716' title='bbox 3156 3837 3223 3892; x_wconf 87' lang='lat' dir='ltr'><strong>ad</strong></span> <span class='ocrx_word' id='word_1_717' title='bbox 3262 3836 3517 3889; x_wconf 82' lang='lat' dir='ltr'><strong>virtutem</strong></span> <span class='ocrx_word' id='word_1_718' title='bbox 3544 3827 3867 3883; x_wconf 85' lang='lat' dir='ltr'><strong>accendere-</strong></span> 
     </span>
    </p>
   </div>
   <div class='ocr_carea' id='block_1_100' title="bbox 2298 3915 3867 4008">
    <p class='ocr_par' dir='ltr' id='par_1_100' title="bbox 2298 3915 3867 4008">
     <span class='ocr_line' id='line_1_100' title="bbox 2298 3915 3867 4008; baseline -0.017 -12"><span class='ocrx_word' id='word_1_719' title='bbox 2298 3949 2405 4008; x_wconf 91' lang='lat' dir='ltr'><strong>tur,</strong></span> <span class='ocrx_word' id='word_1_720' title='bbox 2439 3915 2669 3996; x_wconf 84' lang='lat' dir='ltr'><strong>alterum</strong></span> <span class='ocrx_word' id='word_1_721' title='bbox 2707 3935 2812 3992; x_wconf 80' lang='lat' dir='ltr'><strong>Idae</strong></span> <span class='ocrx_word' id='word_1_722' title='bbox 2853 3931 3232 3992; x_wconf 88' lang='lat' dir='ltr'><strong>exhortatione</strong></span> <span class='ocrx_word' id='word_1_723' title='bbox 3253 3925 3492 3982; x_wconf 89' lang='lat' dir='ltr'><strong>monitus</strong></span> <span class='ocrx_word' id='word_1_724' title='bbox 3527 3915 3867 3988; x_wconf 86' lang='lat' dir='ltr'><strong>conscripsit.</strong></span> 
     </span>
    </p>
   </div>
   <div class='ocr_carea' id='block_1_101' title="bbox 2297 4115 3798 4203">
    <p class='ocr_par' dir='ltr' id='par_1_101' title="bbox 2297 4115 3798 4203">
     <span class='ocr_line' id='line_1_101' title="bbox 2297 4115 3798 4203; baseline -0.018 -13"><span class='ocrx_word' id='word_1_725' title='bbox 2297 4151 2452 4202; x_wconf 86' lang='lat' dir='ltr'><strong>scopo</strong></span> <span class='ocrx_word' id='word_1_726' title='bbox 2483 4131 2764 4203; x_wconf 85' lang='lat' dir='ltr'><strong>qui_Waso</strong></span> <span class='ocrx_word' id='word_1_727' title='bbox 2795 4127 3001 4203; x_wconf 62' lang='lat' dir='ltr'><strong>nomine</strong></span> <span class='ocrx_word' id='word_1_728' title='bbox 3021 4127 3446 4203; x_wconf 53' lang='lat' dir='ltr'><strong>nuncupatusnest</strong></span> <span class='ocrx_word' id='word_1_729' title='bbox 3469 4115 3798 4203; x_wconf 44' lang='lat' dir='ltr'><strong>(equinam:</strong></span> 
     </span>
    </p>
   </div>
   <div class='ocr_carea' id='block_1_102' title="bbox 2369 4182 3871 4275">
    <p class='ocr_par' dir='ltr' id='par_1_102' title="bbox 2369 4182 3871 4275">
     <span class='ocr_line' id='line_1_102' title="bbox 2369 4182 3871 4275; baseline 0.001 0"><span class='ocrx_word' id='word_1_730' title='bbox 2369 4182 2791 4275; x_wconf 60' lang='grc' dir='ltr'><strong>ξῖὶεύἾόὲιῖπίὲε</strong></span> <span class='ocrx_word' id='word_1_731' title='bbox 2858 4182 3284 4275; x_wconf 57' lang='grc' dir='ltr'><strong>Ψιιττξεηοεβηύεν</strong></span> <span class='ocrx_word' id='word_1_732' title='bbox 3331 4187 3671 4275; x_wconf 58' lang='grc' dir='ltr'><strong>Ρξξιοφὲἓιέἓι</strong></span> <span class='ocrx_word' id='word_1_733' title='bbox 3740 4182 3871 4275; x_wconf 62' lang='lat'><strong>32’:</strong></span> 
     </span>
    </p>
   </div>
   <div class='ocr_carea' id='block_1_103' title="bbox 2222 4250 3868 4350">
    <p class='ocr_par' dir='ltr' id='par_1_103' title="bbox 2222 4250 3868 4350">
     <span class='ocr_line' id='line_1_103' title="bbox 2222 4250 3868 4350; baseline -0.018 -18"><span class='ocrx_word' id='word_1_734' title='bbox 2222 4289 2272 4350; x_wconf 78' lang='grc' dir='ltr'><strong>ι)</strong></span> <span class='ocrx_word' id='word_1_735' title='bbox 2299 4250 2817 4350; x_wconf 51' lang='lat' dir='ltr'><strong>gi_tléd.i{.s_}__&#39;_}éiiiﬁt</strong></span> <span class='ocrx_word' id='word_1_736' title='bbox 2852 4250 3236 4350; x_wconf 61' lang='grc' dir='ltr'><strong>Δξιεξοᾱίιςιιείιηιι</strong></span> <span class='ocrx_word' id='word_1_737' title='bbox 3269 4250 3697 4315; x_wconf 80' lang='lat' dir='ltr'><strong>continuatores.</strong></span> <span class='ocrx_word' id='word_1_738' title='bbox 3740 4250 3868 4306; x_wconf 68' lang='lat' dir='ltr'><strong>Vide</strong></span> 
     </span>
    </p>
   </div>
   <div class='ocr_carea' id='block_1_104' title="bbox 2296 4339 3568 4414">
    <p class='ocr_par' dir='ltr' id='par_1_104' title="bbox 2296 4339 3568 4414">
     <span class='ocr_line' id='line_1_104' title="bbox 2296 4339 3568 4414; baseline -0.004 -13"><span class='ocrx_word' id='word_1_739' title='bbox 2296 4343 2642 4414; x_wconf 83' lang='lat' dir='ltr'><strong>Cltapeavillii</strong></span> <span class='ocrx_word' id='word_1_740' title='bbox 2680 4339 3068 4414; x_wconf 45' lang='lat' dir='ltr'><strong>praefationem:</strong></span> <span class='ocrx_word' id='word_1_741' title='bbox 3184 4401 3199 4414; x_wconf 43' lang='grc' dir='ltr'>ι</span> 
     </span>
    </p>
   </div>
   <div class='ocr_carea' id='block_1_105' title="bbox 2371 4391 3869 4476">
    <p class='ocr_par' dir='ltr' id='par_1_105' title="bbox 2371 4391 3869 4476">
     <span class='ocr_line' id='line_1_105' title="bbox 2371 4391 3869 4476; baseline -0.019 -7"><span class='ocrx_word' id='word_1_742' title='bbox 2371 4391 2535 4476; x_wconf 60' lang='grc' dir='ltr'><strong>(ἶἝὶῙῆ⁷</strong></span> <span class='ocrx_word' id='word_1_743' title='bbox 2553 4391 2805 4466; x_wconf 56' lang='lat' dir='ltr'><strong>Similem</strong></span> <span class='ocrx_word' id='word_1_744' title='bbox 2826 4405 3148 4476; x_wconf 85' lang='lat' dir='ltr'><strong>sententiam</strong></span> <span class='ocrx_word' id='word_1_745' title='bbox 3179 4401 3289 4472; x_wconf 84' lang='lat' dir='ltr'><strong>jam</strong></span> <span class='ocrx_word' id='word_1_746' title='bbox 3317 4395 3608 4476; x_wconf 82' lang='lat' dir='ltr'><strong>proposuit_</strong></span> <span class='ocrx_word' id='word_1_747' title='bbox 3631 4391 3869 4476; x_wconf 61' lang='lat' dir='ltr'><strong>Chapea;</strong></span> 
     </span>
    </p>
   </div>
   <div class='ocr_carea' id='block_1_106' title="bbox 2298 4463 3869 4544">
    <p class='ocr_par' dir='ltr' id='par_1_106' title="bbox 2298 4463 3869 4544">
     <span class='ocr_line' id='line_1_106' title="bbox 2298 4463 3869 4544; baseline -0.019 -4"><span class='ocrx_word' id='word_1_748' title='bbox 2298 4463 2878 4540; x_wconf 39' lang='lat' dir='ltr'><strong>ville&#39;c&#39;ent‘umannos</strong></span> <span class='ocrx_word' id='word_1_749' title='bbox 2923 4487 3048 4529; x_wconf 91' lang='lat' dir='ltr'><strong>ante</strong></span> <span class='ocrx_word' id='word_1_750' title='bbox 3091 4463 3450 4544; x_wconf 53' lang='lat' dir='ltr'><strong>Alexandrini:</strong></span> <span class='ocrx_word' id='word_1_751' title='bbox 3501 4463 3646 4544; x_wconf 73' lang='lat' dir='ltr'><strong>malo</strong></span> <span class='ocrx_word' id='word_1_752' title='bbox 3693 4463 3869 4544; x_wconf 72' lang='lat' dir='ltr'><strong>omi_né</strong></span> 
     </span>
    </p>
   </div>
   <div class='ocr_carea' id='block_1_107' title="bbox 2301 4533 3863 4621">
    <p class='ocr_par' dir='ltr' id='par_1_107' title="bbox 2301 4533 3863 4621">
     <span class='ocr_line' id='line_1_107' title="bbox 2301 4533 3863 4621; baseline -0.02 -10"><span class='ocrx_word' id='word_1_753' title='bbox 2301 4533 2736 4621; x_wconf 49' lang='lat' dir='ltr'><strong>{idiniuiﬁfius</strong></span> <span class='ocrx_word' id='word_1_754' title='bbox 2782 4547 2964 4621; x_wconf 75' lang='lat' dir='ltr'><strong>verbis</strong></span> <span class='ocrx_word' id='word_1_755' title='bbox 3017 4533 3863 4621; x_wconf 31' lang='lat' dir='ltr'><strong>in‘przefatione‘tomilnpf;</strong></span> 
     </span>
    </p>
   </div>
   <div class='ocr_carea' id='block_1_108' title="bbox 2304 4601 3868 4690">
    <p class='ocr_par' dir='ltr' id='par_1_108' title="bbox 2304 4601 3868 4690">
     <span class='ocr_line' id='line_1_108' title="bbox 2304 4601 3868 4690; baseline -0.02 -11"><span class='ocrx_word' id='word_1_756' title='bbox 2304 4601 2837 4690; x_wconf 42' lang='lat' dir='ltr'><strong>biLEBIJb‘r&#39;émlérba</strong></span> <span class='ocrx_word' id='word_1_757' title='bbox 2867 4617 2920 4690; x_wconf 71' lang='lat' dir='ltr'><strong>in</strong></span> <span class='ocrx_word' id='word_1_758' title='bbox 2967 4601 3279 4690; x_wconf 65' lang='lat' dir='ltr'><strong>prmfétione</strong></span> <span class='ocrx_word' id='word_1_759' title='bbox 3311 4610 3379 4661; x_wconf 84' lang='lat' dir='ltr'><strong>ad</strong></span> <span class='ocrx_word' id='word_1_760' title='bbox 3410 4603 3656 4690; x_wconf 52' lang='lat' dir='ltr'><strong>Attulit&quot;;</strong></span> <span class='ocrx_word' id='word_1_761' title='bbox 3682 4601 3868 4690; x_wconf 53' lang='lat' dir='ltr'><strong>librum</strong></span> 
     </span>
    </p>
   </div>
   <div class='ocr_carea' id='block_1_109' title="bbox 2302 4666 3869 4822">
    <p class='ocr_par' dir='ltr' id='par_1_109' title="bbox 2302 4666 3869 4822">
     <span class='ocr_line' id='line_1_109' title="bbox 2302 4666 3868 4765; baseline -0.022 -16"><span class='ocrx_word' id='word_1_762' title='bbox 2935 4666 3089 4738; x_wconf 48' lang='lat' dir='ltr'><strong>aliud.</strong></span> <span class='ocrx_word' id='word_1_763' title='bbox 3109 4682 3302 4744; x_wconf 83' lang='lat' dir='ltr'><strong>volunt,</strong></span> <span class='ocrx_word' id='word_1_764' title='bbox 3328 4692 3485 4748; x_wconf 82' lang='lat' dir='ltr'><strong>quam</strong></span> <span class='ocrx_word' id='word_1_765' title='bbox 3516 4671 3656 4755; x_wconf 70' lang='lat' dir='ltr'><strong>quod</strong></span> <span class='ocrx_word' id='word_1_766' title='bbox 3689 4666 3868 4745; x_wconf 72' lang='lat' dir='ltr'><strong>Ansel-</strong></span> 
     </span>
     <span class='ocr_line' id='line_1_110' title="bbox 2302 4738 3869 4822; baseline -0.02 -5"><span class='ocrx_word' id='word_1_767' title='bbox 2302 4763 2641 4818; x_wconf 75' lang='lat' dir='ltr'><strong>mus—lucc</strong></span> <span class='ocrx_word' id='word_1_768' title='bbox 2693 4769 2836 4822; x_wconf 83' lang='lat' dir='ltr'><strong>gesta</strong></span> <span class='ocrx_word' id='word_1_769' title='bbox 2879 4753 3187 4822; x_wconf 77' lang='lat' dir='ltr'><strong>pontificum</strong></span> <span class='ocrx_word' id='word_1_770' title='bbox 3227 4751 3568 4822; x_wconf 76' lang='lat' dir='ltr'><strong>desumpserit</strong></span> <span class='ocrx_word' id='word_1_771' title='bbox 3615 4755 3681 4792; x_wconf 73' lang='lat' dir='ltr'><strong>ea:</strong></span> <span class='ocrx_word' id='word_1_772' title='bbox 3736 4738 3869 4822; x_wconf 53' lang='lat' dir='ltr'><strong>fibra</strong></span> 
     </span>
    </p>
   </div>
   <div class='ocr_carea' id='block_1_110' title="bbox 2301 4777 2778 4818">
    <p class='ocr_par' dir='ltr' id='par_1_110' title="bbox 2301 4777 2778 4818">
     <span class='ocr_line' id='line_1_111' title="bbox 2301 4777 2778 4818; baseline -0.015 -1"><span class='ocrx_word' id='word_1_773' title='bbox 2301 4782 2418 4818; x_wconf 85' lang='lat' dir='ltr'><strong>mus</strong></span> <span class='ocrx_word' id='word_1_774' title='bbox 2441 4794 2508 4804; x_wconf 86' lang='grc'><strong>·-·</strong></span> <span class='ocrx_word' id='word_1_775' title='bbox 2531 4777 2641 4816; x_wconf 73' lang='grc' dir='ltr'><strong>ηωε</strong></span> <span class='ocrx_word' id='word_1_776' title='bbox 2694 4777 2778 4818; x_wconf 84' lang='lat' dir='ltr'><strong>ges</strong></span> 
     </span>
    </p>
   </div>
   <div class='ocr_carea' id='block_1_111' title="bbox 2301 4775 3868 4904">
    <p class='ocr_par' dir='ltr' id='par_1_111' title="bbox 2301 4775 3868 4904">
     <span class='ocr_line' id='line_1_112' title="bbox 2301 4775 3865 4829; baseline -0.02 -12"><span class='ocrx_word' id='word_1_777' title='bbox 2301 4775 2641 4818; x_wconf 73' lang='grc' dir='ltr'><strong>ηιηε-ηωε</strong></span> <span class='ocrx_word' id='word_1_778' title='bbox 2693 4775 2836 4829; x_wconf 84' lang='lat' dir='ltr'><strong>gesta</strong></span> <span class='ocrx_word' id='word_1_779' title='bbox 2879 4775 3187 4823; x_wconf 60' lang='lat' dir='ltr'><strong>pontiﬁcum</strong></span> <span class='ocrx_word' id='word_1_780' title='bbox 3227 4775 3565 4826; x_wconf 52' lang='grc' dir='ltr'><strong>αεδιυηῌδειη</strong></span> <span class='ocrx_word' id='word_1_781' title='bbox 3615 4775 3679 4792; x_wconf 66' lang='grc' dir='ltr'><strong>..ν</strong></span> <span class='ocrx_word' id='word_1_782' title='bbox 3745 4775 3865 4788; x_wconf 70' lang='grc' dir='ltr'><strong>ην...</strong></span> 
     </span>
     <span class='ocr_line' id='line_1_113' title="bbox 2301 4807 3868 4904; baseline -0.02 -17"><span class='ocrx_word' id='word_1_783' title='bbox 2301 4851 2452 4904; x_wconf 85' lang='lat' dir='ltr'><strong>quem</strong></span> <span class='ocrx_word' id='word_1_784' title='bbox 2477 4835 2584 4902; x_wconf 88' lang='lat' dir='ltr'><strong>ipse</strong></span> <span class='ocrx_word' id='word_1_785' title='bbox 2611 4831 2675 4904; x_wconf 83' lang='lat' dir='ltr'><strong>de</strong></span> <span class='ocrx_word' id='word_1_786' title='bbox 2705 4827 2937 4882; x_wconf 85' lang='lat' dir='ltr'><strong>omnium</strong></span> <span class='ocrx_word' id='word_1_787' title='bbox 2962 4824 3268 4903; x_wconf 57' lang='lat' dir='ltr'><strong>ponti/icitur</strong></span> <span class='ocrx_word' id='word_1_788' title='bbox 3304 4807 3868 4904; x_wconf 35' lang='lat' dir='ltr'><strong>gestiensque-.3343:</strong></span> 
     </span>
    </p>
   </div>
   <div class='ocr_carea' id='block_1_112' title="bbox 2304 4887 3867 4973">
    <p class='ocr_par' dir='ltr' id='par_1_112' title="bbox 2304 4887 3867 4973">
     <span class='ocr_line' id='line_1_114' title="bbox 2304 4887 3867 4973; baseline -0.021 -15"><span class='ocrx_word' id='word_1_789' title='bbox 2304 4887 2532 4973; x_wconf 56' lang='lat' dir='ltr'><strong>t&#39;entpor&#39;a</strong></span> <span class='ocrx_word' id='word_1_790' title='bbox 2561 4901 2862 4973; x_wconf 53' lang='lat' dir='ltr'><strong>scripserat,</strong></span> <span class='ocrx_word' id='word_1_791' title='bbox 2887 4887 3141 4973; x_wconf 65' lang='lat' dir='ltr'><strong>truncatis</strong></span> <span class='ocrx_word' id='word_1_792' title='bbox 3169 4887 3867 4973; x_wconf 31' lang='lat' dir='ltr'><strong>uiginti-septem-pn&#39;lmnogt‘n</strong></span> 
     </span>
    </p>
   </div>
   <div class='ocr_carea' id='block_1_113' title="bbox 2303 4946 3869 5042">
    <p class='ocr_par' dir='ltr' id='par_1_113' title="bbox 2303 4946 3869 5042">
     <span class='ocr_line' id='line_1_115' title="bbox 2303 4946 3869 5042; baseline -0.02 -14"><span class='ocrx_word' id='word_1_793' title='bbox 2945 4946 2948 4947; x_wconf 12' lang='grc' dir='ltr'><em>ν</em></span> <span class='ocrx_word' id='word_1_794' title='bbox 2971 4946 3279 5042; x_wconf 56' lang='lat' dir='ltr'><strong>prwfatioite</strong></span> 
     </span>
    </p>
   </div>
   <div class='ocr_carea' id='block_1_114' title="bbox 2306 5024 3866 5113">
    <p class='ocr_par' dir='ltr' id='par_1_114' title="bbox 2306 5024 3866 5113">
     <span class='ocr_line' id='line_1_116' title="bbox 2306 5024 3866 5113; baseline -0.019 -16"><span class='ocrx_word' id='word_1_795' title='bbox 2306 5024 2624 5113; x_wconf 41' lang='lat' dir='ltr'><strong>debebam,</strong></span> <span class='ocrx_word' id='word_1_796' title='bbox 2649 5024 2737 5108; x_wconf 65' lang='lat' dir='ltr'><strong>qui</strong></span> <span class='ocrx_word' id='word_1_797' title='bbox 2766 5024 3118 5113; x_wconf 74' lang='lat' dir='ltr'><strong>gesta_viginti</strong></span> <span class='ocrx_word' id='word_1_798' title='bbox 3147 5039 3343 5113; x_wconf 63' lang='lat' dir='ltr'><strong>septem</strong></span> <span class='ocrx_word' id='word_1_799' title='bbox 3377 5024 3737 5113; x_wconf 42' lang='lat' dir='ltr'><strong>episcoporum</strong></span> <span class='ocrx_word' id='word_1_800' title='bbox 3763 5030 3866 5084; x_wconf 84' lang='lat' dir='ltr'><strong>pn-</strong></span> 
     </span>
    </p>
   </div>
   <div class='ocr_carea' id='block_1_115' title="bbox 2305 5097 3710 5180">
    <p class='ocr_par' dir='ltr' id='par_1_115' title="bbox 2305 5097 3710 5180">
     <span class='ocr_line' id='line_1_117' title="bbox 2305 5097 3710 5180; baseline -0.02 -14"><span class='ocrx_word' id='word_1_801' title='bbox 2305 5097 2508 5166; x_wconf 69' lang='lat' dir='ltr'><strong>mbrum</strong></span> <span class='ocrx_word' id='word_1_802' title='bbox 2527 5097 2644 5180; x_wconf 74' lang='lat' dir='ltr'><strong>jam</strong></span> <span class='ocrx_word' id='word_1_803' title='bbox 2662 5097 2801 5160; x_wconf 72' lang='grc' dir='ltr'><strong>ἀηιὲ</strong></span> <span class='ocrx_word' id='word_1_804' title='bbox 2824 5097 3018 5180; x_wconf 71' lang='lat' dir='ltr'><strong>scripta</strong></span> <span class='ocrx_word' id='word_1_805' title='bbox 3041 5097 3349 5180; x_wconf 63' lang='lat' dir='ltr'><strong>continebat,</strong></span> <span class='ocrx_word' id='word_1_806' title='bbox 3379 5097 3710 5180; x_wconf 55' lang='lat' dir='ltr'><strong>ann-exuerit.</strong></span> 
     </span>
    </p>
   </div>
   <div class='ocr_carea' id='block_1_116' title="bbox 2375 5162 3512 5252">
    <p class='ocr_par' dir='ltr' id='par_1_116' title="bbox 2375 5162 3512 5252">
     <span class='ocr_line' id='line_1_118' title="bbox 2375 5162 3512 5252; baseline -0.013 -17"><span class='ocrx_word' id='word_1_807' title='bbox 2375 5162 2548 5252; x_wconf 18' lang='lat' dir='ltr'><strong>(il-5t)&quot;</strong></span> <span class='ocrx_word' id='word_1_808' title='bbox 2561 5179 2692 5252; x_wconf 65' lang='lat' dir='ltr'><strong>Y_i_de</strong></span> <span class='ocrx_word' id='word_1_809' title='bbox 2718 5162 3061 5252; x_wconf 69' lang='lat' dir='ltr'><strong>praefationes</strong></span> <span class='ocrx_word' id='word_1_810' title='bbox 3078 5171 3158 5252; x_wconf 70' lang='lat' dir='ltr'><strong>ad</strong></span> <span class='ocrx_word' id='word_1_811' title='bbox 3179 5169 3342 5252; x_wconf 60' lang='lat' dir='ltr'><strong>libros</strong></span> <span class='ocrx_word' id='word_1_812' title='bbox 3375 5163 3419 5252; x_wconf 70' lang='lat' dir='ltr'><strong>i,</strong></span> 
     </span>
    </p>
   </div>
   <div class='ocr_carea' id='block_1_117' title="bbox 3514 5223 3868 5252">
    <p class='ocr_par' dir='ltr' id='par_1_117' title="bbox 3514 5223 3868 5252">
     <span class='ocr_line' id='line_1_119' title="bbox 3514 5223 3868 5252; baseline 0 0"><span class='ocrx_word' id='word_1_813' title='bbox 3514 5245 3534 5252; x_wconf 83' lang='grc'><strong><em>-</em></strong></span> <span class='ocrx_word' id='word_1_814' title='bbox 3603 5223 3868 5252; x_wconf 57' lang='grc' dir='ltr'><strong>..Αλᾼριέ-</strong></span> 
     </span>
    </p>
   </div>
  </div>
