4094 5252
268 275 381 334 ἐν

1729 268 2065 329 ΜΟΝΙἹὍΜ.

3413 280 3521 339 990

244 400 457 456 .Unam
504 401 711 451 tantum
762 406 879 462 qua:
944 388 997 445 in
1019 389 1335 460 explicanda
1392 390 1495 444 hac
1539 387 1849 441 ditticultate
1876 388 1926 445 Α
1954 388 2289 445 describendi
2344 392 2657 448 servitutem
2711 407 2769 448 se
2818 393 2984 458 dedit,
3018 396 3135 460 sed,
3181 396 3521 465 paucissimis

280 488 407 542 iniri
439 486 610 555 possit
636 484 778 538 viam
826 483 999 535 video.
1042 478 1418 534 Prtefatiouem
1448 477 1572 531 libri
1604 475 1847 538 secundi,

278 588 503 648 excepta
535 575 798 646 particula
823 573 1061 642 epistolae
1092 573 1157 625 ad
1179 571 1344 634 ldam,
1368 568 1504 622 alius
1528 568 1707 621 nescio
1728 567 1851 635 quis

277 672 600 740 compilator
640 667 994 735 conscripsit;
1052 662 1341 718 Anselmus
1390 676 1518 715 vero
1565 659 1851 729 quominus

278 763 394 830 ipse
413 760 574 815 Gesta
614 758 863 813 omnibus
898 755 1136 809 numeris
1176 753 1497 812 absolveret,
1538 758 1853 819 partemque

276 852 635 921 posteriorem
663 863 782 901 cum
812 847 976 915 priori
1018 844 1210 897 idoneo
1246 842 1425 910 aliquo
1464 840 1687 893 transitu
1718 854 1850 892 con-

267 942 545 1011 jungeret,
576 939 757 993 nescio
784 951 890 1005 quo
919 936 1028 990 fato
1052 936 1234 1004 iniquo
1264 932 1550 1000 impeditus
1571 942 1673 985 est.
1699 929 1853 996 Quod

276 1034 396 1101 ipso
426 1032 570 1085 illius
599 1027 930 1098 prtefationis
962 1036 1134 1090 textu,
1171 1026 1222 1079 ni
1264 1024 1443 1088 fallor,
1484 1023 1617 1077 satis
1653 1022 1852 1092 proba-

276 1135 386 1186 tur,
416 1137 540 1175 nam
589 1122 634 1175 si
663 1120 821 1189 paulo
850 1119 1157 1173 accuratius
1184 1132 1301 1171 eam
1332 1115 1752 1177 examinaveris,
1787 1128 1854 1167 ex

273 1215 513 1270 Anselmi
543 1211 769 1283 epistola
792 1210 857 1265 ad
879 1213 1157 1265 Annonem
1182 1209 1371 1262 iisdem
1401 1208 1543 1260 haud
1574 1222 1697 1261 raro
1729 1222 1854 1260 ver-

272 1304 832 1372 b'seamexscriptam
854 1316 974 1356 esse
996 1301 1233 1355 invenies
1250 1298 1417 1369 (155).
1449 1298 1631 1367 Neque
1650 1298 1749 1351 boc
1772 1298 1855 1351 iu-

276 1397 645 1467 telligendum,
666 1411 765 1450 cur
788 1396 873 1449 hic
889 1404 1079 1448 auctor
1095 1394 1329 1447 breviter
1351 1392 1626 1463 repetierit
1657 1406 1775 1460 qua)
1801 1390 1855 1443 in

254 1488 458 1541 fronte
489 1488 657 1542 totius
695 1486 876 1555 operis
901 1494 953 1539 et
981 1484 1194 1553 planius
1216 1494 1267 1537 et
1291 1483 1461 1539 fusius
1482 1483 1709 1535 dixerat.
1737 1480 1857 1533 Pri-

274 1591 422 1630 mam
461 1576 641 1644 itaque
665 1575 730 1629 ad
755 1576 898 1627 Idam
927 1574 1216 1627 editionem
1246 1581 1553 1643 paraverat,
1587 1579 1644 1623 ut
1666 1570 1858 1624 littera:

275 1665 344 1717 ad
384 1665 666 1719 Annonem
700 1665 964 1734 probant;
1000 1665 1052 1718 in
1080 1663 1318 1733 paranda
1347 1665 1533 1721 altera,
1552 1670 1722 1715 morte
1749 1660 1859 1713 for—

1953 482 2191 549 exceptis
2212 480 2362 544 locis,
2385 484 2667 537 consilium
2693 484 2912 539 liberius
2934 494 3171 549 secutus,
3194 501 3280 541 res
3303 489 3384 543 sui
3400 489 3521 544 libri

1954 580 2273 639 argumento
2287 574 2695 627 accommodare
2717 582 2942 627 conatus
2966 583 3069 627 est.
3104 573 3315 645 Integra
3345 585 3522 631 tamen

1956 667 2061 721 alia
2087 669 2321 721 servavit
2338 668 2644 722 testimonia
2669 670 2845 738 magni
2872 668 3138 734 facienda,
3155 685 3275 739 qua:
3302 685 3366 724 ex
3390 669 3526 725 Leo-

1955 761 2124 815 dtensn
2165 762 2430 815 tabulario
2462 760 2663 814 illibata
2694 761 2745 814 in
2776 770 2978 815 textum
3010 763 3231 830 recepit.
3266 760 3525 816 Wazouis

1955 861 2078 905 sunt
2102 856 2316 908 lttterte.
2346 867 2464 919 qua:
2486 854 2661 904 nativa
2689 867 2784 904 sua
2808 852 2986 905 indole
3011 852 3090 905 vel
3118 852 3276 906 hodie
3307 851 3524 906 lectoris

1956 942 2194 995 animum
2228 950 2461 1004 movent,
2498 943 2562 994 ad
2577 942 2837 997 Joannem
2869 944 3211 1013 prmpositum
3245 942 3425 1012 (162),
3456 940 3525 995 ad

1958 1030 2250 1085 Robertum
2279 1030 2745 1101 regemFraucia-(
2756 1031 2895 1099 165).
2923 1042 2976 1085 et
2997 1031 3062 1083 ad
3087 1030 3374 1101 Rogerium
3403 1028 3523 1098 epi—

1958 1139 2177 1194 scopum
2194 1122 2641 1178 Catalauneusem
2668 1122 2833 1190 (161).
2858 1121 3062 1188 Quibus
3091 1122 3355 1175 accedunt
3376 1118 3523 1187 ejus-

1959 1215 2078 1271 dem
2112 1214 2325 1283 Rogerii
2356 1214 2549 1268 littera:
2582 1223 2635 1267 et
2664 1213 2901 1268 Richarii
2932 1212 3167 1281 episcopi
3216 1209 3528 1265 Leodiensis

1962 1306 2138 1359 tabula
2164 1305 2332 1374 (165).
2365 1303 2572 1357 51111111ῖί
2610 1314 2788 1356 tamen
2821 1311 2943 1355 sunt
2977 1301 3235 1355 momenti
3266 1314 3386 1369 quae
3413 1300 3529 1369 ipse

1959 1396 2041 1450 vel
2083 1396 2219 1450 vidit
2256 1394 2410 1448 testis
2448 1392 2730 1455 oculatus,
2763 1392 2843 1445 vel
2876 1392 2925 1444 iu
2963 1391 3108 1444 curia
3146 1391 3401 1446 Wazonis
3427 1404 3527 1443 au-

1961 1488 2088 1550 diit;
2141 1502 2265 1540 nam
2327 1486 2553 1539 alterum
2604 1498 2739 1553 pene
2789 1482 2909 1536 libri
2957 1482 3233 1536 dimidium
3272 1482 3414 1553 quod
3461 1482 3529 1538 de

1960 1576 2201 1631 Wazone
2244 1562 2564 1645 conscripsit
2614 1575 2714 1627 hoc
2769 1571 3119 1625 fundamento
3152 1574 3303 1640 quasi
3337 1587 3527 1640 super-

1964 1679 2228 1724 strtn-tum
2261 1678 2362 1721 cst.
2396 1671 2459 1721 Δ.
2506 1667 2632 1721 1011
2682 1666 2905 1721 solemni
2938 1665 3194 1721 Wazonis
3234 1665 3529 1727 inaugura-

277 1763 427 1808 tasse
478 1767 805 1823 praeventus,
841 1771 998 1810 suum
1050 1755 1245 1809 librum
1305 1753 1393 1806 alii
1453 1752 1691 1819 reliquit,
1738 1750 1851 1819 qui,

1966 1763 2092 1815 tioni
2119 1762 2269 1815 testis
2302 1758 2543 1813 interfuit
2576 1758 2743 1828 (166),
2775 1758 2907 1811 vidit
2943 1756 3251 1823 episcopum
3280 1751 3350 1805 25
3394 1766 3529 1819 prr-

275 1845 479 1897 omissa
528 1853 680 1913 parte
711 1846 911 1914 priore,
948 1860 1071 1900 cum
1116 1842 1359 1913 Herigeri
1397 1842 1575 1895 libello
1608 1842 1659 1894 in
1691 1856 1856 1893 unum

275 1935 535 1989 volumen
578 1950 701 1989 eum
731 1936 1119 1990 conscriberet.
1150 1934 1380 2001 Ideoque
1426 1942 1616 1985 auctor
1645 1929 1858 1983 Annoni

268 2039 416 2092 opus
440 2040 595 2078 suum
636 2041 821 2079 revera
859 2026 1071 2079 misisse
1107 2024 1251 2078 credi
1280 2024 1487 2092 nequit.
1520 2023 1859 2091 Anouytnum

276 2120 488 2178 autem,
520 2115 610 2185 qui
642 2132 735 2169 sua
776 2116 1190 2185 iuterpolatioue
1228 2122 1407 2170 omnia
1458 2113 1761 2169 confuderit
1807 2122 1861 2167 et

273 2206 536 2270 Lrbarit,
571 2220 790 2260 munere
839 2205 980 2260 felici
1026 2216 1219 2261 conatu
1254 2207 1493 2259 functum
1545 2220 1665 2259 esse
1705 2219 1862 2257 nemo

280 2296 444 2353 :licct.

349 2390 407 2443 lu
438 2389 675 2444 Anselmi
713 2390 848 2445 libro
874 2406 980 2445 non
1010 2390 1227 2445 uberior
1254 2390 1362 2456 illa,
1386 2406 1505 2459 quae
1530 2391 1580 2443 in
1607 2389 1863 2459 llerigero

276 2490 421 2545 erat,
448 2484 689 2537 doctrina
740 2484 1016 2549 cernitur,
1050 2493 1227 2537 tamen
1271 2484 1414 2537 haud
1461 2483 1865 2537 contemnendis

276 2585 335 2630 et
364 2590 546 2629 rerum
571 2576 976 2630 scribemlarum
1006 2587 1060 2630 et
1099 2576 1419 2629 eruditionis
1452 2575 1714 2643 przesidiis
1745 2590 1864 2627 tnu-

278 2667 454 2731 nitus,
506 2683 640 2737 opus
692 2684 945 2737 agressus
986 2678 1087 2722 est.
1143 2671 1224 2722 Ad
1272 2670 1577 2737 antiquiora
1626 2678 1866 2735 tempora

278 2758 571 2812 scribenda
593 2769 897 2813 sanctorum
927 2760 1075 2813 Vitas
1102 2761 1153 2813 in
1184 2760 1436 2813 auxilium
1463 2759 1672 2813 voravit
1693 2757 1868 2813 Theo-

280 2850 443 2904 dardi
473 2851 646 2921 (154),
682 2850 905 2905 lluberti
936 2852 1106 2921 (155),
1149 2852 1423 2905 Lamberti
1470 2866 1499 2903 a
1539 2850 1868 2905 Godescaleo

276 2950 341 2995 et
415 2939 691 3009 Stephano
747 2943 1071 3011 compositas
1144 2944 1326 3009 (156),
1380 2942 1640 3009 Ruotgeri
1700 2944 1865 2995 vitam

278 3030 346 3083 S.
377 3028 648 3084 Brunonis
678 3031 845 3101 (157),
876 3033 1123 3087 monachi
1151 3034 1401 3103 anonytni
1436 3031 1491 3086 S.
1516 3031 1701 3086 Jacobi
1734 3033 1867 3085 Leo—

281 3122 494 3175 diensis
545 3120 718 3177 Vitam
762 3123 1022 3178 Balderici
1069 3125 1302 3193 episcopi
1354 3124 1523 3195 (158),
1568 3125 1760 3191 quibus
1801 3139 1867 3175 ex

278 3213 571 3281 amplioris
587 3216 886 3283 argumenti
911 3216 1061 3269 libris
1086 3216 1379 3285 chiuonis
1402 3216 1704 3270 Cltronicou
1721 3215 1867 3283 (159)

280 3312 339 3357 et
368 3302 614 3357 Fulcuini
641 3303 803 3358 Gesta
827 3304 1079 3358 abbatum
1102 3304 1443 3360 Lobiensium
1474 3305 1677 3358 addidit
1698 3306 1867 3375 (160),

278 3404 340 3447 et
370 3392 552 3447 locum
582 3409 646 3448 cx
681 3398 943 3464 scriptore
970 3396 1277 3464 nescioquo
1294 3397 1359 3450 de
1382 3392 1742 3449 S.Lamberto
1773 3396 1868 3450 de-

281 3494 565 3554 sumptum
594 3485 759 3556 (161).
796 3486 900 3541 Sed
949 3488 1001 3540 in
1033 3488 1391 3557 comparanda
1424 3502 1605 3541 rerum
1644 3487 1870 3540 materia

282 3590 399 3630 non
427 3584 688 3630 consueto
732 3576 946 3631 illorum
982 3586 1280 3647 temporum
1324 3587 1605 3632 auctorum
1639 3592 1790 3632 more
1818 3578 1872 3632 in

363 3796 517 3867 (155)
558 3796 818 3867 Conferas
870 3797 971 3851 hos
1001 3796 1149 3852 locos
1188 3812 1252 3850 ex
1293 3794 1611 3867 przefatione
1661 3794 1781 3848 libri
1832 3792 1872 3847 11

281 3866 632 3934 desumptos,
664 3866 930 3936 Superiori
958 3896 1029 3907 —
1057 3883 1412 3926 successores;
1462 3866 1711 3932 Deinceps
1759 3880 1876 3936 qua:

278 3969 361 3983 -—-
390 3948 513 3991 sunt
544 3934 778 4001 annexa;
803 3955 919 4007 qme
948 3954 1063 3990 cum
1094 3941 1165 3989 ita
1190 3968 1261 3976 ——
1301 3936 1535 4007 ordinem
1588 3951 1710 3989 cutn
1758 3934 1877 3986 loco

281 4008 539 4077 epistolze
569 4007 633 4060 ad
670 4006 950 4063 Annuitem
984 4025 997 4060 :
1043 4008 1108 4060 Et
1148 4024 1265 4059 cum
1292 4006 1382 4058 illa
1420 4007 1746 4074 superior—
1775 4021 1877 4057 au-

282 4080 561 4140 diuimus;
621 4086 794 4131 locum
855 4080 1128 4146 requiescit
1160 4109 1229 4120 —
1268 4077 1525 4146 afﬁrmant
1579 4090 1704 4130 cum
1760 4089 1877 4143 quas

280 4152 453 4203 etiam
479 4158 667 4213 prater
693 4178 763 4189 —
792 4149 1142 4217 sepulchrum.

361 4218 516 4289 (151)
552 4217 621 4289 ll,
660 4218 715 4271 2.

363 4287 518 4356 (155)
555 4288 624 4348 11,
666 4287 753 4341 16.

1962 1855 2167 1907 bendas
2200 1868 2307 1905 uno
2336 1851 2420 1904 die
2454 1850 2817 1904 conferentem
2847 1848 3014 1918 (167),
3052 1858 3283 1911 cumque
3313 1843 3530 1894 domum

1962 1946 2342 2001 exstrucndam
2371 1957 2656 2012 aggressus
2681 1948 2842 2003 esset,
2869 1938 3273 1991 subministrata
3306 1933 3531 1999 pecunia

1964 2038 2031 2091 ab
2074 2038 2164 2091 illo
2195 2034 2410 2101 adjutus
2438 2043 2517 2087 est
2544 2034 2711 2102 (168).
2763 2030 2913 2083 llaud
2949 2043 3116 2098 pauca
3167 2042 3231 2079 ex
3276 2022 3536 2076 \V’azonis

1964 2127 2231 2195 colloquio
2256 2126 2355 2179 sibi
2397 2124 2689 2191 sumpsisse
2732 2130 2898 2174 testes
2928 2127 3052 2173 sunt
3092 2117 3180 2170 alii
3221 2115 3321 2169 loci
3364 2113 3533 2181 (169).

1964 2218 2100 2273 Nutu
2134 2217 2383 2272 morienti
2411 2232 2624 2285 quoque
2657 2216 2907 2283 episcopo
2936 2210 3203 2273 astiterit,
3228 2209 3407 2260 dicere
3441 2206 3538 2257 du-

1964 2314 2095 2367 bito.
2134 2312 2284 2365 Alios
2307 2312 2358 2362 in
2389 2309 2509 2361 aliis
2542 2309 2699 2361 rebus
2733 2316 2948 2360 secutus
2970 2313 3083 2367 est;
3113 2303 3254 2356 inter
3280 2313 3416 2367 quos
3448 2297 3540 2349 de-

1965 2403 2353 2471 prehendimus
2424 2400 2732 2468 Popponetn
2802 2395 3175 2449 Stabulenscm
3250 2391 3539 2453 abbatem,

1969 2470 2226 2545 Wazouis
2275 2489 2508 2542 amicum
2556 2489 2725 2557 (170),
2778 2470 3007 2539 clericos
3053 2483 3144 2552 qui
3192 2482 3383 2535 diurna
3415 2494 3540 2533 cum

1968 2584 2157 2637 eodem
2204 2580 2478 2648 conjuncti
2531 2588 2688 2632 erant
2742 2574 3133 2629 consuetudine
3186 2571 3371 2638 (l7l);
3432 2582 3541 2620 nuo

1970 2674 2401 2727 adversariorum
2440 2685 2544 2723 non
2581 2668 2789 2736 respuit
2837 2664 3203 2719 testimonium
3236 2660 3416 2731 (172),
3451 2671 3545 2709 ne-

1970 2782 2073 2835 que
2096 2766 2269 2818 minus
2281 2780 2343 2817 ea
2358 2779 2497 2831 qum,
2520 2762 2590 2816 ob
2612 2762 2852 2814 omnium
2879 2757 3063 2813 oculos
3087 2755 3277 2824 posita,
3294 2750 3544 2805 omnibus

1970 2868 2097 2913 nota
2120 2865 2245 2911 sunt
2275 2857 2456 2909 laudat
2486 2854 2657 2925 (175).
2685 2852 2891 2919 Quibus
2912 2866 2978 2903 ex
3006 2848 3166 2901 rebus
3191 2853 3395 2899 tantam
3423 2856 3545 2893 nar-

1970 2950 2123 3006 randi
2154 2949 2432 3002 materiem
2462 2948 2562 3001 sibi
2594 2944 2963 3014 comparavit,
2995 2951 3053 2995 ut
3078 2939 3243 2995 multa
3275 2935 3548 2992 mentione

1972 3044 2288 3113 dignissima
2329 3058 2387 3097 se
2416 3040 2738 3110 prmteriisse
2765 3053 2871 3090 non
2903 3050 3012 3089 uno
3038 3033 3156 3087 loco
3193 3038 3449 3091 testetur,
3480 3040 3548 3080 ne

1972 3133 2225 3190 breviarii
2258 3131 2395 3199 quod
2424 3130 2694 3201 pollicitus
2723 3127 2795 3181 sit
2825 3124 2957 3179 lines
2982 3122 3209 3177 excedat
3240 3118 3410 3187 (174).
3436 3114 3547 3169 Nec

1973 3227 2026 3280 in
2065 3223 2349 3280 scribenda
2392 3222 2632 3291 priorum
2682 3226 2985 3283 temporum
3027 3208 3254 3265 historia
3289 3222 3354 3261 ex
3394 3204 3546 3257 vivo-

1973 3335 2092 3373 rum
2123 3316 2383 3371 memoria
2415 3326 2468 3369 et
2498 3326 2713 3365 rumore
2742 3305 2969 3377 vulgari,
2994 3319 3113 3373 qum
3141 3317 3170 3355 a
3199 3298 3422 3355 consilio
3447 3309 3548 3349 suo

1972 3424 2077 3463 non
2109 3407 2283 3462 aliena
2318 3412 2552 3476 putaret,
2573 3401 2790 3457 haurire
2826 3397 3045 3473 sprevit.
3082 3395 3157 3448 De
3186 3391 3243 3446 S.
3272 3386 3547 3444 Lamberti

1974 3500 2251 3556 miraculis
2274 3496 2634 3551 Tliietwiuum
2666 3494 2975 3562 episcopum
3012 3497 3066 3541 et
3086 3484 3312 3539 clericos
3342 3480 3431 3549 qui
3461 3477 3550 3531 illa

1976 3610 2033 3650 se
2060 3592 2260 3649 vidisse
2295 3587 2652 3651 affirmabant,
2700 3592 2863 3639 testes
2904 3580 3034 3635 facit
3067 3575 3252 3649 (175);
3292 3572 3398 3626 alia
3434 3570 3550 3638 ipse

2050 3812 2195 3885 (166)
2233 3810 2306 3874 ll,
2338 3809 2400 3863 51
2432 3823 2447 3861 :
2499 3802 2620 3858 Nisi
2657 3815 2883 3873 praesens
2916 3797 3179 3859 vidissem,
3222 3789 3367 3846 nullo
3398 3786 3554 3843 modo

1977 3886 2259 3945 crederem,
2299 3890 2407 3934 etc.

2075 3976 2195 4035 167)
2234 3973 2274 4027 ll
2298 4014 2311 4036 ,
2341 3971 2405 4026 67
2438 3988 2450 4022 :
2490 3967 2729 4019 Vidimus
2758 3991 2830 4004 --
2854 3961 2917 4014 ab
2948 3974 3007 4012 eo
3036 3985 3107 3996 --
3132 3954 3310 4036 datas,
3337 3958 3448 4036 etc.

2079 4029 2198 4111 l68)
2238 4029 2313 4104 ll,
2342 4045 2409 4097 68
2440 4058 2452 4092 :
2484 4037 2637 4111 Quod
2663 4052 2757 4111 ego
2776 4063 2844 4111 ῖς
2872 4045 2987 4083 sum
3009 4029 3410 4111 expet-fuitat?

2235 4094 2410 4187 11,-21
2441 4094 3421 4187 :Afit.aitdi'vi'vl’quonezttfigentem,
3444 4099 3551 4187 ego.

1980 4164 2193 4253 11,Χ5ἷῖ
2222 4164 2414 4249 ᾖξ’ἰρδέ
2442 4177 2705 4248 fatebatur
2736 4173 2810 4238 ll,
2842 4170 2910 4226 68
2939 4188 2953 4223 :
2979 4166 3233 4220 Miserum
3268 4178 3348 4215 me
3374 4189 3444 4201 —
3473 4164 3555 4214 di-

1979 4264 2229 4327 gnaretur
2255 4252 2504 4321 alloquio,
2534 4257 2642 4301 etc.

2052 4346 2199 4417 (170)
2239 4344 2311 4417 ll,
2569 4337 2803 4417 alienari
2823 4332 3018 4388 solebat
3040 4325 3557 4417 abbasfs’oEpogetc:

2238 4396 2425 4489 11,-48,
2600 4406 2701 4489 Per
2725 4406 3004 4489 diacono-nt
3030 4400 3142 4489 ejus
3172 4398 3261 4489 qui

1980 4466 2726 4555 abVoreIipsius'didicerut,
2778 4486 2883 4555 etc.
2927 4466 3394 4555 ll,.7l':'1:estati
3439 4470 3561 4519 sunt

1979 4539 2320 4630 presbiteri'et
2352 4552 2609 4622 rapellam‘
2637 4549 2723 4615 qui
2755 4546 2803 4598 ei
2838 4574 2895 4583 -
2930 4539 3264 4603 assistebant,
3290 4546 3396 4592 etc.

2055 4651 2203 4724 (172)
2244 4648 2307 4712 ll,
2340 4643 2408 4699 56
2436 4658 2451 4696 :
2489 4640 2599 4709 Ipsi
2623 4639 2794 4691 adhuc
2821 4634 3001 4711 testari
3033 4631 3217 4694 solent,
3242 4630 3365 4724 etc:

2054 4717 2201 4819 (175)
2241 4741 2322 4819 11,
2354 4737 2467 4792 25:
2517 4732 2659 4787 Sicut
2704 4719 3403 4819 iilpceselllllllafllm‘fff.li:

1993 4792 2133 4889 4ρῖίά
2150 4792 2378 4879 'nlosvfus
2421 4815 2494 4859 est
2540 4792 2991 4889 cernere.'"ll,HUi
3018 4792 3251 4889 :vTesm
3286 4798 3403 4889 slu'nt
3442 4800 3571 4855 pene

1982 4857 2513 4963 q'.7&':3.lb}:t{e3diam
2544 4886 2746 4925 novere.
2781 4867 2852 4925 ll.
2884 4868 2989 4921 55:
3020 4861 3131 4915 Fas
3157 4872 3230 4915 est
3260 4857 3432 4911 adhuc
3458 4871 3569 4910 cer-

1986 4975 2104 5015 nere
2134 4962 2368 5021 vestigia.

2057 5044 2207 5108 (174)
2251 5043 2313 5107 11,
2343 5041 2410 5095 55
2436 5056 2447 5091 :
2484 5035 2665 5107 Pauca
2689 5030 2917 5108 referens
2947 5024 3101 5093 plura
3128 5028 3391 5108 prie-terea
3401 5032 3570 5108 ,711112-

365 4354 521 4429 (156)
559 4358 631 4429 ll_,
664 4358 731 4429 5,7
758 4357 811 4420 5,
842 4356 904 4421 6,
932 4357 989 4429 7,
1015 4357 1048 4411 8
1069 4398 1083 4419 ,
1111 4355 1211 4429 20.
1239 4356 1372 4411 Vide
1402 4371 1521 4425 quae
1553 4356 1619 4411 de
1645 4354 1876 4409 diversis

293 4412 439 4481 Vlla:
585 4412 857 4481 Lamberti
888 4412 917 4480 £1
957 4412 1283 4482 Codescalco
1320 4412 1641 4493 conscriptre
1682 4440 1871 4479 receu-
1901 4412 1954 4471 D

286 4499 544 4553 sionibus
573 4507 730 4551 acute
773 4498 1029 4552 disseruit
1065 4513 1113 4549 v.
1146 4498 1215 4550 cl.
1261 4497 1449 4550 Hirsch
1490 4497 1542 4548 in
1575 4504 1872 4549 comment.

284 4571 362 4623 de
411 4567 696 4635 Sigeberto
734 4583 785 4637 p.
830 4567 955 4620 288.
993 4568 1280 4620 Anselmus
1303 4577 1507 4621 textum
1552 4567 1614 4617 ad
1658 4567 1876 4637 modum

285 4638 694 4695 Mabillonianm
742 4638 997 4693 editionis
1051 4646 1177 4692 ante
1239 4638 1427 4691 oculos
1485 4637 1738 4691 habuisse
1799 4636 1877 4690 vi-

282 4712 479 4766 dctur.

363 4777 522 4850 (157)
560 4776 637 4850 ιι,
672 4776 764 4850 :24-

364 4848 522 4920 (158)
563 4848 633 4920 ll,
674 4848 763 4901 3t.

363 4919 520 4989 (159)
560 4919 630 4983 11,
670 4920 733 4981 8,
774 4919 862 4973 19.

364 4990 522 5061 (-160)
561 4989 634 5061 ll.
678 4990 743 5061 t9
774 5019 842 5061 -τ
870 4989 961 5043 22.

364 5052 521 5108 1161)
564 5060 639 5108 Il.
686 5059 739 5108 8.
796 5059 979 5108 Nettue
1025 5057 1300 5108 Mahillon.
1348 5071 1523 5108 neque
1577 5052 1875 5108 Snvskens.
