4094 5252
553 298 660 357 995

1053 293 1377 353 llERlGERI
1415 293 1505 348 ET
1544 290 1851 347 ANSELMI
1899 288 2127 347 GESTA
2175 287 2389 347 EPISC.
2436 283 2705 347 TUNGR.
2748 288 2939 347 TBAJ.
2985 289 3075 346 ET
3113 286 3315 347 LEOD.

3720 286 3825 343 ους

552 409 895 483 ruptionibus
942 424 1041 465 nec
1081 424 1188 463 non
1229 404 1726 470 emendationibus,
1768 417 1904 475 quas
1938 417 2133 459 manus
2160 410 2213 470 Α
2236 402 2477 459 Anselmi
2517 410 2725 458 textum
2766 402 3113 474 Cbapeaville
3142 403 3366 459 omnino
3395 419 3505 460 non
3539 403 3814 476 attigisse.

552 514 733 558 coteva
784 501 835 555 in
866 500 909 555 A
939 499 975 553 2
1020 498 1291 568 ascripsit,
1338 497 1413 551 ita
1465 511 1587 552 cum
1637 494 1727 549 illo
1756 495 2046 559 consentit,
2077 501 2139 548 ut

552 593 595 648 Δ
624 592 659 647 5
685 607 750 647 ex
771 590 816 645 A
843 590 879 643 2
906 588 1239 659 descriptum
1271 588 1462 642 credas
1493 600 1716 641 necesse
1746 587 1837 640 sit.
1866 584 2021 651 Quod
2050 583 2138 637 vel

552 683 621 740 iis
650 682 797 736 vitiis
823 696 944 751 qua:
982 680 1049 735 de
1079 680 1193 734 suis
1217 679 1424 734 addidit
1452 678 1709 733 librarius
1736 677 2005 740 ﬁrmatur,
2044 675 2138 745 qui

552 772 763 828 litteras
792 771 843 825 in
873 770 919 826 Α
946 770 983 823 2
1010 771 1136 824 hinc
1178 770 1307 823 inde
1349 769 1529 822 minus
1558 783 1693 837 pure
1738 766 1968 835 scriptas
1998 765 2136 820 falso

550 862 745 932 legerit
771 860 938 932 (210);
963 876 1133 931 pauca
1164 859 1366 915 codicis
1389 859 1428 911 A
1459 858 1495 912 2
1519 859 1647 912 vitia
1676 858 1930 911 librarius
1959 865 2139 911 sustu-

551 952 693 1009 li-tet
720 954 1010 1008 verborum
1035 952 1449 1028 collocationem
1471 951 1614 1005 haud
1646 965 1770 1005 raro
1793 950 1981 1005 leviter
2012 966 2135 1004 mu-

556 1048 707 1098 tavit.
764 1044 1027 1099 Omnibus
1076 1058 1215 1113 pene
1260 1043 1699 1112 corruptionibus
1755 1042 1957 1097 codicis
2007 1041 2054 1095 Α
2102 1042 2141 1096 3

554 1135 806 1190 blandam
833 1134 987 1189 all‘ert
1020 1134 1283 1189 medelam
1314 1135 1482 1188 codex
1510 1134 1925 1204 Andaginensis,
1943 1148 2009 1188 ex
2029 1148 2138 1202 quo

554 1242 721 1281 unum
777 1226 1091 1281 Anselmum
1138 1225 1422 1278 ediderunt
1472 1224 1711 1279 Martene
1770 1234 1823 1279 et
1872 1222 2133 1286 Durand,

556 1316 878 1387 l-lerigerum
933 1326 1321 1386 praetereuntes
1363 1316 1532 1387 (ΞΗ).
1586 1316 1749 1370 Arctc
1786 1325 1965 1369 tamen
1994 1316 2140 1369 inter

556 1422 615 1467 se
638 1410 913 1465 cobterent
941 1409 995 1462 hi
1027 1407 1262 1463 codices.
1305 1408 1361 1461 ln
1407 1418 1639 1477 utroque
1670 1407 1859 1460 eadem
1904 1406 2137 1459 recurrit

556 1502 845 1556 verborum
892 1498 1195 1563 collocatio,
1247 1498 1543 1566 eademque
1591 1496 1754 1552 verba.
1800 1496 1854 1549 in
1908 1502 2138 1563 utroque

555 1590 877 1645 exciderunt
907 1590 1073 1658 (212).
1101 1589 1230 1655 Quae
1277 1589 1377 1642 sibi
1426 1588 1696 1642 contraria
1722 1588 1810 1640 vix
1840 1585 1947 1640 alio
1976 1584 2135 1639 modo

556 1682 833 1752 expedias,
866 1696 1027 1750 quam
1049 1690 1108 1733 ut
1136 1679 1572 1747 Andaginensem
1608 1686 1664 1733 et
1711 1677 2011 1748 llagensem
2037 1692 2133 1731 c0-

2238 492 2374 548 Nam
2406 495 2459 548 in
2485 495 2571 549 his
2596 509 2811 565 quoque
2832 493 3113 551 codicibus
3139 496 3442 551 mutilatum
3465 511 3591 552 esse
3619 496 3823 553 Gesto-

2238 600 2361 638 rum
2406 594 2612 639 textum
2649 600 2717 640 ex
2759 585 2827 639 iis
2862 601 2998 654 quas
3046 587 3231 641 attulit
3273 588 3442 643 variis
3486 588 3821 645 lectionibus

2238 676 2358 731 luce
2398 677 2600 731 clarius
2650 685 2893 747 apparet.
2942 678 3060 732 Non
3110 688 3239 734 sunt
3290 695 3419 735 sane
3463 682 3649 751 magni
3706 696 3824 736 nio.

2238 765 2405 819 menti
2438 782 2451 830 ;
2501 766 2553 819 in
2602 767 2871 835 capitibus
2901 784 3027 823 vero
3058 784 3117 833 ii,
3144 770 3307 825 15-18
3335 786 3395 826 se
3421 772 3524 825 bos
3549 772 3699 827 solos
3723 789 3822 829 co-

2238 854 2386 909 dices
2428 866 2675 910 secutum
2716 872 2840 912 esse
2890 858 2975 913 his
3018 859 3213 928 probat
3251 861 3434 915 verbis
3471 861 3822 930 Cliapeaville

2239 945 2386 1015 (215)
2415 962 2427 999 :
2455 945 2521 999 In
2565 949 2860 1015 separando
2906 960 3049 1003 textu
3098 950 3327 1005 Anselmi
3366 951 3430 1005 ab
3459 953 3819 1008 additionibus

2237 1036 2444 1106 Afgidii
2469 1038 2811 1092 Aui'earvallis
2848 1040 3101 1093 hactenus
3126 1041 3206 1094 nsi
3230 1057 3413 1095 sumus
3446 1042 3627 1096 codice
3652 1046 3817 1096 cruci-

2238 1126 2491 1194 fcrorum,
2532 1129 2621 1198 qui
2660 1129 2741 1181 hic
2764 1139 2837 1183 est
2868 1130 3161 1196 mutilatas,
3197 1132 3382 1185 desunt
3413 1134 3555 1186 enim
3581 1133 3663 1188 illi
3689 1151 3821 1203 qua-

2238 1228 2357 1271 tuor
2382 1221 2552 1287 capita
2581 1221 2768 1275 “~17.
2806 1221 3038 1292 (15-18).
3068 1221 3413 1277 Restituimus
3451 1241 3517 1279 ex
3549 1228 3816 1281 codicibus

2236 1307 2451 1364 Aniensi
2481 1321 2528 1363 et
2561 1311 2621 1364 S.
2668 1310 2915 1366 Martini.
2945 1312 3001 1366 lii
3033 1325 3261 1383 utroque
3304 1329 3436 1369 vero
3485 1316 3680 1371 codice
3719 1333 3810 1371 ex-

2238 1406 2412 1453 trema
2463 1401 2659 1469 capitis
2720 1401 2783 1455 l5
2841 1402 3061 1472 aliaque
3116 1405 3376 1459 nonnulla
3433 1407 3814 1463 desiderantur

2238 1489 2410 1559 (9.16).
2441 1492 2571 1557 Quae
2594 1492 2685 1560 qni
2706 1494 2846 1548 sciat
2868 1494 3089 1549 minime
3117 1510 3181 1549 eo
3210 1496 3536 1563 movebitur,
3566 1499 3711 1567 quod
3756 1497 3815 1554 S.

2238 1581 2457 1637 Martini
2489 1600 2627 1637 unus
2652 1594 2736 1640 est
2762 1586 2933 1640 codex
2965 1585 3052 1640 ille
3085 1587 3179 1656 qui
3213 1587 3460 1660 llerigeri
3487 1589 3690 1644 librum
3718 1592 3817 1645 sub

2236 1671 2455 1742 Notgeri
2486 1674 2704 1729 nomine
2733 1675 2990 1744 proferat.

557 1773 731 1828 dicem
758 1773 1004 1826 eumdem
1034 1785 1153 1824 esse
1200 1778 1428 1834 statuas,
1465 1769 1621 1839 cujus
1652 1769 1786 1822 vitia
1838 1768 1904 1822 de
1951 1767 2134 1836 conje-
2161 1755 2208 1813 Β
2304 1762 2365 1818 C.
2407 1763 2647 1820 Tertium
2675 1780 2845 1836 genus
2874 1782 3040 1821 unum
3070 1776 3277 1822 tantum
3306 1769 3554 1825 codicem
3590 1769 3757 1825 habet
3787 1787 3813 1823 a

556 1874 710 1918 ctura
746 1862 1059 1917 deleverunt
1085 1861 1324 1915 Martenc
1360 1870 1416 1915 et
1458 1861 1697 1915 Durand.
1731 1860 1837 1915 Sed
1872 1870 1980 1913 tam
2012 1858 2131 1913 felio

556 1956 693 2011 citer
718 1954 966 2009 delerunt
990 1962 1048 2007 ut
1072 1967 1261 2007 eorum
1301 1952 1585 2007 lectionem
1614 1940 1756 2007 haud
1784 1951 1970 2020 paucis
1996 1950 2130 2006 locis

559 2047 613 2100 in
639 2055 841 2101 textum
870 2045 1237 2115 recipiendam
1266 2061 1385 2100 esse
1426 2061 1585 2100 nemo
1611 2044 1768 2099 facile
1791 2044 2027 2115 negabit.
2064 2042 2131 2097 Ili

558 2138 771 2205 generis
811 2138 856 2190 A
899 2136 1116 2190 codices
1166 2136 1447 2191 brevitatis
1494 2152 1657 2191 causa
1709 2135 1839 2190 solis
1888 2134 2130 2189 numeris

554 2224 749 2294 signati
801 2234 947 2291 sunt,
995 2227 1068 2279 ita
1115 2234 1175 2279 ut
1219 2226 1251 2278 ιι
1296 2225 1543 2280 Martenii
1592 2226 1878 2280 lectionem
1907 2224 2142 2279 indicet.

554 2313 690 2369 Cum
718 2315 771 2369 hi
794 2315 1087 2379 codices,si
1110 2332 1217 2370 non
1238 2318 1603 2382 emendatum,
1629 2316 1920 2386 genuinum
1937 2314 2142 2369 saltcm'

555 2413 762 2459 textum
794 2405 1107 2471 exhibeant,
1133 2422 1236 2460 non
1270 2421 1402 2461 sane
1432 2418 1515 2460 est
1542 2408 1683 2475 quod
1710 2406 1945 2474 reliquos
1983 2405 2130 2459 codi-

554 2508 646 2550 ces
672 2509 768 2549 nos
793 2511 899 2549 non
931 2496 1132 2551 vidisse
1181 2496 1477 2561 doleamus,
1515 2496 1569 2550 in
1618 2496 1813 2566 quibus
1838 2505 1894 2549 et
1924 2494 2129 2550 recisus

551 2593 608 2638 ct
631 2585 986 2656 interpolatus
1016 2596 1118 2653 est,
1158 2596 1218 2641 ut
1258 2604 1325 2642 ex
1354 2588 1717 2659 descriptione
1744 2596 1799 2643 et
1828 2587 2134 2643 adnotatio—
2166 2636 2171 2639 _

552 2678 711 2734 nibus
739 2695 873 2750 quas
902 2680 1049 2735 dedit
1075 2680 1419 2750 Chapeaville
1467 2680 1615 2750 (213)
1658 2682 1790 2735 satis
1838 2681 2032 2735 elucet.
2066 2679 2126 2734 Β.

551 2779 686 2825 duos
721 2771 929 2841 signavi
959 2772 1198 2836 codices,
1237 2772 1328 2842 qui
1377 2781 1581 2827 textum
1628 2773 1828 2827 habent
1869 2773 2126 2838 recisum,

550 2858 787 2914 nondum
819 2876 951 2915 vero
987 2861 1389 2931 interpolatum.

622 2952 725 3005 Bl.
768 2952 900 3007 Cod.
926 2953 1197 3019 Alnensis,
1225 2970 1385 3023 quem
1419 2956 1887 3010 membranaceum
1917 2954 1985 3008 ab
2021 2954 2123 3008 ab-

548 3042 675 3097 bate
729 3045 1041 3099 monasterii
1091 3046 1342 3100 Alaensis
1395 3056 1588 3101 nactus
1616 3057 1701 3101 est
1731 3046 2123 3116 Cl‘iapeaville;

552 3131 712 3185 hodie
740 3142 989 3188 servatur
1017 3134 1073 3188 in
1103 3136 1430 3190 bibliotheca
1458 3136 1558 3190 viri
1582 3135 1879 3189 doctissimi
1906 3136 2126 3191 Thomas

551 3220 794 3292 Philipps
838 3222 1050 3292 Equitis
1090 3224 1537 3292 Mediomontani,
1581 3225 1798 3281 Pcrtzio
1851 3236 2030 3282 tamen
2073 3243 2125 3282 a.

553 3310 690 3366 1814
713 3316 987 3382 praesenti,
1012 3316 1065 3369 in
1094 3314 1322 3384 plurima
1346 3319 1589 3371 codicum
1613 3317 2128 3386 pretiosissimorum

552 3404 704 3472 copia
732 3404 927 3468 latens,
957 3407 1246 3461 monstrari
1286 3422 1393 3461 non
1418 3407 1610 3476 potuit.

597 3480 735 3547 Ἐξ.
768 3492 900 3548 Cod.
941 3494 1002 3549 S.
1050 3495 1266 3550 Martini
1313 3495 1632 3551 Leodiensis
1670 3496 1928 3551 Ecclesia:
1967 3497 2125 3553 colle-

552 3585 733 3654 giatae,
760 3587 991 3641 membr.
1020 3598 1386 3658 pervetustus,
1416 3604 1576 3658 quem
1634 3604 1731 3658 per
1760 3590 1940 3643 omnia
1969 3590 2125 3645 alteri

550 3674 625 3729 illi
679 3675 909 3730 similem
962 3678 1283 3749 llayniundo
1317 3678 1605 3735 Leodiensi
1644 3681 1906 3736 canonico
1944 3683 2128 3737 debuit

548 3764 894 3835 Chapeaville
928 3768 1099 3840 (2M).
1132 3770 1327 3836 Ambo,
1374 3780 1432 3824 ut
1483 3781 1731 3837 testatur,
1778 3771 2029 3841 [μείω-ειη
2077 3785 2123 3827 et

548 3859 868 3912 ornatiorem
913 3860 1227 3930 quibusdam
1279 3864 1333 3915 in
1383 3860 1511 3916 locis
1562 3864 1843 3919 dictionem
1902 3866 2122 3930 habent;

547 3948 749 4018 reliqua
773 3952 948 4005 omnia
977 3952 1297 4023 exemplaria
1319 3971 1437 4024 quae
1470 3954 1640 4009 videre
1664 3955 1834 4021 licuit,
1862 3957 2047 4011 iisdem
2070 3958 2125 4011 in

546 4036 675 4093 locis
718 4028 1000 4096 breviorem
1049 4056 1095 4097 et
1159 4047 1325 4116 magis
1386 4046 1620 4100 historia:
1676 4048 2123 4101 accommodatam

545 4143 855 4199 sequuntur,
907 4146 1112 4188 servata
1158 4136 1365 4190 interim
1412 4154 1504 4207 per
1554 4138 1730 4192 omnia
1786 4139 1840 4191 in
1884 4140 2123 4193 omnibus

546 4222 931 4292 exemplaribus
969 4227 1268 4282 earumdem
1314 4245 1489 4281 rerum
1542 4241 1805 4299 gestarum
1840 4230 2125 4298 conformi-

547 4319 672 4365 tate.
706 4312 911 4379 Quibus
951 4331 1019 4370 ex
1060 4319 1241 4373 verbis
1268 4318 1447 4373 elucet
1472 4320 1764 4389 genuinum
1795 4318 2041 4391 llerigeri
2070 4329 2125 4375 et

2234 1854 2709 1909 continuatoribus
2753 1872 2864 1925 pra:
2905 1858 3116 1912 caneris
3156 1858 3356 1913 lectum
3393 1874 3724 1929 versumque
3766 1862 3816 1914 in

2232 1959 2389 1999 suum
2434 1962 2630 2011 usum;
2687 1955 2773 2001 cst
2821 1948 2992 2002 codex
3045 1959 3344 2005 conventus
3397 1950 3813 2006 Crucifcrorum

2232 2037 2569 2103 Leodiensis,
2618 2039 2707 2106 qui
2749 2038 3117 2108 Chapeavillio
3158 2052 3317 2106 teste,
3356 2042 3655 2113 Egidiano
3682 2058 3814 2098 con-

2232 2128 2460 2183 formein
2490 2129 2653 2183 habet
2690 2139 2895 2183 textum
2931 2130 3135 2201 absque
3168 2132 3369 2203 Egidii
3402 2133 3812 2190 additamentis.

2232 2219 2412 2276 Codex
2464 2230 2551 2276 est
2601 2223 2920 2278 chartaceus
2968 2240 3092 2279 sine.
3136 2240 3259 2291 xvi,
3310 2226 3607 2296 inscriptus
3661 2226 3817 2281 Liber

2232 2312 2460 2382 fratrum
2514 2312 2576 2367 S.
2626 2311 2809 2368 Crucis
2859 2315 2914 2367 in
2964 2314 3183 2381 Leodio,
3235 2332 3395 2386 quem
3441 2316 3635 2372 Lcodii
3687 2319 3818 2373 vidit

2230 2403 2605 2459 Bethmannus
2647 2419 2697 2457 v.
2739 2404 2808 2458 cl.
2860 2404 3032 2475 (217),
3082 2406 3431 2475 ejusdemque
3473 2407 3695 2476 generis
3738 2408 3817 2461 vi.

2232 2494 2430 2549 dentur
2469 2510 2590 2549 esse
2634 2494 2965 2565 exemplaria
3016 2510 3135 2564 quae
3175 2497 3245 2551 ab
3275 2497 3350 2551 ill.
3385 2498 3501 2551 viro
3535 2498 3641 2552 'l'li.
3672 2498 3815 2552 Phil—

2240 2583 2347 2654 lips
2396 2594 2683 2639 servantur
2725 2585 2893 2657 (2i8).
2922 2586 3016 2640 Est
3041 2587 3198 2657 longe
3222 2588 3357 2642 alius
3388 2588 3672 2659 multoque
3702 2605 3815 2642 ma-

2232 2677 2316 2747 gis
2357 2678 2563 2732 recisus
2616 2686 2796 2731 textus
2839 2693 3002 2747 quam
3034 2679 3093 2733 in
3121 2679 3205 2745 B.,
3257 2681 3430 2748 quiin
3479 2681 3587 2735 hoc
3628 2681 3815 2735 codice

2242 2767 2464 2836 legitur.
2519 2768 2908 2823 Desiderantur
2954 2771 3168 2840 penitus
3216 2772 3394 2840 capita
3439 2787 3813 2842 supramemo-

2232 2867 2349 2913 rata
2396 2874 2456 2922 ii,
2508 2858 2688 2922 15-18,
2721 2873 2906 2913 verum
2950 2868 3155 2914 textum
3201 2861 3437 2915 recisum
3476 2871 3533 2916 ct
3568 2860 3810 2915 fucatam

2232 2964 2353 3004 esse
2386 2959 2441 3003 et
2472 2947 2677 3019 Egidii
2735 2959 2915 3005 textus
2957 2951 3197 3021 ipsaeque
3242 2952 3476 3022 probant
3519 2970 3642 3023 quae
3688 2954 3812 3008 hinc

2233 3041 2357 3096 inde
2402 3043 2546 3112 apud
2592 3042 3018 3112 Cliapeavillium
3065 3053 3283 3099 exstant
3310 3044 3576 3100 lectiones
3607 3045 3811 3099 codicis

2233 3132 2293 3189 Ο.
2322 3134 2635 3204 Eademque
2658 3136 2850 3191 menda
2879 3144 2933 3190 et
2962 3134 3169 3190 lacuna:
3196 3146 3487 3191 recurrunt
3517 3152 3713 3206 magna
3744 3152 3811 3190 es

2227 3236 2383 3297 parte
2408 3226 2462 3281 in
2491 3227 2769 3282 codicibus
2815 3242 3030 3297 generis
3059 3229 3264 3298 quarti,
3291 3228 3437 3299 quod
3464 3230 3599 3299 quin
3626 3243 3693 3283 es
3726 3227 3814 3281 illo

2229 3320 2466 3374 manarit
2498 3335 2659 3375 nemo
2689 3321 2959 3375 dubitabit
2990 3320 3157 3390 (2l9).

2299 3409 2362 3463 D.
2402 3411 2617 3480 generis
2659 3412 2875 3466 codices
2903 3421 3031 3466 sunt
3060 3411 3220 3467 recisi
3253 3421 3311 3467 et
3332 3410 3668 3483 interpolati,
3696 3421 3750 3468 et
3779 3427 3809 3465 a

2228 3502 2462 3572 posteris
2488 3502 2851 3570 scriptoribus
2881 3503 3209 3557 continuati.

2298 3592 2409 3646 Dl.
2447 3590 2696 3662 llerigeri
2737 3602 2792 3647 et
2832 3594 3076 3647 Anselini
3119 3603 3325 3649 textum
3372 3595 3609 3650 recisum
3644 3605 3700 3651 et
3745 3596 3807 3650 ab

2227 3681 2445 3753 Egidio
2500 3684 2885 3753 interpolatum
2938 3684 3160 3739 exhibet
3208 3686 3381 3742 codex
3430 3689 3805 3751 Auremvallis.

2227 3773 2601 3846 quemﬁlgidii
2625 3778 3020 3847 autographum
3042 3793 3162 3834 esse
3181 3779 3417 3849 conjecit
3440 3780 3805 3850 Cliapcaville.

2229 3867 2342 3922 Hoc
2392 3869 2558 3939 igitur
2604 3870 2810 3935 codice,
2863 3885 2929 3924 ex
2986 3873 3322 3927 monasterio
3377 3870 3435 3927 S.
3484 3870 3716 3927 lluberti
3758 3873 3805 3925 in

2224 3956 2519 4012 Arduenna
2549 3959 2741 4028 petito,
2774 3959 2929 4029 quasi
2956 3959 3305 4017 fundamento
3333 3962 3479 4018 haud
3506 3964 3655 4019 felici
3686 3980 3807 4018 conc

2225 4048 2348 4104 silio
2377 4048 2431 4103 in
2462 4063 2561 4104 sua
2589 4051 2825 4105 editione
2850 4052 2978 4105 usas
3005 4061 3109 4107 est.

2296 4140 2443 4195 Di’.
2483 4139 2617 4195 Cod.
2655 4151 2951 4197 conventus
2986 4142 3382 4213 Capucinornm
3421 4142 3803 4199 Leodicnsinm

2225 4252 2347 4292 cum
2375 4236 2466 4290 illo
2496 4236 2905 4304 coniungendas
2932 4249 3032 4301 est,
3050 4252 3212 4306 quem
3240 4239 3405 4294 verbo
3435 4246 3592 4293 tenus
3616 4238 3692 4291 illi
3715 4237 3799 4292 Dl

2225 4328 2647 4399 correspondere
2671 4328 2904 4383 atlirmat
2927 4329 3294 4399 Cbapeaville.

547 4458 1122 4533 scemavutnestor‘um
1148 4450 2118 4533 ‘Ans_elm_i'_ex_)ViltliemiLscaeais
2150 4439 2197 4498 Π
2227 4460 2564 4529 inspectoris;
2605 4460 2675 4533 ll,
2704 4460 2794 4533 _34
2832 4462 3142 4516 crediderat.
3197 4461 3382 4533 Neque
3428 4463 3679 4519 ultimum
3722 4474 3801 4519 est

546 4528 798 4587 servatur
823 4519 1106 4576 Bruxellis.
1133 4521 1355 4577 Archiv.
1388 4522 1492 4586 VII,
1522 4524 1618 4587 56;
1657 4523 1785 4576 Vlll.
1812 4523 1936 4577 505.

552 4654 565 4667 ⁶
620 4585 767 4656 (EID)
874 4590 909 4643 2
935 4590 1067 4667 legit
1092 4591 1329 4667 l,_l_7‘ea:
1356 4592 1488 4667 Cain
1517 4585 1878 4667 generatimb
1903 4597 1936 4649 5
1967 4611 2033 4650 ex
2062 4612 2123 4649 ea

545 4660 895 4732 ingeneratis;
919 4664 963 4713 Λ
993 4662 1091 4728 21,
1133 4663 1197 4717 l9
1228 4663 1360 4718 falso
1410 4660 1614 4717 Alantis
1658 4679 1756 4732 pro
1784 4663 1962 4731 Alani,
2008 4667 2055 4721 A
2088 4668 2122 4720 5

546 4727 609 4779 At
638 4741 758 4799 esse
785 4728 839 4781 Μ
874 4727 1312 4799 ιιιιιειιιείΜιιηιίε.
1348 4740 1349 4743 “

618 4797 780 4876 (211).
799 4797 976 4876 Ampi.
1002 4804 1124 4859 coll.
1148 4804 1235 4870 IV,
1260 4805 1364 4860 845
1390 4822 1402 4858 :
1444 4804 1596 4869 Quod
1651 4821 1771 4859 vero
1808 4815 2004 4876 spectat
2052 4808 2121 4860 ad

546 4882 684 4944 opus
730 4868 999 4942 Μαι-ἱρείη,
1032 4877 1128 4929 esi
1182 4868 1265 4930 hic
1322 4868 2121 4944 illicricmendatius'possemns

544 4938 802 4986 exhibere-
854 4938 932 4986 rvﬁs
978 4938 1146 4986 tanta"
1194 4948 1326 4986 Ιηηιί
1368 4946 1513 4986 "aliis
1561 4962 1663 4986 sinu
1703 4956 1775 4986 ρει
1818 4938 1921 4986 Iri-nn
2003 4964 2117 4986 fit)"

2227 4541 2603 4613 arguinentnm
2653 4530 2945 4613 Altaxandri
2971 4548 3194 4613 'nomen
3244 4530 3309 4588 iii
3338 4542 3571 4604 utroque
3616 4535 3800 4590 codice

2224 4600 2373 4673 falso
2388 4601 2681 4673 scriptum;
2706 4602 2909 4673 dequo
2933 4604 3263 4673 videisupra.

2224 4671 2444 4795 “((3:38
2479 4669 2538 4725 lii
2582 4669 2899 4742 praefatione
2935 4674 3003 4727 ad
3046 4669 3211 4729 Gesta
3248 4688 3371 4745 epp.
3407 4674 3617 4747 Tungr.
3650 4674 3796 4744 Traj.

2223 4882 2241 4936 1
2388 4811 2559 4935 2608
2584 4811 2689 4867 boc
2714 4811 2903 4867 codice
2922 4812 3036 4868 vid.
3069 4813 3298 4870 Sa‘nderi
3321 4815 3460 4870 Bibl.
3479 4817 3633 4889 Belg.
3659 4831 3793 4873 inse.

2253 4923 2267 4947 ’
2294 4923 2504 4986 Εἶιέςῖνί
2565 4952 2666 4986 son
2692 4962 2859 4986 ...η-..ι
