4094 5252
221 358 328 415 997

1693 344 2023 413 neutrum.

236 480 239 485 '
305 473 349 525 υ
374 472 427 525 2.
469 468 652 525 Codex
684 468 1154 535 menibranaceus,
1189 480 1351 537 quem
1378 467 1497 523 viro
1525 470 1687 523 nobili
1713 469 1809 524 de-
1842 480 1884 533 Α
1915 470 2215 524 Laodiciam
2262 471 2331 523 ad
2383 469 2441 525 8.
2498 468 2856 540 Londpemm
2909 471 3196 542 presbyteri
3256 471 3376 528 γεω
3422 474 3484 530 S.

222 560 346 614 buit
399 559 684 614 Theodoro
711 560 776 614 de
804 557 1140 621 Groesbeek,
1198 565 1407 612 textum
1461 555 1706 627 Herigeri
1755 568 1810 612 et

219 649 470 705 Anselmi
502 650 812 704 mutilatum
838 658 893 703 et
924 650 992 703 ab
1022 646 1239 718 Egidio
1282 647 1665 716 interpolatum
1715 662 1811 700 cx-

223 742 380 797 hibet
426 756 531 795 una
578 756 701 796 cum
741 739 956 796 Ioannis
986 738 1257 793 llocsemii
1286 738 1532 793 canonici
1564 748 1618 792 et
1654 739 1813 792 scho-

224 831 409 885 lastici
460 829 783 885 Leodiensis
831 829 1282 893 continuatione,
1340 829 1431 897 qui
1479 843 1622 882 anno
1674 828 1812 881 1551,

224 926 453 982 ineunte
483 925 757 982 scribendi
791 928 1005 981 initium
1036 926 1193 992 fecit,
1220 934 1277 980 et
1309 925 1361 979 in
1394 925 1680 980 Leodiensi
1701 927 1814 995 epi-

223 1032 394 1087 sc0po
421 1018 749 1086 Engelberto
776 1018 841 1072 de
872 1016 1090 1074 Marcka
1136 1031 1187 1070 a.
1216 1014 1377 1071 1348
1425 1015 1693 1071 calamum
1722 1017 1815 1069 de-

224 1111 413 1181 posuit
439 1109 611 1180 (220).

305 1200 418 1256 D3.
470 1200 673 1255 Ultimo
729 1201 961 1270 denique
1009 1201 1129 1257 loco
1179 1200 1461 1271 ponendus
1509 1208 1593 1253 est
1640 1199 1809 1254 codex

225 1292 584 1363 Tungrensis,
611 1310 772 1365 quem
803 1310 833 1349 a
862 1295 1155 1350 Guillelmo
1182 1294 1565 1349 llerlienroede
1588 1294 1813 1347 canoni-

224 1402 417 1442 corum
458 1389 857 1460 Tungrensium
904 1391 1085 1459 priore
1131 1390 1363 1459 accepit,
1395 1388 1448 1442 in
1478 1403 1585 1457 quo
1608 1385 1810 1455 Egidii

224 1489 285 1535 et
312 1480 588 1535 llocscmii
637 1483 1136 1537 contiuuationibus
1160 1498 1313 1536 suam
1343 1481 1411 1536 ad
1442 1495 1644 1534 annum
1676 1476 1813 1531 1589

223 1588 401 1641 usque
428 1573 629 1641 adjecit
652 1573 917 1628 Radulfus
940 1575 1007 1629 de
1033 1574 1170 1628 Riro
1197 1573 1530 1643 Tungrensis
1554 1570 1814 1627 Ecclesia:

223 1665 652 1735 decanus(22l).
684 1665 780 1719 Cui
812 1666 933 1719 addi
963 1680 1121 1735 posse
1149 1666 1362 1719 videtur

293 1756 429 1811 0.4.
458 1758 570 1811 Cod
600 1756 1025 1828 llamburgeusis
1060 1758 1187 1811 hist.
1218 1756 1402 1811 Germ.
1428 1755 1523 1810 fol.
1556 1756 1656 1809 διδ
1682 1769 1806 1809 ξτες.

1912 555 2144 609 Remacli
2180 556 2348 625 (226).

1980 652 2035 704 5.
2088 648 2342 717 Ejusdem
2404 650 2517 705 fere
2576 660 2783 706 natura:
2841 660 2957 719 est,
3009 654 3064 708 ni
3125 653 3302 719 fallor,
3357 654 3480 711 Vita

1914 741 2267 796 Wolbodonis
2290 757 2407 809 quae
2428 742 2482 795 in
2508 744 2658 797 Actis
2682 743 2782 797 SS.
2798 746 2940 799 edita
2964 754 3067 799 est.
3092 745 3229 800 Sunt
3249 746 3487 802 Anselrni

1914 832 2091 901 capita
2135 832 2323 885 50—56.
2373 834 2439 887 de
2485 832 2823 889 Wolbodone
2865 837 3122 907 episcopo
3154 850 3219 890 ex
3254 838 3487 906 genuino

1916 930 2067 975 textu
2116 922 2399 990 desumpta
2424 962 2437 985 ,
2492 923 2607 991 qui,
2644 924 2747 978 etsi
2801 925 3078 980 codicibus
3116 926 3227 979 Al.
3269 925 3326 983 2.
3367 942 3493 997 pro-

1915 1013 2183 1081 pinquus,
2238 1012 2557 1069 melioribus
2625 1023 2805 1071 tamen
2862 1014 3189 1071 lectionibus
3234 1031 3341 1071 non
3398 1032 3490 1072 ca-

1918 1110 1997 1154 rel
2021 1101 2190 1171 (227).

1983 1194 2037 1248 4.
2079 1195 2232 1249 Alius
2282 1206 2424 1251 nota:
2474 1205 2559 1251 est
2608 1196 2779 1252 codex
2816 1197 2969 1265 cujus
3007 1198 3308 1269 fragmenta
3343 1196 3493 1255 dedit

1918 1284 2205 1341 llenschen
2270 1285 2326 1341 in
2385 1286 2540 1341 Actis
2599 1284 2701 1341 SS.
2766 1288 2834 1342 ad
2889 1286 3060 1341 Vitam
3114 1288 3172 1342 S.
3226 1288 3481 1353 Servatii,

1919 1375 2161 1445 Ilerigeri
2193 1391 2349 1445 capp.
2390 1376 2463 1430 20
2485 1374 2577 1440 25,
2616 1377 2916 1431 secundum
2948 1376 3292 1433 collationem
3322 1394 3486 1449 quam

1917 1464 2234 1519 instituerat
2304 1464 2623 1536 Rosweyie,
2682 1465 2884 1537 collega
2936 1466 3077 1521 illius
3128 1468 3297 1538 (228).
3362 1468 3493 1535 ρυω

1920 1553 2219 1624 fragmenta
2247 1558 2292 1608 si
2316 1555 2621 1609 accuratius
2651 1556 3063 1617 examinavcris,
3104 1556 3235 1625 quin
3267 1559 3481 1626 generis

1930 1644 1990 1699 C.
2018 1646 2089 1699 sit
2111 1644 2283 1700 codex
2327 1646 2416 1700 vix
2450 1646 2758 1711 dubitabis;
2798 1662 2921 1700 nam
2965 1661 3071 1700 uno
3098 1646 3335 1702 alterove
3372 1648 3492 1702 loco

1919 1746 2147 1805 excepto
2197 1753 2321 1792 cum
2369 1746 2518 1791 textu
2570 1737 2919 1806 Chapeavillii
2968 1747 3251 1793 consonat.
3296 1738 3487 1809 Itaque

220 1863 336 1911 xw.
365 1864 457 1913 xv.
492 1865 579 1904 χνι
612 1848 760 1919 (age)
790 1819 1014 1903 1ιοξηιηίε
1042 1847 1108 1903 de
1137 1847 1416 1912 stabulm,
1440 1848 1531 1916 qui
1558 1849 1803 1901 eumdem
1846 1819 1884 1875 Β
1916 1829 2171 1882 auxilium
2201 1828 2359 1897 plane
2397 1828 2600 1882 nullum
2637 1828 2763 1883 hinc
2800 1830 3093 1897 petendum
3123 1837 3228 1883 est.

220 1937 571 2008 Egidianum
617 1939 863 2009 llerigeri
906 1948 964 1995 et
1008 1939 1253 1994 Anselmi
1290 1946 1495 1994 textum
1536 1940 1806 2008 recepisse

220 2029 591 2097 conjiciendus
618 2038 725 2085 est.

301 2120 402 2175 llis
426 2121 704 2176 codicibus
734 2121 839 2175 alia
869 2120 1116 2190 quaedam
1150 2123 1421 2176 accedunt
1451 2120 1649 2174 auxilia
1687 2134 1806 2189 qure

229 2210 620 2265 nonnullorum
671 2212 1048 2280 episcoporum
1102 2211 1241 2265 Vitis
1291 2210 1433 2265 haud
1482 2224 1682 2279 paucas
1729 2210 1805 2261 af-

230 2300 421 2355 ferunt
479 2300 909 2356 emcndationes.
968 2301 1115 2356 lnter
1170 2316 1292 2372 qua:
1340 2302 1574 2371 primum
1628 2300 1805 2355 locum

225 2398 378 2444 tenet

292 2483 315 2534 Ι
358 2482 486 2536 cod.
520 2482 837 2538 Leodiensis
873 2481 999 2547 260,
1046 2497 1206 2551 quem
1243 2484 1473 2537 contulit
1516 2483 1805 2537 Bethman-

224 2589 327 2627 nus
368 2574 457 2627 vir
487 2574 555 2628 cl.
590 2575 770 2629 lnhoe
802 2575 991 2629 codice
1033 2573 1091 2628 S.
1143 2572 1373 2628 Servatii
1425 2574 1621 2644 legitur
1662 2574 1805 2638 Vita,

221 2682 367 2736 quat,
420 2669 679 2723 extremis
726 2668 883 2723 lineis
917 2668 1178 2736 exceptis,
1215 2666 1347 2720 nihil
1391 2678 1475 2720 est
1520 2666 1622 2720 nisi
1654 2665 1807 2719 Heri-

223 2759 337 2829 geri
394 2768 575 2813 textus
628 2776 678 2814 c.
732 2759 921 2813 22—28.
972 2760 1144 2814 Valde
1194 2759 1483 2813 dolendum
1532 2768 1615 2813 est
1664 2759 1808 2812 hunc

226 2847 483 2917 llerigeri
532 2850 771 2903 codicem
822 2849 1069 2919 periisse,
1103 2864 1167 2902 ex
1198 2864 1305 2917 quo
1337 2850 1451 2902 lucc
1480 2848 1539 2902 S.
1574 2847 1806 2902 Scrvatii

223 2939 349 2995 Vita
391 2941 652 2994 manavit.
684 2940 868 2995 Codex
894 2956 1070 3009 neque
1108 2940 1389 2994 ntutilatus
1427 2954 1600 3010 neque
1642 2940 1810 2993 inter-

223 3030 448 3101 polatus
497 3030 676 3101 generi
730 3030 794 3084 Α.
852 3031 1295 3084 annumerandus
1349 3038 1459 3093 est,
1515 3029 1613 3083 sed
1670 3027 1808 3081 alius

224 3121 472 3191 ejusdem
500 3123 711 3190 generis
756 3136 880 3175 cum
923 3137 1045 3177 esse
1088 3121 1308 3175 familia:
1352 3137 1496 3176 sana:
1545 3120 1806 3176 lectiones

227 3215 469 3281 probant
498 3215 563 3268 iis
586 3213 719 3268 locis
746 3214 945 3283 quibus
969 3214 1021 3267 in
1045 3214 1151 3267 Al.
1175 3214 1229 3267 2.
1254 3213 1309 3267 5.
1333 3228 1587 3284 perversa
1614 3212 1807 3266 ntana

229 3302 711 3372 deprehenduntur
737 3304 911 3373 (225).

232 3388 235 3391 λ
296 3392 352 3446 2.
393 3392 563 3447 Simili
620 3394 863 3448 codicum
899 3394 1082 3462 gcncri
1118 3392 1472 3447 ascribendus
1498 3403 1580 3447 est
1628 3391 1716 3445 ille
1756 3392 1807 3445 in

232 3501 339 3554 quo
365 3485 482 3539 sola
537 3485 815 3555 legebatur
847 3484 904 3538 S.
943 3483 1187 3538 lleinaeli
1239 3482 1360 3537 Vita
1414 3500 1535 3537 cum
1583 3481 1809 3551 epistola

231 3576 297 3630 ad
356 3575 766 3638 Werinfridum,
816 3589 1087 3645 quemque
1133 3575 1323 3628 ducem
1372 3572 1561 3627 habuit
1618 3572 1811 3627 Surius

235 3665 287 3719 in
338 3681 438 3720 sua
482 3666 721 3720 editione
763 3666 887 3719 \‘itte
931 3664 987 3718 8.
1042 3663 1307 3718 llemacli.
1355 3663 1585 3717 Textum
1628 3676 1810 3729 neque

232 3758 467 3811 recisum
528 3758 689 3811 habet
739 3770 916 3824 neque
971 3753 1379 3823 interpolatum,
1443 3752 1605 3821 eique
1664 3750 1808 3806 haud

234 3864 434 3918 paucas
490 3850 747 3904 debemus
810 3848 1241 3902 emendationes.
1300 3844 1406 3899 Sed
1461 3861 1638 3913 neque
1693 3848 1808 3900 scio

234 3960 397 4013 quem
424 3944 663 3998 codicem
714 3942 907 3996 Surius
952 3949 1171 3996 secutus
1206 3939 1297 4003 sit,
1348 3954 1523 4008 neque
1546 3940 1691 4008 ipsos
1714 3940 1808 4008 qui

238 4035 290 4087 in
314 4049 492 4088 meam
524 4034 774 4088 notitiam
807 4042 1071 4088 venerunt
1099 4031 1205 4085 vidi
1236 4031 1470 4085 codices.
1513 4030 1653 4084 Sunt
1676 4046 1807 4086 vero

235 4135 467 4195 quatuor
516 4125 659 4195 quod
706 4125 894 4179 sciam.
951 4123 1177 4178 Videtur
1224 4124 1637 4192 antiquissimus
1682 4123 1812 4178 Ber-

144 4220 151 4225 ’
238 4217 422 4271 nensis
450 4216 675 4270 membr.
724 4229 847 4269 smc.
882 4230 913 4267 ι
942 4213 1087 4284 (224)
1121 4230 1135 4279 ;
1170 4212 1546 4267 Stabnlenscm
1580 4212 1807 4267 membr.

239 4306 616 4375 perantiquuin
641 4304 772 4358 vidit
795 4303 1136 4371 Cbapeaville
1160 4319 1175 4366 ;
1212 4300 1553 4355 Trevircnsis
1579 4301 1807 4354 membr.

241 4414 368 4452 stne.
431 4412 519 4459 χι,
578 4396 669 4449 fol.
729 4394 1044 4449 inscribitur
1103 4391 1323 4447 Notkeri
1389 4390 1509 4445 Vita
1568 4390 1628 4445 S.
1702 4391 1808 4445 Ile-

1978 1919 2146 1974 Tertii
2176 1920 2407 1989 denique
2437 1919 2650 1990 generis
2691 1929 2818 1974 sunt
2849 1920 3097 1989 prmsidia
3127 1935 3247 1990 quae
3277 1920 3345 1975 ad
3384 1919 3491 1975 lle-

1911 2010 2069 2079 rigeri
2098 2020 2301 2064 textum
2340 2010 2643 2063 sanandum
2664 2025 2729 2063 ex
2758 2008 2997 2063 fontibus
3019 2007 3136 2075 ejus
3169 2009 3251 2063 vel
3281 2011 3492 2064 descri-

1910 2099 2152 2167 ptoribus
2181 2100 2495 2167 petivimus,
2518 2099 2716 2169 quibus
2745 2114 2896 2168 aeque
2926 2100 3289 2169 corruptionis
3319 2115 3494 2154 reme-

1909 2188 1997 2242 dia
2028 2189 2314 2245 debentur.
2351 2189 2430 2243 Ex
2465 2190 2661 2259 quibus
2698 2190 2968 2258 prmcipue
3008 2206 3020 2242 :

1980 2280 2032 2349 l)
2063 2280 2242 2334 Vitam
2282 2288 2592 2334 sanctorum
2632 2280 2908 2343 Eucharii,
2946 2278 3147 2334 Valerii
3179 2288 3233 2334 et
3268 2280 3493 2334 Materni

1910 2370 1963 2424 in
1992 2369 2235 2439 Hcrigeri
2260 2370 2526 2440 capitibus
2554 2370 3116 2436 8-l4.consuluimus,
3139 2379 3194 2424 et
3216 2370 3342 2424 hinc
3372 2369 3496 2424 inde

1908 2461 1964 2531 2)
2002 2461 2059 2515 S.
2111 2461 2410 2515 Landoaldi
2457 2460 2633 2514 Vitam
2684 2461 2801 2529 ipso
2857 2460 3118 2531 Herigero
3171 2446 3392 2515 auctore
3443 2469 3499 2513 et

1908 2551 2126 2622 Notgeri
2179 2550 2360 2605 Vitam
2417 2549 2475 2605 S.
2532 2550 2780 2605 lladelini
2847 2551 2901 2605 in
2957 2551 3216 2605 auxilium
3279 2550 3494 2605 vocavi-

1910 2658 2031 2698 mus
2061 2642 2231 2712 (229).

1983 2736 2059 2788 De
2090 2732 2420 2788 editionihus
2460 2733 2701 2803 llerigeri
2731 2741 2785 2788 et
2817 2731 3059 2787 Anselmi
3083 2747 3253 2801 pauca
3288 2740 3494 2786 tantum

1911 2824 2139 2879 dicenda
2180 2832 2331 2887 sunt;
2365 2824 2599 2892 primum
2651 2824 2704 2875 in
2747 2822 2920 2877 lucem
2973 2824 3290 2892 prodierunt
3325 2822 3491 2877 Chro-

1909 2916 2030 2968 nica
2062 2914 2114 2966 iu
2154 2912 2380 2968 Joannis
2424 2912 2769 2981 Chapeaville
2815 2912 3131 2968 Leodiensis
3168 2913 3413 2967 canonici
3441 2923 3495 2967 et

1912 3006 2097 3060 vicarii
2130 3005 2268 3060 libro
2304 3003 2461 3059 Gesta
2489 3004 2793 3072 pontiﬁcum
2849 3002 3254 3073 Tungremium,
3312 3002 3495 3072 Traje-

1914 3098 2165 3149 ctensium
2199 3105 2246 3148 et
2295 3094 2683 3159 Leodicnsium,
2735 3092 2916 3148 Leodii
2957 3094 3115 3159 l6l2,
3147 3095 3199 3157 ι,
3230 3110 3284 3163 p.
3336 3094 3495 3159 1-98,

1914 3184 2150 3249 99*5l8;
2185 3185 2325 3238 idem
2356 3184 2493 3235 liber
2531 3182 2753 3236 minime
2784 3182 3098 3237 emendatus
3125 3182 3208 3235 vel
3235 3190 3492 3247 mutatus,

1914 3292 2019 3331 uno
2044 3276 2134 3347 qui
2186 3277 2240 3330 in
2288 3274 2467 3328 fronte
2521 3283 2603 3328 est
2652 3273 2779 3328 folio
2819 3275 2998 3328 denuo
3033 3272 3173 3344 typis
3217 3288 3494 3342 expresso,

1913 3384 2049 3423 nova
2107 3378 2362 3437 tanquam
2416 3366 2602 3432 editio,
2637 3364 2820 3420 Leodii
2873 3364 3009 3421 16Ι8
3058 3366 3253 3419 iterum
3320 3365 3498 3419 editus

1911 3468 1995 3515 est
2016 3458 2183 3531 (230).
2216 3459 2290 3511 Ex
2326 3458 2390 3511 iis
2403 3472 2523 3525 qua:
2544 3471 2706 3526 supra
2724 3457 2789 3510 de
2804 3455 3081 3510 codicibus
3101 3455 3335 3509 diximus
3361 3454 3496 3509 satis

1911 3561 2079 3622 patet,
2111 3562 2167 3604 et
2207 3550 2403 3620 legenti
2433 3548 2516 3601 vel
2566 3559 2756 3617 sp0nte
2799 3547 3055 3609 occurrit,
3085 3561 3245 3615 quam
3291 3541 3495 3597 infelici

1911 3655 2163 3696 successu
2215 3639 2418 3692 critica:
2467 3638 2781 3691 exercendae
2830 3648 3081 3689 conatum
3130 3635 3321 3688 fecerit
3357 3636 3494 3687 Cha-

1912 3730 2156 3801 pearille,
2185 3727 2274 3795 qui
2307 3726 2685 3794 interpolatum
2723 3725 2964 3779 codicem
3009 3725 3197 3777 ducem
3226 3722 3328 3776 sibi
3348 3737 3495 3775 sum-

1912 3822 2098 3890 pserit.
2125 3818 2318 3873 Omnia
2349 3831 2549 3884 susque
2576 3818 2751 3885 deque
2782 3826 2927 3878 sunt,
2956 3824 3009 3869 et
3033 3815 3083 3867 iu
3112 3828 3218 3882 quo
3243 3813 3492 3882 acquies-

1913 3926 2007 3966 cas
2054 3910 2185 3964 nihil
2214 3908 2401 3961 habes.
2436 3908 2561 3961 llaec
2600 3923 2702 3960 una
2755 3916 2838 3959 est
2889 3905 3128 3975 lleiigeri
3170 3904 3355 3959 editio.
3384 3904 3494 3956 An-

1914 4004 2064 4058 selnii
2101 4004 2390 4072 genuinum
2442 4007 2646 4052 textum
2679 3997 2800 4052 dein
2840 3998 2894 4051 in
2942 3996 3286 4065 amplissima:
3321 3993 3494 4049 Colle-

1913 4098 2109 4151 ctionis
2127 4105 2599 4148 monumentorum
2627 4101 2768 4145 torno
2791 4089 3185 4158 lV,p.845-9ll
3216 4104 3280 4142 ex
3306 4087 3492 4142 codice

1911 4185 2275 4258 Andaginensi
2302 4184 2587 4238 ediderunt
2613 4181 2849 4235 Martene
2876 4191 2928 4233 et
2952 4178 3185 4232 Durand.
3215 4176 3491 4248 Singulam

1915 4284 1972 4336 8.
2005 4280 2245 4335 Rcmacli
2280 4278 2452 4333 Vitam
2482 4276 2649 4330 edidit
2679 4274 2870 4327 Surius
2905 4272 2957 4325 in
2997 4271 3147 4324 Actis
3175 4267 3272 4322 88.
3307 4269 3368 4330 ν.
3402 4268 3490 4332 17,

1913 4383 1967 4428 et
1999 4374 2295 4442 lragmenta
2319 4368 2558 4436 ejusdem
2595 4365 2727 4419 Vitae
2756 4365 2953 4417 habent
2986 4361 3269 4417 Ducbcsue
3288 4358 3329 4422 Ι,
3364 4358 3489 4422 642,

238 4451 396 4542 modi
456 4451 646 4559 (2.25.);
698 4485 1066 4556 Sangallensis
1115 4500 1241 4538 εει-ε.
1296 4500 1382 4549 ιι,
1437 4484 1692 4546 membr.,
1742 4483 1809 4549 4,

1914 4474 1967 4519 et
1994 4464 2236 4532 Bouquet
2279 4460 2364 4525 ΙΙΙ,
2407 4458 2658 4513 Sil-547.
2698 4454 2933 4525 Singulae
2982 4469 3049 4507 ex
3099 4451 3359 4521 Herigero
3385 4451 3493 4559 ἐς·

240 4539 479 4647 itemque
517 4539 656 4632 hanc
701 4539 913 4647 praeuse
952 4573 1058 4628 l‘ert
1097 4574 1508 4643 inscriptionem
1546 4570 1811 4626 :Notkcri
1916 4567 2141 4625 summa:
2189 4553 2441 4624 ίθϐυηιυτ
2478 4550 2615 4606 Vili“
2662 4548 2720 4603 5-
2780 4544 3037 4613 δθννθιίί»
3079 4541 3331 4607 Aulam“.
3384 4539 3491 4593 Μυ-

308 4780 455 4852 (220)
495 4777 854 4852 ()hap’eaville
869 4775 934 4838 ιι,
951 4774 1090 4852 27a,
1117 4772 1243 4852 ait.

308 4839 455 4920 (221)
495 4839 765 4918 Chapeav.
794 4848 880 4901 ΙΙΙ.
913 4848 981 4899 ab
1012 4840 1392 4920 init._Radulhi
1423 4840 1487 4894 de
1510 4840 1647 4920 Rivo
1676 4839 1813 4895 duos

236 4912 478 4986 codices,
535 4912 824 4974 Alliensem
877 4930 1074 4986 unum,
1138 4912 1528 4986 Lovaniensem
1578 4912 1813 4966 alterum

238 4993 442 5046 notavit
465 4982 749 5047 'Sandcrus
772 4985 914 5040 Bibl.
946 4984 1093 5052 Belg.
1123 4998 1257 5036 msc.
1286 4982 1326 5049 ι,
1354 4982 1446 5035 27.

493 5060 716 5144 Qrcltiv.
736 5057 837 5143 Vl,
1010 5122 1141 5144 ﬂ“:

1232 5136 1402 5144 -.α-λα--

1987 4732 2132 4805 (225)
2172 4730 2394 4805 Archiv.
2419 4725 2716 4805 _\_’lll_,_6_08.

1987 4796 2799 4873 (2‘26)Arcltivzli'._55}-.-.
2930 4862 2960 4873 .,

1988 4853 2132 4944 ἰξξῆ
2161 4853 2655 4944 11.52.51.933,
2685 4861 2866 4944 {uiso
2894 4862 3033 4941 υίιας,
3061 4853 3489 4944 ςιυψῌκγοξξχιιι.

2480 4921 2523 4991 λ
2542 4921 2593 5000 Ι,
2623 4921 2679 4994 2,
2709 4931 2901 5005 3_l'also
2925 4921 3301 5005 prioris,'elog_.
3336 4921 3487 5005 \Vol-

1915 4991 2471 5079 Lbu'."récié'péjb}i}';
2509 4991 2591 5072 ll,'
2608 4991 2700 5069 35,
2732 5003 2775 5054 Α
2793 5001 2850 5063 2,
2874 4991 2934 5065 ‘5,
2952 5000 2986 5051 4
3014 4996 3151 5050 falso
3179 4995 3321 5056 licet,
3351 4991 3494 5059 eleg.

1918 5082 2169 5139 Wolbod.
2204 5082 2356 5134 lucis.
