4094 5252
225 351 362 407 1001

1272 358 1275 359 ⁷
1363 351 1684 411 HERICERI
1724 350 1947 410 GESTA
1992 354 2200 411 EPISC.
2244 355 2439 411 LEOD.

3366 362 3502 419 100‘!

222 484 336 521 esse
372 466 655 521 translatos
694 468 864 537 βω),
909 468 995 521 ubi
1042 469 1297 538 hodieque
1340 485 1559 522 uacuum
1599 469 1708 537 ejus
1756 468 1813 519 in
1841 491 1887 545 Α
1917 479 2281 537 computantur
2313 472 2375 533 ",
2402 473 2543 523 circa
2592 472 2744 540 cujus
2769 482 3002 540 tempora
3028 475 3109 527 Iu'c
3137 486 3302 529 noster
3338 476 3505 531 Eber~

223 560 458 612 maxime
488 558 685 613 honore
707 561 928 613 habetur
953 562 1306 630 sepulchrum.
1342 563 1405 614 At
1435 562 1574 631 quod
1617 572 1813 615 restra-

224 658 304 703 tes
325 666 443 703 sunt
467 650 510 682 "
540 650 865 719 Evergislum
894 662 1073 704 vocant
1103 668 1169 704 ex-
1198 652 1375 721 aliquo
1397 652 1555 720 hujus
1588 652 1815 704 nomin's

225 744 485 812 episcopo,
521 742 672 812 cujus
695 742 1017 796 mausoleum
1040 743 1265 811 forsitan
1292 745 1586 813 ignoratur,
1623 742 1686 795 ob
1721 757 1817 792 no-

227 834 383 887 minis
418 832 815 886 consonantiam
850 833 970 885 huic
1014 842 1191 886 nostro
1239 830 1492 901 Ebergiso
1527 834 1625 884 hoc
1662 831 1822 883 attri-

228 924 410 975 butum
446 938 559 976 esse
578 921 923 987 arbitramur,
956 924 1071 975 licet
1099 922 1339 975 nonnulli
1360 923 1497 974 hunc
1532 920 1752 974 eundem
1774 918 1819 951 ”

227 1026 275 1071 st
300 1009 660 1067 Coloniensem
693 1024 741 1067 et
766 1028 1002 1067 nostrum
1041 1030 1146 1067 uno
1170 1023 1397 1080 tempore
1422 1014 1585 1081 {uisse
1606 1021 1816 1064 conten-

225 1107 358 1158 dant
400 1107 467 1167 ",
502 1107 827 1175 eundemque
857 1122 976 1159 cum
1010 1107 1156 1159 beato
1200 1103 1469 1163 Seuerino,
1497 1109 1821 1153 antecessore

228 1206 285 1246 ut
311 1194 567 1264 adjiciunt
590 1197 635 1226 "
673 1213 792 1257 suo.
816 1212 998 1249 vocum
1034 1194 1392 1264 angelicorum
1434 1191 1486 1245 in
1524 1189 1749 1242 transitu
1773 1187 1821 1218 ³³

227 1290 369 1340 (vetiti
400 1287 617 1342 Martini
662 1290 992 1358 psallentium
1041 1290 1333 1342 auditorem
1369 1296 1604 1338 asserant
1646 1281 1815 1351 (255).

228 1379 391 1445 Quod
418 1382 462 1434 si
516 1382 593 1436 ita
636 1393 789 1444 esset,
818 1384 956 1436 idem
992 1382 1081 1453 qui
1126 1377 1523 1435 Coloniensibus
1573 1384 1817 1445 quartus,

230 1471 381 1523 nobis
406 1472 675 1525 vicesimus
710 1482 929 1541 quartus
956 1472 1260 1526 exstitisset.
1287 1468 1391 1525 Sed
1412 1470 1509 1521 hoc
1530 1468 1742 1520 omnino
1774 1462 1820 1495 ίδ

146 1618 153 1623 _
226 1560 547 1627 impossibile
575 1578 709 1625 esse,
737 1564 936 1633 liquido
974 1580 1039 1617 es:
1082 1574 1372 1631 temporum
1420 1561 1623 1613 ratione
1667 1556 1820 1610 colli-

224 1653 393 1720 gitur.
422 1651 486 1705 In
508 1654 733 1707 transitu
754 1655 890 1707 enim
914 1654 1048 1707 beati
1072 1652 1293 1707 Martini
1321 1652 1579 1706 secundus
1619 1648 1821 1701 Archa-

226 1741 309 1792 dii
334 1749 382 1793 et
421 1740 648 1797 Honorii
681 1761 851 1798 annus
886 1754 1021 1808 erat,
1049 1744 1140 1813 qui
1169 1754 1246 1798 est
1281 1760 1313 1797 a
1350 1741 1613 1797 dominica
1645 1739 1822 1791 incar-

1918 558 2061 627 gisus
2106 557 2429 628 Trujectensi
2477 559 2741 615 [cathedras
2770 562 3099 630 pra'sidebat.
3135 562 3312 617 Restat
3346 567 3507 635 igitur

1916 658 1973 701 ut
2001 649 2197 713 dit-ant,
2229 667 2379 704 suum
2412 649 2735 722 Evergislum
2759 663 2851 708 aut
2879 664 2991 723 post
3027 656 3303 709 transitum
3337 661 3509 711 sancti

1921 738 2139 792 Martini
2162 757 2253 808 per
2289 742 2493 795 eosdem
2520 742 2627 797 252
2656 761 2822 799 annos
2862 762 3025 815 usque
3051 747 3120 798 ad
3150 746 3501 816 Dagobertum

1920 832 2133 896 uixisse,
2166 843 2224 885 ut
2252 834 2327 886 sic
2368 834 2608 888 videatur
2649 836 2915 901 credibile,
2944 838 3165 891 eundem
3198 850 3421 892 vestrum
3455 850 3504 891 et

1926 936 2160 979 nostrum
2204 928 2506 997 episcopum
2553 946 2662 983 esse
2690 932 2919 1000 potuisse
2958 949 3063 986 uno
3095 944 3341 1003 tempore,
3368 935 3508 1003 quod

1926 1016 2083 1084 ﬁdem
2119 1019 2364 1083 excedit;
2392 1029 2483 1072 aut
2512 1022 2777 1075 nobiscum
2823 1023 3038 1077 credant
3086 1040 3172 1078 eos
3210 1025 3507 1078 omnimodo

1926 1108 2160 1164 diversos
2210 1127 2343 1176 esse,
2395 1122 2504 1166 tum
2554 1115 2677 1184 quia
2716 1132 2747 1168 a
2777 1123 3004 1185 tempore
3045 1117 3230 1172 diluvii
3276 1134 3425 1172 nemo
3463 1116 3508 1149 ²⁶

1926 1200 2031 1254 900
2058 1205 2213 1258 anuis
2251 1205 2469 1271 vixisse,
2499 1216 2609 1259 tum
2645 1208 2768 1278 quia
2799 1210 2936 1262 inter
2969 1210 3177 1264 beatum
3216 1208 3509 1265 Servatium

1926 1292 2221 1361 episcopum
2250 1306 2506 1357 nostrum.
2528 1297 2617 1366 qui
2636 1301 3033 1368 contemporalis
3052 1301 3154 1368 fuit
3174 1302 3323 1355 beato
3356 1302 3511 1357 Sece-

1924 1384 2063 1448 riuo,
2087 1395 2136 1437 et
2174 1386 2311 1438 inter
2337 1388 2499 1440 istum
2534 1388 2842 1458 Ebergisurn
2872 1391 3116 1444 tredecim
3144 1391 3291 1463 (Q56)
3309 1394 3509 1461 episco-

1926 1489 2018 1541 pos
2046 1474 2192 1528 nobis
2228 1476 2462 1545 legamus
2500 1479 2794 1547 pravfuisse.
2842 1480 2909 1535 In
2956 1491 3046 1535 tuo
3091 1484 3279 1551 igitur,
3323 1486 3511 1539 domne

1925 1564 2286 1634 archiprtrsul,
2308 1568 2528 1637 pendeat
2549 1571 2750 1640 juditio
2773 1572 2817 1603 "
2844 1582 3021 1628 utrum
3047 1574 3160 1627 Iuro
3191 1592 3309 1644 qua:
3333 1588 3514 1629 nostra

1924 1668 2071 1724 sunt,
2103 1660 2290 1728 jubeas
2332 1663 2538 1733 ignibus
2591 1667 2711 1721 dari
2767 1684 2959 1732 necne;
3004 1687 3320 1741 quamquam
3376 1673 3513 1725 hanc

1928 1750 2206 1803 materiam
2236 1762 2514 1823 utcumque
2542 1755 2819 1821 dictatam,
2849 1760 2923 1813 uti
2946 1759 3071 1813 bene
3100 1761 3300 1815 vivendi
3341 1779 3515 1816 exent-

228 1831 446 1885 uatione
469 1833 1009 1903 quadringentesimus
1051 1833 1095 1865 "
1129 1834 1351 1902 primus.
1396 1830 1440 1884 Α
1466 1846 1569 1901 quo
1619 1822 1830 1881 ducenti
1875 1880 1886 1895 ,
1930 1836 2076 1907 plum
2099 1856 2211 1895 esse
2236 1822 2635 1911 possit,salvcm
2666 1863 2777 1900 esse
2797 1850 3057 1916 expediat.

223 1923 613 1993 quinquaginta
660 1924 767 1979 duo
789 1925 835 1957 "
894 1942 1054 1997 usque
1108 1927 1177 1979 ad
1233 1925 1591 1995 Dagobertum
1657 1932 1829 1989 regem

1298 2033 1648 2093 INCIPIUNT
1675 2024 2026 2087 CAPITULA
2052 2028 2231 2086 LIBRI
2272 2033 2485 2089 PRIMI.

309 2151 360 2205 1.
405 2151 708 2207 Praemium
749 2155 991 2225 opusculi
1020 2158 1317 2226 sequentis.

305 2242 365 2298 2.
403 2242 560 2311 Quod
610 2246 749 2302 Deus
777 2249 958 2301 omnia
1013 2248 1067 2302 in
1108 2264 1336 2303 numero
1380 2256 1435 2303 et
1484 2248 1721 2318 pondere
1770 2253 1825 2300 et

387 2351 642 2390 mensura
670 2340 968 2404 constituit,
997 2348 1052 2394 et
1072 2340 1137 2394 de
1172 2341 1431 2411 mysterio
1459 2340 1658 2395 cruris.

260 2428 326 2482 ὅ.
370 2428 530 2494 Quod
564 2429 819 2483 Dominus
850 2430 1220 2485 occidentales
1252 2440 1432 2499 partes
1461 2431 1826 2501 apostolorum

371 2519 712 2590 principibus
750 2520 911 2575 Petro
942 2531 996 2577 et
1032 2521 1199 2577 Paulo
1231 2522 1275 2553 ²⁰
1304 2523 1553 2594 dignatus
1594 2532 1674 2577 est
1707 2522 1826 2578 ἰηι-

375 2625 577 2669 strare.

316 2747 331 2758 .
377 2706 421 2736 "
454 2705 677 2772 Quando
709 2706 902 2761 Petrus
930 2707 1157 2761 Romam
1196 2706 1424 2762 venerit.

313 2836 327 2847 .
373 2794 532 2863 Quod
575 2795 897 2849 Eucliarium
926 2838 940 2861 ,
991 2794 1264 2851 Valerium
1311 2804 1473 2863 atque
1524 2794 1823 2849 Maternum

377 2888 656 2943 'l‘reverizn
688 2888 733 2922 ³³
768 2889 998 2944 miserit.

264 2982 328 3035 6.
374 2980 619 3048 Qualiter
646 2981 839 3037 beatus
868 2980 1143 3037 Maternus
1177 2979 1481 3046 defunctus,
1522 2994 1617 3048 per
1662 2980 1823 3034 bacu-

376 3071 490 3123 lum
521 3069 634 3140 ejus
663 3072 734 3125 sit
762 3071 1137 3127 resuscitatus.

263 3161 324 3216 7.
368 3161 524 3228 Quod
546 3162 600 3217 bi
630 3172 740 3217 tres
767 3163 869 3218 viri
900 3161 1143 3223 Treberi.
1174 3160 1430 3225 Coloniae,
1462 3158 1661 3231 Tungri
1689 3176 1823 3229 pra:-

379 3254 709 3318 dicaverint,
740 3262 793 3307 et
822 3256 887 3309 de
915 3252 1111 3324 insigni
1152 3251 1300 3308 fonte
1328 3250 1647 3321 Tungrensi.

266 2706 305 2759 ι

266 2796 303 2845 5

264 3344 335 3399 8.
369 3342 611 3410 Qualiter
636 3352 857 3399 sanctus
880 3343 1180 3399 Eucharius
1200 3342 1449 3412 populqu
1484 3342 1831 3415 resistentem

374 3435 617 3489 oratione
645 3436 894 3507 ligaverit
915 3444 971 3489 et
995 3432 1307 3489 absolverit.

272 3527 333 3582 9.
378 3524 532 3591 Quod
568 3526 740 3580 ﬁlium
774 3527 946 3581 viduas
976 3524 1399 3580 resuscitaverit.

234 3622 328 3674 10.
374 3618 529 3686 Quod
564 3618 857 3674 revelatum
901 3618 948 3665 0?
988 3617 1058 3673 sit
1090 3618 1303 3672 cuidam
1348 3616 1607 3680 senatori,
1637 3630 1825 3669 omnes

376 3720 628 3779 oportere
656 3711 918 3781 baptizari
945 3710 1013 3764 ”.

233 3807 332 3860 11.
379 3805 455 3859 De
481 3804 627 3859 obitu
660 3806 803 3859 beati
832 3804 1107 3859 Eucharii.

234 3896 329 3950 12.
377 3895 455 3950 De
484 3896 592 3949 vita
619 3906 672 3949 et
699 3896 846 3951 obitu
874 3896 1017 3951 beati
1054 3894 1247 3949 Valerii
1279 3896 1606 3949 successoris
1635 3890 1774 3959 ejus.

231 3989 330 4041 15.
371 3985 523 4052 Quod
566 3986 756 4040 beatus
788 3986 1060 4042 Maternus
1100 3995 1178 4041 tot
1224 3987 1379 4040 annis
1406 3988 1688 4056 cpiscopus
1716 3985 1829 4040 fue—

374 4080 450 4132 rit
470 4078 535 4145 ν,
562 4087 695 4147 quot
722 4079 909 4134 diebus
932 4080 986 4133 in
1017 4078 1307 4147 sepulchro
1326 4078 1519 4148 jacnit.

230 4171 331 4225 M.
368 4170 613 4238 Qualiter
635 4186 757 4226 eum
791 4171 1090 4227 Eucharius
1114 4180 1167 4226 et
1188 4169 1434 4225 Valerius
1458 4173 1522 4226 de
1550 4173 1652 4225 hoc
1678 4188 1830 4224 mnu-

382 4266 453 4319 do
481 4280 578 4334 per
603 4265 775 4321 visum
802 4266 1133 4322 vocaverint.

235 4358 332 4412 15.
379 4357 457 4411 De
498 4365 622 4413 octo
668 4358 934 4427 episcopis
975 4359 1067 4428 qui
1111 4357 1271 4412 beato
1315 4356 1556 4412 Materno
1605 4358 1656 4413 in
1704 4357 1833 4413 sede
1930 4353 2019 4407 29.

384 4448 688 4518 Tungrensi
721 4457 1098 4504 successerunt
1125 4448 1191 4501 ⁸⁸.

236 4542 333 4595 16.
378 4539 627 4606 Qualiter
655 4540 707 4595 in
732 4541 963 4597 diversis
992 4541 1126 4596 locis
1154 4539 1439 4595 orthodoxi
1473 4540 1572 4595 viri
1603 4541 1833 4594 arriaua:

386 4632 566 4686 heresi
602 4632 919 4687 restiterint.

237 4724 334 4777 17.
383 4723 461 4776 De
502 4721 672 4779 Hunis
715 4738 813 4793 per
851 4731 1021 4780 totum
1059 4723 1344 4794 imperium
1389 4722 1690 4779 Romanum
1726 4724 1831 4779 dif-

382 4815 539 4869 fusis.

1853 3489 2017 3577 Cas.

1863 4839 1913 4897 Ι)

1854 2125 1897 2183 Β
1931 2144 2017 2199 18.
2059 2146 2211 2214 Quod
2244 2151 2313 2205 ab
2362 2152 2638 2210 inmundis
2684 2156 2961 2226 spiritibus
2990 2169 3044 2212 et
3080 2173 3147 2213 ex
3180 2160 3351 2230 magis
3388 2175 3509 2214 mu-

2065 2240 2288 2297 lieribus
2317 2248 2588 2312 procreati
2617 2246 2662 2279 "
2693 2250 2959 2304 dicantur.

1929 2330 2015 2385 l9.
2054 2330 2297 2399 Qualiter
2346 2336 2511 2392 ductu
2554 2338 2598 2374 ³⁸
2635 2355 2808 2396 cem»
2845 2342 3017 2396 insula
3060 2345 3285 2413 egressi,
3334 2346 3509 2415 primo

2059 2423 2283 2490 Gothos,
2312 2428 2505 2484 deinde
2550 2430 2683 2485 alias
2720 2442 2928 2503 gentes,
2960 2434 3251 2489 novissime
3281 2434 3507 2488 Galliam

2062 2520 2382 2576 invaserint.

1926 2604 2015 2659 90.
2057 2606 2132 2661 De
2160 2617 2347 2663 sancto
2375 2610 2640 2665 Servatio.

1926 2696 2016 2751 21.
2060 2698 2214 2764 Quod
2250 2701 2402 2754 multi
2440 2704 2612 2757 sancti
2654 2705 2753 2757 viri
2796 2708 3224 2773 contemporalcs
3275 2708 3345 2761 illi
3399 2707 3511 2763 lue-

2062 2789 2193 2853 rint,
2226 2802 2280 2844 et
2310 2794 2375 2845 de
2404 2794 2697 2848 multarum
2722 2798 2934 2849 urbium
2967 2799 3269 2851 eversione.

1926 2878 2018 2934 22.
2060 2879 2213 2945 Quod
2242 2892 2462 2938 sanctus
2499 2882 2778 2938 Servatius
2818 2884 3043 2942 Romam
3075 2889 3291 2953 adierit,
3330 2891 3372 2943 si
3402 2905 3511 2957 quo

2064 2970 2225 3026 modo
2260 2974 2596 3029 orationibus
2629 2976 2741 3032 suis
2786 2977 2961 3031 valeat
2989 2977 3215 3033 Galliam
3247 2980 3315 3034 ab
3342 2980 3511 3034 Hunis

2061 3063 2314 3119 liberare.

1925 3152 2017 3210 25.
2058 3152 2305 3220 Qualiter
2330 3165 2456 3212 ante
2485 3158 2748 3212 tumulum
2779 3160 2919 3214 beati
2948 3160 3091 3216 Petri
3122 3178 3218 3232 per
3240 3164 3413 3217 visum
3444 3165 3509 3216 de

2062 3248 2344 3303 eversione
2376 3249 2541 3305 tutius
2572 3248 2759 3305 Galliae
2784 3260 2839 3306 et
2872 3253 2938 3307 de
2970 3252 3119 3307 obitu
3156 3268 3255 3307 suo
3284 3254 3353 3307 sit
3377 3253 3511 3308 edu-

2062 3350 2200 3393 ctus.

1930 3429 2019 3483 ει.
2062 3431 2295 3486 Rediens
2321 3432 2449 3503 quid
2477 3433 2689 3498 viderit,
2722 3435 3014 3489 commisso
3042 3436 3190 3506 gregi
3217 3435 3453 3505 exponit.

2061 3522 2248 3578 Oratio
2278 3526 2393 3594 ejus
2420 3534 2474 3579 et
2504 3525 2818 3581 lamentatio
2862 3525 3179 3581 clericorum
3209 3534 3262 3580 et
3306 3523 3511 3595 populi.

2068 3626 2123 3670 et
2158 3616 2223 3668 de
2251 3616 2397 3670 obitu
2429 3616 2564 3683 ejus.
3516 3636 3521 3640 '

1928 3706 2016 3759 26.
2061 3705 2212 3771 Quod
2262 3704 2406 3759 Huni
2461 3707 2657 3760 multas
2702 3706 2889 3761 Galliae
2925 3705 3084 3759 urbes
3137 3700 3257 3760 cum
3308 3705 3513 3774 Tungri

2065 3798 2492 3864 subvertcrunt,
2545 3814 2681 3868 quos
2729 3802 2857 3854 item
2907 3800 2952 3833 "
3005 3799 3201 3855 Franci
3260 3818 3289 3854 a
3326 3800 3515 3857 Galliis

2063 3889 2405 3960 expulerunt.

1928 3982 2017 4038 27.
2062 3984 2136 4039 De
2165 3992 2354 4037 sancto
2382 3982 2625 4054 Remigio
2662 3991 2716 4038 et
2753 3998 2941 4039 novem
2969 3983 3372 4055 Tungreuszbus
3402 3988 3516 4051 cpi-

2065 4078 2262 4147 scopis.

1928 4169 2021 4226 28.
2066 4171 2139 4226 De
2182 4179 2373 4225 sancto
2413 4169 2741 4235 Domitiano,
2786 4169 2914 4223 item
2959 4167 3225 4237 Perpetuo
3262 4178 3314 4223 et
3352 4168 3516 4221 Ehre-

2067 4262 2202 4331 giso.

2066 4355 2140 4408 De
2171 4362 2357 4408 sancis
2386 4352 2653 4408 Johanne.

1932 4443 2022 4498 50.
2064 4442 2219 4508 Quod
2248 4444 2295 4497 ei
2328 4459 2358 4498 a
2390 4443 2752 4499 transmarino
2791 4441 3021 4513 quodam
3064 4442 3381 4512 praulictum
3412 4443 3518 4509 sit,

2068 4550 2192 4588 eum
2220 4534 2622 4604 Trajectensem
2657 4535 2965 4604 epiSCOpum
2994 4534 3260 4589 futurum.

1933 4626 2022 4680 51.
2063 4624 2201 4692 Quid
2236 4624 2305 4681 ad
2341 4625 2441 4680 hec
2485 4625 2572 4680 ille
2612 4626 2974 4695 responderit.
3007 4629 3258 4697 quodque
3295 4628 3523 4683 baculus

2070 4719 2187 4788 ejus
2212 4728 2369 4774 terrae
2405 4714 2543 4772 ﬁxus
2571 4715 2776 4783 ﬂoruit,
2807 4719 2949 4775 etde
2974 4721 3308 4790 episcopatu,
3338 4718 3449 4771 vita
3475 4728 3529 4772 et

2076 4817 2224 4873 obitu
2247 4809 2380 4879 ejus.

1539 4973 1772 5029 VARle
1814 4972 2218 5031 LECTIONES.

318 5085 366 5118 ³³
406 5099 534 5140 eum
566 5086 615 5141 1.
694 5085 742 5118 ⁸⁸
781 5087 934 5140 deest
962 5086 1015 5138 ὅ.
1089 5086 1130 5117 ⁸³
1171 5084 1507 5137 contendunt
1545 5088 1597 5140 1.
1635 5085 1687 5140 2.
1724 5085 1780 5139 ‘5.
1856 5086 1901 5116 ⁹¹
1942 5085 2099 5140 aiunt
2125 5085 2226 5143 C/t.
2304 5080 2349 5112 "
2391 5083 2685 5140 transitum
2728 5086 2776 5139 1.
2859 5079 2906 5111 ’⁵
2944 5079 3107 5137 deest
3146 5077 3239 5131 Ch-
3320 5068 3364 5103 ⁸⁸
3408 5052 3581 5140 ‘l‘ia'

228 5155 668 5250 drigentesimuos
703 5158 755 5211 1.

240 5236 597 5252 Α-οισιιιιηίιι-

829 5156 876 5191 ³⁸
916 5154 1321 5206 dllcenlpcimus
1351 5156 1833 5212 nninnnaccsimlts
1857 5158 2129 5232 secundus
2174 5159 2224 5211 1.
2474 5153 2518 5182 ³⁷
2545 5156 2621 5232 ill}
2653 5157 2674 5209 1

2690 5196 2702 5209 .
2733 5154 2786 5209 3°.
2826 5147 2923 5202 Ch.
2952 5150 3382 5221 cosnputatltur,
3420 5155 3591 5195 corr.

2658 5221 2896 5252 ..-.\.:s-oin
2927 5216 3003 5252 ΙῘΙι

2135 5222 2472 5252 --.μυληκιιιηκ
2575 5226 2620 5252 II

3129 5218 3174 5250 so
3198 5211 3303 5252 1111·
3320 5222 3603 5252 ηιιηιριοιιι
