4094 5252
208 331 235 387 1
248 329 353 388 003

1311 308 1638 369 HERIGERI
1680 302 1902 363 GESTA
1944 299 2159 358 El’lSC.
2208 295 2405 381 LEQD.

3356 280 3493 339 ωδε

208 447 515 518 emundari
540 442 606 505 et.
639 455 825 497 verum
858 437 1135 508 ,ιῑφιεηιο
1159 434 1202 464 ⁸⁸
1244 430 1473 499 lepidius
1501 428 1546 462 “
1577 424 1799 479 manda-
1833 433 1879 489 Α
1913 418 2028 472 rexi
2058 434 2071 480 ;
2106 417 2267 484 longe
2294 410 2512 482 quidem
2542 424 2659 465 mea
2711 408 2975 464 sententia
3008 407 3075 460 ab
3114 404 3348 459 oratorls
3398 406 3497 457 ob-

1937 511 1947 518 .
2014 510 2025 518 .
2051 508 2094 518 --
2136 506 2273 518 ,Αυηκ
2445 504 2475 518 ιι
2556 503 2587 518 ,ι
2843 510 2853 518 .
2909 517 2920 518 γ
2977 497 3169 518 νηυμη-
3246 498 3329 518 -.-ξ
3380 494 3466 518 --Ι.-

214 556 331 596 rem
376 536 555 607 polliri
601 534 675 597 ";
725 542 833 585 tum
880 528 1021 599 quod
1076 536 1347 596 gestorum
1395 522 1536 575 illius
1584 520 1803 572 aliunde

214 638 556 699 sumpturum
597 624 847 691 subpetat
895 619 1071 688 copia,
1124 626 1232 669 tum
1279 612 1419 682 quod
1475 621 1800 678 temporum,

212 735 446 790 quorum
474 715 759 770 diversitas
788 726 928 765 nunc
961 708 1193 763 maxime
1223 708 1359 761 Scito
1381 703 1426 735 “
1448 718 1581 773 opus
1606 712 1709 760 est,
1737 714 1802 752 ex

213 810 510 866 cartulario
537 815 718 861 vestro
746 819 851 857 non
879 802 1019 856 desit
1051 798 1270 853 noticia.
1308 796 1413 851 Sed
1439 795 1504 849 ad
1537 794 1651 848 bace
1677 791 1803 844 dmn

218 916 274 961 te
300 922 421 961 cum
468 904 575 957 tuis
600 900 839 957 omnium
872 896 1078 951 arcium
1119 892 1401 964 pra:sulem
1435 904 1556 945 esse
1589 896 1805 942 consta-

217 1007 329 1061 ret,
359 993 597 1061 illudque
623 990 860 1045 Pierium
888 986 1069 1039 animo
1093 992 1375 1038 occureret
1399 997 1413 1033 :

575 1083 641 1138 In
670 1082 853 1136 silvam
884 1097 947 1133 ne
975 1078 1117 1148 ligna
1141 1077 1282 1147 [eras
1313 1072 1492 1144 (2M)!

215 1191 318 1235 et:

218 1272 287 1325 In
310 1288 451 1325 mare
479 1269 606 1340 quid
630 1268 813 1338 pisces.
845 1266 971 1335 quid
1004 1280 1169 1335 aquas
1197 1263 1249 1316 in
1280 1262 1501 1331 ﬂumina
1526 1258 1569 1289 δ’
1600 1257 1760 1311 mittis
1784 1257 1808 1309 1’

219 1363 544 1433 Suspensum
566 1362 761 1413 interea
790 1357 983 1410 librare
1012 1354 1220 1409 silentia
1242 1354 1288 1383 '°
1315 1363 1533 1405 mentem
1563 1347 1734 1419 (2i5).

216 1463 519 1525 cmperant,
546 1468 667 1507 cum
710 1465 837 1506 ecce
876 1448 1194 1503 memoriam
1224 1444 1549 1504 offendebat,
1579 1442 1703 1509 quia
1731 1440 1808 1493 vi-

219 1564 314 1601 res
360 1562 501 1616 quas
545 1543 811 1614 imperitia
864 1542 1115 1610 denegat,
1166 1536 1373 1592 haritas
1412 1535 1699 1593 ministrat,
1755 1541 1809 1584 et.

218 1640 348 1707 quia
378 1639 591 1706 incepto
616 1644 822 1689 tantum
855 1649 990 1703 opus
1014 1644 1113 1694 (εει,
1146 1640 1325 1683 cetera
1358 1643 1445 1682 res
1469 1626 1718 1696 expediet
1738 1625 1806 1677 “.

221 1734 391 1803 Igitur
418 1735 646 1787 adorsns
674 1748 815 1793 smn,
847 1739 900 1783 et
934 1739 991 1783 ut
1030 1729 1209 1782 verbis
1236 1726 1513 1793 cujusdam
1547 1726 1811 1794 sapientis

221 1836 351 1879 utar
379 1836 432 1878 et
454 1840 519 1878 ex
547 1824 635 1877 illo
664 1833 923 1891 quantum
954 1838 1040 1876 res
1067 1822 1241 1890 poscit
1266 1822 1311 1851 ⁷³
1339 1820 1537 1884 tollam,
1567 1837 1584 1868 ι
1615 1818 1812 1872 exhor-

224 1917 432 1970 tatione
459 1926 572 1978 tua,
598 1931 716 1983 quae
741 1925 792 1970 et
825 1916 1108 1985 prazsentis
1140 1916 1424 1968 honestate
1454 1911 1713 1981 propositi
1758 1921 1811 1965 et

221 2006 423 2069 futura:
468 2009 644 2061 aetatis
685 2007 916 2061 utilitate
961 2005 1249 2075 conjuncta
1306 2014 1426 2069 est,
1483 2004 1615 2057 nihil
1666 2004 1809 2058 anti-

224 2099 458 2171 quius"
491 2099 817 2154 existimavi.
864 2118 881 2150 ι
933 2098 997 2153 Ει
1040 2114 1105 2153 ne
1145 2098 1524 2153 auctoritatem
1554 2095 1814 2165 dilfugere

224 2192 465 2254 viderer,
502 2192 551 2244 ei
582 2191 787 2245 muneri
811 2191 857 2221 ⁷⁵
883 2191 1135 2246 libentius
1159 2189 1427 2259 adquievi.
1460 2187 1813 2243 Praesumenti

222 2284 376 2337 enim
405 2283 698 2338 auctoritas
735 2283 910 2345 datur,
944 2284 1070 2336 dum
1104 2282 1149 2314 ⁷³
1176 2282 1344 2336 credit
1378 2281 1621 2350 prmstari
1660 2296 1815 2350 posse

224 2375 378 2443 quod
402 2376 629 2445 petitur;
659 2383 712 2431 et
740 2391 930 2444 parere
959 2381 1121 2440 scire,
1147 2376 1369 2445 :equalis
1394 2376 1476 2429 e'st
1499 2374 1666 2443 gloria
1693 2391 1813 2428 cum

226 2469 555 2537 imperante.
592 2466 855 2522 Fecerant
887 2468 1025 2522 idem
1060 2466 1377 2535 jamdudum
1403 2476 1561 2521 (etate
1587 2452 1781 2520 venera
1800 2498 1812 2505 -

224 2558 368 2612 biles
420 2559 910 2616 llilduinusahbas
980 2560 1031 2614 in
1090 2559 1340 2628 passione
1390 2560 1562 2613 sancti
1615 2558 1814 2631 Dyoui-

226 2653 296 2704 sii
330 2651 502 2721 t2l6),
540 2650 866 2714 llincmarus
901 2652 1343 2721 archiepiscopus
1390 2652 1441 2705 in
1484 2651 1599 2705 Vita
1645 2651 1817 2704 sancti

226 2741 463 2812 Remigii
489 2742 658 2813 (247),
684 2753 737 2797 et
761 2743 848 2797 alii
876 2759 1038 2814 quam
1064 2743 1277 2813 plurimi
1310 2743 1359 2796 in
1390 2760 1493 2797 non
1520 2758 1818 2812 paucorum

226 2834 589 2903 compilandis
614 2851 647 2905 g
685 2836 783 2889 stis
813 2845 1148 2891 sanctorum.
1184 2835 1389 2902 Quibus
1431 2837 1746 2891 auctoribus
1773 2835 1820 2865 ⁷⁸

226 2927 483 2993 optinere
504 2927 545 2957 ⁷⁷
597 2943 883 2994 possumus
916 2926 1229 2997 optimis”,
1276 2929 1419 2997 quod
1469 2929 1524 2981 in
1567 2928 1822 2982 omnibus

227 3018 417 3071 causis
445 3027 497 3070 et
522 3019 658 3072 solet
687 3028 741 3072 et
769 3020 925 3073 debet
956 3021 1132 3075 valere
1165 3020 1480 3089 plurimum.
1525 3021 1659 3074 Nam

231 3108 543 3179 Numquam
595 3112 669 3163 ita
723 3113 1002 3182 quisquam
1034 3112 1124 3165 ben

1416 3204 1595 3276 [vitam
1625 3206 1749 3274 fuit,

230 3293 384 3358 Quin
434 3310 534 3359 res,
584 3303 735 3358 tetas,
786 3310 911 3346 usus
958 3310 1160 3363 semper
1206 3294 1407 3366 aliquid
1451 3307 1685 3365 apportet
1731 3313 1826 3351 no-

1490 3386 1558 3459 [vi
1582 3389 1753 3459 (248).

1516 3396 1557 3442 vi
1603 3396 1706 3443 248
1740 3428 1753 3441 .

309 3478 380 3532 Et
413 3492 479 3532 ne
510 3477 600 3532 hic
650 3477 822 3543 labor,
856 3478 947 3545 qui
978 3487 1028 3532 te
1052 3478 1377 3531 adhortante
1412 3396 1695 3547 suchrptus
1712 3402 1824 3543 )est,

232 3572 498 3628 inferacis
524 3573 705 3642 Operis
725 3573 771 3603 ⁷⁸
802 3573 896 3625 ﬁat
929 3590 941 3624 :
975 3589 1079 3625 non
1111 3569 1228 3639 ejus
1265 3572 1425 3624 modo
1447 3571 1601 3640 cujus
1632 3573 1819 3626 memi-

232 3666 443 3728 nimus,
491 3665 663 3720 sancti
709 3664 920 3718 scilicet
972 3662 1233 3726 liemacli,
1287 3679 1469 3716 verum
1502 3672 1821 3716 cmterorum

231 3768 444 3813 nostra:
464 3758 608 3812 sedis
637 3755 948 3825 pontificum
978 3765 1219 3825 tempora
1265 3762 1320 3807 et
1364 3763 1535 3824 gesta,
1566 3769 1683 3821 qua:
1720 3770 1824 3807 un-

232 3852 547 3918 decumque
576 3858 801 3918 potuere
836 3848 1094 3909 Couradi,
1128 3846 1196 3901 ad
1246 3856 1430 3900 nostra
1488 3861 1659 3915 usque
1693 3856 1825 3900 tem-

231 3958 375 4015 pora
407 3942 616 4012 collegi,
668 3952 724 3996 et
776 3940 926 4010 cujus
969 3939 1309 4009 potissimum
1342 3939 1634 3993 anhelabas
1677 3940 1823 3994 desi-

234 4030 428 4093 derio,
459 4031 623 4084 vitam
656 4031 778 4084 inde
807 4040 1090 4101 exceptam
1143 4028 1313 4099 (249),
1346 4031 1486 4085 votis
1540 4031 1644 4085 tuis
1699 4048 1827 4103 por-

1909 510 2027 563 timi
2051 508 2096 540 ‘°
2130 506 2277 579 (250)
2306 503 2624 560 excellentia
2660 517 2743 557 me
2778 510 2927 555 ratus
2960 497 3198 563 dili‘erre,
3240 498 3331 567 qui
3380 494 3498 567 plu-

1910 603 2047 655 rima
2076 600 2264 670 paucis
2290 596 2591 660 absolvere,
2620 609 2789 664 pauca
2818 591 3062 663 plurimis
3086 587 3379 658 protelare.
3411 584 3496 639 vel

1908 707 2102 762 magna
2129 700 2447 753 extenuare,
2481 687 2717 740 maxima
2747 701 2777 740 e
2832 683 3073 738 minimis
3125 681 3358 743 efﬁcere,
3387 680 3494 733 lata

1914 788 2165 854 angwtc,
2209 790 2438 848 angusta
2479 780 2609 843 late,
2662 777 2877 848 vulgata
2932 777 3176 830 dicenter
3205 772 3376 841 (25l),
3410 772 3495 825 di—

1907 875 2083 929 centia
2112 873 2155 903 ⁸¹
2190 870 2647 931 inteJectualiter,
2677 885 2813 923 nova
2866 868 3084 929 usitate,
3111 867 3307 920 usitata
3339 879 3497 927 nove,

1914 978 1967 1020 et
1990 967 2042 1020 id
2073 966 2118 997 "
2142 980 2311 1035 genus
2344 963 2519 1017 valeat
2546 962 2776 1033 plurima
2809 962 3067 1024 delibare,
3097 960 3181 1014 cui
3207 969 3258 1013 ct
3281 974 3310 1013 a
3339 969 3498 1028 poeta

1906 1057 2217 1130 prtecipitur
2247 1073 2261 1109 :

1909 1150 2011 1201 Aut
2046 1148 2245 1217 famam
2280 1156 2617 1215 sequere,aut
2654 1144 2754 1199 sibi
2778 1143 3135 1198 convenientia
3158 1142 3295 1211 ﬁnge
3322 1138 3497 1212 (232).

1910 1235 2021 1290 Nec
2067 1246 2123 1289 ut
2153 1236 2395 1290 scolarcs
2428 1234 2603 1303 posito
2636 1234 2894 1296 themate,
2947 1235 3142 1302 quibus
3197 1232 3376 1285 verbis
3425 1230 3503 1283 uti
3544 1266 3545 1269 η

1911 1329 2102 1399 potuit,
2130 1329 2221 1398 qui
2254 1328 2507 1398 iujnriam
2554 1341 2746 1393 passus
2768 1335 2873 1389 est,
2900 1325 2985 1379 vel
3043 1325 3130 1378 ille
3161 1324 3252 1392 qui
3302 1322 3501 1381 intuILt,

1912 1421 2117 1489 aliquid
2173 1422 2427 1474 linximus
2482 1418 2732 1472 friVobnn
2769 1458 2782 1479 ,
2838 1418 3004 1470 immo
3059 1431 3159 1469 nec
3216 1429 3502 1483 creperum

1912 1512 2085 1581 (2.33).
2119 1510 2272 1577 Quod
2297 1510 2398 1564 etsi
2445 1507 2949 1577 eloquentissimum
3004 1506 3276 1575 quendam
3322 1505 3514 1592 dicen:

1915 1613 2020 1655 tein
2069 1600 2207 1670 quod
2239 1610 2285 1653 et
2333 1600 2378 1653 si
2416 1600 2547 1659 Iure,
2594 1598 2783 1667 inquit,
2838 1607 3052 1666 uterque
3106 1611 3206 1647 non
3238 1594 3394 1657 dixit,
3426 1604 3507 1645 tuo

1912 1706 2029 1743 men
2062 1691 2114 1742 in
2142 1698 2253 1743 voto
2276 1688 2460 1741 habuit
2490 1699 2537 1741 et
2581 1690 2635 1741 in
2670 1697 2790 1740 artu
2827 1686 3071 1750 ostendit,
3124 1684 3322 1738 sectari
3376 1698 3507 1737 con-

1844 1782 1885 1839 Β
1918 1782 2220 1845 tcuderem,
2272 1780 2473 1834 nullius
2523 1780 2711 1848 utique
2756 1776 3010 1845 juditium
3064 1775 3505 1829 extimescerem.

1918 1874 2117 1927 Verum
2163 1874 2275 1926 lucc
2306 1872 2465 1925 alias.
2529 1870 2673 1935 Misi,
2708 1870 2950 1938 inquam,
2982 1866 3201 1921 karitati
3256 1874 3360 1919 tua:
3393 1881 3509 1917 nmo

1914 1978 2036 2023 nus,
2065 1962 2206 2029 quod
2253 1961 2433 2014 minus
2483 1960 2528 1991 ⁸³
2572 1960 2789 2029 quidem
2844 1956 3135 2012 ellitientite
3189 1955 3506 2015 securitate,

1916 2055 2151 2110 maxime
2182 2066 2361 2108 autem
2417 2063 2726 2121 susceptum
2754 2050 3009 2103 amicitize
3059 2046 3505 2116 praesumptione.

1917 2148 2105 2218 Magna
2137 2146 2184 2177 ⁸⁸
2208 2146 2411 2201 etenim
2462 2146 2517 2200 in
2566 2141 2864 2199 dillicillimi
2896 2140 3079 2209 aperis
3108 2155 3271 2193 cursu
3302 2136 3349 2169 ⁸⁸
3373 2138 3511 2190 ami-

1917 2238 2060 2292 citia:
2090 2237 2136 2268 ⁸⁸
2159 2235 2551 2304 contemplatio
2574 2233 2805 2305 supplet,
2834 2240 2888 2285 et
2923 2231 3141 2299 placere
3174 2227 3341 2281 multa
3367 2238 3510 2293 δεῖνα

1921 2346 2100 2384 rerum
2132 2329 2286 2397 cnpia
2319 2326 2645 2397 suppeditat.
2707 2324 2857 2378 Unde
2914 2322 3039 2374 licet
3094 2334 3286 2373 verear
3313 2316 3508 2370 nedum

1918 2424 2213 2491 imperator
2242 2420 2286 2450 ’”
2312 2418 2524 2473 muneri
2546 2417 2592 2448 ⁸⁸
2624 2431 2720 2485 par
2744 2427 3008 2483 nequeam
3036 2425 3175 2472 esse,
3210 2405 3512 2461 deﬁcientis

1920 2514 2076 2584 culpa
2108 2513 2160 2566 in
2214 2511 2557 2565 adhortantis
2576 2508 2622 2540 ”
2654 2507 2810 2561 cedat
2857 2502 3143 2571 injuriam:
3179 2510 3357 2551 tamen
3388 2512 3510 2549 cum

1922 2616 2067 2657 tuam
2120 2611 2306 2671 specto
2362 2598 2805 2659 benivolentiam,
2858 2595 2919 2647 fit
2961 2608 3122 2645 omne
3179 2602 3406 2658 pronum
3458 2598 3512 2637 et

1925 2695 2105 2756 facile,
2136 2708 2188 2747 et
2212 2702 2269 2745 ut
2292 2693 2362 2745 ita
2397 2693 2574 2746 dicam
2610 2686 3010 2756 volnptuarium
3039 2684 3108 2746 9°,
3137 2680 3279 2749 quod
3320 2679 3371 2731 in
3406 2686 3511 2728 tua:

1918 2784 2278 2855 iucunditatis
2319 2781 2648 2851 impenditur
2699 2776 3100 2846 praescriptum.
3155 2770 3269 2823 Hoc
3325 2777 3507 2819 autem

1924 2894 2151 2934 munere
2180 2877 2426 2946 impenso
2458 2873 2751 2928 sollicitum
2788 2880 2839 2924 te
2887 2869 3116 2922 reddere
3147 2862 3310 2934 cupio
3339 2878 3353 2924 ;
3382 2860 3508 2929 quia

1926 2972 1969 3025 si
1998 2970 2127 3041 quid
2156 2985 2380 3040 operum
2436 2977 2649 3021 tuorum
2687 2962 3013 3034 quandoque
3066 2957 3414 3029 postulavero
3442 2954 3515 3016 ",

1930 3065 2160 3134 iujurius
2194 3064 2324 3118 mihi
2370 3063 2558 3125 lucris,
2591 3061 2634 3115 si
2666 3058 2909 3129 negabis.

1132 3129 1158 3167 c
1206 3113 1462 3166 subducta
1514 3113 1716 3166 ratione
1753 3111 1822 3165 ad
2370 3111 2558 3125 ’“””’
2592 3111 2634 3115 ⁷⁷
2667 3111 2696 3113 ﬁ
2737 3111 2767 3159 ‘.’
2821 3111 2830 3112 7
3253 3144 3263 3153 .
3317 3142 3327 3150 -
3408 3140 3434 3155 υ

1549 3222 1594 3226 ψ
1631 3206 1663 3226 ,_
1692 3206 1723 3226 ,⁸
1850 3123 1898 3189 c
1930 3155 2175 3226 Quisquis
2208 3171 2398 3223 magna
2425 3154 2587 3215 dedit,
2617 3149 2776 3205 rolutt
2799 3148 2895 3203 sibi
2920 3161 3112 3215 magna
3136 3139 3519 3208 remuttt2ai).

1931 3246 2027 3300 Sel
2055 3262 2161 3300 nun
2192 3243 2589 3315 arrogantur"
2642 3256 2862 3311 magna,
2908 3239 3109 3307 quippe.
3160 3234 3265 3289 tuis
3314 3233 3521 3286 tneritis

1930 3343 1984 3387 et
2036 3334 2237 3387 nOstris
2296 3332 2435 3386 votis
2486 3328 2713 3399 impatia
2748 3370 2763 3393 ,
2814 3333 3148 3397 quapmpter
3202 3321 3522 3377 ublatrantis

1931 3441 2146 3480 morsus
2177 3426 2343 3479 timeo
2373 3425 2612 3486 invidiae,
2640 3424 2765 3492 quia
2791 3423 2843 3476 in
2872 3418 3076 3475 ditiicili
3112 3432 3169 3472 re
3200 3416 3358 3470 facile
3386 3418 3525 3471 solet

1932 3515 2070 3569 livor
2096 3514 2461 3584 pra‘juditium
2489 3513 2804 3581 importare.

1934 3603 2167 3675 Denique
2190 3621 2293 3657 non
2323 3619 2501 3656 omnes
2523 3602 2704 3656 eadem
2735 3601 3002 3655 mirantur
3028 3607 3311 3666 amantque
3347 3596 3518 3667 (253).

1932 3698 2072 3764 Ergo
2946 3758 2949 3761 _

2006 3784 2130 3838 Non
2150 3786 2265 3839 istic
2301 3783 2509 3854 obliquo
2536 3783 2688 3837 oculo
2712 3799 2824 3836 mea
2856 3780 3059 3833 famina
3082 3781 3314 3850 quisquis
3350 3778 3395 3810 ”

2004 3875 2189 3939 Limet,
2224 3894 2325 3930 non
2359 3877 2477 3930 odio
2520 3876 2737 3928 obscuro
2765 3886 3046 3941 morsuque
3093 3881 3296 3924 venenet
3343 3868 3516 3937 (256).

1936 3965 2031 4019 Set
2057 3977 2136 4031 tu,
2162 3978 2315 4035 pater
2349 3965 2680 4027 beatissime,
2707 3964 2810 4016 mei
2845 3962 3046 4015 laboris
3072 3970 3287 4028 tua:un
3311 3961 3512 4012 adlmr-

1940 4055 2160 4112 tationis
2186 4066 2425 4113 assertor
2452 4054 2519 4121 9‘,
2551 4070 2745 4110 caveas
2768 4067 3021 4109 securum
3049 4052 3094 4082 ⁹⁸
3116 4067 3203 4105 me
3238 4060 3517 4119 peractum

1547 4215 1780 4273 VARUS
1820 4218 2226 4278 LECTIONES.

315 4348 365 4429 ξι
387 4350 686 4429 examplari
718 4367 852 4429 corr.
881 4352 1179 4429 exemplari
1211 4352 1267 4407 2.

233 4422 399 4489 cujus
439 4424 781 4475 eorrectiones
804 4422 1060 4491 ejusmodi
1090 4441 1192 4477 non
1215 4437 1391 4491 omnes
1414 4422 1588 4491 attuli.

232 4490 281 4523 "
317 4492 577 4559 expediat
615 4495 669 4547 3.
746 4493 790 4523 ⁷³

1344 4350 1388 4382 ⁸⁸
1416 4350 1710 4423 aliquando
1734 4370 1872 4408 corr.
1900 4356 2180 4423 aliquanto
2205 4356 2260 4408 ‘2.

1667 4419 1713 4461 ⁸⁸
1739 4425 1879 4479 scitu
1908 4419 2033 4480 Su}.

840 4510 926 4577 p."
959 4508 1165 4577 acervo‘
1210 4503 1248 4547 t.
1286 4490 1413 4577 Sir.
1447 4490 1542 4577 Cir.
1703 4495 1926 4577 antiqu‘s
1948 4497 2034 4577 _1.
2069 4496 2255 4577 η’ξὶια
2284 4514 2330 4550 e.
2355 4514 2497 4577 θοι-νζ
2521 4496 2574 4549 2.
2625 4496 2715 4566 qui
2753 4495 2973 4577 numeri
3026 4496 3143 4577 ut?)
3174 4493 3419 4577 enituisse
3450 4492 3526 4577 tit;-

2340 4355 2382 4385 ⁶¹⁴
2408 4353 2627 4424 lipidius
2660 4354 2710 4408 1.

2823 4353 2865 4384 ⁸⁷
2901 4351 3076 4421 polliri
3106 4368 3245 4405 corr.
3278 4349 3436 4422 poliri
3462 4349 3519 4405 2.

2112 4426 2156 4456 °°
2187 4425 2406 4479 ﬂumine
2437 4430 2486 4478 1.
2516 4424 2569 4478 2.
2596 4424 2649 4478 3.

2726 4423 2772 4455 ⁷⁰
2797 4424 3012 4479 silentia
3046 4439 3182 4477 corr.
3214 4423 3439 4477 scientia
3468 4423 3520 4473 1.

234 4561 425 4647 fletur.
454 4562 723 4647 uulnerari
760 4561 927 4647 14""
955 4580 1075 4618 cum
1126 4563 1280 4647 ΒΕΓ..
1329 4562 1375 4647 ἷσ
1419 4561 1913 4647 auctoritatibus}
1937 4567 2017 4647 1.-
2069 4568 2116 4599 ⁷⁷
2154 4568 2229 4620 ita
2275 4583 2427 4647 corr.’
2466 4566 2520 4619 2.
2556 4561 2789 4647 opiineri
2840 4566 2890 4618 1.
2942 4562 2995 4616 3.
3026 4563 3067 4616 Β
3099 4564 3149 4617 1.
3191 4564 3251 4617 C.
3289 4562 3329 4614 D
3363 4564 3413 4615 1.
3448 4561 3523 4647 1;.

237 4630 291 4663 "
328 4633 618 4698 oportunis
644 4633 703 4686 Ο.

239 4700 298 4754 5.
332 4703 454 4773 deo.
480 4731 551 4741 -
574 4703 691 4757 tlec.
717 4702 813 4759 C/i.
889 4706 934 4738 ⁸³
960 4715 1015 4757 ut
1040 4704 1269 4773 precipit
1304 4714 1419 4772 post
1446 4703 1571 4757 add.
1603 4700 1657 4759 2.

242 4786 384 4840 gnas
407 4770 534 4825 Sur.
609 4774 653 4806 ⁸⁸
686 4776 830 4830 vires
855 4776 1006 4832 addit
1046 4770 1203 4827 δην.-
1249 4770 1571 4827 “'amiticiaa
1621 4776 1672 4828 1.

780 4634 826 4665 "
868 4635 940 4688 ita
991 4651 1130 4687 corr.
1170 4634 1225 4687 2.
1270 4631 1494 4687 inferaci
1522 4648 1737 4702 semper
1772 4636 1820 4686 1.
1848 4637 1903 4691 3.
1936 4636 2373 4691 inferaciterofiat
2400 4635 2524 4691 Sur.
2560 4631 2657 4689 Cit.
2735 4636 2781 4667 ⁸ο

1738 4703 1785 4734 ⁸³
1816 4706 1891 4758 ita
1918 4707 2109 4761 Surius
2137 4724 2157 4772 ;
2191 4710 2327 4760 deest
2364 4709 2418 4760 in
2445 4707 2685 4760 omnibus
2717 4703 2871 4759 codd.
2906 4719 3013 4757 non
3042 4719 3178 4756 corr.
3205 4703 3261 4757 2.

1751 4774 1796 4805 ⁸⁷
1830 4775 2035 4831 inmato
2074 4779 2126 4831 1.
2202 4777 2249 4810 ⁸⁸
2293 4778 2504 4831 numeri
2551 4778 2606 4831 3.
2684 4776 2731 4808 9’
2759 4774 3116 4829 adhortandis
3144 4774 3197 4827 3.

1830 4788 2035 4845 imputo
2074 4788 2097 4831 1
2111 4819 2126 4833 .

2848 4635 2969 4687 rimi
3001 4632 3127 4688 Sur.
3204 4633 3247 4664 ‘“
3282 4633 3355 4684 ita
3394 4629 3524 4686 1.2.

3338 4699 3387 4733 “
3410 4717 3525 4751 nta-

3274 4772 3320 4803 ⁹⁰
3345 4767 3530 4822 volnu-

2202 4777 2249 4810 ⁸⁸
2293 4778 2504 4831 numeri
2551 4778 2606 4831 3.
2684 4776 2731 4808 9’
2759 4774 3116 4829 adhortandis
3144 4774 3197 4827 5.

244 4836 450 4925 gari-um
470 4842 523 4894 3.
552 4842 674 4898 Sur.
752 4844 793 4925 ‘l
825 4844 1249 4925 expostulavit-ro
1288 4842 1447 4925 διαί..
1494 4844 1824 4925 ⁹²ηιιττοετιιιι
1850 4836 1986 4901 2Ῐ5.
2020 4848 2148 4901 Sur.
2219 4847 2274 4925 :3
2304 4851 2463 4918 quisq
2495 4846 2552 4900 2.
2594 4845 2649 4900 5.
2680 4847 2972 4916 quisquam
3023 4842 3149 4897 Sur.
3226 4841 3273 4872 ’δ
3308 4836 3530 4893 aﬂ‘erior

243 4910 302 4963 2.
333 4912 389 4965 5.
435 4929 574 4967 corr.
606 4923 846 4972 assertor
869 4910 921 4970 2'.
950 4915 1191 4970 asserior
1230 4915 1279 4969 1.

1358 4914 1404 4945 ”
1431 4916 1503 4969 ita
1536 4910 1663 4969 Sur.
1699 4910 2027 4973 insecurum
2058 4921 2108 4977 1.
2133 4920 2187 4974 2.
2219 4917 2276 4973 3.

1772 5004 2012 5064 NOTAE.

321 5120 478 5192 (eis)
520 5120 702 5177 "erat.
734 5123 907 5178 Serm.
938 5122 981 5187 ι,
1014 5119 1247 5192 40.54.,

321 5188 479 5246 (255‘
518 5193 598 5247 Cf.
629 5196 905 5247 Claudiam
934 5194 1002 5247 de
1032 5190 1155 5242 hell.
1189 5188 1288 5234 Cm
1352 5194 1452 5232 tm

1853 5130 1918 5190 D
2028 5126 2495 5213 (25.0).0iceroms
2539 5127 2718 5181 locum
2758 5123 2824 5176 de
2873 5118 3102 5172 Oratore
3130 5115 3219 5180 ιιι,
3248 5113 3318 5168 26
3346 5131 3412 5175 ex
3449 5123 3546 5171 suo

2194 5208 2607 5250 ···¹ρ1·ηι·ριςιιιυ·.
