4094 5252
591 127 612 181 1
623 123 726 182 0θῖ

592 238 781 295 reddat
812 230 1069 297 odiorum,
1100 204 1221 283 Eum
1257 224 1354 281 tibi
1390 222 1561 294 pudor
1591 217 1754 273 amici
1802 213 2021 287 dignius
2049 225 2175 283 pos-
2203 212 2252 272 Α

592 330 664 383 sit
691 324 999 386 convenire,
1029 322 1073 378 si
1102 317 1350 389 displicet
1371 315 1439 369 ".

596 417 650 472 ι.
676 416 722 449 ⁸⁷
766 413 920 481 Quod
942 411 1083 464 Deus
1111 423 1286 481 omnia
1313 407 1366 459 in
1396 418 1611 481 numero
1640 410 1687 481 et
1710 398 1936 480 pondere
1956 406 2002 450 et
2027 409 2171 447 mcu-

828 499 953 538 sura
987 478 1275 542 constituit,
1300 486 1347 530 et
1373 475 1436 529 de
1467 472 1710 544 mysterio
1742 469 1933 523 crucis.

666 576 810 631 Deus
834 585 1044 628 summe
1091 569 1288 631 bonus,
1314 564 1470 634 cujus
1512 562 1693 616 divina
1724 574 1791 614 ex
1837 538 2044 612 cetera;
2070 569 2170 609 na-

598 679 717 723 tura
763 673 955 737 regnat
982 672 1037 719 et
1066 663 1120 718 in
1163 669 1423 716 aeternum
1453 658 1569 712 sine
1597 654 1772 725 aliqua
1812 649 2174 707 mutabilitate

593 759 876 829 perdurat,
924 754 1106 811 omnia
1158 749 1448 824 providens
1492 747 1539 791 ’β
1567 746 1963 816 prudenterque
1990 740 2173 810 dispo-

595 863 752 912 nens,
781 846 1032 902 universa
1059 843 1113 898 in
1161 855 1386 896 numero
1429 845 1485 892 et
1534 849 1787 891 mensura
1820 836 1885 886 et
1924 831 2170 902 pondere

599 940 939 995 constituens
999 930 1149 1005 (257)
1180 932 1443 1006 (Sapient.
1477 946 1556 994 XI,
1586 928 1699 999 2i),
1736 940 1912 997 ipsum
1960 938 2178 994 quoque

598 1033 969 1090 universitatis
991 1029 1250 1084 mundum
1280 1033 1473 1096 sponte
1495 1022 1705 1092 sibique
1734 1027 1939 1074 tantum
1963 1016 2177 1072 conscia

599 1129 898 1186 voluntate.
926 1138 1049 1178 cttm
1075 1136 1181 1176 non
1210 1120 1559 1180 subsisteret,
1587 1113 1876 1185 pulchrum
1927 1107 2179 1179 pulcher-

600 1219 770 1273 rimus
797 1214 1023 1279 creavit,
1057 1221 1117 1266 ut
1157 1220 1301 1266 esset
1329 1226 1344 1274 ;
1378 1224 1482 1263 non
1509 1222 1632 1261 eum
1663 1219 1731 1258 ex
1772 1218 1866 1258 sua
1900 1198 2179 1271 proferens

598 1306 925 1373 substantia,
955 1320 1023 1360 ne
1049 1311 1355 1359 coaeternus
1377 1300 1707 1358 crederetur,
1732 1293 1930 1364 quippe
1954 1306 2020 1346 ex
2057 1305 2181 1361 pro-

599 1401 718 1471 pria
758 1397 995 1453 essentia
1037 1396 1085 1429 η
1132 1394 1305 1450 solum
1336 1402 1391 1448 et
1416 1392 1517 1447 sibi
1558 1397 1684 1445 nota
1719 1389 1927 1444 ratione
1957 1393 2180 1440 coaeter-

599 1505 752 1554 num,
781 1503 880 1558 per
920 1485 1063 1557 quod
1093 1484 1275 1540 omnia
1326 1481 1716 1545 formarentur,
1752 1493 1815 1532 ex
1867 1477 2032 1533 corde
2061 1490 2183 1531 eru-

1121 108 1450 170 BERtGEm
1484 107 1570 162 er
1608 78 1910 160 adsensi
1946 94 2173 153 casn
2222 90 2438 149 El’lSC.
2481 87 2739 146 runca.
2798 83 2995 144 πω.
3033 79 3123 140 ετ
3163 76 3366 139 LEOD.

3724 61 3857 132 tm

2283 206 2570 276 ipsumque
2602 201 2747 272 quod
2777 201 2917 256 idem
2948 213 3049 271 pro
3079 178 3266 253 nostra
3313 201 3699 262 assumptum:
3743 202 3859 249 erat

2272 296 2449 352 salute
2478 296 2775 349 humanum
2804 306 3025 360 corpus,
3057 287 3391 359 quadriforis
3418 296 3565 341 esset
3588 285 3857 341 soliditate

2271 388 2634 459 perfecturus,
2662 385 2979 456 insigneque
3002 383 3127 437 inde
3150 379 3376 435 viviﬁcse
3396 380 3601 441 crucis,
3628 388 3690 431 ut
3716 386 3857 433 esset

2272 479 2611 536 obstacuium
2652 481 2916 533 adversus
2945 475 3186 530 omnium
3230 471 3455 527 insidias
3486 472 3855 533 inimicorum,

2274 567 2634 642 quadrilatera
2665 567 3005 636 porrectione
3027 570 3337 620 sanctorus.
3362 561 3515 627 Quod
3533 561 3586 614 in
3618 560 3864 614 karitatis

2274 662 2514 718 omnium
2540 661 2799 719 virtutum
2832 657 3241 727 perfectissimae
3288 652 3623 724 plenitudine
3657 652 3864 707 videtur

2276 753 2553 825 apostolus
2585 750 2988 811 commendare.
3041 749 3108 803 In
3163 748 3386 802 karttule
3435 745 3613 815 inquit
3639 745 3861 798 radiati

2277 855 2326 900 et
2354 842 2585 914 fundati,
2642 852 2697 895 ut
2745 841 2957 912 possitis
2985 838 3419 909 comprehendere
3452 851 3572 889 cum
3628 834 3864 887 omnibus

2278 935 2471 991 sanctis
2499 950 2617 1005 qtue
2645 934 2712 986 sit
2752 931 2999 997 latitudo,
3051 930 3349 999 longitudo,
3382 926 3682 982 sublimitas
3709 924 3776 955 “7
3815 932 3861 977 et

2276 1024 2598 1096 profundum
2630 1022 2779 1095 (259)
2808 1020 3026 1092 (Ephcs.
3064 1035 3150 1084 ut,
3185 1019 3294 1088 l7).
3340 1016 3420 1089 [In
3460 1014 3755 1070 latitudine
3796 1012 3862 1044 ⁸⁸⁸

2281 1117 2494 1174 scilicet
2523 1117 2662 1171 bona
2689 1130 2853 1185 opera
2903 1112 3176 1179 karitatis,
3226 1111 3280 1166 in
3328 1109 3666 1180 longitudine
3696 1123 3867 1178 μειερ-

2282 1207 2578 1261 verantiam
2606 1204 2977 1276 perfectionis,
3013 1204 3067 1257 in
3123 1201 3408 1256 altitudine
3445 1201 3671 1271 pnemia
3721 1196 3865 1267 regni

2283 1299 2534 1364 caelestis,
2580 1299 2631 1352 in
2661 1297 2933 1368 profundo
2981 1294 3357 1351 inscrutabilia
3404 1293 3629 1362 signans
3671 1290 3865 1360 indita

2284 1392 2695 1462 omnipotentis,
2750 1391 2987 1460 buicque
3036 1388 3329 1443 intellectui
3359 1395 3626 1456 coeptans
3673 1392 3868 1455 mystc-

2285 1484 2427 1540 rium
2458 1483 2748 1539 salutifera:
2778 1482 2959 1536 crucis
2987 1479 3183 1552 (260).]
3212 1478 3365 1546 Quod
3392 1478 3448 1532 in
3481 1493 3549 1532 eo
3584 1476 3654 1508 ¹⁹⁹
3682 1488 3868 1530 auctor

596 1555 888 1634 curaverat
916 1555 1161 1631 verbum.
1193 1573 1381 1643 Neque
1411 1580 1465 1627 ut
1520 1571 1661 1626 idem
1707 1576 1992 1625 crearetur
2032 1582 2183 1621 muu-
2210 1555 2257 1612 Β
2286 1577 2679 1647 redemptionis
2712 1585 2910 1630 nostra;
2938 1573 3107 1629 νοιυίι
3132 1579 3328 1642 sponte
3373 1568 3578 1633 subire,
3612 1578 3669 1621 ιη
3700 1568 3869 1638 μυεῖ,

602 1670 705 1724 dus
733 1666 947 1722 molitus
968 1673 1050 1721 est
1079 1664 1316 1728 aliunde,
1345 1677 1414 1717 ne
1452 1660 1567 1730 jam
1625 1658 1707 1715 vel
1740 1658 1792 1713 in
1824 1656 2067 1720 materia,
2099 1654 2185 1711 vel

605 1758 658 1812 in
692 1758 759 1790 ⁸⁸⁸
790 1756 1175 1827 cooperatione
1215 1755 1537 1809 altrinsecus
1559 1759 1704 1807 esset
1759 1750 1901 1821 quod
1937 1746 2053 1818 ejus
2071 1762 2186 1802 om-

600 1846 1101 1918 nipotentissimam
1156 1846 1492 1901 voluntatem
1527 1852 1681 1898 extra
1712 1841 1898 1913 petitis
1927 1838 2184 1893 ammini-

600 1937 760 2003 culis,
805 1952 907 1991 nec
957 1936 1089 1990 satis
1139 1936 1205 1990 ad
1263 1934 1315 1988 id
1367 1933 1731 2004 peragendum
1776 1928 2183 1994 sufﬁcientibus,

606 2029 931 2099 adjuvaret,
987 2043 1051 2082 ac
1106 2027 1335 2082 subinde
1386 2026 1492 2081 tale
1554 2024 1809 2095 quiddam
1858 2031 1998 2078 esset
2044 2021 2188 2091 quod

606 2135 785 2190 neque
830 2119 1035 2175 factum
1066 2118 1135 2174 ab
1188 2119 1305 2188 ipso
1333 2130 1477 2173 esset
1529 2127 1584 2172 et
1626 2127 1807 2171 tamen
1858 2124 2003 2169 esset
2036 2131 2049 2180 ;
2079 2122 2186 2169 non

599 2213 854 2282 inquam,
903 2212 998 2267 sed
1048 2210 1213 2266 verbo
1243 2210 1405 2266 caelos
1450 2207 1866 2265 conviviiicante
1897 2206 1965 2240 ³⁰¹
1993 2205 2187 2276 spiritu

607 2303 878 2359 volubiles
919 2303 1196 2375 perduxit,
1225 2312 1281 2358 et
1308 2312 1367 2358 ut
1416 2302 1609 2373 pellem
1637 2299 1889 2355 omnibus
1927 2313 2189 2370 superes-

608 2395 784 2451 tcndit
811 2391 984 2466 (Psal.
1017 2408 1137 2459 cm,
1168 2392 1243 2462 2),
1276 2402 1476 2447 terram
1509 2406 1636 2447 vero
1659 2387 2193 2445 cimuulibrantibus

610 2484 856 2554 undique
881 2482 1171 2538 elementis
1196 2558 1199 2561 Ἴ
1222 2483 1274 2536 in
1309 2482 1487 2538 medio
1515 2483 1755 2536 omnium
1786 2479 2091 2544 collocavit,
2120 2477 2192 2532 ita

617 2582 675 2630 ut
718 2572 941 2630 caelesti
967 2572 1303 2628 habitatione
1354 2573 1487 2628 caelo
1518 2573 1706 2643 dignas
1758 2578 1980 2627 naturas
2010 2569 2187 2625 cnice.

608 2674 718 2731 ret,
750 2666 816 2720 de
843 2674 987 2720 terra
1011 2680 1142 2721 vero
1171 2673 1388 2720 terrena
1408 2674 1758 2734 componeret
1791 2663 1960 2737 (258).
1985 2663 2194 2735 Quippe

599 2761 850 2815 omnium
874 2759 1303 2830 potentissimus,
1333 2757 1478 2814 solus
1527 2772 1737 2813 summe
1761 2757 1830 2789 ‘”
1876 2759 2077 2823 bonus,
2105 2771 2193 2811 so-

610 2851 697 2906 lus
719 2849 1041 2905 naturaliter
1069 2863 1230 2913 unus,
1260 2848 1477 2919 etquod
1510 2847 1815 2917 huiusmodi
1837 2848 1910 2903 sit
1943 2847 2091 2905 solus
2136 2854 2195 2900 ut

2286 1670 2481 1742 palmis
2510 1670 2564 1723 in
2604 1684 2793 1733 cruce,
2825 1667 3141 1737 reliquoque
3167 1664 3435 1718 distentus
3459 1674 3711 1728 corpore,
3757 1660 3869 1728 ipsa

2290 1762 2660 1817 membrorum
2712 1760 2982 1830 positione
3008 1756 3188 1812 omnia
3217 1754 3292 1807 ad
3339 1765 3401 1807 se
3451 1752 3711 1806 credatur
3762 1758 3871 1802 ira.

2286 1855 2449 1909 xisse.
2482 1852 2560 1925 [lu
2615 1850 2919 1915 latitudine,
2971 1863 3078 1919 quo
3127 1861 3226 1917 per
3281 1854 3653 1899 transversum
3686 1850 3873 1895 esten-

2284 1946 2490 2001 duntur
2511 1960 2724 2009 manus,
2753 1952 2976 2012 propter
3015 1942 3278 1996 bonorum
3315 1950 3541 2003 operum
3577 1932 3780 1988 second
3822 1945 3871 1985 tn

2288 2037 2574 2092 karitatem
2599 2034 3006 2091 exbibitionem.
3043 2031 3098 2084 in
3127 2025 3468 2098 longitudine
3500 2039 3719 2092 quoquo
3750 2039 3871 2091 pto-

2287 2137 2407 2198 pter
2435 2127 2606 2181 tce-ius
2655 2124 2898 2193 corporis
2944 2114 3399 2187 crucitlxionem,]
3429 2114 3766 2180 voluntatem
3816 2127 3868 2165 ιιι

2289 2216 2587 2271 exibitionc
2622 2214 2872 2269 ltaritatis
2907 2211 3290 2283 longanimetn,
3337 2205 3617 2260 borealem
3647 2217 3760 2257 sum
3784 2218 3875 2270 ago

2290 2308 2484 2362 nitioni
2532 2308 2741 2378 plagam
2774 2306 2955 2360 missis
3009 2302 3303 2358 cultoribus
3355 2298 3565 2353 addixit
3591 2296 3794 2367 pariter
3819 2302 3876 2348 ct

2290 2401 2604 2457 australem.
2634 2398 2714 2473 [In
2752 2398 3059 2461 altitudine,
3086 2410 3195 2465 quo
3224 2380 3397 2463 capud
3421 2389 3591 2446 voluit
3613 2388 3873 2445 eminere,

2290 2505 2512 2565 propter
2564 2506 2921 2562 supernorum
2983 2489 3050 2520 “°
3104 2487 3493 2559 promissorum
3545 2479 3880 2552 expectatio-

2294 2585 2478 2658 nem.]
2536 2584 2854 2638 orientalem
2918 2581 3104 2636 inultis
3162 2577 3406 2633 accensis
3464 2573 3877 2645 prmdicanliutn

2292 2679 2651 2733 luminaribus
2680 2677 2931 2732 irradiari
2978 2674 3146 2727 voluit
3175 2683 3406 2742 partem.
3434 2668 3515 2741 [in
3555 2666 3879 2736 profundum

2296 2769 2362 2800 ¹¹¹
2390 2778 2595 2836 autem,
2628 2783 2735 2838 quo
2782 2768 2883 2822 sub
2922 2766 3148 2835 pedibus
3180 2777 3307 2833 pars
3353 2760 3532 2815 crucis
3578 2758 3631 2813 iu
3658 2758 3883 2811 abscon-

2293 2863 2408 2916 dito
2438 2872 2595 2917 terra:
2617 2860 2789 2916 delira
2825 2859 3004 2925 latuit,
3053 2867 3280 2929 propter
3307 2853 3577 2908 occultam
3602 2850 3881 2905 hominum

610 2941 906 2996 nihilaliud
933 2938 1002 2996 sit
1024 2941 1126 2996 nisi
1152 2942 1344 3003 bonus,
1369 2942 1459 3011 qui
1499 2941 1567 2973 ⁸⁸³
1604 2939 1675 2972 ¹⁰⁸
1694 2941 1875 2996 omnia
1905 2940 1972 2994 de
1993 2939 2190 3002 njcliilo

2294 2971 2361 3010 ex
2389 2954 2479 3009 Dei
2514 2953 2790 3008 voluntate
2822 2948 3207 3021 vocationem,]
3239 2948 3448 3018 plagam
3477 2960 3590 3000 suae
3618 2930 3883 2996 Voluntati

613 3042 666 3086 et
717 3048 785 3086 ex
829 3048 937 3087 non
972 3030 1393 3086 subsistentibus
1446 3045 1638 3101 nempe
1698 3028 1845 3084 solus
1892 3029 2193 3084 subsistens

615 3126 824 3180 creavit
845 3127 1001 3181 valde
1027 3127 1190 3181 bona.
1220 3125 1351 3192 Qua:
1396 3125 1653 3196 quoniam
1682 3139 1786 3178 non
1824 3134 1950 3179 sunt
1979 3124 2049 3157 ¹⁰³
2070 3124 2195 3179 sitn-

624 3216 788 3285 plicia
816 3246 883 3256 —~
938 3230 1044 3272 non
1093 3217 1237 3271 enim
1281 3231 1380 3286 per
1402 3231 1489 3295 δερ
1533 3215 1875 3286 prodierunt,
1926 3231 2028 3270 nec.
2072 3231 2196 3271 esse

619 3322 844 3377 prorsus
876 3314 1143 3376 poterant,
1174 3306 1279 3361 nisi
1331 3322 1395 3361 ea
1450 3306 1515 3370 is,
1574 3306 1664 3376 qui
1695 3306 1841 3361 solus
1874 3306 2198 3362 naturaliter

616 3398 793 3454 bonus
824 3409 906 3454 est
956 3398 1043 3466 ’°',
1096 3413 1216 3454 esse
1255 3400 1514 3453 voluisset
1540 3429 1610 3438 —
1651 3397 1772 3453 ideo
1814 3400 1942 3468 quia
1991 3401 2193 3454 bonum

620 3505 807 3545 eorum
834 3507 862 3544 a
890 3507 1104 3548 summo
1147 3492 1290 3547 bono
1327 3492 1542 3562 prodiit,
1581 3506 1769 3546 eorum
1820 3507 2033 3562 quoque
2076 3507 2197 3548 esse

621 3596 844 3637 necesse
873 3591 955 3637 est
982 3583 1180 3637 bonum
1205 3583 1296 3637 sit.
1342 3581 1536 3638 Omnia
1566 3581 1784 3651 inquam
1817 3583 1868 3636 in
1899 3598 2124 3637 numero
2145 3593 2199 3639 et

622 3686 873 3726 mensura
936 3679 990 3727 et
1018 3670 1255 3742 pondere
1294 3672 1407 3728 suis
1457 3686 1685 3742 quaeque
1723 3673 2052 3742 temporibus
2082 3688 2198 3743 pro-

620 3762 798 3815 ditura
827 3762 1129 3826 constituit,
1190 3761 1475 3833 ipsumque
1524 3762 1894 3818 universitatis
1940 3766 2197 3818 mendum

609 3848 960 3918 pnediﬂinita
1012 3851 1366 3920 dispositione
1437 3852 1848 3922 quadripertitis
1918 3852 2200 3909 clementis

621 3951 980 4007 constantem,
1015 3954 1249 4013 quatuor
1273 3958 1485 4012 quoque
1513 3942 1794 4013 plagarum
1825 3943 2044 3999 climate
2072 3960 2201 4014 qua-

2297 3046 2606 3116 mantipare
2632 3045 2886 3115 dignatus
2928 3052 3013 3098 est
3066 3040 3479 3097 occidentalem.
3536 3036 3646 3091 Nec
3682 3035 3883 3088 frustra

2297 3138 2423 3192 illuc
2450 3137 3019 3192 ntisericordissimum
3048 3133 3328 3204 spetialius
3354 3128 3571 3184 deﬂexit
3598 3129 3846 3182 intuitum
3870 3176 3881 3183 .

2296 3247 2400 3284 non
2427 3231 2563 3283 enim
2592 3230 2682 3299 qui
2709 3229 2825 3282 sani
2847 3237 2965 3282 sunt
2995 3235 3139 3293 egent
3164 3225 3386 3280 medico.
3426 3218 3677 3291 Venitqne
3705 3234 3883 3273 rotare

2296 3304 2590 3393 peccatores
2626 3320 2695 3375 ad
2742 3320 3115 3391 paenitentiam,
3157 3334 3259 3371 non
3296 3314 3473 3385 justas
3503 3312 3657 3384 (an.
3687 3327 3739 3374 ν,
3771 3312 3879 3377 Si).

2298 3413 2666 3469 Orientalibus
2711 3413 2912 3467 etenim
2959 3412 3280 3482 quibusdam
3334 3407 3401 3438 ³⁸³
3428 3420 3627 3460 nomen
3676 3402 3881 3457 Domini

2301 3506 2615 3562 timentibus
2646 3505 2726 3559 sol
2744 3504 2975 3572 justicite
2997 3500 3394 3572 quodammodo
3416 3497 3707 3553 videbatur
3728 3511 3882 3550 exoro

2303 3606 2410 3664 tus,
2443 3614 2565 3653 cum
2598 3598 2963 3653 occidentales
2991 3595 3226 3651 tenebris
3261 3605 3474 3660 semper
3498 3589 3703 3645 obtecti
3733 3589 3857 3659 igne

2306 3690 2515 3756 rantite,
2569 3690 2891 3759 delegissent
2921 3696 3150 3743 eatenus
3193 3690 3457 3742 creaturae
3499 3682 3682 3752 potius
3727 3692 3883 3750 quam

2302 3783 2543 3838 creatori
2572 3782 2849 3841 deservire
2873 3780 2943 3813 “'

2305 3876 2359 3931 ὅ.
2416 3875 2483 3907 ¹¹⁵
2524 3873 2675 3940 Quod
2721 3874 2980 3928 Dominus
3023 3870 3367 3926 occidentales
3412 3876 3587 3940 partes
3638 3861 3884 3935 oposth

2528 3946 2686 3999 Petro
2709 3955 2754 3999 et
2783 3943 2955 3997 Paulo
2984 3943 3232 4012 dignatus
3261 3951 3335 3995 est
3369 3939 3662 3992 illustrare.

625 4034 820 4098 dravit,
844 4035 1255 4105 diSpositissima
1303 4037 1728 4107 dispensatione,
1758 4043 1815 4088 ut
1844 4036 1990 4090 credi
2021 4036 2200 4103 datur,
2231 4017 2281 4076 Ῐ)
2376 4037 2492 4095 Non
2515 4038 2735 4108 inquam
2766 4037 2966 4091 frustra
3010 4034 3249 4090 occiduis
3280 4031 3527 4104 partibus
3562 4027 3807 4099 pendens
3828 4022 3879 4075 in

614 4124 733 4194 jam
759 4128 1110 4196 praesignans,
1168 4128 1310 4196 quod
1367 4125 1661 4189 hominem,
1712 4128 1873 4194 quem
1921 4136 2206 4184 creaturos

615 4224 745 4272 erat
778 4227 832 4273 et
883 4228 1104 4289 propter
1151 4233 1310 4291 quem
1341 4227 1538 4273 cuncta
1589 4215 1821 4273 visibilis
1879 4216 2200 4289 labricabat,

2307 4130 2469 4187 cruce
2506 4131 2784 4201 spetialius
2825 4128 3269 4201 benignissimum
3318 4124 3574 4196 dignatus
3618 4130 3702 4175 est
3728 4118 3883 4173 obtu-

2308 4232 2421 4278 tum
2444 4224 2748 4290 intendere,
2794 4236 2930 4292 quas
2956 4219 3127 4276 voluit
3167 4218 3332 4273 tantis
3362 4215 3696 4277 doctoribus,
3728 4210 3884 4264 Pero

1854 4410 1885 4435 .
1939 4332 2173 4391 VARIJE
2211 4336 2613 4394 LECTIONES.

692 4449 749 4485 ³⁸
772 4450 902 4507 Vale
955 4448 1101 4505 addit
1152 4449 1327 4519 Sun;
1381 4460 1670 4522 sequuntur
1718 4450 1859 4520 apud
1885 4449 2106 4505 eundem
2134 4452 2189 4506 hi
2216 4448 2434 4508 versus}

1203 4545 1354 4617 Quod
1379 4560 1478 4598 nec
1503 4551 1621 4598 vota
1660 4542 1908 4617 patinec
1939 4542 2144 4617 lingere.
2179 4547 2388 4601 somnia
2420 4556 2661 4617 possunt.

1192 4615 1445 4677 Gaudeas
1467 4627 1682 4686 semper
1707 4612 1845 4686 habe
1873 4630 1887 4667 :
1911 4612 2148 4686 gaudent
2172 4631 2283 4686 prae
2304 4612 2522 4672 nomine
2551 4619 2738 4672 molles

1194 4686 1495 4749 Auriculac:
1521 4685 1614 4738 tibi
1641 4698 1727 4738 me
1756 4683 1930 4738 virttis
1961 4692 2047 4737 tua
2068 4683 2196 4739 iecit
2221 4687 2476 4743 amicum.
2508 4689 2706 4743 Iterum
2738 4687 2877 4742 vale.

700 4773 744 4806 "‘
771 4773 910 4829 deest
939 4773 991 4829 ι.
1021 4772 1076 4828 2.
1108 4774 1161 4831 5.
1202 4738 1205 4739 ν
1237 4738 1284 4841 "’_'
1324 4773 1549 4841 provide
1572 4769 1670 4826 Ch.
1746 4770 1792 4804 ⁹⁹
1818 4738 2121 4827 substantia
2750 4738 2988 4833 iamcum
3018 4777 3328 4833 vivificante
3496 4776 3568 4811 η’
3597 4791 3663 4833 us
3688 4775 3744 4831 ἓ.
3782 4776 3886 4831 3.:

633 4859 771 4902 corr.
793 4843 847 4897 2.
882 4859 913 4899 e
944 4844 1041 4898 Ch.
1121 4842 1189 4876 ³⁵³
1219 4839 1288 4874 ³⁸⁸
1309 4839 1514 4896 erasum
1536 4843 1594 4897 2.
1673 4841 1741 4873 ⁸⁸³
1768 4843 1910 4896 deest
1947 4843 1996 4895 l.

2078 4842 2148 4875 m
2175 4845 2316 4900 deest
2345 4847 2399 4902 5.
2477 4848 2544 4879 ¹⁹⁷
2584 4850 2725 4901 deest
2757 4847 2854 4901 Ch.

2933 4846 3002 4903 ‘°.’
3034 4847 3290 4904 Latitudo
3316 4849 3367 4902 i.
3405 4847 3460 4902 2.
3538 4846 3610 4880 ¹⁶¹
3636 4848 3755 4901 ideo
3785 4846 3881 4902 Ch.

620 4915 703 4961 't"
728 4914 1067 4986 superiorum
1086 4912 1183 4969 Ch.
1261 4911 1326 4946 *ιι
1367 4927 1503 4966 corr.
1529 4910 1796 4982 profundo
1831 4910 1885 4965 ε.
1965 4911 2031 4943 ⁸η
2079 4912 2221 4969 deest
2249 4916 2347 4972 Ch.
2425 4917 2492 4948 “'
2529 4918 2836 4974 deservisse
2863 4915 2960 4973 Ch.
3040 4917 3109 4950 ⁸⁸⁸
3146 4917 3368 4974 Numeri
3410 4919 3596 4973 desunt
3641 4918 3696 4971 in
3739 4917 3797 4971 5.

2182 5021 2415 5080 NOTAE.

710 5129 858 5202 (257)
894 5130 1047 5202 Haud
1072 5133 1229 5187 aliter
1261 5133 1595 5200 Augustinus
1638 5131 1692 5185 in
1718 5131 1857 5187 libro
1896 5132 1963 5188 de
2004 5135 2202 5193 Genesi

639 5199 942 5252 edi-Venet.
977 5200 1060 5252 lli.
1105 5204 1126 5252 l
1171 5216 1224 5252 ι).
1265 5199 1389 5252 168⁷.
1422 5217 1429 5222 ’
1929 5208 1935 5213 ’

2316 5139 2451 5210 Opp.
2502 5140 2591 5205 iV,
2646 5110 2805 5202 tito,
2856 5139 3034 5195 Serm.
3064 5138 3302 5205 53,166.
3334 5106 3562 5210 Opp.V,
3601 5136 3887 5210 317,293.

2320 5207 2420 5252 hin"
2465 5210 2581 5252 Innn
2622 5224 2685 5252 ρι
2718 5210 2945 5252 pnicmla
2973 5212 3041 5252 ad
3094 5207 3395 5252 Dnnlinnm'
3419 5207 3488 5252 iis:
3518 5207 3754 5252 viris-min
3780 5208 3889 5252 Dm
