4094 5252
206 151 344 207 1939
718 202 719 205 χ
1369 153 1691 210 ηεηιεειιι
1730 153 1950 209 cessa
1996 155 2210 212 EHSC.
2256 128 2467 213 που..
2740 128 2747 129 ί
3337 154 3485 211 ms

205 284 238 319 v
268 270 461 323 delicet
519 286 639 324 cum
690 270 854 325 Paulo
907 271 1270 340 apostolorum
1324 273 1679 343 principibus,
1730 276 1860 333 utA
1892 275 2142 343 passione
2188 278 2457 332 dominica
2510 276 3005 341 undecimus,cum
3045 276 3272 341 Petrus,
3320 286 3483 345 caput

208 376 242 429 ε
283 362 439 414 minis
473 362 810 431 lampadibus
862 363 1149 417 illustrare.
1195 364 1296 429 Qui
1328 376 1445 434 post
1485 366 1633 434 plura
1680 366 1789 418 vir-
1893 368 2235 421 Antiochiam
2269 386 2365 438 pro
2393 384 2452 423 se
2489 369 2740 423 ordinato
2772 368 2998 434 Evodio,
3033 352 3185 423 venit
3224 368 3475 432 Romam,

212 462 388 505 ιιιτιιτιι
418 461 473 506 et
513 454 961 509 documentorum
991 456 1217 525 insignia
1251 458 1477 527 diversis
1520 458 1713 528 linguis
1740 466 1794 510 et
1896 458 1983 510 ubi
2007 473 2101 527 per
2123 458 2193 513 25
2220 476 2389 513 annos
2417 460 2691 515 Christum
2720 460 3067 524 annuntians,
3100 460 3153 513 id
3196 468 3277 514 est
3309 471 3483 526 usque

213 546 527 598 nationibus
565 546 887 600 mirabiliter
929 549 1171 616 prmbita,
1212 548 1409 603 Paulus
1457 551 1670 617 quidem
1700 550 1793 617 qui
1895 552 1959 603 ad
1990 568 2192 605 annum
2224 551 2451 613 Neronis
2484 552 2547 605 l5
2577 552 2723 622 (26$)
2749 561 2801 607 ct
2837 570 2864 604 a
2889 552 3099 606 Domini
3131 550 3383 619 passione
3413 549 3488 604 36

212 636 333 702 plus
383 638 633 691 ontnibus
680 638 943 692 laboravit
987 638 1035 705 (ι
1064 638 1302 693 Corinth.
1338 656 1426 703 xv,
1464 640 1573 710 10),
1602 642 1669 695 ab
1704 639 1793 695 Je-
1896 642 2031 714 (Cir.
2074 642 2265 698 Restiti.
2298 642 2519 708 Claram;
2551 642 2793 708 llicron.,
2822 642 2897 696 De
2926 644 3051 697 viris
3076 642 3202 711 ill.),
3234 639 3484 695 animati"

215 729 452 781 resalem
486 745 657 796 usque
691 730 938 784 lllll'lL‘tlm
968 732 1167 786 Christi
1222 733 1521 801 prtedicans
1570 748 1799 802 cvaugc-
1897 736 2060 790 vertit
2088 737 2153 767 ηε
2188 753 2337 790 suam
2380 751 2475 806 per
2521 752 2577 790 se
2628 720 3067 805 praedicationem
3103 734 3168 789 ad
3210 747 3486 804 praeoccu-

213 816 371 880 l'mm,
437 822 648 873 tandem
696 822 912 876 biennio
961 832 1084 878 ante
1112 824 1571 879 victoriosissith
1604 826 1795 881 mortis
1896 831 2126 899 pandam
2169 843 2384 882 omnem
2426 828 2813 883 occidentalem
2854 828 3087 897 plagam,
3128 841 3228 881 suo
3268 833 3486 893 aposto-

216 910 555 978 triumphum
588 911 842 966 liomante
895 915 1005 968 arci
1056 924 1246 969 contra
1308 917 1569 972 Neronem
1604 926 1661 972 et
1699 918 1797 988 Sy—
1899 920 2026 974 latui
2066 920 2365 989 spetialiter
2398 918 2750 981 destinatam,
2783 934 2888 972 non
2931 933 3089 988 posse
3128 915 3395 972 sullicere.
3425 915 3483 970 ln

216 1017 434 1057 monem
469 1020 681 1073 magum
727 1004 887 1059 Petro
917 1007 1096 1062 intulit
1152 1024 1210 1061 se
1244 1009 1309 1042 “'
1351 1012 1577 1065 socium.
1607 1010 1798 1068 Petrus
1900 1025 2092 1078 magna
2142 1010 2283 1063 enim
2334 1008 2467 1063 urbe
2515 1019 2567 1063 et
2622 1010 2794 1062 tocius
2836 1008 2987 1063 orbis
3032 1008 3309 1079 principe,
3357 1006 3483 1076 quia

215 1109 403 1171 autem
455 1108 509 1151 et
559 1099 669 1168 ipse
709 1099 1339 1169 quibusdamtecclesiis,
1372 1103 1563 1159 deinde
1610 1106 1798 1159 Antio.
1902 1103 2170 1154 maximus
2227 1102 2463 1170 undique
2526 1100 3013 1155 circumﬁucntEum
3070 1100 3310 1171 gentium
3366 1106 3489 1154 erat

213 1204 352 1242 cena
388 1190 455 1220 “'
488 1191 625 1246 bene
680 1190 900 1245 fundata
943 1192 1208 1257 mcclesia,
1256 1195 1497 1265 pluribus
1516 1196 1630 1265 jam
1673 1207 1798 1252 ante
1901 1194 2173 1258 incursus,
2212 1195 2480 1248 maximus
2524 1194 2689 1247 totius
2728 1192 2991 1248 idolatria:
3028 1192 3241 1261 vigebat
3285 1193 3495 1257 cultus,

214 1282 378 1334 anuis
432 1283 657 1336 eandem
701 1284 908 1347 urbem,
950 1285 1114 1340 totius
1157 1286 1305 1341 orbis
1357 1288 1647 1358 primatum
1696 1290 1798 1345 sibi
1900 1294 1955 1337 εἰ
2000 1284 2127 1353 (lilia
2181 1294 2287 1337 lam
2326 1285 2392 1315 ³³⁸
2448 1282 2702 1354 Symonis
2753 1284 2928 1353 magi.
2976 1298 3138 1352 quam
3194 1282 3489 1337 ῐηιιιῑοΐυιη

221 1373 630 1437 defendentem,
659 1391 759 1429 suo
812 1376 1090 1431 salutifero
1127 1378 1490 1433 iliustraverat
1544 1382 1796 1435 adventu.
1901 1376 2343 1446 philosophorum
2393 1385 2448 1431 et
2486 1377 2719 1430 maxime
2771 1375 3063 1430 Judeorum
3110 1374 3283 1441 legem
3321 1373 3488 1442 Moysi

218 1466 465 1532 Quorum
489 1468 579 1534 qui
612 1467 776 1521 fuerit
804 1469 981 1523 exitus
1007 1471 1197 1539 agonis
1228 1472 1314 1534 “',
1346 1472 1478 1527 satis
1516 1483 1599 1527 est
1625 1483 1801 1528 textus
1904 1484 2117 1539 semper
2154 1468 2553 1523 defendentium
2594 1469 2920 1523 obviandum
2961 1466 3061 1522 sibi
3105 1464 3310 1521 sciebat
3341 1478 3491 1517 erro-

216 1574 411 1611 eorum
470 1561 966 1627 triutnpbalissimte
1023 1563 1089 1594 ¹¹⁸
1143 1566 1410 1634 passionis
1460 1565 1631 1635 (26!).
1689 1566 1802 1621 Hoc
1835 1563 2083 1635 nribus,
2118 1563 2340 1617 delectis
2392 1564 2546 1618 bonis
2594 1563 2766 1617 vinea:
2811 1560 3015 1617 Clu-isti
3067 1558 3365 1614 cultoribus
3400 1558 3488 1621 “',

217 1660 437 1705 tantum
460 1650 725 1706 suﬂeceril
756 1653 1119 1709 nescientibus
1146 1672 1494 1720 memorasse,
1528 1673 1624 1727 per
1646 1659 1798 1712 bitn.
1834 1647 1877 1672 "
1908 1653 2056 1707 misit
2110 1654 2201 1723 qui
2254 1653 2474 1708 oﬁitium
2532 1663 2692 1709 tanta:
2746 1653 3033 1721 legationis
3096 1652 3376 1720 explerent
3435 1648 3491 1702 in

223 1745 376 1795 nam
434 1757 558 1795 an'e
589 1746 1110 1799 consummationem
1142 1763 1236 1801 eos
1272 1749 1323 1803 in
1363 1764 1648 1815 commune
1678 1766 1802 1805 cum
1905 1746 2155 1800 omnibus
2182 1758 2235 1801 et
2262 1746 2429 1801 Italiae
2458 1758 2511 1801 ct
2537 1746 2720 1800 Gallim
2750 1746 2966 1800 ﬁnibus.
3008 1745 3088 1798 Ex
3118 1744 3313 1812 quibus
3345 1742 3490 1796 Mar—

221 1834 467 1903 SyIuOItc
506 1850 660 1904 mago
689 1836 1082 1893 conﬂictavisse
1113 1849 1337 1909 postque
1359 1840 1720 1897 detectioncm
1752 1853 1806 1897 et
1905 1853 2029 1892 cum
2061 1838 2298 1891 secundo
2340 1838 2686 1907 ingrcSSioniS
2713 1853 2823 1892 sua!
2851 1852 3013 1900 3mm.
3047 1851 3168 1889 cum
3212 1832 3525 1908 ενίιηεθιῖον,

218 1926 580 1991 ὼρεριὶοιιριιι
614 1929 775 1998 magi,
826 1928 892 1983 ab
940 1930 1175 2001 Agrippa
1220 1942 1275 1985 et
1306 1933 1516 1989 Nerone
1574 1936 1803 1989 alterum
1909 1946 1937 1983 a
1979 1946 2035 1985 se
2074 1930 2287 1998 quidem
2320 1930 2542 1994 dictato,
2569 1930 2637 1985 ab
2664 1928 2854 1983 eodem
2897 1942 3025 1981 vero
3061 1926 3391 1995 conscripto,
3424 1923 3491 1977 ad

219 2021 407 2075 crucis
455 2020 777 2087 c0tzlixiune,
839 2023 1067 2078 alterum
1119 2025 1297 2094 gladio
1337 2028 1427 2091 “9,
1481 2029 1598 2082 neci
1648 2028 1806 2082 simul
1906 2022 2210 2092 Aquileiam
2240 2032 2293 2078 et
2328 2023 2461 2076 alias
2497 2018 2842 2091 quamplurcs
2876 2018 3044 2073 Italia:
3079 2022 3269 2081 urbes,
3308 2015 3495 2069 novis-

220 2110 478 2163 addietos
532 2110 735 2177 fuisse;
793 2124 848 2167 et
880 2114 1092 2169 Pelrnm
1119 2117 1184 2147 “°
1215 2117 1428 2185 quidem
1468 2119 1519 2172 in
1555 2122 1806 2188 prasenti
1910 2115 2045 2169 sime
2098 2123 2277 2168 autem
2327 2114 2395 2167 ad
2440 2113 2825 2167 Alexandriam
2874 2119 2929 2164 et
2964 2109 3230 2180 Egyptum
3271 2105 3490 2159 direxit.

220 2213 457 2256 mortem
490 2203 553 2233 ¹’¹
605 2206 961 2271 occubuisse;
998 2208 1146 2262 Pauli
1197 2225 1325 2263 vero
1357 2211 1660 2279 lropheum,
1712 2228 1807 2267 oc-
1909 2207 2044 2261 Aliis
2081 2207 2375 2260 Galliarum
2430 2206 2673 2276 partibus
2726 2202 3112 2273 pragdicatores
3162 2202 3386 2255 idoneos
3438 2207 3496 2253 et

218 2305 423 2365 c"pato
460 2296 510 2349 in
541 2296 658 2349 aliis
688 2297 918 2362 Nerone,
971 2315 999 2353 a
1052 2301 1314 2357 militibus
1342 2306 1542 2372 quibus
1584 2306 1812 2361 traditus

219 2387 436 2451 fuerat,
463 2405 703 2458 quosque
733 2392 989 2446 continuo
1037 2394 1104 2424 ¹³¹
1134 2406 1497 2461 converterat,
1527 2398 1578 2450 in
1611 2413 1808 2451 annum

220 2482 472 2549 quidem,
518 2483 612 2535 sed
673 2484 724 2537 in
760 2485 985 2538 eandem
1022 2486 1163 2540 diem
1205 2488 1425 2541 dilatum
1468 2504 1609 2552 esse,
1666 2488 1811 2558 quod

222 2572 347 2641 ipse
388 2572 600 2625 videtur
650 2574 702 2627 in
755 2575 979 2644 epistola
1024 2592 1052 2629 a
1101 2576 1271 2630 Roma
1328 2579 1396 2631 ad
1453 2579 1809 2632 Timotheum

222 2667 433 2735 scripta
460 2667 784 2736 signiﬁcare.
818 2666 882 2721 Et
909 2669 1153 2733 audiant,
1180 2671 1374 2740 inquit,
1410 2688 1589 2725 omnes
1615 2682 1811 2741 gentes,

220 2758 357 2828 quia
389 2758 639 2813 liberatus
694 2777 806 2813 sum
852 2762 917 2815 de
964 2778 1053 2816 ore
1097 2762 1259 2816 leonis
1308 2763 1389 2832 (Il
1433 2763 1566 2817 Tim.
1598 2779 1669 2827 tv,
1702 2764 1811 2833 i7),

223 2849 505 2903 Neronem
564 2852 901 2920 signiﬁcans.
955 2852 1109 2919 Quod
1160 2864 1213 2908 et
1257 2856 1391 2909 satis
1422 2864 1688 2909 testantur
1737 2856 1817 2908 di-

1913 2309 2077 2355 tcstes
2124 2302 2324 2355 Christi
2371 2300 2637 2354 veridicos
2673 2298 2843 2361 misit,
2874 2312 3009 2365 quos
3056 2295 3162 2357 hie,
3196 2293 3321 2362 quia
3356 2291 3495 2345 alias

1914 2392 2171 2446 festinare
2224 2392 2533 2455 contendit,
2593 2388 2901 2458 singillatim
2964 2388 3245 2440 nominare
3307 2396 3497 2437 nOStra

1916 2483 2142 2536 intentio
2190 2495 2528 2550 nequaquam
2577 2478 2815 2531 admittit
2853 2474 2998 2544 (Cir.
3040 2475 3227 2529 lium.
3269 2488 3337 2534 tl,
3384 2470 3496 2539 16).

1914 2575 1994 2628 Ad
2027 2573 2093 2605 ¹²⁸
2124 2572 2351 2628 Galliam
2400 2570 2599 2639 itaque,
2633 2585 2751 2639 qua:
2795 2574 3005 2621 comata
3038 2565 3257 2628 dicitur,
3299 2562 3502 2616 Medio—-

1916 2666 2203 2719 matricum
2236 2664 2351 2716 urbi
2385 2664 2599 2715 beatum
2626 2661 2955 2714 Clementem
2982 2658 3254 2712 direxerat
3288 2654 3499 2723 episco-

1916 2774 2066 2827 pum,
2096 2774 2200 2812 non
2240 2771 2363 2809 eum
2406 2766 2586 2809 autem
2623 2753 2711 2821 qui
2741 2760 2968 2820 quartus
2997 2751 3065 2804 ab
3097 2750 3213 2818 ipso
3242 2748 3500 2802 Romamn

1918 2854 2063 2907 sedis
2095 2849 2492 2906 administravit
2522 2846 2911 2917 pontiﬁcatum,
2941 2843 3141 2912 quique
3167 2853 3349 2911 postea
3378 2855 3500 2892 cum

224 2956 410 2995 versu:
440 2941 728 2997 multorum
784 2953 892 2997 tam
923 2943 1237 3000 Graacerum
1278 2962 1441 3016 quant
1472 2946 1813 3001 orientalium
1844 2962 1888 3021 (ς
1921 2947 2042 3000 aliis
2105 2944 2286 2999 multis
2348 2941 2592 2995 veritatis
2643 2937 3007 2992 assertoribus
3048 2936 3112 2970 ἰθ
3160 2934 3226 2988 ad
3276 2931 3504 2987 Galliam

226 3033 619 3100 epistoporum
659 3034 905 3103 epistola:
946 3035 1012 3089 ad
1049 3037 1293 3091 diversos
1315 3032 1552 3107 scriptae,
1594 3037 1733 3091 sicut
1765 3037 1816 3089 in

226 3122 485 3177 hisllll'lls
516 3126 912 3180 (ecclesiasticis
950 3127 1178 3197 quilibet
1206 3137 1386 3198 potest
1417 3129 1682 3183 invenire.
1712 3125 1819 3182 Sed

222 3224 286 3268 et
339 3214 544 3269 Arator
577 3216 832 3272 Romanae
870 3219 1233 3275 subdiaconus
1283 3222 1543 3276 :ecclesia:
1581 3222 1634 3275 iu
1682 3221 1820 3275 libro

225 3307 603 3376 apostolorum
633 3319 849 3363 actuum
878 3310 946 3363 ita
972 3310 1255 3364 conﬁrmat
1279 3328 1294 3364 :

304 3398 363 3457 Ν
368 3418 437 3455 οη
465 3402 642 3455 eadem
664 3411 836 3457 tamen
865 3419 968 3456 una
990 3404 1100 3457 dies
1122 3404 1345 3473 annique
1368 3404 1542 3458 voluto

306 3491 561 3562 Tempore
585 3497 809 3548 sacravit
844 3496 1111 3562 repetitam
1138 3497 1312 3564 passio
1343 3496 1507 3549 lucem
1536 3493 1706 3566 (262).

225 3583 297 3638 Et
340 3583 717 3639 nobilissimus
749 3583 1145 3654 Hispaniarum
1189 3585 1507 3640 scolasticus
1548 3585 1726 3655 prodit
1759 3587 1826 3619 ⁸³⁸

225 3673 566 3732 Prudentius
592 3694 604 3731 :

306 3766 462 3822 Unus
484 3777 760 3838 utrumque
781 3768 890 3823 dies
909 3769 1061 3839 pleno
1086 3778 1258 3825 tamen
1280 3772 1555 3826 innovatus
1580 3787 1716 3825 anno

434 3857 569 3913 Vidit
598 3859 821 3929 superba
854 3870 1019 3914 morte
1045 3858 1340 3916 laureatum
1372 3860 1541 3934 (265).

230 3949 351 4028 Sed
392 3957 455 4002 ut
491 3948 557 4004 ad
599 3948 745 4019 quod
782 3950 1021 4004 animum
1055 3960 1114 4004 ut.
1140 3950 1208 3982 m
1248 3951 1500 4006 duximus
1536 3951 1828 4007 articulum

233 4043 611 4109 inﬂectamus,
659 4042 932 4113 paululum
978 4044 1341 4114 przetermissa
1396 4046 1462 4101 ad
1510 4046 1828 4103 memoriam

234 4150 581 4194 revocemus.

528 4224 580 4280 ι.
625 4224 847 4291 Quando
877 4223 1064 4279 Petrus
1092 4224 1308 4280 Romam
1336 4228 1546 4281 venerit.

1923 3038 2240 3093 bracbatam
2274 3035 2609 3089 Parisiorum
2641 3030 2874 3085 Lutccize
2915 3027 3032 3082 urbi
3074 3034 3320 3081 sanctqu
3361 3021 3513 3077 misit

1921 3128 2241 3184 Dionisium.

1957 3242 2008 3296 5.
2056 3246 2207 3305 Quoa
2255 3236 2613 3303 Euclmrium,
2659 3237 2921 3306 Valerium
2964 3245 3119 3306 atque
3168 3233 3471 3289 Maternum

2457 3305 2716 3364 Treveriiﬂ
2755 3309 2974 3361 miserit.

1994 3404 2109 3461 Sub
2144 3407 2261 3476 ipso
2297 3404 2442 3460 enim
2477 3414 2719 3471 tempore
2757 3402 2950 3455 beatus
2980 3399 3174 3454 Petrus
3203 3398 3272 3452 ad
3306 3404 3517 3450 metro-

1924 3498 2088 3568 polim
2120 3498 2469 3552 Trebirorum
2497 3494 2564 3524 ¹⁸⁰
2594 3492 2805 3546 scilicet
2825 3492 3101 3546 civitatem
3130 3498 3314 3544 ternos
3341 3486 3512 3541 desti-

1927 3597 2153 3643 naverat
2197 3585 2483 3640 Trinitatis
2533 3583 2707 3637 unicae
2745 3580 3154 3650 astipulatores,
3203 3578 3256 3632 in
3306 3576 3519 3631 unitate

1927 3679 2075 3743 ﬁdei,
2107 3676 2272 3733 corde
2318 3684 2373 3729 ot
2419 3674 2601 3729 animo
2629 3672 2831 3742 pariter
2864 3680 2919 3726 et
2952 3670 3153 3724 virtute
3194 3664 3525 3729 concordes,

1928 3771 2255 3827 Eucharinm
2280 3768 2547 3830 videlicet,
2570 3766 2839 3821 Valerium
2864 3772 3024 3833 atque
3042 3761 3339 3816 Maternum
3365 3756 3515 3827 (265)

1931 3860 2079 3932 (Vita
2105 3860 2296 3928 Euch.,
2336 3858 2483 3923 Val.,
2508 3855 2662 3919 Μαι..
2690 3855 2769 3925 2).
2812 3855 2903 3927 [Et
2943 3852 3271 3908 Eucharium
3298 3849 3516 3919 quidem

1930 3955 2299 4026 pontiﬁcatus,
2328 3952 2600 4007 Valerium
2648 3964 2775 4004 vero
2821 3949 3168 4009 diaconatus,
3215 3942 3518 3997 Maternum

1933 4057 2113 4101 autem
2154 4046 2576 4100 subdiaconatus
2624 4040 2844 4097 donavit
2885 4036 3135 4108 bonore,]
3169 4044 3226 4090 et
3268 4035 3393 4089 data
3437 4032 3523 4088 eis

1933 4136 2225 4205 apostolica
2258 4135 2628 4191 benedictione
2659 4150 2672 4187 :
2720 4130 2916 4185 Videtis
2949 4131 3038 4196 η’,
3082 4128 3283 4197 inquit,
3325 4127 3518 4195 fratres

1935 4236 1981 4281 et
2010 4226 2407 4290 commilitones,
2440 4234 2635 4296 quanta
2664 4232 2735 4276 est
2767 4221 2946 4274 messis
2974 4220 3250 4272 dominij
3275 4215 3519 4278 sationis,

313 4321 507 4375 Annus
550 4325 670 4373 erat
710 4316 918 4374 Claudii
966 4316 1171 4373 cesaris
1200 4317 1490 4385 secundus,
1522 4317 1613 4387 qui
1649 4326 1769 4371 erat
1800 4334 1828 4371 a
1860 4312 1909 4371 D
1935 4336 2192 4391 quumque
2222 4319 2400 4374 multis
2434 4320 2663 4388 indigeat
2690 4314 2964 4385 operariis.
2997 4311 3137 4378 Quia
3164 4311 3326 4381 igitur
3354 4311 3524 4363 enmi-

1525 4451 1606 4505 VA
1618 4451 1755 4506 Rl/E
1830 4453 2231 4510 LECTIONES.

328 4584 395 4615 ¹¹⁸
446 4600 501 4640 se
532 4588 627 4643 int.
674 4589 729 4642 5.
806 4590 875 4622 ⁸⁸⁸
907 4586 1243 4643 Autiochcna
1289 4586 1341 4640 2.
1424 4588 1489 4619 “7
1540 4587 1679 4640 deest
1733 4583 1829 4638 Ch.

249 4729 548 4782 continnuo
582 4747 717 4783 corr.
763 4732 1019 4785 continuo
1039 4728 1093 4781 2.

253 4794 327 4827 ‘3'
350 4795 484 4848 deest
516 4798 562 4851 1.

250 4864 328 4896 ⁸³⁸
359 4864 695 4924 Trevirorum
722 4870 772 4926 5.

1174 4728 1239 4758 ηε
1265 4729 1333 4799 pd
1362 4730 1409 4781 ι.
1440 4729 1579 4781 deest
1605 4728 1657 4781 2.
1687 4728 1739 4779 δ.

850 4870 916 4903 1³³
951 4870 1138 4924 videns
1159 4868 1211 4921 5.
1238 4886 1375 4923 corr.
1406 4868 1595 4925 videtis
1620 4871 1672 4922 2.

244 5034 245 5037 Ἴ
335 5067 477 5142 (26!)
514 5070 618 5125 Cir.
651 5072 905 5142 prmiatio.

244 5164 247 5165 ν
339 5126 480 5207 (262)
540 5126 667 5195 simi
707 5126 1101 5210 ultimiiversus
1132 5126 1371 5196 historiae
1399 5144 1703 5210 apostolicae
1730 5143 1812 5196 Bi-

245 5210 453 5252 h’inlh-
486 5227 598 5252 mn!
656 5212 938 5252 pall-tnle
994 5208 1113 5252 li“-

1912 4591 1981 4623 ¹¹⁸
2020 4589 2425 4661 gloriosissima:
2460 4591 2558 4644 Ch.

247 4653 326 4684 “’
355 4653 487 4735 Qua:
532 4671 817 4728 sequuniur
866 4659 1020 4714 rerba
1078 4673 1237 4727 usque
1283 4656 1388 4711 Sed
1428 4669 1486 4711 ut
1517 4659 1581 4711 ad
1612 4656 1754 4726 quod
1786 4666 1891 4711 etc.
1948 4653 2125 4717 oni'm’a
2167 4661 2538 4715 desiderantur
2568 4657 2706 4726 apud
2758 4653 2856 4709 Ch.

249 4734 548 4761 rnnl'nnnn
584 4747 699 4761 ..η-.-
763 4728 1073 4761 ηηηος....ηο
1174 4728 1239 4758 tu
1265 4729 1333 4761 ml
1362 4730 1379 4761 ι
1441 4729 1579 4761 at...”
1605 4728 1637 4761 0
1687 4728 1720 4761 7.
1843 4729 1912 4761 η’.
1943 4749 2146 4761 -__-.....
2176 4732 2209 4761 ta
2339 4732 2405 4761 iss
2458 4724 2856 4761 ...ιιιι-ητιιινρνή

641 4800 707 4831 ’θ’
735 4818 866 4853 corr.
895 4800 1136 4867 deiectos
1162 4796 1641 4869 lgiones—cultores
1669 4799 1723 4851 2.
1751 4796 1985 4869 ddecus
2009 4811 2061 4866 ὓ·
2090 4821 2138 4860 θ·
2165 4802 2217 4856 δ’

1782 4956 2044 5035 ΝΟΤΑΈ,

2638 4588 2702 4620 ¹¹⁹
2734 4585 2930 4639 canitis
2976 4572 3395 4639 detruncationc
3428 4563 3528 4639 Ch.

2804 4599 2930 4654 plllS
2976 4599 3395 4634 (ιειῐιιιιεςηιυηι.
3429 4599 3528 4616 υ...

2804 4654 2856 4700 lt-
2938 4652 3005 4685 ⁸³⁸
3042 4656 3213 4700 morte
3247 4641 3305 4693 2.
3331 4635 3388 4688 ὅ.
3467 4631 3542 4665 ³η

2339 4703 2874 4784 ίίίηὶιῖιηὶιῗιειιίνθτιῖι
2919 4739 2946 4777 e
2983 4731 3128 4773 carr.
3164 4722 3218 4765 ut
3249 4705 3457 4784 ridetur

1940 4749 2148 4790 erasum
2176 4732 2234 4784 2.
2339 4732 2405 4762 ¹¹⁵
2457 4732 2874 4784 adnimadverttt
2919 4739 2946 4777 e
2983 4732 3128 4791 corr.
3164 4732 3458 4791 irrideatur
3485 4732 3514 4791 ε

2961 4789 3030 4822 ην
3060 4773 3465 4837 assertionibus
3489 4773 3543 4823 '5.

2298 4803 2365 4834 “"
2392 4804 2461 4857 At
2481 4814 2613 4855 corr.
2642 4796 2721 4851 Ad
2748 4795 2798 4849 i.
2825 4793 2883 4845 2.

2043 5086 2107 5145 Et
2144 5073 2376 5145 Clemens
2410 5043 3397 5145 Mediomatricitnzssi-mima
3444 5080 3447 5083 μ

2043 5117 2520 5216 aestatim
2760 5124 2965 5216 arere
2987 5117 3291 5216 sese

2043 5185 2510 5252 Εῗζῖἱέειζὶὶξῖὲῖέιῖ
2537 5185 2811 5252 mittuntur
2833 5193 2986 5244 corde
3007 5185 3191 5252 ﬁdeli.
