4094 5252
281 119 421 178 1013

1400 106 1725 170 llElllC-ERI
1763 101 1987 165 CESTA
2025 107 2232 166 EPlSC.
2272 106 2472 165 LEOD.

3408 100 3543 155 ιω

277 236 556 295 ιωοδιιιιι
592 232 944 290 Aulercorum
982 245 1292 304 populosam
1335 230 1605 286 civitatem
1643 226 1856 281 Tullum
1888 225 1935 283 Α
1962 246 2012 302 8.
2058 245 2296 313 Quum"
2333 255 2545 299 “nam
2592 242 2887 297 Emhan-m
2929 240 3176 310 mpm",
3221 238 3543 292 mimum"

279 327 713 389 nominaverant.
752 354 821 365 ——
850 323 1141 378 Metensem
1174 323 1389 390 inquam
1419 320 1607 373 urbem
1640 317 1856 387 quidam

277 420 442 477 divini
488 417 702 486 juharis
752 417 866 486 jam
932 416 1288 469 irradiaverat
1349 411 1618 483 spiculus,
1667 411 1860 464 beatus

274 511 525 567 videlicet
564 509 815 564 Clemens
869 524 898 561 a
951 508 1108 562 beato
1160 506 1324 561 Petro
1365 506 1541 561 eidem
1584 503 1702 556 urbi
1747 500 1858 569 jam

276 613 402 658 ante
450 603 782 672 prxmissus.
820 600 919 667 Qui
965 601 1093 653 dum
1139 599 1313 667 primo
1350 597 1475 651 illuc
1514 597 1860 649 adventasset

274 704 334 749 et
371 694 467 747 sub
516 691 811 746 theatrales
860 705 1074 753 arenas,
1111 690 1234 757 quia
1272 686 1413 743 aliud
1451 702 1555 740 non
1597 684 1861 738 habuerat

275 784 577 854 hospiciqu
636 782 968 851 aet-cpisset,
1021 780 1319 834 aacclesiam
1373 778 1472 832 sub
1520 776 1659 831 beati
1715 774 1859 829 Petri

274 879 499 932 nomine
524 878 615 940 "ﬁ
644 875 924 944 parvulam
968 874 1039 928 ibi
1091 870 1383 931 dedicavit,
1429 870 1482 923 in
1523 885 1626 939 qua
1667 868 1861 922 multos

274 968 512 1022 scenich
565 966 803 1021 maxime
855 965 997 1020 ludis
1046 975 1100 1019 et
1145 963 1494 1033 lupanaribus
1547 960 1755 1014 deditos
1795 958 1859 1012 ad

274 1060 555 1114 Christum
588 1058 855 1112 convertit
879 1057 1047 1127 (969).

274 1150 334 1205 7.
363 1152 431 1183 ¹⁸⁸
455 1151 608 1217 Quod
634 1152 711 1205 illi
742 1161 844 1203 tres
879 1150 972 1202 viri
1006 1148 1171 1201 tribus
1224 1145 1517 1199 rivitntibus
1547 1141 1861 1213 prtcdicare-

727 1221 851 1286 rint,
880 1231 925 1274 et
952 1220 1016 1272 de
1042 1218 1230 1286 insigni
1259 1217 1420 1285 fonte.

352 1315 617 1383 Quoniam
669 1310 835 1381 igitur
869 1317 930 1364 ut
974 1309 1178 1363 dictum
1217 1316 1301 1360 est
1345 1304 1562 1375 quidam
1595 1304 1705 1358 veri
1733 1304 1861 1358 solis

272 1424 396 1465 eam
434 1422 554 1478 qua:
590 1403 920 1457 Treberibus
960 1399 1137 1455 vicina
1186 1408 1267 1452 est
1314 1396 1426 1467 jam
1481 1403 1862 1465 penetraverat

276 1501 487 1563 radius,
515 1514 576 1553 ea
606 1497 847 1564 neglecta
868 1495 980 1566 jam
1005 1493 1133 1547 dicti
1158 1490 1225 1523 “°
1249 1500 1361 1544 tres
1388 1488 1487 1542 viri
1512 1487 1856 1541 Trevirorum

2255 317 2577 369 orationibus
2610 314 2847 383 ligarerit
2874 309 3245 365 et’absolverit.

2033 406 2299 480 [Cumque
2326 405 2393 437 ηδ
2429 416 2647 459 sanctus
2681 403 2978 458 Eueharius
3017 415 3112 469 per
3155 396 3393 469 singulos
3431 396 3548 451 dies

1960 498 2214 570 populum
2260 497 2573 552 admoneret
2607 502 2661 549 ut
2699 493 2837 548 idola
2882 506 3015 544 vana
3054 488 3231 543 colere
3266 495 3548 541 cessarent

1962 600 2013 645 et
2045 590 2110 643 ad
2139 588 2306 643 Deum
2338 603 2526 642 verum
2564 594 2866 641 creatorem
2894 581 3021 638 coeli
3052 596 3113 634 ac
3145 588 3301 633 terra:
3330 593 3388 632 se
3418 591 3547 630 eon-
3628 626 3633 635 ,

1962 687 2253 743 verterent,
2285 678 2466 747 illique
2507 674 2652 729 nullo
2687 674 2845 728 modo
2878 670 3055 725 verbis
3086 666 3201 735 ejus
3238 665 3542 735 adquievis-
3612 664 3631 711 .'

1963 779 2102 833 sent,
2132 768 2363 837 quodam
2409 766 2495 821 die
2537 779 2660 819 cum
2690 761 2852 817 sociis
2896 760 3082 813 urbem
3126 758 3397 827 ingressus
3440 761 3563 819 est,

1960 862 2190 918 eundem
2223 872 2529 913 sermonem
2557 856 2623 909 ad
2651 852 2905 924 populum
2944 850 3227 904 habiturus
3263 846 3416 918 (Vita
3448 845 3542 910 E.,

1975 954 2057 1019 V.,
2098 952 2173 1007 Μ.
2205 952 2280 1022 6).
2326 949 2667 1018 Quapropter
2701 944 2767 976 ‘“
2810 942 3090 1014 pontiﬁces
3140 938 3379 1009 capitolii
3430 938 3546 992 zelo

1962 1055 2150 1100 contra
2182 1058 2273 1097 eos
2304 1040 2539 1102 accensi,
2571 1037 2865 1091 maximam
2897 1041 3105 1103 partem
3139 1030 3318 1102 populi
3354 1029 3547 1084 adver-

1962 1153 2054 1193 sus
2080 1150 2173 1191 eos
2200 1134 2628 1192 concitaverunt,
2658 1136 2709 1183 ct
2748 1126 3075 1197 expellentes
3108 1138 3201 1178 eos
3229 1131 3382 1178 extra
3418 1122 3548 1176 civi-

1962 1230 2183 1283 vitatem
2226 1223 2498 1293 lapidibus
2552 1222 2781 1275 obruere
2823 1218 3128 1271 voluerunt.
3170 1216 3320 1283 Quod
3360 1215 3549 1269 videns

1966 1322 2153 1375 beatus
2182 1316 2481 1373 Eucharius
2521 1312 2671 1385 (Vita
2720 1310 2810 1376 E.,
2853 1310 2936 1376 l’.,
2962 1309 3039 1364 Μ.
3084 1324 3133 1362 c.
3170 1308 3247 1378 7),
3287 1308 3352 1360 ad
3400 1322 3550 1361 arma

1963 1409 2227 1467 orationis
2260 1423 2317 1461 se
2345 1421 2467 1459 cum
2508 1404 2619 1457 suis
2662 1401 2948 1463 convertit,
2981 1399 3274 1453 obsecrans
3305 1397 3569 1451 videlicet.

1962 1519 2085 1559 eum
2138 1498 2377 1555 lacrimis
2422 1494 2806 1565 omnipotentis
2854 1492 2944 1546 Dei
2996 1490 3362 1554 clementiam,
3402 1497 3459 1542 ut
3499 1500 3556 1542 et

270 1592 556 1646 civitatem
602 1588 853 1659 ingressi,
892 1595 948 1640 ut
984 1584 1180 1654 ubique
1220 1582 1458 1637 Trinitas
1499 1596 1617 1651 qua:
1668 1579 1735 1633 ab
1781 1582 1861 1633 eis

1972 1594 2069 1648 illis
2100 1592 2164 1622 “'
2192 1599 2378 1645 contra
2411 1586 2717 1642 incredulos
2743 1584 2889 1653 pium
2916 1583 3179 1652 prceheret
3207 1580 3469 1634 auxilium
3500 1588 3557 1631 et

276 1682 699 1757 praedicabatur,
728 1681 826 1735 sub
861 1679 1019 1733 unius
1050 1678 1160 1732 veri
1190 1677 1283 1731 Dei
1318 1675 1462 1729 cultu
1502 1675 1861 1728 innotesceret

273 1792 429 1841 vere,
455 1775 558 1829 sub
586 1775 744 1828 unius
776 1773 1013 1842 ipsorum
1047 1771 1209 1824 trium
1242 1766 1555 1838 pontiﬁcatu
1586 1767 1720 1821 alias
1760 1765 1860 1819 sibi

280 1871 425 1924 duas
472 1868 754 1936 contiguas
795 1866 1040 1919 civitates
1087 1860 1372 1925 addidere,
1416 1858 1762 1929 Agrippinam
1798 1857 1860 1887 ¹⁸⁷

274 1968 649 2030 cognomento
699 1957 977 2012 Coloniam
1032 1964 1084 2009 et
1128 1953 1396 2023 Tungros.
1446 1948 1612 2018 Cujus
1662 1948 1864 2003 Plinius

282 2050 595 2116 Secundus,
627 2049 716 2119 qui
749 2046 1080 2119 temporibus
1110 2043 1327 2112 Traiani
1360 2040 1570 2112 augusti
1602 2039 1862 2110 quadrino

276 2146 465 2216 gentis
493 2152 640 2199 eteo
679 2142 908 2211 amplius
944 2149 1069 2195 ante
1105 2138 1221 2209 ejus
1263 2136 1669 2191 subversionem
1711 2131 1866 2186 annis

272 2240 501 2303 claruit,
531 2238 584 2292 in
619 2236 849 2291 naturali
882 2234 1125 2294 historia,
1160 2232 1297 2285 libro
1325 2230 1528 2283 scilicet
1558 2229 1624 2281 de
1655 2226 1867 2280 naturis

272 2346 571 2399 aquarum,
629 2328 955 2381 mentionem
1005 2324 1133 2378 facit
1183 2324 1235 2378 in
1283 2322 1398 2376 haec
1447 2319 1609 2373 verba
1657 2336 1668 2370 :
1720 2315 1867 2371 Tuu-

270 2422 390 2491 gris
445 2418 615 2487 (270)
666 2419 846 2471 civitas
907 2414 1098 2469 Gallia:
1144 2413 1337 2481 fontem
1388 2409 1866 2478 habet-insignem,

272 2511 523 2580 pluribus
566 2508 719 2563 bullis
766 2506 1077 2571 stillantem,
1120 2504 1405 2576 ferruginei
1448 2501 1679 2569 saporis,
1731 2498 1869 2568 quod

272 2608 458 2675 ipsum
497 2620 597 2656 non
633 2602 734 2655 nisi
770 2601 822 2654 in
866 2600 970 2668 ﬁne
1011 2609 1161 2668 potus
1197 2594 1526 2665 intelligitur.
1560 2589 1758 2660 Purgat
1788 2592 1871 2643 hic

273 2712 542 2765 corpora,
603 2693 853 2748 tertianas
904 2692 1069 2761 febres
1124 2690 1367 2753 discutit,
1420 2685 1745 2741 calculorum
1796 2686 1872 2737 ris

278 2789 362 2841 tia
399 2787 543 2857 (27l)
583 2787 764 2847 adest;
814 2800 951 2853 aqua
993 2784 1100 2853 igni
1146 2782 1357 2835 admota
1400 2777 1611 2831 turbida
1663 2786 1768 2840 est,
1810 2792 1871 2828 ac

1965 1683 2167 1739 insanis
2192 1680 2486 1737 inﬁdelium
2515 1679 2685 1732 turbis
2706 1676 2770 1729 ad
2794 1673 3222 1744 cognoscendam
3254 1670 3375 1725 ﬁdei
3412 1672 3554 1723 veri—

1968 1786 2129 1830 tatem
2177 1771 2473 1841 eapahilem
2515 1768 2749 1838 aperiret
2782 1780 3019 1819 sensum.
3057 1763 3201 1817 Inter
3233 1764 3345 1816 hzec
3377 1762 3557 1815 omnis

1968 1866 2052 1920 illa
2094 1862 2416 1919 sevientium
2465 1859 2616 1913 turba
2653 1857 2848 1911 mirum
2889 1855 2939 1907 in
2984 1853 3200 1906 modum
3232 1850 3305 1905 ita
3344 1848 3559 1905 cmlitus

1965 1958 2202 2028 obligata
2253 1964 2357 2017 est,
2389 1962 2449 2007 ut
2477 1952 2545 1982 ’τ’
2583 1949 2672 2003 alii
2721 1964 2785 2003 ex
2833 1948 2913 2001 eis
2942 1947 3008 1977 “7
3063 1945 3339 1998 ineassmu
3380 1942 3569 2011 jactui.

1970 2050 2286 2108 innitentes,
2319 2043 2555 2099 brachiis
2598 2039 2831 2096 extentis
2859 2037 2927 2068 ¹⁶⁸
2961 2034 3278 2090 inflexibiles
3320 2039 3552 2092 starent,

1968 2142 2059 2199 alii
2098 2138 2481 2196 nichilominus
2508 2149 2605 2205 pro
2635 2129 2952 2201 colligendis
2996 2126 3265 2196 lapidibus
3302 2123 3559 2177 deorsum

1970 2230 2243 2289 inclinati,
2296 2236 2455 2281 terra:
2496 2222 2681 2293 pronis
2715 2219 3019 2275 cervicibus
3050 2216 3382 2278 inhererent,
3413 2222 3467 2266 et
3491 2212 3581 2246 “"

1970 2336 2157 2379 omnes
2193 2316 2491 2373 secundum
2524 2309 2950 2377 uniuscujusque
2983 2307 3049 2337 "°
3081 2316 3284 2359 motum
3316 2300 3562 2373 corporis

1971 2412 2280 2471 immobiles
2328 2416 2383 2463 ct
2437 2404 2695 2461 obstinati
2745 2403 3121 2471 perdurarent.
3170 2398 3413 2466 Dumque
3461 2398 3562 2449 hoc

1972 2508 2084 2563 fere
2112 2520 2209 2577 per
2234 2504 2393 2557 unius
2418 2501 2565 2554 horte
2595 2497 2827 2566 spatium
2862 2503 3136 2561 ageretur,
3170 2502 3226 2547 et
3257 2492 3443 2546 cuncti
3468 2505 3564 2561 per

1972 2600 2152 2655 varios
2179 2596 2365 2652 modos
2390 2593 2618 2647 nexibus
2649 2590 2865 2658 superni
2899 2588 3135 2642 numinis
3166 2586 3373 2641 astricti
3408 2595 3557 2641 tene-

1975 2700 2187 2753 rentur,
2224 2691 2508 2757 eu‘perunt
2539 2695 2727 2736 attines
2756 2680 2866 2750 jam
2915 2680 3082 2733 nitnio
3124 2678 3307 2732 dolore
3349 2676 3561 2747 fatigati
3592 2692 3599 2729 ζ

1975 2780 2367 2837 absolutionem
2401 2787 2621 2831 suorum
2652 2770 3019 2825 membrorum
3051 2769 3326 2823 humiliter
3357 2776 3565 2837 petere,

272 2890 547 2951 postremo
599 2878 841 2931 rubescit.
896 2875 961 2929 Et
1009 2874 1273 2928 octaviam
1325 2886 1443 2925 eam
1493 2869 1562 2923 ob
1614 2870 1868 2923 honorem

1977 2889 2139 2944 seque
2188 2871 2496 2927 credituros
2542 2866 2587 2922 si
2639 2862 3051 2923 absolverentur
3106 2860 3361 2915 clamare.
3415 2858 3579 2919 Tune;

2234 2963 2272 2971 -
2346 2963 2359 2971 .
2450 2962 2461 2971 .
2577 2962 2588 2971 .
2914 2957 2944 2971 ,.
3169 2954 3225 2971 _.

274 2969 570 3023 Octav'ani
610 2969 677 2999 ¹⁸⁸
708 2968 931 3038 Augusti
973 2965 1053 3021 vel
1087 2964 1276 3018 matris
1320 2961 1454 3029 ejus,
1496 2959 1700 3014 sororis
1743 2958 1869 3013 Julii

275 3063 547 3123 (insutis,
595 3060 684 3129 qui
726 3063 931 3130 primus
967 3060 1194 3113 Galliam
1239 3056 1481 3109 [latitatio
1516 3052 1729 3123 subegit
1774 3052 1876 3104 im-

278 3152 448 3221 perio
474 3160 523 3202 et
550 3150 916 3214 Germaniam,
948 3150 1127 3205 ferum
1157 3148 1304 3216 (972)
1336 3146 1500 3201 fuisse
1530 3146 1598 3177 ¹⁵⁹
1626 3144 1873 3198 nomina-

282 3241 489 3295 tam.ln
506 3242 697 3310 quibus
719 3241 1031 3295 civitatibus
1046 3250 1102 3293 ut
1119 3240 1184 3271 ¹⁶⁰
1199 3238 1323 3293 Ιιοιιὶ
1344 3237 1660 3292 νρηιξιίιιριυ
1674 3235 1872 3291 Christi

280 3333 547 3403 agricola:
572 3333 636 3363 “°
665 3332 775 3401 jam
803 3334 928 3388 dicti
959 3343 1067 3387 tres
1094 3332 1190 3386 viri
1222 3331 1423 3385 semina
1454 3329 1599 3383 verbi
1634 3337 1876 3383 serentes

282 3423 486 3484 divini,
520 3423 811 3478 comitante
843 3424 908 3456 ¹⁶⁹
948 3423 1049 3478 sibi
1095 3423 1336 3477 onmium
1383 3421 1553 3492 gratia
1595 3420 1873 3483 virtutum,

283 3531 394 3584 per
430 3534 549 3574 eum
587 3531 746 3585 quem
794 3528 1003 3583 semper
1039 3528 1223 3567 secum
1267 3512 1411 3567 beati
1443 3510 1585 3565 Petri
1631 3510 1881 3563 ferebant

284 3609 552 3665 bacillum
578 3608 667 3672 "°,
697 3606 891 3661 multos
917 3605 982 3658 ad
1018 3604 1107 3658 Dei
1144 3604 1252 3657 vivi
1286 3603 1488 3656 cultum
1523 3601 1877 3663 revocabant,

285 3703 513 3771 abiecta
563 3700 828 3754 idolorum
875 3698 1110 3753 cultura.
1146 3694 1489 3749 Flectebatur
1529 3691 1633 3744 leni
1677 3690 1879 3746 Christi

278 3798 427 3866 iugo
472 3793 723 3849 ferocitas
772 3792 1066 3855 Callorum,
1119 3787 1449 3843 curvabatur
1491 3784 1716 3852 imperio
1759 3780 1881 3835 ﬁdei

286 3886 653 3941 cervicositas
676 3884 1091 3940 Germanorum.
1117 3882 1183 3935 Et
1202 3880 1530 3942 Gallicanus,
1568 3886 1703 3931 teste
1724 3877 1883 3930 beato

286 3980 626 4041 iheronimo,
669 3988 946 4043 coturnus,
986 3979 1073 4049 qui
1133 3983 1366 4028 monstra
1409 3989 1510 4026 non
1558 3969 1760 4034 habuit,
1795 3968 1884 4021 sed

285 4074 426 4128 uiris
466 4088 663 4139 semper
689 4071 752 4102 ¹⁶¹
782 4070 1004 4141 fortibus
1047 4076 1094 4123 et
1138 4064 1571 4135 eloquentissimis
1608 4061 1882 4113 habunda-

287 4166 367 4218 rit
398 4163 569 4233 (2'13),
605 4164 933 4233 piscatorum
969 4158 1245 4230 discipulis
1285 4168 1341 4213 et.
1389 4155 1696 4227 magisterio
1734 4153 1884 4207 favo-

1977 2978 2197 3023 sanetus
2231 2962 2533 3019 Eucharius
2576 2962 2772 3016 iterum
2809 2957 3111 3011 orationem
3163 2954 3226 3007 ad
3278 2952 3585 3007 Domimnn-

1974 3058 2229 3121 fundens,
2259 3070 2474 3110 omnem
2507 3054 2653 3109 illam
2698 3049 3072 3107 rebellantium
3108 3046 3505 3101 multitudinem
3535 3059 3565 3097 a

1975 3148 2191 3205 vinculo
2221 3146 2422 3201 doloris
2465 3143 2715 3207 absolvit,
2748 3151 2802 3197 et
2829 3140 2895 3194 ad
2928 3139 3164 3209 priorem
3213 3146 3414 3191 statum
3445 3134 3565 3190 red-

1977 3243 2085 3298 dita
2125 3239 2360 3294 sanitate
2392 3235 2717 3291 restauravit
2743 3234 2813 3304 (c.
2849 3232 2924 3303 8).
2970 3229 3082 3285 lloe
3120 3229 3236 3282 viso
3272 3227 3559 3288 miraculo,

1975 3349 2166 3390 omnes
2192 3331 2399 3402 pariter
2438 3344 2495 3384 se
2536 3329 2601 3383 ad
2633 3327 2795 3398 pedes
2826 3334 3141 3379 sanctorum
3167 3320 3568 3392 provolventes,

1979 3426 2244 3496 ragahant
2289 3432 2348 3476 ut
2392 3420 2472 3475 eis
2521 3420 2662 3473 viam
2697 3417 2886 3472 salutis
2928 3414 3352 3469 ostendere‘non
3381 3411 3566 3465 diﬁ‘er-

1980 3525 2125 3581 rent,
2154 3516 2249 3570 sed
2292 3512 2423 3581 quid
2466 3512 2571 3565 illis
2612 3526 2709 3579 pro
2738 3523 2927 3564 eorum
2972 3504 3380 3574 reeuperatione
3408 3516 3571 3571 agen-
3600 3547 3605 3551 _

1982 3607 2131 3669 dum,
2161 3604 2361 3673 quidve
2393 3600 2668 3655 vitandum
2704 3607 2848 3653 esset
2877 3596 3037 3650 citius
3067 3595 3423 3648 insimtarent.

2108 3694 2163 3749 9.
2198 3691 2353 3757 Quod
2381 3690 2552 3759 ﬁlium
2583 3689 2799 3743 Albana:
2830 3685 3005 3740 uiduae
3036 3681 3440 3736 resuscitauerit.

2054 3785 2393 3840 Prtedicante
2459 3787 2651 3834 sancto
2710 3776 3019 3839 Eucliario,
3086 3771 3383 3842 conpuneti
3445 3776 3588 3823 sunt‘

1985 3881 2170 3942 corde,
2187 3876 2328 3930 acm
2353 3887 2411 3928 se
2430 3885 2724 3941 numquam
2752 3867 3114 3922 taliaaudisse
3137 3859 3571 3933 velcomperisso

1990 3971 2167 4028 testati
2198 3976 2323 4025 sunt
2350 3966 2420 4037 (c.
2453 3965 2565 4035 15).
2594 3960 2759 4017 Aﬁ'uit
2780 3962 2944 4016 etiam
2975 3959 3100 4014 huic
3132 3954 3427 4012 salutiferae
3460 3968 3569 4006 am-

1989 4061 2269 4119 monitioni
2302 4058 2497 4113 divina:
2535 4054 2756 4109 virtutis
2786 4049 3153 4112 conﬁrmatio,
3194 4054 3250 4101 et
3283 4060 3404 4099 eam
3445 4058 3569 4098 mox

1990 4157 2280 4212 subsecuta
2310 4160 2394 4206 est
2416 4147 2664 4219 stupendi
2690 4143 2938 4200 miraculi
2971 4141 3270 4195 attestatio.
3303 4137 3435 4190 Nam
3470 4134 3587 4193 fuit,

292 4257 551 4311 rabiliter
610 4258 772 4310 corda
840 4227 1130 4311 submittit.
1184 4251 1492 4307 Lmtabatur
1545 4266 1573 4303 a
1627 4256 1779 4319 patre
1824 4249 1890 4280 ³⁸³
1922 4250 1970 4310 D
1997 4248 2049 4303 in
2077 4247 2265 4301 eodem
2293 4239 2600 4313 spectaculo
2624 4237 2869 4309 quaedam
2901 4234 3060 4287 vidua
3094 4229 3314 4286 nomine
3339 4227 3585 4290 Albana.

293 4347 582 4402 hereditas
628 4346 859 4414 Christi,
901 4346 1027 4418 quia
1073 4344 1249 4416 portio
1290 4342 1487 4399 cetidie
1529 4342 1796 4396 minorata
1825 4341 1891 4372 ¹⁸³

291 4440 530 4511 lugebat
560 4440 772 4495 diaboli.

1995 4349 2193 4407 genere
2220 4329 2499 4402 przcclara,
2530 4328 2695 4383 rebus
2728 4323 3161 4395 opulentissima,
3192 4335 3313 4390 qua:
3342 4333 3369 4371 a
3402 4317 3576 4371 famu-

1998 4429 2065 4484 lis
2100 4426 2229 4481 illuc
2258 4438 2382 4480 cum
2414 4421 2763 4477 festinatione
2798 4415 3146 4473 currentibus
3175 4414 3331 4467 triste
3367 4409 3589 4479 aceepip

1592 4545 1825 4603 VARle
1858 4538 2262 4603 LECTIONES.

962 4666 1028 4697 ¹⁸⁸
1064 4664 1202 4717 deest
1235 4678 1480 4717 numerus
1510 4661 1665 4715 etiam
1703 4661 1747 4715 l.
1772 4660 1824 4714 2.

916 4736 986 4769 ¹⁵⁸
1012 4734 1275 4790 octoviani
1304 4734 1359 4788 5.
1437 4732 1506 4763 ¹⁸⁹
1530 4733 1667 4786 deest
1691 4734 1744 4787 5.

380 4667 451 4699 ’⁸⁵
469 4664 691 4719 Nomine
712 4666 878 4721 Petri.

292 4740 461 4790 detur
510 4737 835 4805 Agripiuam.

298 4809 375 4840 ιιι
434 4804 651 4874 δερωιη
688 4809 733 4861 ι,
816 4808 883 4846 εἰ
939 4822 1078 4861 corr.
1130 4814 1250 4869 apte
1297 4804 1353 4858 2.

297 4897 363 4942 at
381 4877 454 4931 ad
478 4875 604 4940 Ch.;
634 4875 1055 4948 sequentiapaulo
1082 4876 1235 4948 aliter
1262 4875 1524 4948 leguntur.

302 4938 377 4979 ³⁸⁷
426 4938 609 5001 neseis
649 4938 708 5001 l.'
742 4952 794 5003 5.
832 4938 975 5003 corr.
1018 4960 1080 4998 ex
1141 4946 1218 4998 eis
1265 4938 1329 4999 Ξῖ
1349 4942 1447 4996 Ch.
1494 4942 1569 4996 ita
1605 4945 1706 4998 ritu
1741 4941 1802 4991 Ε.
1838 4938 1895 4991 ν.
1928 4938 2005 4993 Μ.

302 5018 383 5049 ’τ’
425 5018 504 5072 rei
546 5017 734 5075 addunt
769 5021 889 5075 L2.
926 5018 983 5071 5.
1017 5031 1220 5068 erasum
1247 5016 1299 5071 2.
1337 5014 1476 5067 deest
1504 5013 1559 5066 in
1590 5016 1691 5069 rita
1721 5008 1787 5062 Ε.
1834 5008 1890 5063 ν.
1928 5008 2001 5064 Μ.

1907 4661 1976 4692 ³⁵⁸
2008 4658 2147 4711 deest
2168 4653 2378 4708 initium
2401 4651 2541 4721 apud
2570 4649 2665 4721 Cit.

1822 4702 1890 4763 ..ο
1918 4738 1974 4784 ιιι
1999 4700 2743 4795 :Vaigricolgewct'reoiuitante
2769 4743 2839 4755 -—
2866 4700 3112 4795 bacillum
3141 4710 3325 4795 desunt
3347 4717 3441 4795 apti.
3488 4700 3594 4758 Ch.

1432 4803 1501 4838 ¹⁶³
1528 4804 1602 4855 ita
1635 4818 1771 4855 corr.
1801 4802 1855 4854 2.
1889 4794 2239 4854 imminorata
2287 4794 2337 4846 l.
2396 4795 2449 4847 5.

1603 4874 1667 4905 ³⁸⁸
1710 4875 1865 4922 immo
1895 4872 1994 4924 sibi
2025 4878 2077 4921 ut
2104 4865 2257 4918 habet
2294 4862 2399 4915 vita
2437 4862 2501 4915 Ε.
2537 4859 2598 4913 γ.
2631 4856 2706 4910 Μ.

2746 4647 2811 4677 ι³⁷
2842 4640 3194 4712 Agrippinam
3240 4649 3378 4690 corr.
3415 4639 3592 4712 attri-

2526 4769 2887 4853 I'vil’VCun—tque.
2912 4809 2983 4820 —
3008 4781 3343 4845 Quapropter
3396 4769 3611 4828 desunt

2537 4859 2576 4898 ν
2637 4856 2705 4898 Μ-
2789 4853 2854 4884 ιθθ
2892 4860 2941 4898 et
2978 4850 3034 4898 ’5.
3065 4857 3326 4898 superscr.
3357 4846 3415 4890 ut
3452 4838 3509 4891 l.
3546 4842 3611 4898 εἰ.

2104 4865 2257 4918 habet
2294 4862 2399 4915 vita
2437 4862 2501 4915 Ε.
2537 4860 2598 4913 V.
2631 4860 2706 4910 Μ.
2789 4860 2854 4884 “"
2892 4860 2941 4903 et
2979 4860 3034 4903 5.
3065 4860 3326 4911 superscr.
3357 4860 3415 4890 ut
3452 4860 3509 4891 τ.
3547 4860 3629 4900 ιι

2086 4937 2152 4967 ’⁵⁸
2192 4933 2435 4987 extensis
2459 4933 2513 4985 ὅ.
2594 4927 2659 4959 ¹⁶⁹
2690 4934 2743 4979 et
2771 4950 2842 4963 -ο
2868 4918 3225 4988 perdurarent
3263 4911 3456 4963 desunt
3500 4907 3639 4971 Ch.,

2080 5007 2142 5038 ⁸⁷⁸
2188 5018 2254 5057 ac
2279 5032 2351 5042 --
2380 5011 2507 5059 sunt
2545 4999 2730 5053 desunt
2763 4990 2859 5046 Ch.

1842 5186 2071 5243 ΝΟΤίΕ.
