4094 5252
474 121 633 183 1015.

1005 120 1337 178 HERlCERl
1372 121 1460 178 ET
1488 123 1788 185 Ai‘SELMl
1841 121 2065 187 CESTA
2107 121 2322 183 EPlSC.
2367 123 2622 183 TANGB.
2661 121 2849 181 TRAJ.
2889 121 2979 179 ET
3011 118 3211 179 LEOD.

3608 117 3763 203 tunc.

474 237 759 302 nuncium,
784 236 1034 293 videlicet
1064 238 1281 292 unicum
1323 239 1489 292 tilium
1516 254 1692 295 suum.
1719 253 1879 308 quem
1908 238 2056 294 domi
2086 242 2134 300 Λ
2163 241 2358 296 dierat.
2393 243 2507 311 Qua
2542 241 2873 300 revelatione
2904 240 3052 307 freti,
3080 244 3368 309 cmperuut
3400 236 3649 292 certatim
3676 238 3745 293 ad

472 329 767 400 reliquerat
820 329 1127 394 inlirmum,
1188 329 1448 384 redeunte
1508 329 1576 384 ad
1629 330 1810 385 vitalia
1870 325 2056 386 dolore

473 440 597 480 esse
624 433 895 478 mortuum
916 422 1004 476 ’7’.
1036 418 1189 490 Quod
1220 421 1311 476 illa
1345 424 1593 486 audiens,
1623 423 1769 477 misit
1792 438 1850 478 se
1873 423 2056 477 statim

472 531 598 569 cum
655 512 895 568 lacrimis
944 513 1013 567 ad
1066 514 1232 582 pedes
1282 515 1459 583 Sancti
1514 513 1767 569 Encharii
1820 515 2055 569 dicens:

476 606 705 661 Obsecro
720 606 786 638 ³⁷³
815 617 885 672 te,
930 617 1210 659 renovatur
1245 594 1442 663 nostra?
1469 608 1612 661 urbis
1644 617 1694 662 et
1730 606 2061 662 illuminator

475 711 638 752 totius
670 700 870 768 gentis,
909 707 964 750 ut
993 698 1092 751 mei
1120 699 1325 752 misera?
1342 699 1463 769 jam
1490 694 1571 753 bis
1596 701 1793 760 orbata:
1814 702 2062 756 miserea-

474 791 572 869 ris,
600 801 646 844 et
675 791 867 845 viscera
895 789 1105 869 pictatis
1133 807 1289 861 super
1316 807 1397 845 me
1425 780 1841 859 infelicissimdm
1871 792 2062 847 habere

476 866 726 953 digneris.
771 880 958 952 Nuper
996 866 1133 935 enim
1176 884 1367 938 marito
1405 900 1522 937 sum
1568 883 1806 948 viduata,
1836 892 1884 937 et
1920 883 2065 941 heu!

467 961 631 1060 'bpdie
673 973 1043 1034 miserabiliter
1076 974 1219 1028 unici
1264 974 1367 1041 ﬁlii
1410 984 1574 1029 morte
1626 992 1741 1030 sum
1788 976 2057 1030 destituta.

480 1063 634 1138 Quod
659 1066 704 1120 si
745 1081 864 1120 eum
904 1066 1311 1129 resuscitaceris,
1338 1066 1476 1121 scias
1517 1082 1600 1142 nte
1636 1066 1924 1120 certissime
1946 1075 2062 1137 post

478 1160 590 1211 ha-c
630 1157 904 1228 prwceptis
941 1158 1059 1211 tuis.
1086 1156 1427 1212 libentissime
1469 1156 1678 1212 obedire
1710 1167 1909 1212 etcum
1949 1159 2063 1227 ipso

477 1264 593 1315 meo
614 1248 727 1317 ﬁlio
747 1264 810 1303 ac
838 1257 949 1301 tota
975 1247 1180 1318 familia
1205 1249 1257 1304 iu
1283 1248 1549 1305 Christum
1573 1261 1720 1303 tuum
1746 1249 2061 1318 crederem,

483 1324 578 1394 llis
599 1340 894 1411 gemitibus
920 1348 1103 1396 motus
1131 1340 1322 1395 beatus
1345 1340 1648 1397 Eucharius
1678 1340 1788 1396 ihat
1809 1341 2062 1405 camilla,
2104 1344 2105 1347 “

479 1418 535 1484 et
568 1446 668 1500 pro
701 1430 840 1484 tanti
887 1430 1133 1485 miraculi
1186 1431 1449 1496 novitate,
1498 1446 1621 1487 cum
1661 1447 1727 1486 eo
1766 1431 1922 1488 turba
1967 1448 2065 1489 co-

483 1523 657 1592 piosa.
689 1521 823 1576 Cum
857 1537 988 1577 vero
1014 1522 1137 1577 illuc
1170 1523 1525 1595 pervenisset,
1557 1525 1847 1594 assumptis
1879 1538 2063 1579 secum

2162 344 2378 390 sanctos
2422 335 2513 390 Dei
2544 349 2765 391 currere
2793 342 2849 388 et
2876 333 3016 389 sacri
3058 328 3407 401 baptismatis
3430 327 3504 361 ⁸⁸⁸
3541 328 3743 382 undam

2159 424 2419 482 sicieuter
2442 434 2697 496 expetere
2711 424 2800 477 ¹⁸¹.
2833 422 3116 493 Tantaque
3140 419 3243 476 fuit
3271 434 3368 492 per
3395 428 3509 474 tres
3538 418 3653 473 dies
3677 419 3750 473 ad

2160 518 2284 573 illos
2332 519 2657 584 concursio,
2713 527 2773 573 ut
2812 517 2867 572 in
2919 517 3140 571 ﬂutniue
3186 515 3329 585 quod
3368 528 3467 585 per
3515 514 3750 569 mediam

2162 611 2444 667 civitatem
2487 612 2661 665 currit
2693 625 2787 665 eos
2826 590 3192 680 baptizarent,
3235 621 3335 661 nec
3369 622 3560 661 eorum
3591 607 3755 660 aliter

2161 703 2570 775 obpressionem
2615 701 2763 757 ferre
2810 699 3156 767 sufﬁcerent,
3195 700 3340 755 unde
3380 709 3438 755 et
3483 698 3752 755 accidisse

2163 796 2424 860 creditur,
2457 805 2518 849 ut
2553 810 2618 849 ex
2656 810 2723 853 eo
2759 803 3004 863 tempore
3032 780 3153 863 ipse
3178 791 3386 848 rivulus
3416 793 3487 846 ob
3518 790 3744 847 inlusio.

2164 904 2288 943 nem
2330 887 2506 942 sancti
2553 886 2660 941 olei
2707 886 3009 941 derivative
3056 883 3241 940 Olevia
3268 883 3335 916 ¹⁸¹
3384 891 3747 952 ttuncupetnr.

2166 976 2387 1033 luterim
2435 976 2631 1032 civitas
2686 990 2716 1030 a
2764 974 3063 1044 pollutione
3118 972 3384 1029 ilolorum
3433 976 3752 1036 mandatur,

2163 1084 2320 1124 error
2343 1067 2753 1140 superstitiosus
2776 1066 3054 1138 altjicitur,
3081 1065 3438 1121 destruantur
3461 1065 3756 1120 demonum

2165 1175 2294 1224 arae,
2337 1157 2672 1214 fabricantur
2719 1172 2816 1228 per
2860 1157 2976 1211 loca
3006 1154 3209 1211 Christi
3239 1154 3523 1219 zecelesite,
3565 1169 3773 1224 perso-r

2166 1266 2258 1310 nat
2291 1238 2388 1324 per
2430 1252 2617 1306 urbem
2648 1250 2753 1305 late
2794 1250 2922 1306 tuba
2961 1247 3232 1311 salutaris,
3266 1259 3568 1315 omnesque
3619 1244 3759 1298 invi-

2169 1357 2244 1402 tat
2274 1362 2335 1402 ae
2360 1345 2542 1415 pulsat
2573 1344 2639 1399 ad
2666 1344 2895 1415 gratiam
2931 1340 3291 1404 credulitatis,
3319 1339 3597 1409 armisque
3631 1337 3757 1392 fidei

2168 1446 2353 1493 contra
2405 1435 2769 1506 spiritualium
2835 1433 3073 1489 hostium
3137 1430 3364 1487 insidias
3388 1430 3458 1462 m
3517 1429 3761 1498 undique

2170 1529 2438 1593 mtmitur,
2478 1540 2784 1599 ymnusque
2813 1541 2982 1580 novus
3012 1525 3065 1580 in
3104 1539 3167 1579 ea
3200 1521 3413 1593 publice
3440 1522 3680 1583 canitur,
3706 1528 3764 1575 et

481 1608 656 1672 beatis
696 1615 911 1672 Va‘lerio
940 1624 996 1670 et
1023 1615 1286 1681 Materno,
1316 1618 1533 1673 domum
1571 1617 1842 1683 introivit,
1872 1617 2068 1687 populo
2099 1594 2143 1652 Β
2171 1636 2291 1692 qua:
2311 1629 2465 1677 antea
2497 1624 2798 1676 creatorem
2823 1632 2981 1672 suum
3012 1631 3115 1671 non
3148 1614 3526 1686 cognoscendo
3539 1612 3608 1644 ⁸⁸⁸
3637 1621 3759 1666 erat

484 1719 642 1779 extra
682 1708 826 1764 fores
869 1719 1221 1782 exspecmnte
1247 1720 1501 1765 eventum
1534 1709 1631 1765 rei.
1675 1710 1739 1765 Et
1772 1712 1922 1780 prius
1947 1711 2071 1779 qui-

485 1806 606 1879 dem
639 1802 861 1858 ﬂectens
890 1817 1086 1872 genua,
1124 1803 1176 1857 iu
1208 1804 1511 1859 orationem
1543 1818 1603 1858 se
1631 1803 1802 1868 dedit,
1831 1803 1969 1858 et'“
1999 1803 2070 1857 ab

484 1896 729 1969 artatioue
773 1908 1023 1962 surgens,
1063 1894 1131 1948 ad
1169 1910 1368 1964 corpus
1407 1896 1661 1950 exanime
1700 1895 1967 1957 accessit,
1992 1903 2072 1949 te-

483 2003 728 2057 neasque
765 2001 984 2041 manum
1021 1985 1139 2053 ejus
1175 2000 1297 2041 cum
1340 1986 1539 2041 liducia
1572 1985 1709 2041 dixit
1740 2003 1752 2039 :
1799 1985 1927 2057 Dico
1955 1986 2097 2053 tibi,_

478 2083 715 2159 ⁸ᾖιιιοειιιε,
746 2091 802 2134 ιιι
844 2080 901 2134 in
937 2081 1147 2134 nomine
1170 2078 1301 2134 Iesu
1329 2078 1526 2134 Christi
1549 2079 1637 2150 qui
1671 2081 1882 2134 unicum
1903 2079 2073 2146 ﬁlium

487 2172 658 2237 uidua:
685 2188 783 2225 sua
821 2171 1009 2225 virtute
1039 2169 1386 2236 resuscitauit,
1420 2181 1477 2224 tu
1505 2187 1715 2242 quoque
1739 2171 1809 2225 ad
1844 2187 2074 2239 pra'seu—

488 2273 593 2315 tem
613 2258 781 2316 lucem
804 2259 1079 2326 redeas,et
1100 2259 1338 2331 deinceps
1367 2262 1544 2316 relicto
1571 2264 1851 2316 demonum
1877 2276 2073 2322 errore,

492 2361 777 2416 creatorem
801 2360 953 2405 tuum
982 2360 1119 2404 recta
1147 2351 1254 2418 ﬁde
1277 2368 1636 2423 recognoscas.
1663 2351 1791 2420 Qui,
1817 2353 2077 2407 redeunte

492 2443 699 2509 anima,
749 2442 935 2497 statim
976 2442 1233 2506 surrexit,
1279 2451 1331 2497 et
1370 2444 1606 2498 nondum
1659 2442 1765 2513 (ille
1813 2442 2074 2505 imbutus,

490 2532 606 2591 Deo
648 2532 855 2603 gratias
890 2545 1054 2602 agere
1091 2532 1273 2603 coepit.
1315 2533 1485 2601 Quem
1525 2548 1809 2593 assumens
1858 2544 2079 2589 sanctus

494 2623 831 2691 Eucherius,
879 2639 1063 2681 secum
1103 2634 1257 2681 extra
1291 2627 1510 2682 domum
1552 2627 1743 2694 duxit,
1789 2637 1844 2682 et
1890 2643 2077 2683 coram

491 2716 639 2795 «ιιιιηί
679 2716 882 2789 populo
921 2716 1097 2772 virum
1145 2725 1198 2772 et
1247 2717 1416 2772 totius
1441 2716 1775 2773 infirmitatis
1804 2727 2091 2789 expertem.

492 2809 656 2887 matri
694 2809 1114 2881 reconsiguavit.
1159 2808 1313 2866 Tunc
1351 2824 1544 2865 omnes
1577 2810 1669 2880 qui
1706 2812 1932 2866 aderant
1964 2827 2080 2865 ma-

493 2886 618 2973 gnis
664 2901 890 2961 vocibus
942 2911 1227 2973 cur'pcrunt
1285 2901 1527 2959 clamare
1588 2904 1837 2969 dicentes
1879 2920 1897 2961 :
1953 2901 2082 2960 Vere

2174 1713 2447 1779 adultera,
2489 1713 2603 1783 ipsa
2651 1725 2710 1766 se
2755 1724 2852 1780 per
2893 1708 3055 1764 ﬁdem
3088 1705 3454 1763 convertenth
3497 1704 3643 1758 facta
3678 1712 3765 1756 est

2172 1807 2372 1863 Christi
2423 1805 2796 1862 sacratissima
2839 1817 3058 1872 sponsa.
3115 1799 3337 1855 Interim
3391 1797 3461 1868 (c.
3520 1795 3612 1864 16)
3667 1811 3769 1865 per

2174 1902 2455 1957 universas
2484 1898 2907 1966 circumquaque
2931 1894 3180 1962 regiones
3206 1891 3431 1946 verbum
3463 1888 3591 1943 vitae
3619 1903 3765 1957 pne-

2174 1993 2451 2052 dicabant.
2503 1999 2558 2044 et
2608 1998 2717 2043 tam
2759 2003 3014 2043 sermone
3054 2001 3219 2054 qtmtn
3266 1981 3561 2037 virtutibus
3608 1980 3770 2071 longe
3804 2057 3823 2075 .

2176 2084 2390 2152 lateque
2429 2082 2732 2153 pollebant,
2778 2094 2902 2134 nam
2936 2092 3100 2133 cecos
3127 2074 3527 2138 illuminabant,
3560 2072 3772 2126 debiles

2180 2175 2576 2237 restaurabant,
2615 2183 2861 2227 mortuos
2900 2169 3272 2231 suscitabant,
3311 2167 3577 2221 demoues
3616 2164 3773 2233 luga-

2179 2269 2306 2322 bant
2330 2278 2386 2322 et
2414 2279 2607 2321 omnes
2640 2264 2931 2335 languet-es
2964 2261 3248 2317 curabant.

2542 2358 2631 2412 il.
2682 2356 2930 2419 Deobitu
2967 2354 3100 2408 beati
3133 2350 3411 2406 Eucherii.

2250 2453 2498 2520 Cumque
2535 2452 2724 2507 beatus
2753 2447 3056 2504 Eucharius
3092 2459 3188 2514 per
3229 2442 3301 2496 25
3342 2454 3516 2494 annos
3550 2436 3773 2506 pontiﬁ-

2180 2555 2365 2600 catum
2395 2542 2703 2598 'l‘rcbe.ric:e
2727 2540 2880 2596 urbis
2909 2544 3115 2592 teneret
3147 2542 3202 2589 et
3231 2530 3653 2587 aacclesiasticas
3685 2543 3775 2582 res

2180 2639 2318 2693 bene
2356 2634 2601 2689 firmatas
2643 2641 2809 2701 atque.
2849 2629 3100 2683 laudatas
3155 2620 3497 2686 baberet‘”;
3549 2620 3779 2690 ipseque

2176 2731 2287 2801 jam
2325 2737 2596 2801 provecta:
2630 2735 2775 2780 esset
2811 2722 2986 2778 mtatis
3037 2723 3108 2787 (c.
3150 2718 3278 2788 16);
3330 2713 3571 2786 quadam
3616 2720 3779 2765 nocte

2183 2822 2354 2879 astitit
2395 2821 2444 2876 ei
2494 2818 2717 2888 angelus
2739 2816 2807 2849 ‘“
2854 2813 3091 2872 dicens‘:
3127 2808 3384 2868 Eucltari,
3436 2804 3671 2876 fideliter
3718 2805 3780 2856 iis

2182 2914 2452 2969 mandatis
2506 2911 2720 2966 Domini
2776 2907 3052 2969 laborusti,
3087 2903 3306 2959 uiriliter
3337 2903 3392 2956 in
3431 2915 3600 2969 agone
3634 2913 3775 2966 prte-

496 3010 718 3063 magnus
766 3003 816 3048 et
863 2995 1255 3063 potentissimus
1311 2994 1452 3053 Deus
1501 2994 1923 3050 Christianarum
1969 3010 2079 3050 esse
2108 2983 2148 3042 (ἶ
2184 2986 2347 3061 sentis
2376 3008 2493 3058 vitae
2519 2998 2765 3062 certasti;
2805 2998 2918 3053 ueni
2941 2996 3055 3066 jam
3079 2996 3133 3049 in
3163 2994 3391 3063 requiem
3421 2991 3517 3043 tibi
3548 2988 3779 3060 prom’s-

497 3089 772 3155 probatur,
813 3089 938 3159 quia
980 3087 1113 3141 talia
1152 3090 1303 3158 signa
1347 3099 1395 3143 et
1434 3089 1697 3143 mirabilia
1731 3106 1824 3160 per
1857 3089 2084 3158 funiculus

497 3198 621 3244 suos
669 3190 934 3251 operatur.
978 3180 1176 3238 Eadem
1224 3181 1312 3237 die
1355 3182 1626 3252 baptizata
1672 3181 1839 3241 est'"
1877 3182 2084 3235 Albana

500 3294 625 3347 cum
670 3276 780 3331 {ilio
817 3292 883 3331 ae
916 3286 1024 3332 tota
1073 3276 1301 3343 familia,
1351 3286 1405 3332 et
1452 3278 1519 3331 de
1550 3277 1744 3347 populo
1782 3276 1938 3331 turba
1980 3291 2087 3329 non

502 3372 737 3427 modica.
782 3372 986 3426 Domus
1030 3386 1160 3425 vero
1199 3370 1319 3443 ejus
1356 3387 1462 3426 non
1499 3379 1623 3439 post
1654 3369 1854 3426 multos
1890 3369 2015 3424 dies
2056 3383 2084 3422 a

504 3474 697 3521 εςιηειθ
730 3464 1007 3520 Enchario
1041 3473 1127 3523 est
1152 3461 1400 3519 meclesia
1429 3471 1769 3518 consecrata.
1850 3524 1851 3527 η

522 3606 529 3613 ο
581 3582 670 3638 10.
713 3580 869 3648 Quod
910 3578 1199 3636 revelatum
1229 3578 1297 3632 sit
1332 3577 1541 3631 cuidam
1574 3576 1808 3631 senatori
1841 3592 2016 3631 omnes

586 3666 589 3669 λ
1014 3659 1252 3720 oportere
1291 3648 1581 3718 baptizari.

580 3744 711 3800 Post
749 3745 868 3801 lucc
911 3743 1132 3814 quidam
1169 3743 1366 3800 nobilis
1409 3740 1656 3812 ejusdem
1686 3741 1839 3797 urbis
1871 3750 2091 3797 senator

504 3839 643 3895 vidit
696 3838 965 3894 somnium
1024 3837 1090 3893 ad
1145 3836 1375 3893 salutem
1422 3833 1835 3891 cunetorum‘"
1876 3833 2082 3889 civium

504 3928 848 4001 profuturum
876 3928 948 3997 (c.
981 3928 1093 3998 ιι).
1123 3927 1367 3994 Quadam
1390 3936 1572 3982 autem
1588 3926 1658 3959 ’τ’
1688 3933 1849 3980 nocte
1875 3924 2095 3993 aspexit

506 4038 607 4093 per
647 4022 914 4076 somnium
960 4021 1136 4075 virum
1181 4020 1467 4090 quemdam
1508 4032 1692 4074 coram
1736 4033 1800 4072 se
1834 4024 2098 4082 stantem,

512 4114 664 4168 vultu
693 4114 992 4182 elegantem
1018 4111 1105 4175 ³⁷⁸,
1136 4111 1592 4182 splendidissimis
1636 4110 1880 4166 vestibus
1906 4125 2096 4166 corru-

513 4213 782 4267 seantem,
813 4218 1141 4273 erucemque
1174 4204 1323 4259 mima
1357 4203 1427 4237 ’τ’
1456 4201 1821 4258 estimatiouis
1846 4200 1900 4258 in
1930 4217 2098 4256 manu

510 4297 783 4349 termitem
820 4310 884 4350 ac
919 4295 1021 4350 sibi
1047 4295 1318 4351 dicentem
1353 4311 1373 4348 :
1406 4294 1503 4351 Isti
1545 4295 1668 4359 viri,
1697 4293 1791 4366 qui
1820 4294 1923 4348 huc
1946 4310 2095 4349 reue-

514 4397 671 4449 runt,
701 4387 834 4440 servi
866 4386 959 4440 Dei
987 4399 1110 4441 sunt
1140 4386 1349 4450 excelsi,
1386 4397 1435 4441 et
1461 4396 1672 4456 propter
1702 4394 1923 4441 uestram
1951 4389 2096 4438 salu.

513 4486 614 4550 tem
645 4476 747 4530 ltuc
788 4478 1062 4533 destinati.
1103 4476 1169 4532 Et
1200 4479 1321 4534 ideo
1359 4479 1407 4534 si
1440 4488 1659 4535 mortem
1695 4478 1912 4533 eradere
1942 4488 1995 4533 et
2030 4480 2095 4533 ad

512 4571 671 4623 vitam
694 4578 943 4624 a'ternam
969 4569 1122 4624 vultis
1144 4573 1433 4639 peruenire,
1458 4569 1633 4623 omnia
1653 4585 1769 4639 qum
1792 4569 1932 4622 vobis
1954 4569 2100 4622 dire-

516 4663 619 4714 rint
658 4661 844 4730 facile,
875 4674 937 4717 et‘
961 4664 1228 4734 prn'reptis
1261 4662 1470 4716 illorum
1510 4677 1628 4715 rum
1656 4660 1799 4714 omni
1829 4660 2099 4714 devotion:

516 4750 738 4806 nbedite.
770 4753 836 4809 Et
856 4754 973 4809 lucc
1000 4754 1211 4820 dicens,
1244 4754 1311 4808 ab
1336 4751 1541 4809 occulis
1568 4750 1687 4817 ejus
1723 4751 1967 4806 sublatus
1997 4761 2098 4805 est.

517 4838 685 4895 Facto
724 4852 904 4897 autem
938 4858 1099 4899 mane
1134 4843 1448 4899 convocatis
1475 4843 1685 4897 civibus
1723 4845 1963 4900 narravit
2004 4863 2099 4914 per

518 4932 762 4989 ordinem
789 4950 909 5005 qua:
932 4933 1000 4967 “°
1031 4949 1128 5004 per
1164 4934 1434 4990 somnium
1475 4931 1705 4997 viderat,
1733 4946 1960 5005 qumque
2000 4950 2097 4990 au-

2184 3114 2323 3164 sam,
2344 3105 2391 3152 et
2416 3096 2591 3164 accipe
2614 3090 2912 3147 certaminis
2934 3089 3011 3142 tui
3033 3083 3477 3155 incorruptibilem
3500 3097 3775 3135 coronant.

2186 3192 2284 3245 llis
2339 3204 2437 3261 per
2487 3186 2748 3240 visionem
2803 3178 3136 3246 compertis,
3192 3188 3414 3234 sanctus
3468 3175 3789 3230 Eucharius

2187 3282 2342 3338 valde
2381 3278 2673 3350 gaudebat,
2712 3284 2768 3329 ct
2803 3284 3017 3343 tempus
3046 3268 3163 3339 ejus
3200 3265 3576 3323 dissolutionis
3602 3264 3778 3317 intre-

2186 3374 2347 3445 pidus
2386 3368 2729 3440 expectabat.
2769 3364 2908 3419 Cum
2957 3378 3090 3417 vero
3131 3361 3272 3416 diem
3324 3359 3511 3413 exitus
3549 3355 3636 3410 sui
3676 3354 3781 3408 sibi

2090 3524 2097 3531 _
2188 3466 2394 3520 ἰιιεῐδτθ
2429 3469 2794 3530 praenosceret.
2822 3454 2889 3489 ’“
2935 3452 3249 3511 convocatis
3288 3450 3356 3505 ad
3397 3464 3456 3505 se
3494 3446 3782 3516 discipulis

2189 3557 2262 3610 ait
2299 3574 2313 3608 :
2351 3552 2492 3613 Seio,
2526 3551 2715 3621 fratres
2743 3545 3006 3603 karissimi
3024 3587 3038 3609 ,
3068 3561 3150 3600 me
3188 3544 3253 3598 de
3277 3544 3374 3597 hoc
3403 3540 3599 3595 swculo
3626 3539 3784 3593 citius

2091 3702 2097 3711 ,
2188 3649 2540 3717 migraturum
2561 3651 2715 3711 atque
2739 3639 2972 3693 debitum
2992 3638 3241 3690 humana:
3272 3631 3586 3687 conditionis
3609 3631 3783 3700 capie-

2189 3749 2385 3800 turum,
2410 3746 2456 3790 et
2484 3736 2601 3790 ideo
2628 3749 2717 3787 vos
2748 3746 2872 3801 rogo
2917 3740 2972 3784 ut
2992 3728 3153 3798 [idem
3170 3726 3404 3796 ﬁrmam,
3428 3739 3572 3788 spem
3595 3722 3783 3776 incon-

2191 3843 2399 3882 cussam
2420 3824 2510 3889 “1,
2538 3823 2819 3876 karitatem
2852 3834 3026 3874 veram
3057 3817 3190 3870 inter
3218 3830 3305 3869 ros
3330 3813 3400 3846 ⁸⁸⁸
3434 3812 3697 3879 habeatis,
3735 3820 3782 3864 et

2194 3932 2521 3991 nequaquam
2567 3916 2811 3982 deinceps
2856 3909 3132 3966 didbolicis
3174 3905 3439 3962 erroribus
3480 3902 3782 3957 consentiao

2194 4014 2281 4067 tis.
2311 4010 2466 4077 Quod
2492 4010 2557 4062 de
2587 4024 2667 4062 me
2690 4017 2954 4060 terrenum
2990 4012 3098 4065 est,
3132 4013 3286 4055 terra:
3315 3994 3701 4059 commendate,
3737 4001 3787 4046 et

2194 4106 2333 4177 quod
2368 4103 2679 4173 spirituale,
2717 4096 3085 4169 spiritualibus
3133 4108 3334 4164 quoque
3368 4089 3629 4156 exsequiis
3669 4103 3789 4156 pro-

2197 4209 2376 4253 curate
2421 4196 2498 4266 (c.
2526 4194 2651 4256 17).
2705 4190 2787 4246 Ad
2823 4190 3220 4263 beatum_vero
3268 4180 3546 4235 Valerium
3596 4177 3789 4232 dixit:

2199 4284 2518 4343 Commendo
2560 4284 2676 4349 tibi,
2719 4282 2899 4352 frater
2926 4278 3221 4338 karissime,
3271 4286 3519 4341 sponsam
3563 4267 3788 4331 Christi,

2201 4378 2492 4438 (ecclesiam
2531 4374 2768 4443 uidelicet
2788 4372 2855 4405 ιδ’
2897 4370 3035 4441 ejus,
3062 4382 3220 4440 quam
3265 4365 3320 4416 in
3347 4362 3462 4416 istis
3491 4357 3789 4429 regionibus

2200 4479 2364 4547 ipsius
2412 4475 2597 4527 uirtute
2636 4450 3016 4537 adquisivi‘”,
3049 4470 3106 4514 ut
3147 4448 3294 4512 illaut
3324 4466 3478 4529 _caste
3520 4451 3793 4507 custodias

2201 4543 2248 4624 et
2290 4566 2449 4623 nullis
2484 4578 2607 4633 eam
2649 4574 2887 4616 errorum
2933 4550 3320 4624 deceptionibus
3354 4549 3409 4601 in
3452 4545 3636 4600 diebus
3682 4543 3789 4596 suis

2203 4658 2368 4728 pollui
2414 4639 2580 4710 sinas.
2627 4652 2932 4707 Mensarum
2982 4642 3293 4714 eoaugelicm
3334 4636 3641 4709 familiaem
3680 4634 3794 4688 lar-

2206 4754 2339 4823 giter
2383 4764 2576 4818 eroga,
2627 4744 2903 4801 commissa
2952 4740 3046 4795 tibi
3088 4735 3287 4792 talenta
3335 4736 3391 4787 in
3443 4733 3516 4786 eis
3564 4728 3792 4802 fideliter

2208 4842 2531 4912 multiplica,
2587 4828 2880 4893 uttcum‘"
2925 4835 3098 4905 judea:
3144 4831 3400 4884 rationem
3437 4839 3628 4894 ponere
3672 4837 3789 4874 cum

2208 4937 2368 4990 servis
2416 4934 2525 4987 suis
2571 4930 2859 4991 aduenerit,
2896 4942 3003 4980 non
3040 4934 3094 4979 ut
3133 4936 3316 4977 seruus
3357 4932 3580 4988 nequam
3615 4925 3665 4968 et
3701 4913 3799 4966 de—

1810 5073 2041 5132 VARUE
2083 5073 2481 5133 LECTIONES.

599 5188 667 5252 ‘3’
702 5189 883 5243 subita
908 5197 1084 5242 morte
1122 5187 1438 5244 defunctum
1472 5186 1571 5243 Ch.

1651 5188 1717 5220 ⁸⁷³
1738 5188 1983 5245 Obsecro
2003 5222 2073 5232 —
2099 5192 2324 5246 credere
2358 5188 2727 5243 desiderantur
2750 5183 2891 5252 apud
2919 5181 3019 5236 Ch.

3099 5180 3166 5212 ""
3186 5179 3326 5233 deest
3351 5178 3401 5232 l.
3479 5176 3548 5252 ἶν’
3564 5175 3713 5252 deest
3736 5173 3791 5227 l.
