4094 5252
535 264 676 320 I‘l9

1072 260 1398 317 usatcsut
1440 259 1527 314 er
1561 257 1867 314 ANSELMI
1899 255 2126 315 casu
2161 217 2377 313 Eptsc.
2405 253 2658 313 rauca.
2693 252 2888 313 res).
2921 253 3011 310 cr
3038 253 3237 312 LEOD.

3671 248 3801 306 109.0

533 381 589 436 ia
637 379 891 434 omnibus
944 380 1106 433 etiam
1154 393 1272 448 qua:
1319 376 1673 448 probabiliter
1718 386 1958 447 gesserat
2007 391 2111 432 non
2143 380 2190 440 Α
2219 383 2397 430 autem
2431 392 2459 430 a
2493 375 2810 446 tenuissimo
2840 387 3031 430 somno
3071 370 3356 442 evigilans,
3389 365 3546 422 valde
3587 363 3800 436 quidem

536 486 687 524 suam
739 471 836 525 sed
884 469 1085 526 Christi
1126 468 1352 541 gloriam
1404 470 1674 540 qutesivit.
1706 469 1999 538 Quiquem
2031 468 2117 522 in-

539 570 622 612 ter
661 569 854 614 ccetera
892 571 1204 614 sanctarum
1245 560 1502 613 virtutum
1535 561 1791 616 exercitia
1823 561 1893 592 ¹¹²
1941 559 2120 614 mitis-

535 653 708 706 simus
768 652 1114 707 ἰιιεὶδιρης²¹³
1157 651 1542 706 consolabatur
1579 651 1828 715 amictus,
1875 652 2022 723 pavit
2052 666 2119 706 ex

539 743 623 797 his
667 758 787 811 qnte
838 743 1180 796 habebantur
1219 759 1438 812 egenos,
1487 744 1698 798 vestivit
1738 746 1930 808 nudos,
1969 745 2123 799 rede-

539 833 640 887 mit
676 835 939 904 captivos,
980 835 1219 904 suscepit
1254 835 1593 904 peregrinos,
1635 837 1947 889 errantibus
1978 836 2122 890 viam

541 924 736 978 salutis
785 924 1218 980 misericorditer
1273 926 1546 988 ostendit,
1613 926 1915 995 desperatis
1973 940 2122 996 spem

538 1017 709 1072 venia:
760 1017 1154 1088 conscqneudae
1202 1017 1494 1072 clementer
1530 1019 1805 1088 promisit,
1846 1027 2126 1074 currentes

538 1110 682 1164 viam
726 1111 1104 1165 mandatorum
1151 1110 1246 1164 Dei
1289 1124 1506 1178 semper
1545 1111 1612 1163 ad
1652 1111 1923 1164 anteriora
1950 1111 2018 1141 ω
2050 1111 2128 1164 in-

536 1199 693 1268 pulit,
728 1200 868 1253 iu’”
899 1200 1087 1254 eadem
1133 1208 1472 1254 romorantes
1518 1201 1682 1254 verbo
1731 1200 2125 1254 exhortationis

540 1293 821 1360 instigavit
853 1293 944 1356 “3,
1005 1301 1062 1345 et
1122 1292 1281 1345 modo
1348 1291 1636 1355 docendo,
1698 1293 1860 1346 modo
1922 1293 2125 1346 exhor-

542 1385 740 1450 tando,
789 1385 948 1437 modo
991 1383 1343 1445 sustinendo,
1387 1384 1547 1437 modo
1585 1382 1724 1436 in"6
1767 1382 2023 1452 periculis
2065 1396 2125 1436 se

538 1472 1146 1540 ol‘jieieudommnibus
1193 1471 1561 1526 indesinenter
1604 1475 1690 1541 pio
1735 1473 1998 1527 solamine
2030 1487 2124 1526 oc-

539 1566 713 1619 currit
739 1568 811 1635 (c.
841 1565 955 1628 25).
1001 1564 1096 1618 llis
1125 1579 1254 1635 ergo
1287 1574 1448 1634 atque
1474 1566 1593 1619 aliis
1624 1565 1924 1635 hujusmodi
1957 1567 2125 1619 hono-

545 1673 665 1710 rum
700 1671 922 1726 operum
974 1658 1166 1712 studiis
1205 1656 1403 1722 fultus,
1445 1657 1510 1710 ad
1560 1667 1798 1712 sanctam
1841 1664 1895 1712 et
1933 1657 2121 1710 lauda-

544 1749 706 1804 bilem
743 1758 1073 1804 senectutem
1103 1751 1345 1820 prrvenit
1375 1760 1429 1804 et
1461 1751 1600 1805 sicut
1625 1750 1977 1819 quadraginta
2009 1749 2124 1804 dies
2159 1745 2200 1804 Β

535 1839 712 1908 jaeuit
744 1841 795 1894 in
825 1841 1134 1910 sepulchro,
1174 1841 1245 1896 ita
1278 1842 1439 1896 etiam
1471 1842 1691 1896 totidem
1716 1857 1887 1896 annos
1926 1843 2125 1896 mansit

545 1934 599 1986 in
633 1933 954 1987 sacerdotali
985 1933 1312 1988 ministerio.

612 2043 699 2097 Η.
743 2042 984 2108 Qualiter
1019 2061 1134 2098 eum
1183 2043 1477 2098 Eurharius
1510 2055 1556 2099 et
1593 2045 1837 2098 Valerius
1865 2045 1928 2098 de
1956 2045 2053 2099 ltoc

919 2119 1113 2168 tumulo
1143 2132 1235 2184 per
1260 2116 1420 2168 risum
1453 2118 1764 2169 vocaverint.

613 2203 662 2258 Is
711 2203 893 2273 itaque
943 2203 1135 2259 solitus
1186 2213 1306 2258 erat
1358 2219 1454 2274 per
1510 2214 1830 2259 nocturnam
1889 2205 2123 2275 quietem

540 2294 716 2348 locum
760 2295 847 2348 ubi
892 2309 1119 2364 corpora
1165 2305 1476 2350 sanctorum
1517 2296 1859 2365 requiescunt
1905 2295 2126 2350 silenter

541 2385 890 2453 frequentate
927 2395 978 2438 ct
1005 2386 1203 2440 ibidem
1237 2386 1442 2441 diutitts
1478 2388 1529 2440 in
1555 2389 1803 2442 oratione
1828 2389 1973 2443 solus
2002 2405 2125 2460 pcr—

539 2477 844 2530 sistn-e'”.
881 2477 1030 2533 Unde
1070 2479 1195 2532 dum
1240 2480 1470 2549 quadam
1517 2491 1673 2533 nocte
1708 2481 1860 2548 juxta
1916 2497 2120 2535 morem

539 2568 770 2621 eandem
819 2568 1120 2622 mccleaiam
1170 2568 1418 2630 intraret,
1468 2571 1648 2639 ibique
1693 2570 1955 2639 prolixius
1995 2571 2124 2624 divi-

540 2673 636 2712 nas
680 2658 863 2714 laudes
904 2660 1228 2726 celebraret,
1273 2664 1416 2714 circa
1455 2663 1686 2714 mediam
1715 2673 1931 2716 noctem
1961 2665 2122 2733 carpit

539 2765 730 2804 stnnno
777 2752 1012 2822 gravari,
1045 2761 1100 2806 et
1142 2753 1208 2806 ah
1255 2752 1509 2806 instantia
1549 2768 1769 2822 precum
1813 2753 2123 2810 ollcudcnte

539 2843 724 2912 sepius
761 2843 937 2913 lingua
973 2843 1260 2899 retardari.
1303 2844 1369 2898 At
1393 2844 1462 2877 ²¹⁸
1488 2845 1578 2899 ille
1617 2846 1668 2898 in
1699 2845 1952 2900 subsellio
1978 2847 2120 2915 quod

538 2935 613 2988 ibi
655 2946 772 2990 erat
805 2936 1120 2999 consideus,
1155 2936 1337 2990 infixis
1377 2938 1443 2989 ad
1483 2937 1740 3006 genuum
1770 2938 1993 3002 cubitis,
2041 2939 2124 2992 iu-

543 3036 623 3080 ter
672 3035 928 3096 utrasque
973 3043 1162 3082 manus
1216 3037 1461 3082 sanctum
1521 3037 1681 3098 caput
1737 3029 2016 3082 reclinavit
2065 3036 2119 3083 et

540 3119 815 3189 paululum
884 3136 1074 3174 somno
1154 3120 1353 3174 cedens
1413 3120 1666 3173 celeriter
1745 3100 2192 3186 obdormivit,C

544 3209 837 3276 statimque
865 3219 1232 3279 apparuerunt
1263 3209 1311 3264 ei
1342 3225 1436 3278 per
1469 3210 1729 3264 \isiutlettt
1763 3221 1984 3265 sanctus
2019 3211 2124 3266 Eu-

541 3301 758 3354 charius
804 3311 857 3354 et
900 3304 1088 3356 beatus
1130 3302 1372 3356 Valerius
1414 3303 1732 3358 clarissimis
1771 3303 1840 3334 “°
1891 3303 2124 3358 vultibus

513 3394 928 3464 splendentes,
986 3396 1410 3451 sacerdotalibus
1474 3396 1656 3451 infulis
1727 3407 2121 3462 coruscantes,

543 3500 776 3540 coronas
835 3487 1076 3556 singulas
1128 3488 1264 3542 rosis
1311 3498 1365 3542 et
1386 3488 1454 3519 m
1512 3489 1640 3544 liliis
1697 3504 1760 3544 ac
1785 3490 1854 3520 ²²²
1914 3490 2124 3544 caeteris

541 3578 828 3634 odoriferis
857 3579 1160 3634 llorihus’m
1198 3579 1429 3634 mirabili
1465 3589 1583 3635 arte
1621 3582 1830 3637 intexas
1876 3583 1928 3636 in
1973 3582 2122 3652 capi-

544 3668 686 3724 ωας
717 3679 1010 3737 gestantes,
1040 3672 1325 3728 consimile
1360 3682 1566 3728 scrtum
1597 3673 2035 3730 demonstrantes
2069 3685 2126 3732 et

543 3759 786 3815 dicentes
817 3779 829 3814 :
861 3759 1013 3827 Ecce,
1047 3763 1301 3826 Materne,
1335 3767 1469 3820 sicut
1501 3765 1623 3820 aliut
1653 3769 1745 3820 tibi
1765 3768 2120 3836 promisimus,

541 3852 616 3905 ita
653 3862 774 3906 ante
811 3854 945 3908 diem
987 3855 1322 3911 dormieiom’s
1359 3867 1462 3912 tua!
1494 3859 1740 3913 uisitandi
1774 3863 1946 3930 gratia
1976 3863 2045 3915 ad
2074 3872 2123 3918 te

539 3946 788 4001 uenimus.
824 3946 981 4002 Nune
1011 3966 1130 4019 ergo
1172 3951 1342 4020 gaude
1374 3961 1422 4004 et
1449 3950 1649 4016 lwtare,
1680 3953 1803 4021 quia
1843 3953 1927 4006 die
1958 3955 2121 4008 tercia

538 4053 602 4090 ex
653 4040 749 4092 hoc
787 4043 962 4094 seculo
1005 4041 1254 4110 migrabis
1293 4052 1339 4095 et
1385 4043 1454 4096 ad
1493 4043 1870 4098 iuenarrabilia
1908 4044 2122 4100 Domini

539 4129 617 4179 tui
659 4131 855 4198 gaudia
905 4131 1160 4185 introibis.
1211 4131 1292 4186 En
1322 4149 1470 4187 cerne
1491 4134 1561 4165 ²²⁸
1585 4134 1810 4202 prcemiii
1838 4135 1914 4188 tui
1949 4136 2124 4190 incor-

539 4219 835 4286 ruptil:i'rm
873 4237 1139 4287 coronam,
1175 4239 1292 4292 qum
1333 4240 1364 4276 a
1400 4224 1649 4292 paradiso
1687 4235 1948 4293 perpetua:
1980 4241 2121 4280 ame-

539 4309 719 4362 uitatis
735 4311 804 4341 ’⁸⁸
829 4321 902 4363 est
932 4322 1155 4380 sumpta,
1184 4323 1230 4366 et
1260 4314 1352 4366 tibi
1377 4331 1409 4366 a
1444 4312 1651 4368 Clu-isto
1692 4331 1784 4384 per
1818 4330 1911 4368 nos
1941 4315 2120 4384 fautu-

535 4398 616 4452 los
651 4399 941 4464 destinata;
979 4403 1131 4472 cujus
1168 4404 1267 4472 flos
1306 4421 1588 4473 numquam
1619 4413 1927 4470 marcescet,
1965 4405 2113 4475 cujus

535 4491 668 4543 odor
705 4509 988 4563 numquam
1023 4512 1052 4547 a
1089 4497 1346 4550 suavitate
1373 4496 1570 4565 deﬁcit,
1603 4497 1754 4566 cujus
1783 4513 2118 4566 perseveran-

535 4584 610 4636 tia
657 4585 811 4652 /inem
851 4604 952 4640 non
989 4589 1151 4654 novit,
1190 4605 1347 4659 quam
1400 4600 1513 4660 post
1557 4589 1942 4660 corruptibilem
1979 4608 2116 4662 pra:-

532 4675 692 4728 sentis
741 4677 856 4730 vita:
903 4677 1367 4749 iurorruptibrliter
1418 4679 1736 4749 possidebis,
1790 4690 1839 4734 et
1893 4682 1947 4734 in
1991 4697 2115 4735 con-

531 4775 708 4832 spectu
738 4767 870 4836 regis
903 4785 1078 4839 regum
1107 4786 1225 4822 cum
1254 4786 1316 4824 ea
1348 4769 1666 4823 a'terualiter
1693 4770 1960 4825 laureatas
1989 4786 2112 4840 per-

531 4864 806 4917 urerabis.
848 4864 945 4919 llis
984 4864 1146 4920 dictis
1195 4879 1320 4919 mox
1355 4863 1734 4933 disparuerunt
1775 4864 1843 4935 (c.
1874 4863 1990 4933 24).
2022 4863 2114 4919 Ille

2223 466 2376 521 laetus
2397 467 2461 520 de
2481 476 2696 521 ostensa
2717 466 2818 521 sibi
2848 465 3052 520 visione
3070 462 3268 527 extitit,
3295 458 3388 515 sed
3413 458 3596 514 statim
3625 463 3801 510 tamen

2225 557 2415 612 adesse
2439 557 2508 588 ²¹⁶
2557 558 2801 627 corporis
2839 555 3138 611 molestiam
3188 553 3377 618 sensit,
3432 549 3804 617 accersiloque

2225 649 2474 704 ministro
2499 664 2622 703 cum
2655 647 2771 717 ejus
2801 645 3230 717 adjuvamine’"
3254 644 3319 699 ad
3350 642 3596 698 cellulam
3625 639 3800 704 rediit,

2223 748 2278 795 et
2323 755 2568 795 seorsum
2622 738 2980 795 fan'iiliaribus
3029 736 3306 807 discipulis
3354 736 3456 790 hoc
3510 733 3654 803 quod
3706 731 3803 786 sibi

2225 839 2501 886 ostensum
2537 829 2709 885 fuerat
2746 829 2927 884 retulit
2962 833 3030 899 (c.
3061 828 3175 898 Ἡ).
3221 828 3315 882 Die
3354 835 3531 881 autem
3568 823 3804 878 crastina

2227 930 2519 977 convocata
2550 923 2613 975 ad
2643 937 2700 977 se
2727 920 2956 976 fratrum
2988 930 3227 986 caterva,
3257 919 3424 988 cmpit
3444 931 3536 971 eos
3565 915 3805 970 studiose

2227 1017 2291 1070 de
2321 1015 2440 1070 fidei
2483 1016 2790 1086 integritate
2829 1016 3123 1069 admonere
3158 1025 3214 1067 et.
3253 1014 3465 1066 animos
3504 1023 3693 1064 eorum
3741 1009 3807 1060 ad

2226 1107 2436 1162 caeleste
2467 1108 2790 1163 desiderium
2837 1105 3244 1163 delectabilihus
3277 1104 3456 1158 verbis
3484 1101 3803 1162 accendere,

2227 1217 2290 1256 ac
2330 1218 2426 1271 ter
2463 1210 2637 1255 totum
2682 1203 2821 1257 diem
2858 1202 3113 1256 salutaria
3163 1201 3365 1254 monita
3403 1198 3481 1252 eis
3522 1197 3655 1251 dare
3702 1211 3804 1248 non

2201 1311 2465 1360 cessans,
2505 1295 2759 1364 usquc'“
2804 1295 2870 1349 ad
2910 1307 3156 1349 octavam
3195 1293 3383 1348 horam
3432 1288 3808 1357 subsequentis

2226 1389 2403 1442 noctis
2441 1403 2744 1442 sermonem
2789 1385 3219 1439 exhortatoriam
3260 1382 3548 1454 protraxit,
3589 1379 3807 1448 etquod

2230 1478 2491 1547 reliquum
2537 1479 2711 1532 noctis
2749 1486 3058 1546 supererat,
3109 1476 3160 1528 in
3200 1472 3422 1544 psalmis
3447 1481 3499 1524 et
3538 1470 3719 1543 ymuis
3740 1467 3808 1500 ¹¹⁹

2227 1587 2347 1625 cum
2379 1570 2636 1625 fratribus
2661 1569 2939 1639 transegit.
2962 1569 3087 1622 l’ost
3115 1566 3380 1637 pullorum
3411 1578 3540 1618 vero
3565 1571 3804 1620 cantum.

2229 1662 2464 1717 instante
2489 1661 2601 1730 jam
2631 1662 2739 1725 die,
2781 1661 2926 1714 venit
2963 1659 3194 1727 desuper
3239 1657 3384 1710 clara
3426 1671 3554 1716 vox,
3599 1651 3811 1706 cunctis

2229 1757 2319 1826 qui
2363 1757 2413 1809 in
2463 1755 2550 1809 illa
2599 1752 2787 1808 cellula
2835 1760 2990 1806 erant
3029 1749 3395 1811 audientibus,
3428 1747 3656 1801 dicens:
3698 1743 3812 1797 Ma-

2227 1857 2403 1909 terne,
2435 1845 2621 1899 dilecte
2654 1843 2766 1908 Dei,
2807 1843 2938 1896 reui.
2971 1841 3072 1908 Qui
3095 1841 3165 1871 ”°
3197 1855 3322 1894 mox
3353 1837 3505 1907 quasi
3537 1845 3810 1889 assuetam

2227 1954 2412 1993 vocem
2451 1936 2697 1998 audiens,
2731 1948 3025 1988 conversus
3059 1933 3124 1986 ad
3153 1932 3576 1987 circumstantes
3608 1926 3810 1978 fratres

2227 2031 2344 2084 ait:
2391 2027 2592 2091 Valete,
2626 2023 2863 2094 ﬁlioli’“
2911 2024 3009 2076 mei
3051 2033 3098 2076 et
3123 2023 3317 2076 viscera
3349 2035 3483 2073 mea.
3524 2015 3636 2086 Ego
3677 2015 3810 2068 enim

2217 2121 2334 2191 jam
2375 2117 2631 2189 migrabo,
2677 2125 2725 2171 et
2762 2116 2818 2169 in
2859 2114 3102 2185 prmaenti
3140 2110 3314 2167 seculo
3367 2107 3593 2179 amplius
3636 2106 3809 2160 vobis-

2227 2211 2426 2265 cum’”
2475 2226 2580 2264 non
2614 2224 2727 2263 ero.
2772 2207 2836 2260 Et
2869 2205 2986 2261 haec
3023 2205 3210 2260 dicens
3233 2202 3320 2270 ³³³,
3371 2199 3808 2256 communionem

2226 2300 2482 2358 dominici
2546 2297 2874 2354 sacramenti
2932 2295 3179 2365 accepit,
3231 2291 3525 2359 statimque
3564 2298 3808 2343 sanetam

2226 2394 2460 2448 animum
2490 2391 2756 2447 cxalavit:
2786 2389 2892 2443 Pro
2924 2387 3076 2456 cujus
3098 2384 3424 2440 absolutione
3455 2382 3508 2436 hi
3540 2379 3634 2451 qui
3665 2393 3804 2450 prs:-

2225 2495 2406 2539 scutcs
2473 2483 2703 2536 aderant
2763 2478 2948 2534 fideles
3004 2478 3297 2546 condignas
3344 2471 3606 2542 exequias
3679 2484 3807 2524 con-

2225 2573 2505 2643 pleverunt
2534 2571 2604 2603 ’³³
2643 2577 2696 2625 et
2733 2571 2850 2640 ejus
2880 2583 3079 2639 corpus
3121 2581 3225 2620 non
3269 2564 3426 2632 longe
3477 2578 3508 2616 a
3555 2560 3802 2630 reliquiis

2224 2677 2535 2721 sanctorum
2576 2663 2830 2719 Eucharii
2884 2676 2947 2715 ac
3004 2659 3200 2714 Valerii
3259 2654 3652 2712 honorabiliter
3712 2668 3804 2724 po-

2224 2758 2495 2832 suerunt].

2225 2897 2310 2953 15.
2351 2895 2430 2950 De
2461 2905 2574 2952 octo
2604 2897 2674 2928 ’³ο
2713 2895 2967 2964 episcopis
2998 2894 3087 2964 qui
3130 2894 3278 2947 beato
3316 2890 3557 2946 Materno
3591 2890 3647 2942 in
3683 2888 3803 2942 sedc

2656 2966 2944 3038 Tungreusi
2982 2972 3361 3019 successerunt.

2295 3082 2496 3151 illoque
2532 3079 2784 3136 humanis
2826 3087 3100 3147 exempto,
3143 3072 3416 3130 secundus
3443 3073 3492 3127 ei
3532 3071 3812 3127 cathedra

2225 3174 2478 3244 prarsctlit
2502 3172 2747 3232 Navitus,
2781 3169 2979 3224 tercius
3008 3167 3323 3230 Marcellus.
3354 3173 3587 3235 quartus
3614 3163 3810 3218 Metro-

2223 3263 2398 3334 polns,
2424 3264 2646 3332 quintus
2677 3259 2994 3322 Severinus,
3027 3267 3213 3314 sextus
3234 3255 3605 3318 Florentinus,
3642 3254 3808 3324 septi-

2224 3371 2343 3409 mus
2372 3354 2637 3408 Martinus
2657 3353 2751 3417 ’³⁸,
2785 3360 3012 3406 octavus
3065 3349 3353 3411 Maximus,
3390 3361 3569 3401 nouus
3611 3346 3811 3400 Valen-

2228 3447 2390 3502 tinus.
2439 3444 2540 3512 Qui
2579 3458 2809 3513 quorum
2842 3440 2927 3497 vel
2961 3441 3352 3518 imperatorum
3395 3435 3476 3491 vel
3524 3437 3808 3491 consulum

2224 3537 2519 3594 claruerint
2575 3534 2934 3605 temporibus,
2990 3547 3236 3603 quosque
3292 3531 3404 3585 vita
3467 3528 3810 3598 singulorum

2226 3628 2476 3684 habuerit
2501 3627 2699 3690 exitus,
2734 3635 2974 3696 quotque
3010 3623 3205 3695 singuli
3245 3621 3404 3676 annis
3433 3620 3808 3676 amministra-

2223 3719 2405 3773 verint
2433 3717 2664 3772 ollicium
2704 3714 3052 3787 pontificatus
3074 3755 3089 3780 ,
3131 3711 3211 3768 vel
3246 3712 3334 3768 ubi
3365 3725 3712 3782 quorumque
3741 3709 3810 3763 sit

2229 3809 2492 3874 tumulus,
2521 3823 2616 3864 seu
2648 3815 2910 3877 quantum
2932 3807 3163 3874 quisque
3187 3803 3525 3873 ampliaverit
3549 3801 3811 3856 :ecclesia:

2224 3915 2335 3955 sua:
2363 3901 2588 3966 reditus,
2621 3899 2745 3968 quia
2771 3899 2935 3953 totius
2961 3896 3150 3950 Gallia:
3190 3895 3260 3949 ab
3285 3892 3458 3948 llunis
3522 3891 3669 3947 facta
3697 3906 3808 3946 non

2226 3993 2400 4047 solum
2459 4001 2655 4046 nostra:
2716 3989 2812 4045 sed
2872 3989 3104 4043 aliarum
3150 3986 3526 4043 ecclesiarum
3569 3983 3808 4038 abolevit

2224 4081 2457 4147 eversio,
2507 4095 2608 4135 nec
2652 4096 2681 4134 a
2737 4079 2893 4134 nobis
2921 4079 3141 4135 lectoris
3194 4077 3425 4148 alicujus
3471 4074 3807 4144 requiratm

2223 4173 2457 4228 exactio.
2491 4171 2602 4225 Hoc
2628 4180 2838 4226 certum
2871 4179 3119 4226 tenemus
3158 4169 3402 4224 omnium
3429 4164 3801 4220 ecclesiarum

2222 4266 2405 4335 copias
2426 4264 2780 4328 exuberasse,
2808 4261 2951 4318 circa
2987 4277 3050 4317 ea
3083 4261 3293 4316 scilicet
3327 4271 3568 4329 tempora
3602 4273 3714 4327 quo
3734 4256 3802 4288 ³³⁷

2221 4360 2358 4413 divae
2401 4357 2676 4412 memoria:
2714 4356 2959 4411 Romano
2996 4357 3114 4410 orbi
3153 4363 3385 4426 praeerat
3413 4351 3802 4408 Constantinus

2147 4460 2192 4517 ι)
2219 4457 2510 4518 angustus,
2542 4445 2736 4500 deinde
2781 4444 2874 4498 lilii
2906 4444 3071 4514 ipsius
3116 4442 3386 4498 Constans
3429 4450 3484 4497 et
3525 4439 3796 4496 Constan-

2220 4541 2347 4592 tius.

2218 4673 2304 4727 16.
2349 4670 2590 4738 Qualiter
2617 4669 2670 4723 iu
2707 4667 2926 4721 diversis
2953 4665 3078 4720 locis
3106 4664 3384 4738 orthodoxi
3422 4662 3521 4716 riri
3549 4661 3794 4716 Arriana:

2745 4738 2914 4792 heresi
2949 4737 3247 4791 restiterim.

2287 4856 2405 4924 Quo
2428 4855 2501 4887 ’³⁸
2521 4854 2684 4908 etiam
2710 4860 2954 4922 tempore
2978 4848 3249 4904 inclinatis
3272 4847 3515 4918 religioni
3538 4845 3792 4900 christia-

1805 5078 2033 5134 VARUE
2059 5076 2454 5135 LECTIONES.

2435 5237 2464 5252 η
2568 5235 2626 5252 -.ο
2759 5233 2818 5252 ιιι
2931 5234 3000 5252 ιιι
3042 5244 3052 5252 .
3192 5243 3204 5252 .
3232 5231 3292 5252 με
3403 5231 3472 5252 ιιι
3510 5247 3702 5252 -..-----..
3728 5229 3763 5252 Δ
