4094 5252
326 287 458 343 Hm

1391 282 1716 338 HERlGEllI
1752 281 1978 335 GESTA
2009 281 2223 336 EPISC.
2254 280 2454 336 [ΞΟΠ.

3459 275 3599 331 £022

323 415 408 454 me
441 396 776 467 principibus
835 395 982 449 orbis
1033 393 1201 463 (275),
1253 410 1314 448 ac
1370 409 1467 462 per
1515 393 1617 447 hoc
1664 400 1913 447 cessante
1942 399 1987 454 Α
2015 396 2126 449 suis
2163 397 2328 450 cll'cra
2372 410 2505 463 gens
2550 393 2850 454 Hunorum,
2897 406 3017 462 qua:
3053 405 3148 460 per
3179 398 3350 444 totum
3403 387 3598 443 diliusa

326 491 542 544 turbine
591 486 988 558 persecutionis
1018 485 1109 545 '3’,
1169 485 1598 538 exuierantibus
1639 481 1910 536 facultati-

325 583 426 633 luts
451 576 876 638 :ecclesiasticis,
908 585 1113 644 quanto
1135 574 1410 627 aﬂluentia
1454 573 1754 643 augebatur
1777 571 1914 625 divi-

327 672 548 732 tiarum,
583 676 733 720 tanto
757 665 1002 718 luxus“o
1040 667 1277 719 fomenta
1317 665 1764 718 subministrabat
1796 662 1913 716 libi-

323 760 514 812 dinum
545 758 640 823 Ν,
670 759 782 812 inec
813 757 1153 826 potissimum
1181 755 1320 810 tnala
1351 766 1642 825 superante
1671 754 1914 808 Arriana:

325 848 552 916 perﬁdia
590 849 860 909 hereseos,
893 861 1012 914 quae
1050 847 1121 877 ’δ’
1169 845 1329 915 pullis
1373 847 1455 898 sui
1505 843 1710 898 erroris
1745 851 1911 897 totum

327 950 662 1011 resperserat
705 941 890 994 orbem
936 940 1325 993 Romanorum.
1383 939 1481 992 Cui
1530 939 1668 1006 pesti
1713 936 1916 1004 ubique

328 1032 574 1101 serpenti
636 1031 961 1085 resistebant
1013 1031 1355 1099 potissimum
1403 1045 1432 1082 a
1477 1029 1616 1082 collo
1661 1027 1917 1081 :rcclcsize

324 1132 381 1176 et
406 1132 554 1175 turre
583 1121 694 1175 veri
730 1121 896 1174 David
927 1136 1046 1189 qua:
1077 1120 1325 1174 editicata
1357 1128 1441 1172 est
1466 1135 1587 1171 rum
1611 1132 1918 1188 propugna-

324 1215 495 1274 culis.
556 1215 926 1283 dependentes
976 1213 1121 1268 inille
1161 1212 1353 1282 clipei,
1401 1211 1580 1264 omnis
1641 1221 1916 1263 armatuta

327 1307 548 1360 fortium
582 1307 760 1375 (Cum.
791 1319 864 1361 Iv.
897 1304 974 1368 4),
1008 1304 1268 1358 Silvester
1312 1303 1706 1363 Romanorum,
1744 1301 1914 1353 Atha-

326 1397 516 1449 nasius
545 1394 1391 1456 Alexandrinum-unt,Ambrosius
1415 1391 1917 1456 Mediolanensiutn,

323 1486 596 1539 Maximus
624 1486 998 1549 Trevirorum,
1046 1485 1284 1539 Hilarius
1314 1483 1660 1538 Pictavorutn
1683 1522 1698 1545 ,
1729 1479 1919 1535 Marti—

325 1595 432 1633 nus
457 1577 824 1633 Turonorum.
841 1577 1085 1631 Anianus
1110 1577 1600 1639 Aurelianensium,
1618 1574 1918 1630 Severinus

325 1669 760 1732 Coloniensium,
792 1668 1056 1723 Eusebius
1105 1666 1533 1723 Vercellensium
1567 1677 1622 1720 et
1657 1682 1798 1737 eque
1826 1665 1914 1718 alii

2015 496 2100 544 est
2147 489 2332 541 orbem
2384 487 2684 540 Romanum
2715 488 2806 539 ³⁸⁸.
2853 485 3020 554 (initis
3065 493 3193 536 ante
3241 496 3303 535 ea
3345 481 3415 515 W
3464 491 3600 534 tem-

2013 597 2141 650 pora
2173 581 2360 634 invism
2404 579 2580 650 gentis
2622 587 2863 641 exortus,
2915 587 2972 628 ιιι
3004 591 3123 630 sese
3155 575 3254 628 lert
3294 572 3600 641 antiquitas

2015 674 2318 736 relationis,
2350 689 2446 727 nos
2489 687 2703 742 quoque
2739 671 3083 727 absolvatnus
3121 666 3427 737 perpaucis.
3470 663 3602 719 Fer-

2018 775 2102 819 tur
2132 780 2364 832 namquc
2398 780 2424 816 a
2475 763 2818 832 quibusdam.
2867 759 3008 830 quod
3063 769 3306 827 tempore
3350 753 3602 809 lamis’”

2015 873 2134 926 quae
2175 855 2314 910 facta
2363 864 2443 908 est
2465 855 2532 884 ²⁵¹
2563 869 2705 908 anno
2752 854 2964 908 decium
2991 851 3198 905 Claudii
3229 849 3370 918 (Aer.
3403 863 3479 909 ιι,
3507 845 3601 915 28)

2015 945 2270 1002 Ωιι-επις,
2306 943 2462 1011 cujus
2488 954 2539 998 et
2569 946 2742 998 Lucas
2773 943 2825 996 in
2855 942 3069 996 actibus
3093 938 3464 1010 aposmlorum
3495 952 3605 990 me-

2020 1036 2175 1088 mittit
2226 1034 2398 1103 (279),
2451 1032 2670 1086 cunt’"
2717 1042 2768 1085 et
2820 1030 3014 1084 Petrus
3063 1029 3295 1083 Romam
3329 1028 3606 1096 ingressus

2019 1141 2218 1178 itotnun
2251 1138 2451 1176 annum
2495 1131 2710 1192 ageret,
2745 1130 2798 1174 et
2845 1121 3043 1174 Paulus
3093 1134 3282 1174 omnes
3329 1118 3608 1172 mcclcsias

2019 1217 2084 1270 ad
2123 1216 2478 1268 elemosinam
2515 1213 2845 1282 pauperibus
2883 1221 3198 1267 sanctorum
3232 1210 3604 1265 lberosolimis

2021 1310 2339 1363 mittendam
2390 1318 2634 1362 moneret
2667 1338 2735 1347 ——
2771 1307 2983 1360 modius
3032 1306 3176 1359 enim
3227 1321 3456 1358 attitonze
3513 1319 3606 1358 sex

2020 1401 2258 1468 dragmis
2305 1402 2485 1455 aureis
2534 1409 2664 1469 aput
2707 1400 2960 1454 Greciam
3008 1399 3608 1458 vendebatur—enm,

2023 1493 2265 1560 inquam,
2291 1508 2356 1546 eo
2383 1501 2642 1560 tempore,
2665 1502 2720 1544 ut
2747 1491 2919 1544 Lucas
2949 1489 3079 1545 dicit
3105 1490 3196 1552 ’5',
3227 1488 3484 1542 Claudius
3514 1503 3612 1555 pro

2023 1584 2201 1652 inopia
2235 1593 2403 1636 totttttt
2438 1585 2622 1636 urbem
2669 1581 3020 1652 proﬂigatura
3060 1596 3164 1634 non
3199 1579 3372 1634 solum
3410 1577 3613 1632 Judeos

2021 1675 2214 1746 expelli
2241 1675 2492 1743 jussisset
2535 1674 2603 1726 ah
2631 1673 2795 1735 Urbe,
2827 1673 2921 1726 scd
2972 1681 3027 1726 et
3074 1687 3266 1726 omnes
3309 1670 3611 1725 inbecillio-

322 1761 583 1816 catbolici
625 1776 688 1814 ac
731 1760 979 1830 prmi-lari
1010 1760 1125 1832 ejus
1157 1761 1417 1829 temporis
1466 1758 1702 1828 episcopi
1745 1757 1916 1828 (276)-
1947 1759 1996 1821 Β
2027 1785 2112 1822 res
2133 1768 2204 1798 ’⁵³
2233 1784 2355 1820 cum
2390 1767 2522 1837 ipsis
2545 1765 2754 1829 .ludcis,
2781 1776 2835 1819 ut
2861 1765 3051 1818 saltem
3085 1764 3379 1818 validiores
3402 1772 3614 1816 susten-

326 1853 406 1906 Ει
455 1853 654 1922 quibus
699 1851 1032 1905 Athanasius
1085 1860 1197 1904 toto
1249 1850 1382 1904 orbe
1430 1849 1680 1919 fugatur,
1739 1848 1834 1902 sed
1889 1862 1920 1900 a

328 1941 628 1995 Maximino
644 1939 993 1993 Trevirorum
1019 1938 1433 2008 archiepiscopo
1456 1938 1722 2007 intrepide
1745 1937 1920 1991 susci-

327 2034 480 2102 pi1ur
513 2032 680 2101 (277).
719 2031 977 2086 Paulinus
1026 2040 1146 2100 post
1169 2047 1291 2086 eum
1333 2032 1621 2100 cpiscopus
1652 2046 1772 2083 cum
1818 2029 1924 2082 Ro-

329 2125 495 2178 di.tno
519 2124 665 2194 (278)
709 2132 764 2178 et
812 2123 1018 2177 Hilario
1046 2138 1183 2192 eque
1216 2122 1513 2178 Galliarum
1561 2121 1832 2191 episcopis
1868 2120 1922 2173 in

328 2215 519 2284 Frigia
551 2215 713 2271 exilio
738 2217 1088 2279 damnantur,
1126 2218 1215 2271 ubi
1261 2225 1316 2270 et
1346 2217 1602 2270 Paulinus
1635 2213 1928 2269 Treviren-

329 2311 410 2364 sis
437 2309 664 2363 exulans
693 2316 921 2364 multem
971 2311 1105 2365 obiit
1143 2310 1265 2381 (An.
1294 2310 1441 2380 56S).
1491 2307 1697 2362 llae'“
1740 2309 1926 2378 itaque

331 2403 451 2456 fece
497 2401 599 2455 sub
633 2401 817 2454 multis
843 2401 1037 2456 deinde
1068 2401 1488 2471 imperatoribus
1533 2415 1630 2469 per
1667 2398 1924 2454 christia-

329 2509 466 2546 num
518 2493 801 2562 imperium
840 2507 1011 2561 usque
1043 2493 1108 2546 ad
1157 2502 1396 2562 tempora
1428 2489 1672 2544 Valentis
1711 2489 1925 2560 augusti

330 2586 656 2655 pullulante,
682 2586 857 2639 videns
881 2585 1181 2638 Altissimus
1204 2585 1342 2653 quod
1370 2585 1537 2637 multa
1567 2582 1772 2636 malitia
1795 2591 1926 2636 esset

331 2675 606 2727 hominum
652 2683 700 2726 et
744 2683 931 2726 cuncta
978 2675 1222 2743 cogitatio
1263 2673 1437 2726 cordis
1486 2672 1707 2725 humani
1761 2687 1928 2740 prona

333 2776 470 2821 esset
503 2766 570 2818 ad
614 2767 811 2818 malum
855 2766 995 2818 omni
1026 2776 1254 2834 tempore
1295 2762 1451 2834 (Gen.
1482 2779 1559 2828 vt,
1581 2762 1670 2831 5),
1701 2763 1792 2832 qui
1819 2762 1932 2831 pri-

336 2879 489 2918 nium
532 2879 627 2932 per
667 2877 932 2930 aquarum
961 2861 1219 2914 diluvium
1242 2860 1314 2890 m
1349 2874 1566 2913 onmem
1600 2864 1930 2926 purgaverat

336 2967 574 3018 terram,
612 2969 677 3009 ne
700 2953 770 2985 Μ
799 2952 1188 3006 commixtione
1236 2952 1469 3006 ﬁliorum
1521 2951 1640 3012 Dei,
1679 2950 1748 3004 de
1795 2948 1928 3003 Seth

337 3050 588 3104 videlicet
637 3056 1072 3120 procreatortim,
1121 3066 1242 3104 cum
1295 3050 1508 3104 ﬁliabus
1553 3049 1830 3103 hoiuinum
1861 3064 1925 3101 ex

334 3143 471 3195 Cain
501 3141 772 3209 generatis
795 3141 866 3172 '"
897 3141 1345 3210 coinqttinaretur
1375 3141 1660 3210 progenies
1679 3179 1692 3204 ,
1723 3141 1789 3194 de
1819 3156 1922 3209 qua

335 3248 441 3302 pro
474 3243 655 3286 nostra
685 3233 858 3287 salute
904 3248 1124 3287 carnem
1157 3234 1480 3288 decreverat
1509 3247 1726 3287 sumere
1765 3249 1777 3284 :
1812 3231 1926 3300 ipse

335 3326 424 3378 bis
450 3326 784 3395 temporibus
807 3325 924 3379 orbi
945 3325 1187 3379 Romano
1209 3334 1609 3395 praeparaverat
1633 3323 1925 3389 excidium,

335 3433 406 3471 ne
435 3418 677 3472 tecclesia
728 3433 831 3470 non
876 3417 1082 3473 habens
1128 3418 1395 3474 maculam
1444 3427 1538 3471 aut
1594 3430 1781 3486 rugam
1829 3431 1927 3470 suo

334 3505 603 3576 sanguine
653 3507 925 3576 redempta
976 3517 1031 3560 et
1078 3522 1218 3576 aqua
1251 3507 1506 3576 baptismi
1548 3522 1710 3574 super
1748 3505 1955 3560 nivem.

333 3599 590 3655 dealbata
620 3600 850 3654 Arriana
875 3601 1077 3654 diutius
1109 3601 1413 3654 fuscaretur
1443 3599 1687 3671 perfidia.

419 3712 508 3768 17.
543 3712 618 3767 De
647 3710 822 3766 Hunis
852 3729 944 3783 per
976 3722 1140 3852 ιοὲιιᾶιι
1173 3713 1452 3774 imperium
1493 3711 1854 3766 Rontanorum

1060 3801 1074 3836 t
1124 3800 1254 3837 usis.

1060 3800 1254 3837 tnusts.

415 3872 658 3929 Valentis
690 3873 852 3942 igitur
886 3873 1231 3944 imperatoris
1271 3883 1514 3942 tempore
1555 3873 1645 3943 qui
1674 3888 1932 3942 persecu-

338 3966 548 4019 tionem
573 3964 899 4020 novissimus
922 3964 991 3996 m
1017 3964 1280 4018 tecelesiis
1307 3963 1594 4018 catholicis
1617 3978 1723 4017 non
1753 3964 1932 4018 timuit

284 4069 297 4077 '
339 4057 639 4119 intentare,
679 4063 734 4110 et
772 4057 840 4111 ab
877 4055 1120 4110 Eudoxio
1161 4055 1600 4111 heresiarche’"
1634 4057 1929 4123 rebaptiza-

341 4155 436 4201 tus
465 4156 549 4199 est
587 4144 822 4200 Arriano
856 4145 1405 4213 dogmate,~excitata
1450 4154 1536 4201 est
1580 4145 1647 4200 de
1688 4144 1928 4200 latibulis

2028 1869 2275 1914 tarentur
2316 1860 2522 1928 reliquo
2571 1873 2732 1927 pane,
2785 1858 2961 1912 claudi
3013 1855 3234 1911 fecisset
3276 1856 3328 1910 in
3377 1857 3611 1925 quodam

2025 1949 2209 2003 abdito
2245 1959 2428 2013 teme,
2461 1949 2730 2002 coaluisse
2779 1963 2950 2016 usque
2993 1946 3057 2000 ad
3110 1947 3422 2014 supradicta
3475 1957 3611 1999 tem-

2025 2059 2155 2113 pora
2197 2044 2248 2096 iit
2293 2052 2507 2111 gentem
2558 2056 2847 2109 magnam;
2889 2038 3102 2110 Ungros
3150 2037 3382 2106 denique
3424 2047 3613 2112 notum

2024 2145 2108 2190 est
2140 2135 2268 2190 huic
2315 2135 2468 2187 fama:
2501 2133 2769 2187 assentari
2817 2131 2979 2194 velle,
3012 2131 3103 2200 qui
3149 2139 3205 2185 et
3241 2129 3451 2198 iactant
3493 2147 3552 2185 se
3581 2146 3611 2185 a

2025 2225 2211 2283 Jutlcis
2236 2224 2506 2294 originem
2540 2224 2760 2278 dueere.
2797 2223 2869 2276 De
2898 2221 3067 2275 llunis
3097 2231 3276 2274 autem
3304 2219 3615 2274 cum‘mnlti

2029 2315 2454 2386 historiographi
2489 2314 2685 2379 assint,
2733 2313 2888 2368 testis
2920 2313 3238 2367 verissimus
3269 2327 3380 2381 prze
3406 2311 3619 2365 cteteris

2029 2411 2182 2462 adest
2215 2407 2469 2462 Jordanis
2499 2407 2791 2476 cpiscopus
2811 2447 2825 2470 ,
2855 2408 2977 2475 quis
3011 2393 3222 2460 eorum.
3248 2404 3409 2458 fuerit
3437 2414 3614 2468 ortus,

2031 2503 2082 2556 iii
2120 2502 2349 2556 historia
2391 2501 2455 2555 de
2495 2501 2662 2570 gestis
2708 2500 3008 2553 Gothorum
3054 2498 3134 2553 vel
3177 2497 3436 2552 Getarum
3468 2495 3617 2549 luctt-

2031 2593 2333 2649 lentissime
2364 2592 2507 2646 edita
2543 2591 2595 2645 itt
2627 2591 2742 2646 haec
2779 2592 2939 2643 verba
2971 2607 2984 2642 ε

2102 2708 2187 2762 18.
2234 2705 2387 2772 Quod
2426 2705 2490 2758 ult
2535 2704 2803 2757 inmundis
2852 2703 3120 2771 spiritibus
3171 2713 3218 2755 et
3267 2717 3332 2755 ex
3376 2702 3541 2771 magis

2372 2775 2676 2828 mulieribus
2711 2774 2971 2843 procreati
2999 2773 3266 2826 dicuntur.

2103 2867 2326 2941 [Postea
2343 2867 2414 2898 m
2435 2877 2618 2920 autem
2650 2881 2754 2919 non
2783 2864 2925 2933 longi
2957 2864 3217 2934 temporis
3251 2861 3617 2926 intervallum,

2031 2969 2090 3013 ut
2129 2959 2290 3013 refert
2335 2957 2617 3018 llorosius.
2647 2949 2936 3010 [Hunorum
2979 2969 3108 3024 gens
3137 2968 3258 3008 cum
3287 2953 3434 3007 omni
3471 2951 3618 3006 iera-

2031 3053 2194 3107 citate
2235 3051 2474 3104 atrocior
2513 3049 2720 3103 exarsit
2753 3049 2805 3101 in
2846 3047 3054 3102 Gothos
3075 3046 3169 3100 ηδ.
3222 3045 3355 3100 Nam
3395 3047 3511 3108 hos,
3562 3053 3621 3099 ttt

2037 3141 2202 3198 refert
2235 3142 2560 3212 antiquitas,
2597 3141 2668 3194 ita
2701 3139 3014 3193 constitisse
3053 3138 3417 3206 comperimus
3472 3137 3617 3206 (Jor-

2037 3235 2187 3295 dau.,
2223 3232 2360 3301 2i):
2411 3231 2632 3285 Filitncr
2679 3232 2748 3262 ⁸³⁸
2797 3248 2890 3285 rex
2937 3230 3236 3286 Gothorum
3265 3229 3335 3262 ’⁸⁸
3367 3229 3618 3284 ϐριάειιίιί

2039 3325 2217 3393 magni
2248 3323 2406 3387 illius,
2432 3321 2522 3390 qui
2554 3332 2674 3391 post
2703 3337 2980 3391 egressum
3013 3320 3250 3376 Scantize
3281 3321 3470 3375 insulze
3506 3319 3618 3389 jam

2035 3418 2227 3486 quinto
2269 3416 2386 3470 loco
2426 3425 2612 3469 tenens
2634 3415 2702 3446 ⁸⁵⁷
2737 3415 3102 3485 principatum
3148 3415 3478 3479 Getharum,
3527 3414 3620 3482 qui

2037 3520 2088 3562 t-t
2122 3519 2294 3561 terras
2343 3508 2614 3562 Scithicas
2654 3523 2776 3561 cum
2825 3523 2922 3561 sua
2975 3517 3134 3578 gente
3183 3507 3494 3567 introisset,
3542 3506 3620 3560 si-

2035 3587 2227 3653 eut'”
2269 3615 2296 3652 a
2339 3599 2495 3653 nobis
2531 3600 2735 3652 dictum
2767 3609 2870 3663 est,
2899 3600 3131 3668 repperit
3181 3616 3234 3652 tn
3283 3602 3476 3668 populo
3521 3613 3618 3653 suo

2034 3688 2294 3757 quasdam
2347 3703 2534 3757 magas
2599 3688 2888 3752 mulieres,
2937 3703 3072 3756 quas
3135 3687 3311 3756 patrio
3365 3702 3623 3741 sermone

2036 3780 2399 3835 l-laliorunnas
2455 3779 2498 3832 is
2549 3779 2665 3847 ipse
2719 3779 3093 3847 cognominat,
3148 3793 3347 3846 easque
3408 3777 3622 3833 habens

2034 3881 2354 3941 suspectas,
2402 3870 2469 3924 de
2527 3871 2704 3925 medio
2751 3872 2835 3925 sui
2893 3871 3201 3940 proturbat,
3247 3869 3508 3940 longeque
3549 3871 3619 3924 ab

2038 3965 2279 4018 exercitu
2324 3980 2424 4018 suo
2455 3963 2690 4034 fugatas,
2742 3964 2794 4018 in
2842 3964 3133 4018 solitudine.
3177 3965 3354 4034 coegit
3405 3979 3617 4019 errare.

2038 4058 2186 4124 Quas
2217 4057 2438 4127 spiritus
2484 4057 2725 4111 inmundi
2755 4072 2852 4126 per
2881 4057 3158 4111 heremum
3201 4066 3461 4126 vagantes
3490 4058 3620 4112 dum

2041 4149 2302 4204 vidissent
2332 4157 2386 4204 et
2408 4164 2467 4203 se
2493 4163 2683 4203 earum
2716 4147 3090 4219 complexibus
3119 4148 3170 4202 in
3197 4149 3342 4203 coitu
3371 4148 3618 4204 miscuis-

1664 4331 1743 4386 VA
1753 4328 1891 4386 [WE
1925 4328 2216 4386 LECTION
2224 4331 2326 4386 ES.

3298 4475 3326 4512 ε
3371 4458 3622 4514 diluium.

2103 4463 2172 4502 ³⁵¹
2226 4460 2425 4533 reliqua
2474 4472 2662 4518 desunt
2702 4459 2802 4516 Ch.
2878 4461 2948 4493 "'
2990 4477 3126 4514 corr.
3184 4460 3233 4514 1.
3298 4475 3326 4512 e
3371 4459 3461 4512 dilt

2103 4534 2176 4583 ais
2213 4536 2260 4583 1.
2341 4534 2409 4564 ³³⁷
2441 4534 2786 4583 heresiarche
2815 4549 2955 4583 corr.
3017 4533 3116 4583 clta
3175 4531 3230 4583 2.
3307 4529 3378 4562 ³³⁸⁸
3418 4530 3464 4583 ll

3466 4547 3623 4584 oma-

421 4468 493 4500 m
529 4467 993 4538 persecutionibus
1025 4467 1076 4522 1.
1152 4468 1223 4499 ’⁸⁸
1251 4468 1390 4522 luxis
1422 4466 1473 4520 5.
1555 4465 1624 4497 ’³³
1668 4481 1927 4533 superscr.
1967 4464 2023 4517 2.
2103 4464 2172 4502 ""
2226 4464 2425 4533 reliqua
2474 4472 2662 4518 desunt
2702 4464 2802 4516 Ch.
2878 4464 2948 4493 '“
2990 4477 3126 4514 corr.
3184 4464 3202 4512 1

421 4548 428 4569 ι
469 4554 574 4588 non
600 4539 657 4588 2.
687 4539 741 4588 5.
817 4539 888 4571 ³⁸³
926 4554 989 4588 ex
1027 4553 1090 4588 ea
1149 4539 1477 4588 inuettcratis
1523 4536 1574 4588 1.
1616 4537 1669 4588 5.
1748 4535 1818 4568 ²⁶⁶
1866 4534 2176 4588 novissimis
2213 4536 2260 4588 1.
2341 4534 2409 4564 ³³⁷
2441 4534 2786 4588 heresiarehe
2815 4549 2955 4585 corr.
3017 4533 3116 4585 cha
3175 4531 3210 4585 2

2459 4547 2786 4588 tereSIarcne
2815 4549 2955 4585 εογν.
3017 4547 3116 4585 εΙΙίὶ
3175 4547 3230 4585 Ζ.

345 4539 428 4578 ’δ”
469 4534 574 4592 non
600 4539 657 4592 2.
687 4539 741 4591 5.
817 4539 900 4608 ²⁴⁸ί
926 4554 989 4592 ex
1027 4553 1090 4592 ea
1149 4539 1477 4608 ingencratis
1523 4536 1574 4589 1.
1616 4537 1669 4591 3.
1748 4535 1818 4568 m
1866 4534 2176 4608 novissimis
2213 4536 2260 4588 1.

343 4625 479 4663 nunt
521 4625 655 4661 corr.
701 4609 752 4660 1.
809 4625 836 4662 e
885 4600 1293 4674 Romanorum;
1343 4618 1515 4660 totum
1571 4607 1831 4660 mundum
1890 4603 2081 4660 dilfusa
2147 4615 2230 4659 est
2268 4605 2323 4658 5.
2399 4603 2469 4636 ’δ’
2533 4615 2688 4658 antea
2746 4604 2794 4657 1.
2849 4603 2943 4674 ᾲῗν⁸⁰
2996 4601 3168 4674 fames
3203 4602 3273 4674 _l.
3350 4600 3418 4631 ‘“
3489 4611 3628 4674 teste

343 4679 496 4732 Beda
525 4677 621 4731 Ch.
701 4677 770 4711 ¹⁵¹
799 4679 982 4732 desunt
1014 4677 1112 4732 Ch.
1190 4679 1260 4711 ³⁸³
1281 4669 1673 4733 imbecilliores
1709 4693 1849 4730 corr.
1886 4677 1935 4728 1.
1975 4676 2152 4731 inbec.
2230 4675 2304 4708 ⁸⁵³
2334 4675 2519 4730 desunt
2547 4677 2644 4729 Ch.
2723 4674 2793 4704 ’⁸⁵
2834 4672 2998 4726 lilime
3036 4673 3084 4726 1.
3115 4671 3170 4725 3.
3199 4669 3239 4724 Β
3261 4673 3308 4726 1.
3339 4684 3479 4726 corr.
3519 4671 3628 4724 tili-

344 4764 469 4803 IL'CI'
496 4748 549 4802 2.
577 4747 798 4803 ﬁlimeth
839 4748 880 4801 Β
913 4748 970 4804 2.
1049 4749 1119 4783 ’"
1146 4765 1352 4804 erasum
1379 4749 1438 4802 2.
1515 4748 1581 4778 ³⁸⁷
1627 4758 1818 4802 tenens
1859 4761 2000 4799 corr.
2040 4747 2258 4802 tenebat
2283 4746 2339 4799 2.
2421 4747 2490 4778 ’⁸⁸
2528 4747 2603 4800 sic
2630 4746 2681 4800 1.
2713 4745 2768 4798 3.

1869 4908 2104 4966 NOTAE.

377 5041 570 5147 11275)
609 5075 802 5147 Eadem
829 5076 961 5147 lere
1018 5075 1140 5130 vide
1187 5076 1326 5147 apud
1368 5074 1522 5146 Sulp.
1569 5073 1831 5130 Severum
1876 5073 1928 5128 in
1962 5075 2010 5136 D
2037 5077 2258 5133 exilium
2288 5076 2429 5147 apud
2464 5072 2726 5147 Treverirn
2759 5067 2910 5137 jussu
2962 5061 3328 5147 gorastantini,
3359 5076 3475 5147 non
3512 5063 3655 5147 (ign-

337 5131 702 5216 ll33t._eccles.
733 5144 800 5216 ll,
823 5131 917 5204 33:
937 5131 956 5134 ⁷
1219 5131 1245 5147 τ
1423 5215 1428 5216 γ
1467 5131 1482 5146 ⁸
1567 5214 1578 5216 _
1615 5181 1650 5216 η
1962 5131 1996 5136 ⁷
2036 5131 2220 5204 stuntii
2251 5131 2487 5216 pertulit,
2533 5131 2907 5216 quatiet-acum
2957 5133 3488 5216 Maxinwfpiscapo.
3528 5131 3666 5216 Tre-

423 5212 570 5252 t-).7m
607 5200 748 5252 ριξηΐ
787 5200 922 5252 RH];
977 5216 1152 5252 ξονον
1201 5216 1240 5252 lt
1290 5215 1359 5252 am
1414 5214 1627 5252 3'7..th
2038 5200 2284 5252 1.27:1...1.
2325 5225 2372 5252 ιι
2428 5200 2666 5252 canini-'1:
2706 5208 3038 5252 'l'nnarornm
3069 5214 3114 5252 et
3161 5200 3287 5252 aliis
3321 5200 3519 5252 multis
3556 5200 3668 5252 Co-
