4094 5252
317 377 454 432 {025

1420 373 1741 429 llERlGERI
1770 370 1993 428 GESTA
2024 374 2233 432 EPISC.
2265 377 2459 432 LEOD.

3430 375 3567 430 1026

314 503 401 547 est
448 492 651 555 editus,
700 490 956 544 nobiliter
998 500 1177 545 naLus,
1233 486 1466 539 nobilius
1517 490 1892 543 conversatus,
1929 484 1971 540 Α
2002 485 2097 536 mis
2149 483 2350 539 Tolosae
2376 478 2649 552 “"fucerc
2704 482 3036 545 mentionem,
3076 498 3193 550 quac
3226 490 3280 535 ut
3312 482 3578 551 hucusque

316 584 523 655 pontiﬁt
543 584 627 637 ale
664 584 897 650 petalum
929 582 1093 649 gessit
1122 579 1267 649 (381)
1312 593 1440 631 oves
1478 577 1780 630 dominicas
1829 573 1895 625 ab

317 676 636 731 insidiatore
667 675 794 743 lupo
818 683 874 727 et
906 674 1145 741 rugiente
1182 672 1333 724 leone
1363 670 1621 739 protexit,
1660 683 1757 736 pro
1792 667 1896 720 eis—

315 769 463 834 dem,
496 769 596 822 etsi
640 768 846 837 gladius
883 783 988 821 non
1028 767 1272 820 incubuit
1308 765 1768 833 persequentium,
1806 777 1897 830 pa-

322 869 472 913 ratus
505 859 746 929 perferre
795 859 1119 912 martiriunt.
1155 858 1209 911 In
1253 859 1444 911 diebus
1488 859 1645 925 plane
1692 857 1770 909 sui
1814 870 1899 907 sa—

319 952 544 1005 cerdotii
578 952 798 1020 placens
840 950 969 1014 Deo,
1012 953 1272 1021 probatus
1314 944 1564 1003 inventus
1593 958 1695 1009 est,
1722 948 1898 1016 justus

318 1043 655 1111 in‘tempore
689 1043 1020 1096 imminentis
1056 1042 1349 1095 iracundia:
1382 1040 1569 1111 (Eccli.
1609 1053 1754 1103 ιιιν,
1790 1038 1896 1103 17),

319 1151 570 1204 quaerens
618 1152 715 1205 pro
748 1134 1031 1188 barbarita
1083 1134 1383 1201 irruptione
1432 1133 1547 1185 fieri
1586 1129 1900 1185 reconcilia-

323 1226 411 1277 tio.
449 1223 725 1290 Ejusmodi
756 1224 899 1277 enim
941 1224 1136 1277 multas
1176 1240 1239 1277 ea
1276 1232 1596 1292 tempestate
1641 1222 1899 1274 Dominus

321 1315 650 1367 accenderat
682 1313 949 1377 lucernas,
983 1314 1073 1382 qui
1104 1325 1155 1366 et
1184 1313 1387 1365 erroris
1418 1311 1672 1365 mundani
1702 1311 1900 1379 pellere

322 1412 544 1470 possent
572 1402 840 1465 tenebras,
872 1413 927 1456 nt
972 1404 1229 1457 sevientis
1260 1405 1310 1457 in
1361 1412 1510 1457 tanto
1546 1404 1758 1456 turbine
1800 1402 1899 1455 tri-

319 1493 616 1549 bulationis
643 1497 897 1549 sedarent
948 1496 1233 1564 procellas.
1271 1495 1419 1551 Unde
1468 1496 1685 1564 quidam
1721 1494 1900 1549 metri-

325 1602 495 1639 canus
520 1603 627 1641 non
674 1588 968 1658 incongrue
1014 1589 1080 1643 de
1106 1589 1183 1642 eis
1228 1590 1400 1658 deque
1435 1590 1535 1643 hoc
1562 1589 1629 1620 ’θ’
1664 1598 1900 1659 tempore

321 1682 401 1733 sic
432 1682 506 1733 ait
531 1698 544 1733 :

398 1770 611 1825 Talibus
640 1773 889 1827 (ecclesia:
920 1774 1215 1843 fautoribus
1246 1777 1472 1846 undique
1499 1778 1651 1846 ﬁrme

394 1864 617 1917 Obstant
648 1865 928 1933 imbri/eris
954 1878 1098 1920 vento
1120 1871 1382 1936 quatiente
1402 1872 1645 1937 procellis

391 1956 647 2025 Desuper,
678 1971 724 2012 et
751 1968 949 2027 petram
973 1972 1225 2030 nequeunt
1249 1963 1509 2030 trepidare
1533 1964 1758 2016 ruinam.

320 2050 389 2102 Et
424 2049 489 2102 de
516 2052 615 2103 lioc
645 2052 947 2120 specialiter
969 2053 1125 2105 beato
1153 2054 1267 2107 viro
1297 2055 1439 2107 inter
1468 2055 1569 2107 alia
1599 2073 1613 2108 :

323 2138 596 2193 Serratius
622 2142 875 2195 serrando
903 2142 1061 2210 [idem
1090 2155 1255 2196 servat
1284 2157 1584 2211 pereuntem

320 2231 541 2283 Oranda
584 2233 832 2300 populum
875 2251 1183 2288 conservans
1222 2237 1358 2304 forte
1398 2236 1694 2306 Trajectum
1731 2234 1897 2308 (283).

321 2319 390 2373 Et
419 2322 606 2375 beatus
637 2322 817 2392 Lupus
847 2324 1170 2380 Tricassina:
1195 2328 1342 2380 urbis
1373 2328 1655 2397 episcopus

534 2413 674 2466 Dum
702 2414 835 2467 bella
867 2427 1054 2467 cuncta
1076 2418 1350 2483 perderent

533 2503 747 2559 Orando
773 2506 959 2561 Trecas
990 2510 1172 2560 mumit
1198 2509 1365 2577 (286).

397 2596 459 2648 Et
505 2596 841 2653 lbertuiimus
879 2602 945 2653 ad
980 2599 1298 2655 Geruntiam
1334 2602 1479 2670 (287)
1508 2603 1752 2658 scribens
1791 2604 1899 2672 cpi.

316 2690 517 2743 stolam
543 2706 702 2759 super
730 2692 910 2744 mundi
938 2703 1302 2761 contemptum
1332 2693 1500 2763 (288),
1535 2711 1695 2763 super
1719 2696 1904 2759 lmjas-

318 2782 469 2835 niodi
501 2798 712 2851 quoque
736 2783 942 2837 cladem
971 2784 1300 2838 lacrimabile
1330 2788 1559 2853 sumpsit
1585 2787 1899 2840 laureatum.

315 2871 491 2939 Cujus
566 2875 678 2926 lucc
737 2882 861 2928 sunt
925 2877 1086 2929 verba
1149 2892 1161 2927 :
1220 2876 1398 2947 [Quod
1466 2878 1575 2927 οηνί
1640 2879 1903 2944 hucusque

316 2967 641 3031 rcsidemus,
710 2984 812 3020 non
868 2970 1032 3021 nostri
1076 2969 1280 3032 meriti,
1348 2971 1436 3021 sed
1500 2968 1705 3021 Domini
1752 2973 1903 3023 mise—

316 3058 550 3110 ricordia
612 3067 707 3110 est.
777 3056 1191 3111 Innumerabiles
1243 3072 1288 3112 et
1346 3060 1682 3127 ferocissima!
1733 3062 1901 3112 natio-

2000 590 2099 628 non
2129 587 2315 639 rueret,
2355 577 2522 630 sancti
2553 574 2803 642 Exuperii
2834 574 3057 642 episcopi
3096 574 3280 626 merita
3321 576 3578 642 prrestite-

2000 678 2140 720 runt.
2173 666 2309 737 Ipsi:
2364 667 2635 736 Hispania:
2674 666 2791 735 jam
2836 666 3052 734 jamque
3097 667 3342 733 peritura:
3371 676 3577 719 contre-

1999 761 2218 813 miscunt
2251 762 2580 814 recordantes
2613 761 2919 828 irruptionis
2949 758 3209 811 Ambricte
3236 758 3306 790 ³⁰³
3343 768 3388 812 et
3432 759 3577 827 quic-

1999 852 2108 921 quit
2159 852 2253 905 alii
2321 852 2480 906 semel
2541 854 2684 922 passi
2741 861 2897 913 sunt,
2972 851 3078 904 illa:
3134 868 3333 919 semper
3397 851 3580 905 timore

1997 946 2291 1012 patiuntur.
2340 944 2541 998 Cretera
2575 955 2742 1007 taceo,
2777 961 2837 996 ne
2874 944 3051 997 ridear
3075 945 3139 996 de
3186 942 3277 996 Dei
3305 944 3581 1012 desperare

2000 1034 2292 1089 clementia.
2327 1037 2464 1089 Olim
2493 1054 2524 1089 a
2558 1038 2694 1090 mari
2727 1034 2943 1089 Pontico
2974 1052 3133 1104 usque
3168 1035 3235 1089 ad
3288 1036 3442 1105 Alpes
3482 1035 3582 1090 Ju-

2000 1124 2099 1180 lius
2133 1146 2234 1181 non
2266 1138 2414 1181 erant
2455 1139 2633 1181 nostra
2665 1146 2780 1199 cum
2810 1139 2985 1182 nostra
3014 1138 3153 1191 sunt,
3205 1137 3253 1181 ct
3295 1145 3387 1197 per
3414 1145 3580 1183 annos

2000 1218 2069 1273 50
2093 1221 2262 1289 fracto
2302 1220 2526 1273 Danubii
2555 1220 2739 1283 limite,
2777 1221 2831 1273 in
2880 1221 3064 1274 mediis
3102 1221 3306 1289 imperii
3355 1218 3582 1273 Romani

2002 1314 2300 1383 regionibus
2329 1314 2683 1382 pugnabatur.
2738 1314 3000 1366 Aruerunt
3030 1322 3280 1366 vetustate
3328 1311 3581 1377 lacrimu‘,

2000 1417 2403 1474 prwterpaucos
2433 1422 2579 1458 srnes
2612 1422 2788 1458 omnes
2821 1405 2873 1457 in
2910 1405 3208 1474 captivitate
3239 1416 3284 1458 et
3313 1405 3582 1457 obsidione

2003 1498 2254 1567 generati,
2304 1515 2405 1550 non
2452 1499 2843 1561 desiderabant,
2893 1514 3050 1567 quam
3082 1515 3183 1550 non
3214 1507 3479 1560 noverant,
3522 1497 3582 1548 li-

2003 1589 2301 1661 bertatem]
2334 1590 2398 1643 Et
2425 1591 2546 1659 quia
2594 1605 2697 1643 non
2728 1590 2866 1659 perit
2900 1590 3016 1659 pius
3045 1606 3142 1660 pro
3172 1591 3354 1658 impio,
3388 1589 3583 1642 multos

2032 1690 2315 1733 anctonnn
2365 1693 2472 1732 tant
2525 1680 2843 1733 clericorum
2872 1695 3033 1749 quam
3088 1681 3477 1733 monachorum
3529 1688 3585 1733 et

2003 1769 2492 1824 sanctimonialium
2520 1771 2618 1824 sub
2642 1770 2743 1824 hoc
2761 1771 2986 1841 contigit
3009 1770 3326 1824 occubuisse
3349 1769 3582 1824 excidio.

2006 1860 2180 1915 Urbes
2213 1862 2588 1915 munitissima:
2611 1861 2735 1915 licet
2762 1860 2919 1928 longa
2950 1860 3231 1914 obsidione
3261 1858 3584 1915 everteban-

2005 1965 2110 2017 tur,
2136 1955 2394 2009 tecclesia:
2422 1964 2732 2009 sanctorum
2750 1954 3133 2018 exarabantur,
3161 1952 3347 2006 altaria
3370 1950 3584 2021 jugula-

2005 2056 2180 2101 tonnn
2222 2056 2347 2101 ante
2373 2064 2433 2100 ea
2460 2048 2805 2102 sacerdotum
2844 2046 3106 2114 Sanguine
3136 2044 3581 2115 profanabantur,

2004 2141 2156 2208 pueri
2215 2141 2561 2210 innupta-que
2618 2138 2809 2208 puella:
2867 2136 3293 2203 sull'ocabantur,
3351 2137 3587 2207 \irgincs

2002 2232 2114 2285 Deo
2140 2233 2328 2286 dicata:
2360 2233 2750 2300 stuprabantur
2774 2231 2867 2295 '°‘,
2900 2230 3148 2285 monachi
3177 2242 3231 2285 et
3283 2230 3463 2285 clerici
3505 2230 3584 2283 lu-

2004 2325 2181 2378 dibrio
2209 2336 2263 2378 et
2316 2325 2640 2392 spectaculis
2686 2323 3112 2393 experiebantur,
3166 2331 3219 2375 et
3251 2322 3500 2375 omnibus
3531 2322 3582 2374 in

2005 2431 2291 2470 commune
2341 2418 2551 2469 diversa
2599 2415 2855 2469 mortimn
2907 2411 3072 2467 Γειρίρε
3104 2413 3482 2468 adnitebatur.
3518 2411 3583 2465 Et

2005 2510 2126 2578 quia
2156 2510 2234 2561 sic
2263 2509 2439 2577 portio
2473 2507 2653 2577 populi
2682 2509 2871 2560 merita
2898 2516 3015 2560 erat
3044 2506 3379 2575 nequissimi,
3413 2520 3581 2575 usum:

2005 2599 2070 2651 ad
2101 2599 2514 2651 interm-tionem
2550 2597 2760 2665 gladius
2806 2597 3048 2651 seviebat
3094 2595 3379 2649 Altissimi.
3432 2594 3585 2649 Unde

2005 2690 2231 2759 contigit
2262 2699 2510 2741 sanctum
2550 2687 2822 2741 Nieasium
2850 2686 3133 2741 Bernensis
3174 2686 3323 2739 urbis
3371 2685 3587 2753 episco-

2005 2799 2152 2852 pura,
2184 2784 2322 2835 sicut
2367 2791 2419 2836 et
2462 2783 2595 2836 alios
2650 2780 2866 2842 nuiltos,
2913 2797 3033 2835 cum
3088 2781 3343 2850 Eutropia
3394 2789 3583 2833 sancta

2006 2876 2213 2944 virgine
2235 2885 2287 2928 et
2310 2890 2517 2938 sorore,
2546 2874 2645 2928 hac
2676 2872 2953 2927 Honorum
2977 2873 3285 2926 incursione
3311 2886 3579 2924 marmora

2004 2968 2259 3022 aetesia:
2287 2968 2459 3021 imbre
2492 2967 2720 3037 preciosi
2750 2964 3027 3035 sanguinis
3061 2974 3376 3017 cruentasse
3408 2961 3577 3034 (269).

2008 3061 2117 3115 Nec
2146 3059 2317 3114 solum
2350 3062 2516 3113 nostri
2550 3062 2646 3112 hac
2673 3066 2799 3112 sunt
2827 3072 2963 3123 pena
3011 3056 3244 3119 multati,
3274 3056 3366 3108 sed
3414 3054 3580 3106 etiam

313 3162 411 3199 sses
462 3147 725 3200 universas
776 3144 977 3200 Callias
1041 3162 1399 3215 occuparunt,
1472 3149 1699 3217 quicquit
1770 3151 1974 3222 interc
2010 3153 2248 3205 Arriana:
2272 3150 2586 3205 defensores
2612 3151 2877 3203 lliL‘l't'SCUS
2901 3147 3087 3209 Gothi,
3120 3146 3208 3214 qui
3233 3144 3329 3196 soli
3367 3140 3583 3196 Valenti

313 3238 480 3304 Alpes
518 3248 564 3289 et
599 3239 893 3309 Pyreneum
946 3251 1042 3303 est,
1093 3242 1232 3309 quod
1286 3259 1479 3295 oceano
1540 3253 1587 3293 et
1635 3239 1775 3293 liena
1826 3244 1904 3293 iu-

313 3332 579 3395 cluditur,
646 3332 865 3397 Quadus
918 3336 1006 3397 m,
1072 3336 1367 3391 Wandalus
1416 3348 1463 3391 et
1510 3338 1579 3371 ¹⁹⁹
1624 3340 1901 3408 Sarmata,

312 3421 462 3485 quod
495 3420 560 3451 ¹⁹⁹
605 3422 778 3485 Alani,
827 3422 1066 3493 Gipedes,
1124 3426 1405 3480 lleruli'“
1454 3427 1710 3493 Saxones,
1761 3430 1903 3485 Dur-

313 3511 632 3579 gnndiones,
669 3514 947 3568 Alemanni
966 3530 1034 3584 et,
1064 3536 1092 3569 ο
1113 3518 1334 3587 lugenda
1370 3538 1445 3573 res
1468 3520 1710 3589 publica!
1730 3524 1903 3579 hostes

314 3599 568 3654 Pannoni
599 3616 945 3669 vastaverunt,
993 3611 1182 3661 etenim
1231 3612 1396 3663 Assur
1435 3614 1569 3665 venit
1618 3631 1735 3667 cum
1776 3616 1901 3671 illis.

316 3689 377 3743 ll
392 3695 691 3759 saantiacus
717 3700 903 3751 nobilis
924 3702 1187 3768 quondam
1215 3704 1398 3755 civitas
1424 3715 1574 3769 capta
1599 3717 1752 3776 atque
1775 3710 1901 3761 sab-

315 3797 473 3834 versa
493 3794 565 3835 est
615 3796 660 3838 et
689 3789 741 3839 in
769 3789 1001 3842 a'cclesia
1030 3791 1192 3842 multa
1222 3794 1488 3845 hominum
1534 3796 1701 3848 millia
1733 3799 1900 3851 truci-

314 3882 474 3935 οδω,
531 3873 844 3945 Wangioncs
897 3881 1052 3949 longa
1098 3882 1366 3935 obsidione
1397 3886 1573 3949 deleti,
1624 3885 1902 3941 Remorum

318 3964 451 4016 urbs
479 3980 790 4035 pra’potens,
814 3974 1078 4037 Ambiani,
1102 3976 1369 4040 Atrebate,
1398 3980 1713 4048 extremique
1736 3980 1905 4033 Itami-

315 4069 449 4106 szum
480 4054 695 4120 Morini.
730 4059 1017 4125 Tornacus,
1042 4063 1278 4130 Nemete,
1306 4067 1702 4136 Argentoratus,
1728 4082 1902 4125 trans-

314 4142 446 4195 latae
468 4144 519 4197 in
548 4144 906 4217 Germaniam,
936 4156 1547 4229 Aquitanire,novemque
1565 4162 1899 4230 po;.aulorum,

313 4230 690 4304 Lugdunensis
722 4255 768 4295 et
798 4245 1158 4304 Narbonensis
1186 4253 1460 4319 provintite
1488 4264 1679 4321 pra'ter
1706 4273 1904 4321 paucas

2010 3257 2237 3316 augusto
2265 3254 2319 3299 et
2348 3244 2607 3297 lloiuauis
2637 3245 2686 3296 in
2712 3241 2883 3295 Gallia
2911 3240 3233 3294 Videbantur
3260 3236 3509 3289 resistere
3532 3243 3589 3287 et

2011 3336 2193 3399 reniti,
2216 3338 2281 3388 ab
2301 3335 2469 3389 [Iunis
2493 3334 2787 3388 crudeliter
2809 3342 2935 3385 sunt
2958 3330 3240 3391 devastati,
3266 3338 3316 3382 et
3341 3328 3585 3380 Albana-

2012 3428 2154 3481 rieus
2186 3443 2372 3481 eor-tim
2425 3442 2517 3480 rex
2573 3441 2669 3494 pro
2712 3440 2775 3478 eo
2817 3425 2959 3494 quod
3010 3423 3233 3477 multum
3266 3421 3585 3490 sanguinem

2010 3519 2286 3573 innoxium
2312 3518 2702 3572 catholicorum
2735 3534 2838 3569 non
2876 3517 3051 3570 timuit
3078 3513 3371 3578 ell‘nndere,
3398 3511 3587 3582 pulsus

2009 3630 2038 3666 a
2066 3627 2228 3682 regno
2252 3611 2449 3665 tneruit
2475 3610 2717 3664 exulare.
2755 3609 2951 3663 Verum
2989 3608 3125 3661 Huni
3155 3607 3295 3659 fattie
3322 3603 3589 3673 compulsi

2008 3722 2105 3777 per
2139 3705 2423 3758 avaritiam
2474 3704 2687 3756 Maximi
2744 3720 2771 3756 a
2830 3702 3047 3756 Valente
3094 3700 3284 3755 Galliis
3325 3698 3586 3769 prmlecti,

2009 3804 2181 3856 coacti
2215 3814 2340 3857 sunt
2365 3803 2729 3855 Romanorum
2754 3799 2998 3869 partibus
3028 3796 3309 3862 refragari,
3355 3809 3587 3862 moxque

2009 3896 2202 3950 iterum
2230 3892 2429 3948 Gallias
2459 3908 2749 3961 occupare,
2774 3900 2826 3943 et
2853 3892 3015 3942 nrbes
3044 3898 3098 3941 et
3138 3894 3315 3940 castra
3346 3902 3467 3939 cum
3500 3885 3586 3963 inf

2005 3987 2142 4041 colis
2167 3983 2369 4040 crudeli
2403 3984 2533 4037 cede
2563 3994 2777 4037 vastare
2808 3981 2976 4052 (290).

2004 4097 2095 4152 Ἡ.
2147 4096 2300 4162 Quod
2338 4106 2551 4150 sanctus
2582 4096 2855 4152 Servatius
2897 4092 3113 4162 Romam
3138 4088 3342 4162 adierit
3369 4089 3414 4162 si
3452 4102 3587 4162 quo-

2078 4158 2233 4222 modo
2282 4166 2518 4222 oratione
2570 4168 2734 4222 valeat
2778 4164 3005 4220 Galliam
3037 4161 3100 4215 ab
3134 4160 3203 4191 ⁸⁰³
3250 4160 3424 4213 [Iunis
3460 4158 3585 4211 libe-

2078 4255 2135 4291 ra
2144 4256 2196 4292 Γᾶ
2202 4276 2216 4291 ο

314 4328 476 4420 urbes
518 4345 703 4388 cuncta
734 4342 981 4407 populata
1004 4344 1073 4375 ³⁰¹
1107 4359 1259 4413 sunt;
1312 4365 1443 4415 quas
1488 4361 1535 4402 et
1584 4350 1724 4415 ipsas
1770 4352 1901 4420 foris
1929 4362 1981 4420 ι)
2077 4352 2316 4419 Quorum
2352 4353 2641 4406 adventum
2686 4360 2905 4404 sanctus
2954 4344 3230 4402 Serva'ius
3257 4340 3587 4414 Tungrensis

309 4418 529 4487 gladius
559 4425 699 4480 intus
728 4442 890 4486 vastat
916 4434 1103 4503 fames.
1136 4438 1260 4493 Non
1287 4458 1499 4511 possunt
1523 4443 1716 4513 absque
1740 4418 1901 4497 lacri-
1931 4418 1961 4420 —
2008 4418 2264 4499 secclesia:
2292 4444 2573 4515 episcoaus
2595 4433 3588 4511 audicns(CestaS.Servatit,cl.GnE-

1630 4621 1866 4678 ἾΑΒΙίΕ
1897 4620 2295 4680 LECTIONES.

396 4790 467 4821 ’"
498 4791 636 4844 deest
667 4792 717 4845 '5.
792 4792 861 4824 m
895 4793 1035 4861 quod
1067 4793 1119 4845 2.
1154 4792 1206 4845 ’5.

316 4861 503 4931 palata
535 4878 673 4915 corr.
700 4864 947 4932 populata
975 4864 1028 4917 2.

400 5101 536 5114 ΙΑΑΟΙ
584 5101 616 5114 η
708 5102 738 5114 Ι.
878 5104 888 5114 ι
1069 5103 1117 5114 ..ο
1307 5105 1411 5114 -ο-
1487 5104 1534 5114 ’⁸
1641 5107 1654 5114 ο
1685 5105 1750 5114 ..-

1281 4793 1350 4824 ²⁹⁹
1375 4793 1513 4847 deest
1546 4795 1591 4847 l.
1624 4806 1737 4863 post
1760 4797 1865 4850 add
1916 4796 1971 4854 2.
2000 4808 2046 4851 et
2071 4799 2146 4850 ila
2191 4799 2246 4851 3-

1106 4862 1173 4894 '“
1201 4862 1410 4919 Dolosa:
1438 4880 1576 4919 corr.
1622 4866 1832 4922 Tolosa:
1873 4869 1922 4922 1.

1834 4978 2066 5037 NOTAE.

2321 4795 2389 4827 ”°
2419 4793 2628 4862 Alanigl
2658 4793 2822 4863 pedes
2850 4791 3057 4846 herculi
3091 4791 3141 4844 1.
3172 4790 3313 4863 Ξηδ.
3356 4791 3461 4863 __'_°‘
3493 4804 3589 4863 ρε-

2001 4868 2071 4899 ³σ³
2095 4866 2384 4923 Cimbrica:
2414 4858 2635 4919 Hieron.
2658 4858 2672 4863 ’
2713 4862 2782 4894 ⁸⁸⁸
2805 4863 3191 4932 strupabantur
3226 4862 3275 4913 1.
3352 4858 3426 4891 ³⁸⁸
3471 4878 3501 4914 a
3530 4859 3584 4913 3.

2269 5108 2310 5114 -
2352 5109 2364 5114 -
2459 5107 2471 5114 .
2557 5104 2652 5114 ,σι-
2735 5102 2750 5114 ι
2792 5102 2806 5114 Δ
2996 5096 3133 5114 I!-,-
3202 5107 3354 5114 _---...
