4094 5252
516 323 665 379 1017

1056 317 1380 376 HERIGERI
1422 316 1509 373 ET
1538 312 1842 374 ANSELMI
1879 309 2108 371 GETA
2138 308 2331 373 artat:
2392 309 2647 369 TANGB.
2696 308 2887 367 TBAJ.
2927 309 3015 367 ΕΤ
3054 308 3259 368 LEOD.

3653 306 3789 366 1028

526 430 1397 504 ooa.'l‘nros.n,5),simulqnede
1424 429 1721 499 irruptione
1739 425 2331 497 etperditionc’Aqtm
2370 423 2712 483 alterations
2757 433 2998 481 vacaret.
3053 424 3121 480 Et
3151 425 3239 481 die
3286 424 3505 495 quidem
3561 423 3788 481 aliorum

526 545 641 585 suae
666 528 902 584 civitatis
947 528 1163 589 timens,
1195 524 1391 594 vigiliis
1425 522 1610 577 multis
1647 529 1706 577 et
1735 518 1957 590 jejuniis
1985 532 2106 572 cor-

526 637 628 691 pus
669 619 958 688 allligebat,
987 632 1153 686 seque
1183 617 1391 671 crebris
1416 614 1658 670 lacrimis
1671 608 2103 683 profundens'“,

527 711 954 775 misericordiam
999 708 1090 765 Dei
1119 708 1448 777 postulabat,
1476 720 1542 760 ne
1576 705 1646 737 ‘°'
1685 717 1920 774 unquam
1965 702 2106 756 lianc

525 811 741 873 gentem
773 797 1125 863 incredulam,
1164 811 1331 868 seque
1358 810 1574 866 semper
1604 794 1877 865 indignant
1903 791 2105 848 Gallias

525 894 729 948 intrare
750 891 1084 961 permitteret
1125 888 1272 961 (29l)
1300 888 1682 955 notionemque
1706 900 1806 940 suo
1828 883 1994 939 cultui
2019 884 2103 939 di-

523 995 703 1051 catam
733 982 1090 1038 contaminari
1124 980 1521 1050 quodammodo
1551 977 1622 1010 '°‘
1643 978 1849 1033 sineret
1871 974 1964 1030 ³⁸⁷.
1996 974 2103 1030 Sed

523 1074 764 1129 sentiens
787 1087 884 1142 per
905 1071 1165 1143 Spiritum
1197 1081 1444 1126 sanctum
1468 1068 1712 1140 peccatis
1729 1068 1910 1139 populi
1938 1067 2104 1122 inter-

523 1163 851 1234 pellantibus
875 1161 945 1193 ⁸⁰⁹
964 1161 1015 1217 id
1041 1161 1142 1216 sibi
1167 1160 1476 1216 nullomodo
1496 1157 1968 1223 concedi,iuduxit
1988 1157 2105 1211 ani-

523 1270 669 1311 mum
696 1254 844 1310 adire
865 1253 1052 1309 limina
1076 1252 1441 1324 apostolorum
1469 1251 1614 1307 Petri
1646 1260 1702 1305 et
1730 1250 1899 1317 Pauli,
1920 1259 1979 1305 ut
1998 1248 2103 1306 sal-

525 1357 632 1403 tem
647 1347 715 1379 ³¹⁰
746 1362 909 1419 super
922 1345 1223 1401 salvatione
1247 1360 1358 1399 sua:
1375 1344 1524 1399 urbis
1543 1360 1637 1414 per
1661 1344 2101 1399 intercessionem

520 1453 711 1493 corum
761 1444 1060 1491 mereretur
1102 1435 1367 1490 exaudiri.
1420 1435 1489 1489 Et
1517 1434 1582 1466 ³¹¹
1615 1434 1741 1504 quia
1781 1435 2101 1504 priusquam

521 1529 651 1601 quid
700 1529 987 1584 inchoetur
1031 1526 1298 1592 consulto,
1330 1534 1387 1580 at
1434 1526 1523 1581 ubi
1574 1525 1876 1581 consultum
1914 1523 2101 1591 fuerit,

523 1628 735 1676 mature
759 1633 895 1689 opus
918 1626 1000 1673 est
1026 1614 1173 1674 faeto
1204 1616 1271 1647 ³¹²
1298 1616 1469 1688 (292),
1495 1617 1698 1687 paratis
1730 1615 1927 1672 viatico
1954 1630 2103 1669 com-

522 1715 722 1782 modis,
770 1721 825 1769 et
879 1712 1173 1782 assumptis
1211 1726 1397 1766 secum
1435 1710 1725 1765 comitibus
1755 1708 2096 1771 necessariis,

2209 524 2526 575 sanctorum
2575 517 2875 588 patrocinia
2911 516 3317 588 frequentabat,
3354 526 3516 573 noctu
3546 532 3683 574 vero
3723 520 3790 574 ad

2207 606 2351 661 beati
2390 606 2541 663 Petri
2581 612 2849 667 tumulum
2889 610 3198 675 remealat;
3253 610 3466 665 tandem
3503 599 3629 680 quia
3675 612 3793 667 sine

2207 695 2614 754 intermissione
2641 701 3023 761 mussabat
3050 716 3213 756 aures
3240 701 3453 771 pulsare
3479 701 3795 758 clementis-

2205 787 2327 843 simi
2354 788 2472 854 Dei,
2502 790 2591 844 tali
2634 790 2837 847 meruit
2859 791 3077 851 visullae
3103 792 3269 849 solari
3313 791 3405 844 “’.
3451 793 3708 858 Videbat,
3737 805 3793 849 et

2204 896 2336 937 ecce
2358 882 2512 952 quasi
2537 891 2664 938 ante
2685 882 2860 938 altare
2879 883 3027 941 beati
3051 883 3203 945 Petri
3227 885 3454 945 thronus
3474 887 3708 955 positus,
3737 895 3793 941 et

2203 987 2367 1042 super
2397 974 2653 1029 thronum
2701 973 2895 1030 sedens
2940 975 3275 1041 Altisa'm
3319 986 3383 1039 et.
3431 977 3789 1034 circumcirca

2203 1071 2514 1118 sanctorum
2541 1063 2611 1095 ³¹⁰
2641 1064 2949 1118 animarum
2978 1074 3034 1120 et
3060 1067 3387 1137 angelorum
3410 1066 3637 1135 chres,
3661 1071 3793 1124 duos

2203 1163 2387 1208 autem
2420 1154 2700 1225 conspicui
2729 1155 2909 1211 vultus
2947 1157 3092 1211 viros
3139 1166 3266 1212 ante
3308 1158 3491 1228 ipsum
3535 1158 3789 1219 menum

2207 1259 2353 1312 genu
2384 1245 2734 1301 incurvantes
2756 1246 2846 1311 ³¹¹.
2870 1255 2927 1302 et
2945 1246 3153 1303 vicibus
3178 1250 3389 1304 Domini
3412 1259 3799 1325 inescatam.

2203 1336 2411 1392 vicibus
2438 1348 2643 1393 sanctae
2673 1339 2765 1393 Dei
2797 1338 3078 1410 genitricis
3113 1340 3548 1398 interventonem
3586 1344 3791 1415 implo-

2202 1438 2412 1497 rantes,
2437 1446 2575 1501 quos
2601 1441 2813 1488 constat
2842 1433 3142 1502 praecipuos
3168 1436 3539 1504 apostolorum
3567 1437 3790 1492 Petrum

2199 1528 2256 1575 et
2278 1520 2506 1577 Paulum
2556 1522 2746 1592 fuisse,
2797 1533 2851 1580 et
2902 1525 2972 1580 ob
2999 1528 3471 1583 conservationem
3511 1527 3789 1583 Gallorum

2201 1614 2459 1670 obnixius
2506 1617 2859 1686 subplieasse.
2900 1617 2967 1673 Et
2998 1618 3126 1688 quia
3172 1619 3315 1675 idem
3343 1631 3568 1676 sanctus
3588 1622 3661 1655 ⁸³⁸
3686 1623 3787 1688 vir,

2202 1707 2290 1760 cui
2343 1707 2460 1764 haec
2507 1707 3044 1776 demonstrabantur,
3073 1728 3194 1767 cum
3244 1728 3342 1769 sua
3393 1713 3788 1785 subpliratione

523 1807 650 1861 data
681 1779 846 1860 etiam
879 1779 1256 1859 benedictione
1282 1802 1492 1858 civibus
1516 1802 1649 1868 suis,
1679 1801 1879 1856 indicta
1900 1799 2103 1871 pariter
2132 1779 2175 1838 Β
2204 1799 2347 1865 beati
2381 1816 2598 1871 quoque
2639 1803 2895 1858 Auctoris
2942 1802 3259 1860 Metensium
3289 1779 3533 1877 episcopi
3573 1808 3788 1863 obtule-

521 1898 828 1970 vigiliarum
858 1906 913 1951 et
943 1898 1274 1959 orationum,
1319 1892 1650 1965 jejuniorum
1697 1904 1753 1948 et
1783 1893 2101 1947 elemosina-

523 2008 644 2046 rum
683 2006 847 2061 super
883 2000 1030 2045 tanto
1083 1989 1401 2045 discrimine
1450 1986 1732 2052 instantia,
1782 1985 2103 2041 deliberavit

520 2083 664 2140 beati
716 2082 881 2138 etiam
907 2082 1126 2138 nomine
1167 2092 1223 2136 et
1263 2081 1458 2136 merito
1512 2078 1765 2134 Auctoris
1821 2076 2101 2133 Mettensis

520 2173 757 2243 episcopi
788 2188 949 2244 super
990 2172 1092 2227 hoc
1137 2172 1274 2226 inire
1310 2170 1600 2240 colloquia,
1636 2170 1726 2240 qui
1756 2169 1825 2199 “’
1871 2178 1996 2224 tunc
2046 2169 2100 2222 iu

522 2264 619 2320 Dei
646 2265 809 2320 rebus
846 2264 1145 2320 habebatur
1170 2263 1675 2334 priestantissimus,
1706 2263 1801 2317 sed
1834 2261 1899 2316 de
1926 2261 2101 2331 pcrdi-

522 2353 669 2410 tioue
690 2355 790 2408 sibi
816 2354 1228 2414 commissorum
1257 2362 1312 2408 et
1338 2354 1635 2423 irruptioue
1669 2367 1780 2408 sum
1809 2352 1972 2407 etiam
2005 2368 2099 2406 ur-

521 2446 606 2502 bis
633 2447 855 2501 uimium
887 2446 1149 2502 sollicitus
1174 2448 1264 2499 ³³².
1298 2445 1508 2516 Quique
1550 2444 1732 2500 habita
1767 2459 1890 2500 cum
1942 2444 2101 2498 beato

523 2537 776 2594 Servatio
820 2538 1230 2603 deliberatione,
1271 2537 1600 2606 adjudicavit
1636 2536 1751 2606 ejus
1782 2546 1952 2591 ratam
1981 2550 2101 2592 esse

522 2628 896 2693 intentionem,
929 2626 1090 2683 simul
1114 2643 1412 2696 exposcens
1439 2644 1536 2699 pro
1566 2643 1627 2684 se
1645 2643 1859 2698 quoque
1889 2642 2097 2697 suaque

520 2719 653 2774 urbe
679 2718 826 2773 fundi
876 2717 1150 2787 profusius
1194 2719 1311 2789 ejus
1338 2728 1466 2774 ante
1509 2719 1874 2790 apostolorum
1914 2720 2098 2776 limina

520 2823 761 2880 precem,
789 2816 847 2862 ut
875 2809 1128 2878 quoniam
1166 2822 1264 2878 per
1305 2823 1365 2863 se
1388 2809 1614 2863 Romam
1643 2810 1903 2879 nequibat
1925 2811 2095 2877 adire,

519 2901 637 2971 ejus
657 2900 986 2956 sanctissimi
1012 2900 1111 2955 viri
1141 2900 1530 2956 intercessione
1562 2902 1668 2955 voti
1698 2902 1782 2957 sui
1803 2916 2024 2973 compos
2044 2910 2101 2958 tt

521 2994 638 3063 ipse
685 3002 988 3048 mereretur
1027 2992 1281 3047 existere.
1311 2991 1573 3062 Suscepto
1606 2992 1677 3024 ³¹³
1726 2992 1908 3062 itaque
1950 3001 2097 3047 tanta

519 3085 873 3158 profectione,
923 3085 1229 3156 posthabita
1284 3087 1449 3142 totius
1496 3087 1706 3142 itineris
1759 3085 2093 3151 dilficultate,
2124 3131 2169 3192 ϐ

523 3187 637 3232 tum
664 3175 735 3209 ³⁸⁵
758 3181 811 3232 in
844 3179 1149 3234 vastissima
1195 3179 1409 3250 Alpium
1441 3180 1842 3252 progressione.
1873 3191 1984 3235 tum
2026 3180 2095 3212 ³¹⁸

522 3272 578 3327 in
604 3271 882 3326 lluininum
907 3273 1352 3341 transmeatiouc,
1389 3283 1515 3328 tunc
1543 3273 1611 3304 ³⁸⁸
1643 3274 1805 3327 etiam
1829 3288 1896 3326 ex
1929 3273 2094 3329 latro-

520 3366 820 3421 cinantium
872 3366 1235 3432 infestatione,
1263 3367 1556 3422 dummodo
1583 3368 1727 3438 quod
1774 3367 2008 3423 habebat
2044 3368 2096 3422 in

521 3464 646 3511 voto
671 3457 884 3527 assequi
916 3457 1102 3528 possit,
1136 3456 1349 3511 tandem
1383 3456 1610 3511 ltoinam
1639 3457 1986 3526 peraccessit.

518 3568 611 3624 23.
650 3569 890 3636 Qualiter
913 3580 1034 3624 ante
1064 3568 1322 3624 tumulum
1371 3568 1506 3624 beati
1542 3566 1691 3623 Petri
1727 3586 1820 3638 per
1845 3570 2014 3624 visum
2035 3570 2101 3625 de

590 3641 853 3696 eversione
899 3641 1065 3695 tocius
1112 3637 1303 3695 Galliw
1329 3650 1375 3695 et
1424 3642 1488 3694 de
1514 3639 1658 3693 obitu
1708 3637 1804 3695 suo
1852 3641 1915 3693 sit
1971 3641 2099 3695 edo.

591 3721 725 3766 ctus.

589 3800 870 3857 Accedens
888 3814 1018 3873 ergo
1045 3802 1111 3856 ad
1141 3801 1283 3857 beati
1333 3800 1480 3856 Petri
1511 3801 1773 3856 tumulum
1807 3803 1930 3873 (cfr.
1958 3803 2100 3858 Gus-

518 3907 642 3949 ooa.
669 3891 832 3959 Tum,
885 3909 945 3960 ll,
994 3894 1073 3964 5),
1104 3894 1512 3965 deprzccabatur
1536 3893 1654 3962 ejus
1688 3895 2100 3951 intercessionis

520 3984 801 4051 auxilium,
827 3994 903 4048 ut,
926 3986 1050 4056 quia
1075 3985 1142 4019 ⁸³⁷
1170 4001 1269 4040 suo
1293 3984 1595 4055 apostolatu
1624 3985 1946 4057 iusignierat
1969 3985 2100 4041 Om-

519 4078 771 4148 nipotens
788 4078 975 4132 orbem
1002 4078 1285 4133 occiduum
1315 4076 1405 4140 ³⁸⁷,
1437 4086 1652 4132 arceret
1674 4077 1865 4132 saltem
1897 4093 1925 4132 a
1954 4078 2101 4132 Tun-

518 4169 699 4239 grensi
730 4179 784 4223 et
813 4162 1039 4223 Metensi
1061 4167 1195 4223 urbe
1244 4166 1520 4223 infandam
1549 4177 1762 4236 gentem
1792 4166 2095 4223 Hunorum.

521 4257 578 4312 In
612 4259 713 4314 hac
733 4259 992 4313 desiduus
1037 4259 1336 4329 persistens
1380 4258 1650 4319 oratione,
1680 4260 2009 4318 ,macerabat
2040 4274 2099 4315 se

519 4349 685 4403 multa
713 4349 1020 4415 afﬂictione,
1055 4351 1291 4404 maxima
1315 4350 1492 4406 inedia
1518 4366 1716 4420 corpus
1746 4366 2095 4419 consumens,

520 4443 593 4495 ita
619 4451 677 4497 ut
705 4443 758 4496 in
790 4441 952 4497 tridui
980 4442 1235 4514 biduique
1264 4442 1534 4497 interdum
1560 4443 1631 4475 ³¹³
1669 4444 1942 4500 curriculo
1967 4447 2095 4500 abs-

2202 1902 2288 1947 rat
2315 1908 2556 1963 precem,
2581 1895 2715 1951 vidit
2756 1896 2811 1950 in
2838 1905 2993 1967 parte
3020 1898 3429 1967 septentrionali
3463 1900 3790 1955 altrinsecus

2202 1993 2435 2040 stantem
2463 1985 2673 2041 fidelem
2695 1989 2966 2058 quendam
2997 1990 3194 2054 virum,
3223 1990 3362 2045 albis
3384 1990 3632 2046 vestibus
3650 1990 3787 2045 bene

2201 2076 2479 2140 stolatum,
2526 2094 2688 2148 quem
2734 2080 2920 2148 procul
2963 2081 3127 2136 dubio
3171 2093 3384 2137 constat
3423 2093 3788 2154 protomarty-

2202 2182 2315 2222 rcm
2343 2166 2412 2198 ³²³
2456 2167 2624 2223 fuisse
2675 2170 3032 2240 Stephanum,
3078 2180 3136 2226 et
3158 2172 3225 2227 ad
3253 2188 3378 2227 eum
3409 2183 3631 2229 sanctos
3658 2190 3786 2243 apo-

2201 2257 2368 2312 stolos
2402 2273 2657 2328 respousa
2686 2260 2933 2329 quaedam
2957 2259 3315 2330 perferentes,
3353 2272 3408 2318 et
3432 2263 3503 2317 ab
3526 2277 3595 2319 eo
3623 2264 3697 2295 ³⁸⁸
3715 2264 3784 2317 ad

2203 2350 2541 2420 majestatem
2609 2352 3011 2424 Onmipotentis
3061 2355 3484 2425 subplieationes
3518 2360 3786 2427 quasdam

2200 2445 2520 2500 referentes.
2567 2442 2828 2498 Sanctum
2862 2445 3042 2515 itaque
3069 2443 3374 2501 Servztium
3411 2449 3513 2503 bac
3541 2459 3786 2503 contem-

2201 2537 2437 2608 platione
2475 2538 2766 2593 attonitum
2794 2538 3100 2607 aegreditur
3131 2556 3171 2594 s.
3194 2550 3352 2594 nctus
3380 2539 3596 2606 Petrus,
3626 2541 3783 2610 quasi

2202 2630 2255 2684 in
2283 2630 2544 2701 gradibus
2564 2631 2824 2686 (ecclesia:
2845 2632 3077 2701 positum
3110 2650 3124 2684 :
3157 2631 3223 2686 Et
3245 2634 3357 2702 quit
3381 2633 3476 2696 ³⁸⁸,
3505 2632 3782 2703 inquiens,

2201 2738 2281 2776 me
2307 2723 2564 2792 inquietas
2592 2725 2917 2778 sanctissime
2963 2725 3073 2779 vir?
3104 2721 3240 2778 Ecce
3273 2725 3414 2794 apud
3443 2722 3786 2794 Omnipoten-

2201 2823 2301 2866 tem
2327 2816 2624 2885 a-qnissima
2654 2815 2994 2870 deliberatum
3026 2826 3100 2871 est
3120 2819 3407 2881 sanctione,
3442 2816 3632 2871 Hunos
3660 2817 3786 2871 Gal-

2201 2904 2326 2957 liam
2362 2922 2655 2960 nntrersam
2724 2907 2984 2977 impetere,
3038 2921 3325 2982 cunctaque
3362 2909 3555 2978 oppida
3611 2919 3661 2962 et
3692 2926 3782 2962 ra-
3846 2904 3851 2908 ’

2201 2994 2354 3047 stella
2410 2994 2639 3064 Europa:
2689 2997 2837 3051 Itumi
2888 3014 3193 3069 comquare,
3246 3000 3609 3067 civitatemque
3640 3011 3784 3052 tamin

2201 3085 2425 3153 peccatis
2483 3087 2658 3156 populi
2714 3089 3035 3158 exigentibus
3073 3089 3279 3154 penitus
3317 3105 3552 3144 eversum
3594 3090 3662 3142 iri
3690 3088 3781 3140 ⁸⁸⁸.

2204 3171 2369 3240 Quem
2400 3177 2539 3232 vides
2563 3178 2617 3231 in
2647 3178 3038 3248 septentrionali
3061 3190 3210 3249 parte
3245 3181 3392 3235 nobis
3423 3180 3781 3251 interloqua-

2200 3276 2299 3320 tem
2330 3268 2423 3334 "7,
2478 3272 2678 3327 noveris
2718 3272 2787 3303 ³³⁸
2838 3271 3163 3342 Stephanum
3208 3275 3635 3342 protontartirens
3690 3286 3784 3340 pro

2201 3369 2325 3424 urbe
2380 3363 2601 3419 Metensi
2651 3364 2939 3435 subplicius
2983 3364 3053 3396 ³¹⁹
3102 3374 3388 3436 rogantem.
3433 3363 3635 3429 Qui’”
3663 3366 3782 3417 licet

2200 3462 2399 3531 primus
2430 3456 2673 3527 pra’riosi
2701 3457 2904 3510 cruoris
2949 3472 3066 3510 rore
3112 3466 3234 3511 ante
3264 3471 3440 3510 omnes
3488 3456 3781 3523 repende'it

2205 3551 2331 3616 Deo,
2354 3548 2493 3620 quod
2516 3548 2847 3602 communiter
2884 3564 3002 3602 cum
3040 3547 3183 3601 omni
3219 3563 3403 3617 genere
3427 3546 3663 3599 Itumano
3690 3561 3779 3599 5:-

2201 3643 2331 3712 cepit
2356 3644 2420 3697 ab
2445 3658 2527 3705 eo,
2560 3641 2643 3695 vix
2660 3656 2754 3709 pro
2781 3638 2870 3692 illo
2892 3641 3151 3694 valuimus
3178 3639 3369 3693 habere
3397 3638 3488 3702 ⁸³⁸,
3514 3648 3571 3691 ut
3597 3638 3783 3691 saltent

2202 3731 2493 3786 oratorium
2525 3731 2580 3784 in
2614 3728 3069 3783 Mediomatricum
3101 3729 3247 3795 urbe,
3269 3746 3372 3797 quo
3411 3730 3629 3798 sanguis
3671 3728 3783 3797 ejus

2200 3821 2494 3875 dinoscitur
2541 3819 2823 3889 pullulare,
2869 3822 3113 3891 flammas
3141 3830 3190 3873 et
3244 3821 3507 3875 excidium
3569 3821 3785 3891 reliqua:

2200 3913 2422 3970 civitatis
2445 3913 2607 3982 possit
2629 3911 2875 3974 evadere;
2897 3910 3036 3981 quod
3062 3918 3110 3964 et
3146 3910 3362 3964 Auctori
3389 3911 3698 3980 coepiscopo
3714 3909 3787 3941 ⁸³⁸

2200 4009 2256 4063 in
2285 4022 2543 4078 responsis
2568 4003 2726 4057 [tabes
2750 4002 2981 4073 perferre
3009 4001 3099 4055 ³³⁸.
3127 4000 3203 4055 Tu
3227 3999 3297 4033 ³³³
3322 4012 3518 4067 autem,
3552 4003 3784 4056 sanctis-

2201 4102 2336 4155 sima
2367 4101 2546 4154 anima
2582 4098 2637 4151 in
2657 4108 2797 4151 sorte
2839 4106 3141 4150 sanctorum
3162 4095 3280 4162 jam
3320 4096 3617 4165 praelecta,
3661 4099 3784 4167 quia

2200 4189 2255 4243 in
2276 4188 2460 4243 diebus
2492 4189 2568 4241 tui
2617 4185 2899 4240 sacerdotii
2924 4185 3135 4254 placens
3166 4184 3274 4238 Deo
3301 4185 3447 4253 facta
3494 4184 3779 4249 esdilecta,

2201 4284 2370 4338 vivens
2393 4282 2529 4335 inter
2559 4289 2859 4349 peccatores
2892 4277 3009 4347 jam
3058 4277 3278 4347 jamque
3314 4292 3368 4330 es
3414 4275 3781 4346 transferenda

2199 4373 2323 4444 quia
2351 4373 2408 4427 in
2448 4381 2496 4426 te
2524 4384 2598 4426 est
2628 4370 2835 4424 inventa
2854 4367 3091 4438 justitia.
3127 4367 3273 4430 lam,
3320 4369 3557 4438 inquam,
3587 4368 3661 4420 ad
3684 4386 3782 4437 pa-

2207 4477 2310 4521 tres
2333 4479 2448 4519 tttos
2479 4481 2532 4518 es
2560 4461 2630 4495 '“
2660 4460 2975 4531 colligenda,
3006 4477 3069 4514 ne
3100 4460 3241 4514 oculi
3269 4461 3348 4513 lui
3376 4460 3588 4514 videant
3613 4461 3777 4522 mala,

520 4547 625 4604 que
652 4533 832 4590 edulio
858 4544 1095 4605 potuque
1121 4543 1389 4603 maneret,
1423 4552 1523 4592 nec
1565 4548 1712 4594 esset
1734 4540 2092 4602 intersticium
2124 4573 2177 4633 Β
2202 4573 2320 4629 qua,»
2345 4556 2414 4588 m
2439 4554 2630 4625 {acturi
2653 4561 2773 4607 sum
2801 4550 2949 4631 Huni
2999 4550 3055 4605 εη
3102 4560 3213 4605 tota
3241 4548 3442 4617 caui",
3474 4561 3525 4605 ει
3571 4552 3783 4620 puum;

1829 4657 1914 4713 VA
1926 4659 2063 4720 [lle
2092 4666 2496 4727 LECTIONES.

592 4764 663 4855 ’ξ’
692 4762 1408 4855 νεεςιιξξιξφξμξλξιξῇλὲεευο
1470 4764 1554 4855 ,τῖ’
1587 4767 1778 4855 few!!!
1805 4769 1905 4855 qt-
1980 4776 2052 4811 '°'
2078 4783 2350 4855 quomodo
2383 4783 2432 4855 l.
2459 4782 2526 4855 β.
2556 4798 2693 4855 corr.
2720 4781 3133 4855 quodammodo
3163 4782 3231 4855 2.
3249 4784 3656 4855 quoqunmodo
3684 4786 3778 4841 sit.

522 4835 707 4909 Serm:
748 4835 818 4909 *γ’
844 4835 1315 4909 interpellentilnts
1340 4836 1540 4909 5.777“?
1579 4838 1655 4892 ita
1682 4841 1787 4894 vita
1829 4839 1972 4898 Serv.
2013 4835 2248 4907 salutem
2290 4835 2343 4908 li.
2375 4835 2429 4908 ὲέ
2457 4835 2513 4907 3.
2561 4835 2657 4884 δι’
2684 4835 2887 4907 diuini
2912 4835 3517 4909 Cifitfdeiiii‘ca".

518 4906 733 4979 quem“
760 4904 911 4979 ιρραε
929 4906 1083 4979 alii"
1104 4923 1192 4979 ἔρα
1221 4905 1319 4979 Ch-
1396 4908 1465 4939 ³⁸⁸
1490 4908 1614 4962 dum
1653 4909 1699 4963 l.
1737 4909 1790 4965 2.
1818 4912 1873 4966 5.
1950 4914 2021 4949 ιιι
2042 4904 2263 4978 dmi].

3595 4853 3665 4887 ιη
3691 4871 3770 4910 κ,

2342 4923 2412 4956 ⁸⁸⁸
2427 4924 2564 4996 dum
2594 4938 2732 4996 corr.
2753 4924 2974 4996 tunel.
3010 4923 3120 4996 _“"
3150 4924 3338 4978 desunt
3370 4924 3487 4985 Ch..
3509 4924 3774 4996 sequentia

521 4974 694 5049 ἀσκεῖ·
770 4974 942 5049 '3'“!
972 4975 1242 5049 vii-,SM-
1298 4978 1527 5049 ίιιιθτάῖιι
1565 4978 1697 5049 L2-
1729 4980 1781 5034 5ο
1859 4982 1931 5015 ³¹⁹
1962 4974 2371 5049 Consolari'vit.
2416 4974 2562 5048 sua
2598 4974 2821 5046 “mn;
2846 4974 2972 5046 si;
2998 4974 3772 5049 serv."gs'sata'aas'i‘iét‘si

521 5047 589 5080 ιιι
638 5047 714 5100 ita
755 5044 851 5098 vit.
893 5043 1043 5102 Serv.
1074 5046 1408 5102 inculcantes
1442 5048 1489 5102 l.
1525 5048 1577 5101 2.
1620 5048 1675 5103 '5.

528 5117 649 5146 ο-..-
743 5112 814 5146 ³..
854 5114 1020 5146 ἷπιιηῖο
1071 5119 1102 5146 ’κ
1164 5118 1233 5146 ..ΣΙ
1294 5114 1415 5146 οη...
1511 5117 1583 5146 θ’.
1630 5120 1704 5146 .‘s-
1747 5122 1813 5146 ..ΣΙ

1853 5053 1993 5144 ἀέξει
2016 5062 2073 5114 ὃ.
2136 5062 2221 5136 1”
2257 5064 2537 5117 martirem
2561 5078 2681 5114 corr
2735 5077 2850 5086 *η*
