4094 5252
302 320 443 376 1019

1432 317 1753 374 HERIGEIH
1792 316 2016 374 GESTA
2040 319 2250 376 EPISC.
2294 321 2496 379 LEOD.

3421 317 3443 371 i
3452 315 3559 373 050

298 448 438 486 mum
462 430 514 484 in
548 431 753 484 civitate
787 440 898 483 tua.
930 429 1007 484 Tu
1027 431 1154 499 igris
1191 430 1325 483 enim
1351 431 1503 483 sicuti
1532 430 1760 491 nomine,
1801 428 1877 480 ita
1911 433 1954 488 Α
1986 430 2052 483 ad
2074 431 2259 486 czeliim
2287 432 2547 488 surrectis
2576 433 2643 470 ’⁸⁸
2672 446 2793 487 cum
2822 430 3072 486 manibus
3098 447 3111 482 :
3140 427 3204 481 Et
3238 428 3305 460 ⁸³¹
3328 429 3443 489 has,
3479 430 3557 482 in-

297 531 345 574 et
386 537 534 589 opere
559 531 713 574 tunsa
740 533 785 573 et
812 538 928 574 cesa
970 521 1284 590 permanebit
1316 537 1477 589 usque
1516 522 1569 573 in
1598 520 1754 588 ﬁnem
1779 518 1869 572 ³³⁸.

302 606 651 671 Quamobrem
686 611 1022 664 reversionem
1073 610 1319 678 festinato
1348 610 1601 669 accelera,
1635 611 1875 661 domum-

299 714 398 766 que
424 708 568 750 tuam
598 698 808 763 ordina,
839 700 1002 753 nitida
1038 699 1342 754 linteantina
1367 717 1519 771 quere
1548 700 1613 730 ³³’
1643 699 1876 768 sepultu-

302 806 517 859 rauique
542 808 792 861 compone
816 791 917 855 ¹³⁸;
966 808 1055 845 nec
1084 792 1292 845 habebis
1321 794 1374 845 in
1398 792 1522 844 urbe
1555 790 1805 845 scelerata
1827 799 1873 845 et

299 881 418 933 ideo
442 882 673 948 peritura
696 882 1046 949 sepulchrum,
1085 884 1206 952 quia
1254 882 1448 950 placuit
1481 882 1746 936 Altissimo
1779 899 1873 951 op»

298 972 480 1041 pidum
506 989 764 1025 reservare
806 972 876 1004 ⁸³⁸
911 972 1230 1041 Trajectum,
1276 984 1484 1043 propter
1511 971 1873 1041 corpusculum

301 1071 448 1112 tuum
474 1062 528 1114 in
550 1077 608 1113 eo
640 1061 1042 1115 recondendum.
1072 1060 1183 1116 lloc
1214 1064 1436 1116 oraculo
1462 1063 1529 1095 ”’
1553 1063 1876 1117 venerabilis

298 1152 541 1220 pontifex
571 1150 848 1206 Servatius
879 1161 1152 1221 suscepto,
1188 1153 1549 1208 reversionem
1588 1152 1873 1218 accelerat,

298 1245 611 1315 Galliasque
636 1262 797 1315 quam
826 1247 1085 1301 citis-ime
1114 1247 1181 1277 “°
1215 1234 1455 1315 repedat,
1483 1246 1876 1315 transitumque

299 1352 398 1406 per
424 1339 609 1391 urbem
640 1337 981 1391 Mcttensiuin
1014 1338 1237 1401 habens,
1271 1338 1429 1392 beato
1470 1335 1694 1391 Auctori
1739 1335 1877 1390 indi-

299 1437 390 1479 cat
420 1442 540 1497 qua!
565 1426 617 1480 in
642 1426 915 1496 responsis
941 1416 1251 1495 acceperat.

365 1517 457 1571 2L
500 1516 718 1571 Rediens
742 1518 865 1588 quid
896 1519 1077 1571 viderit
1109 1519 1381 1572 commisso
1406 1518 1548 1588 gregi
1570 1519 1802 1587 exponit.

371 1609 719 1679 Tandemque
768 1608 835 1639 '“
876 1610 1102 1663 nimium
1154 1609 1438 1677 fatigatus,
1492 1619 1604 1663 tum
1667 1610 1875 1665 itineris

298 1701 632 1765 diﬂicnltate,
661 1711 771 1755 tum
819 1702 1091 1756 remeandi
1140 1703 1553 1769 acceleratione,
1587 1702 1651 1756 ad
1685 1702 1872 1756 urbem

296 1794 540 1863 pervenit
597 1793 986 1864 Tungrensem,
1032 1794 1268 1863 pastoris
1318 1794 1398 1847 sui
1433 1794 1720 1847 adventum
1756 1809 1869 1847 sus-
1902 1774 1949 1833 Β

296 1901 464 1954 pense
489 1885 912 1955 pnestolantem.
942 1886 1008 1939 Et
1052 1901 1277 1955 qumque
1300 1901 1536 1955 congrua
1586 1883 1873 1953 sepultura:

296 1979 645 2039 videbantur,
684 1978 975 2047 assumptis
1019 1993 1179 2047 super
1207 1979 1288 2031 via
1341 1978 1547 2032 Domini
1578 1977 1874 2032 sacerdoti-

296 2069 403 2122 bus
433 2077 486 2121 et
514 2067 712 2131 levitis,
760 2082 966 2122 necnon
998 2068 1049 2122 in
1084 2084 1370 2123 commune
1412 2068 1725 2122 consulebat
1756 2071 1875 2121 uni-

298 2160 494 2221 versis,
528 2167 584 2211 ut
629 2159 801 2228 parati
836 2168 1019 2212 essent
1052 2159 1101 2211 in
1140 2160 1443 2213 animarum
1476 2174 1695 2212 suarum
1726 2158 1871 2211 salu-

295 2258 444 2314 tem;
473 2250 668 2319 quibus
700 2258 906 2302 tantum
954 2250 1265 2304 imminebat
1317 2250 1625 2303 discrimen.
1674 2250 1751 2302 Ac
1780 2264 1875 2315 per

294 2343 537 2396 triduum
560 2340 893 2396 dissimulata
925 2342 1253 2396 recessione.
1281 2341 1496 2395 tandem
1526 2356 1713 2395 omnes
1741 2340 1871 2393 allo-

290 2435 502 2503 quitur,
571 2442 889 2505 aggregatos
940 2434 990 2488 in
1042 2434 1287 2488 mcclesia
1352 2432 1614 2488 catholica
1668 2432 1872 2502 majore

290 2528 472 2580 bealte
514 2540 726 2595 semper
775 2526 998 2595 virginis
1029 2525 1208 2580 Maria:
1230 2526 1297 2556 “‘
1332 2543 1344 2578 :
1374 2525 1497 2579 1am
1545 2525 1759 2594 collegio
1790 2540 1873 2577 re-

287 2629 421 2671 stra'
450 2617 517 2648 “'
541 2617 887 2686 fraternitatis
914 2634 1105 2686 nequeo
1128 2619 1315 2683 celare,
1359 2621 1496 2686 quod
1522 2631 1612 2683 per
1635 2614 1870 2667 triduuut

288 2707 672 2771 dissimulans,
734 2709 941 2761 tandem
985 2708 1268 2776 compellor
1314 2709 1504 2761 dicere.
1548 2706 1623 2759 Ab
1666 2705 1734 2736 ³⁵³
1782 2706 1870 2757 lto-

286 2801 480 2851 dierna
509 2798 591 2851 die
622 2800 809 2868 faciem
838 2814 1002 2850 meum
1036 2815 1138 2852 non
1191 2798 1451 2861 videbitis,
1485 2814 1574 2850 nec
1613 2797 1750 2849 ultra
1791 2811 1871 2849 me

284 2893 345 2944 in
373 2892 471 2943 hac
498 2892 620 2943 urbe
656 2890 918 2942 vobiscum
952 2899 1240 2942 morantem
1270 2887 1338 2918 ³³⁵
1363 2887 1705 2955 conspicielis,
1744 2886 1869 2956 quia

284 2984 429 3036 vium
458 2982 613 3034 totius
643 2991 794 3033 terra:
820 2997 934 3033 sum
980 2980 1171 3042 iturus,
1210 2990 1254 3032 et
1279 2979 1379 3031 huc
1408 2980 1546 3031 ultra
1575 2994 1675 3031 non
1704 2993 1869 3030 rever-

280 3094 449 3132 surus
476 3076 566 3131 ³⁸³.
595 3074 762 3142 Super
792 3085 956 3128 vestra
989 3073 1156 3127 salute
1190 3073 1391 3141 pridem
1420 3072 1555 3124 beati
1604 3068 1748 3123 Petri
1783 3086 1855 3122 se-

278 3166 567 3235 pulchrum
615 3164 747 3228 adii,
797 3162 953 3232 hujus
994 3162 1136 3215 urbis
1177 3162 1569 3214 reservationem
1602 3159 1865 3227 supplica-

280 3262 431 3311 tione
486 3257 755 3325 pra'missa
814 3256 1010 3324 petivi,
1080 3264 1126 3308 et
1179 3256 1300 3323 quia
1348 3255 1444 3306 hoc
1500 3263 1709 3320 peccato
1764 3270 1867 3306 non

278 3349 526 3402 merebar
548 3347 615 3379 ³⁸⁵
658 3358 822 3400 uestro
854 3348 907 3399 in
933 3363 1232 3415 responsum
1268 3346 1439 3413 accepi
1464 3362 1481 3398 :
1517 3363 1533 3394 ι
1568 3343 1707 3397 Huic
1730 3346 1865 3397 enim

280 3440 409 3493 urbi
441 3452 663 3493 wternus
694 3440 850 3492 instat
876 3439 1139 3500 interitus,
1170 3448 1339 3491 vestra
1364 3454 1564 3508 quoque
1588 3438 1866 3507 perimma-

279 3532 370 3583 nis
396 3528 467 3559 ’“
510 3528 750 3597 perditio,
796 3527 896 3580 nisi
924 3542 988 3580 ex
1034 3537 1139 3579 toto
1172 3528 1326 3579 corde
1355 3542 1554 3579 morum
1604 3526 1863 3593 pra'cedat

277 3620 576 3673 conversio.
609 3639 627 3671 ι
668 3618 997 3687 Quapropter
1019 3632 1063 3671 et
1085 3619 1168 3671 hic
1190 3618 1476 3686 prohibitus
1504 3634 1617 3669 sum
1642 3617 1865 3684 effodere

278 3713 418 3765 mihi
472 3712 813 3779 sepulchrum,
850 3721 896 3764 et
934 3711 1002 3764 ad
1055 3712 1222 3764 vicum
1276 3711 1395 3764 hinc
1430 3711 1611 3779 jussus
1636 3710 1700 3740 ’"
1750 3726 1866 3762 sum

276 3803 514 3855 transire
536 3802 853 3871 Trajectum,
882 3802 1099 3855 utilliuc
1130 3819 1209 3855 me
1224 3802 1333 3855 dies
1353 3812 1581 3854 assumat
1608 3810 1862 3867 extrema,

273 3895 588 3964 priusquam
635 3910 714 3946 me
745 3896 1004 3947 vobiscum
1034 3905 1201 3946 vestra
1248 3894 1509 3961 contingat
1541 3898 1619 3945 vel
1658 3908 1866 3945 cernere

275 3987 363 4040 uel
396 3986 589 4054 perpeti
618 3984 775 4037 ntala.
808 3983 922 4037 Hoc
950 3995 1124 4037 autent
1149 3994 1398 4053 quantum
1429 3984 1483 4035 in
1516 3999 1594 4035 me
1624 3994 1697 4035 est
1723 3983 1864 4036 vobis

271 4077 530 4148 promitto
584 4079 727 4147 quia,
776 4077 961 4147 quodsi
1001 4093 1095 4145 pro
1139 4075 1208 4109 ³⁸⁸
1258 4092 1534 4143 corporum
1575 4088 1864 4129 vestrorum

271 4167 573 4222 salvatione
618 4170 915 4235 supplicans
954 4166 1196 4219 exaudiri
1241 4168 1465 4233 peccatis
1516 4166 1695 4218 vestris
1722 4182 1861 4233 prte-

272 4258 691 4330 ponderantibus
723 4274 936 4329 nequeo,
984 4273 1076 4327 pro
1115 4257 1410 4309 animarum
1460 4258 1644 4309 saltem
1677 4256 1743 4286 *δ’
1773 4274 1864 4310 sa-

275 4350 394 4404 lute
424 4362 707 4404 vestrarum
751 4366 781 4402 a
830 4348 937 4402 Deo
969 4348 1095 4400 mihi
1125 4348 1521 4401 commissarum
1566 4349 1861 4416 defunctus,

275 4454 476 4497 etcum
520 4440 726 4496 Christo
777 4456 1017 4510 regnans,
1061 4439 1263 4509 felicius
1312 4440 1653 4494 interveniens
1702 4442 1862 4511 impe-

1976 524 2110 590 quil.
2142 540 2279 587 oves,
2320 542 2473 593 quas,
2512 524 2743 585 Domine,
2778 523 3029 592 pra’cioso
3061 521 3315 589 sanguine
3342 519 3561 571 redemi-

1975 614 2059 676 sti,
2085 615 2219 666 hunc
2248 616 2458 683 inquam
2488 630 2710 683 gregem,
2739 615 2862 682 quia
2892 622 3011 664 tuus
3037 621 3133 672 est,
3166 609 3257 662 tibi
3292 609 3446 661 hodie
3468 609 3559 661 de-

1975 704 2063 766 do,
2092 720 2267 774 meque
2300 714 2462 757 totum
2491 704 2583 756 tibi
2608 702 2911 757 commendo
2936 702 3024 754 ’5'.
3070 700 3328 769 Deprecor
3369 708 3438 759 te,
3461 697 3561 767 ju-

1976 795 2075 848 dex-
2114 796 2425 865 a'quissime,
2457 796 2643 849 humili
2674 806 2720 849 et
2750 794 2909 864 ﬂebili
2953 808 3120 862 prece,
3152 808 3214 845 ne
3240 791 3369 844 ovile
3408 802 3555 843 tuum

1976 886 2085 955 lupi
2130 903 2343 954 rapaces
2386 888 2527 957 gregi
2552 904 2652 939 non
2682 896 2948 954 parcentes
2995 885 3271 947 subruunt,
3324 899 3443 937 nere
3488 883 3559 913 ³⁸⁸

1976 995 2158 1031 carnes
2202 980 2370 1031 arium
2416 989 2624 1031 tuarum
2670 979 3009 1048 deglutientes
3060 986 3389 1030 consumant.
3456 976 3555 1040 Tu,

1979 1066 2197 1121 Domine
2224 1067 2373 1131 Jcstt,
2406 1069 2495 1137 qui
2533 1070 2760 1120 animam
2804 1079 2945 1121 tuam
2989 1084 3081 1136 pro
3130 1068 3202 1120 eis
3247 1069 3461 1136 posu'su
3505 1066 3560 1119 in

1976 1169 2160 1223 morte,
2190 1160 2395 1213 animus
2437 1176 2615 1212 eorum
2648 1176 2679 1211 a
2723 1159 2967 1227 lupormn
2995 1160 3272 1212 voracitate
3303 1158 3371 1187 ³⁸³
3420 1158 3562 1223 eripe

1976 1259 2023 1303 et
2053 1267 2084 1302 a
2118 1249 2345 1317 rugieute
2372 1248 2538 1311 leone,
2570 1257 2623 1300 ut
2655 1250 2849 1316 possim
2879 1247 2947 1277 ³⁸⁵
2981 1248 3049 1299 ad
3084 1257 3131 1300 te
3159 1248 3362 1312 aliquos
3394 1245 3562 1297 manis

1975 1340 2123 1411 pulos
2153 1350 2436 1409 reportare.
2466 1338 2558 1393 llis
2586 1354 2713 1408 ergo
2747 1338 2817 1369 "'
2844 1355 2872 1390 a
2909 1338 3065 1392 beato
3096 1336 3343 1392 Servalio
3372 1336 3439 1366 ³³⁸
3462 1350 3557 1405 pe-

1978 1432 2193 1494 roratis,
2230 1447 2349 1484 mox
2376 1432 2661 1485 universus
2691 1440 2873 1485 astans
2902 1428 3145 1498 populus.
3179 1428 3415 1481 clamore
3446 1442 3559 1479 ma-

1976 1538 2081 1593 gno
2110 1522 2324 1591 irrugiit
2367 1522 2461 1585 ³³⁷,
2490 1521 2667 1575 luctus
2712 1531 2765 1574 et
2814 1520 3035 1590 ejulatio
3084 1518 3154 1548 ”'
3204 1518 3271 1571 ab
3328 1528 3559 1585 utroque

1977 1632 2107 1671 sexu
2155 1615 2401 1669 increvit.
2434 1615 2500 1667 At
2531 1613 2599 1643 "’
2628 1613 2709 1666 vir
2734 1612 2941 1666 Domini
2972 1609 3294 1663 necess‘ariis
3322 1608 3560 1677 sepultu-

1977 1723 2051 1762 ra:
2081 1722 2264 1763 secum
2306 1706 2515 1768 levatis.
2550 1720 2870 1775 progressus
2896 1703 2962 1756 ad
2996 1700 3316 1756 orienlnlem
3346 1699 3555 1769 plagam

1976 1799 2230 1868 pedester
2258 1805 2412 1867 porta
2451 1796 2752 1866 Tungrensi
2790 1796 2952 1859 exiit,
2983 1808 3213 1862 pergens
3255 1792 3396 1844 viam
3440 1805 3561 1859 qu'c

1977 1888 2042 1941 ad
2073 1888 2325 1955 oppidum
2352 1886 2419 1916 ³⁶⁰
2459 1884 2881 1952 Trajectensiuiu
2934 1882 3097 1935 n.itlit
3123 1881 3211 1932 "’.
3245 1879 3395 1933 Tunc
3440 1878 3561 1931 nui-

1976 1978 2116 2033 versi
2161 1994 2282 2032 cum
2321 1976 2710 2031 vociferatiOue
2754 1984 2808 2029 et
2858 1974 3097 2028 lacrimis
3138 1972 3359 2041 vestigia
3415 1970 3558 2024 illius

1975 2067 2285 2137 persequuti
2316 2067 2408 2129 ³⁶¹,
2437 2068 2703 2135 prodeunt
2731 2080 2759 2118 a
2789 2064 3010 2118 civitate
3038 2062 3302 2125 dolentes,
3328 2060 3555 2129 snliplici

1975 2164 2078 2217 bac
2126 2175 2259 2214 voce
2288 2158 2713 2229 subjungentes:
2751 2156 2832 2211 Ne
2881 2156 3210 2226 derelinquas
3261 2172 3374 2219 nos,
3411 2164 3559 2224 pater

1973 2265 2172 2317 sancte,
2222 2268 2283 2305 ne
2327 2251 2649 2305 obliviscaris
2680 2250 2863 2314 nostri,
2917 2259 3095 2317 pastor
3140 2248 3556 2316 uigilantissime,

1975 2359 2066 2395 nos
2094 2341 2313 2410 populus
2350 2348 2469 2392 tuus
2492 2350 2538 2392 et
2577 2354 2693 2391 oves
2722 2339 2887 2407 gregis
2915 2338 3013 2402 tui,
3038 2354 3099 2390 ne
3123 2353 3215 2389 nos
3240 2337 3473 2388 dimittas
3503 2338 3557 2388 in

1972 2434 2211 2489 sei-ientis
2256 2432 2495 2500 faucibus
2528 2430 2744 2482 inimici.
2782 2428 3030 2482 Monacbi
3066 2443 3193 2480 vero
3236 2436 3290 2480 ct
3330 2435 3557 2481 saerata:

1972 2522 2082 2577 Deo
2106 2522 2313 2592 puellae,
2342 2536 2569 2590 quorum
2600 2520 2708 2574 illic
2732 2517 2974 2573 emnobia
2996 2524 3151 2572 erant
3187 2516 3432 2584 perplura
3464 2515 3556 2578 η’,

1972 2624 2026 2669 et
2048 2614 2223 2669 omnis
2255 2614 2305 2665 in
2331 2627 2617 2665 commune
2643 2612 2821 2665 clerus
2849 2611 2913 2664 de
2944 2609 3271 2663 monasterio
3295 2617 3559 2662 exeuntes

1971 2704 2436 2776 persequebantur
2456 2703 2571 2770 ejus
2602 2704 2723 2763 iter,
2750 2710 2969 2769 pectora
2999 2698 3369 2768 percucientes
3391 2712 3557 2767 seque

1973 2807 2094 2868 post
2119 2796 2187 2826 ³⁸³
2208 2794 2390 2847 omnia
2424 2793 2571 2847 bumi
2601 2802 2960 2862 prestrantes,
2993 2791 3105 2843 bace
3147 2803 3359 2857 quoque
3404 2791 3555 2858 inge-

1974 2888 2275 2941 minantes:
2307 2884 2435 2947 Cur,
2465 2892 2645 2951 pastor
2671 2881 2820 2943 bone,
2847 2890 2950 2931 tam
2983 2880 3084 2931 cito
3112 2879 3327 2943 deseris,
3358 2876 3434 2931 vel
3452 2892 3555 2947 quo

1973 2994 2109 3033 nunc
2139 2977 2305 3030 iturus
2330 2974 2398 3004 m
2421 2972 2685 3041 proripis?
2716 2970 2864 3023 Educ
2888 2988 2979 3023 nos
3007 2980 3195 3030 tecum,
3239 2978 3290 3021 ut
3328 2984 3559 3021 commo-

1975 3068 2164 3120 rientes
2206 3062 2618 3130 consepeliamur
2647 3060 2761 3123 tibi,
2802 3057 2986 3125 quibus
3014 3058 3182 3110 solum
3210 3067 3282 3109 est
3328 3057 3557 3124 infortu-

1977 3161 2117 3211 nium
2140 3166 2251 3227 post
2279 3166 2325 3208 te
2353 3154 2593 3222 relinqui.
2618 3153 2853 3205 Adventu
2883 3150 2950 3181 ³⁵⁸
2979 3160 3066 3203 tuo
3091 3166 3296 3203 eramus
3325 3151 3559 3219 gauden-

1971 3261 2065 3313 tes,
2106 3248 2243 3317 quod
2293 3263 2356 3300 ex
2405 3245 2692 3315 longinqua
2745 3242 2814 3273 ³⁵⁸
2866 3258 3096 3295 reversus
3142 3242 3558 3311 peregrinatione

1969 3339 2261 3409 dignareris
2303 3337 2418 3406 jam
2465 3351 2600 3387 nunc
2648 3334 2913 3387 nobiscum
2945 3349 3053 3385 esse
3096 3332 3182 3393 Μ,
3216 3348 3331 3383 cum
3369 3348 3459 3383 nec
3487 3329 3557 3362 ³⁵⁸

1969 3429 2130 3484 tridui
2167 3428 2350 3482 saltent
2397 3424 2661 3478 curriculo
2705 3423 2845 3491 apud
2892 3438 2984 3474 nos
3030 3420 3149 3475 velis
3189 3435 3416 3473 manere.
3458 3418 3556 3471 Dic

1968 3522 2114 3576 nobis
2145 3521 2271 3590 quid
2301 3518 2622 3588 faciendum,
2661 3516 2846 3583 quidve
2870 3514 2936 3544 π’
2959 3524 3006 3566 te
3029 3514 3321 3565 discedente
3348 3512 3553 3565 consilii

1967 3614 2033 3667 sit
2065 3612 2211 3665 nobis
2235 3608 2549 3679 captandum
2573 3606 2662 3659 ³⁸⁸.
2699 3605 2837 3671 Quid
2868 3604 2935 3634 ’το
2964 3604 3058 3656 erit
3098 3604 3159 3655 de
3191 3603 3339 3655 nobis
3366 3603 3554 3672 quibus

1968 3704 2098 3757 tanti
2142 3702 2383 3769 aufertur
2420 3698 2695 3767 prtesentia
2730 3697 2935 3764 patris?
2974 3694 3111 3759 Quid
3140 3696 3314 3746 miseri
3355 3694 3552 3761 facturi

1966 3808 2167 3855 sumus,
2199 3792 2286 3859 qui
2315 3792 2426 3842 sine
2452 3800 2499 3841 te
2528 3788 2694 3840 rivere
2723 3787 2788 3816 ³⁷¹
2816 3787 3107 3854 nequimus,
3137 3785 3227 3837 sed
3251 3784 3402 3837 morti
3434 3801 3549 3851 pcs~

1968 3885 2114 3937 sima?
2135 3882 2373 3934 tradendi
2397 3880 2613 3932 smnus?
2644 3877 2716 3931 Ve
2741 3878 2883 3930 nobis
2899 3878 2985 3946 qui
3010 3876 3125 3928 ideo
3160 3885 3249 3927 tua
3271 3876 3547 3943 prementia

1968 3974 2321 4036 destituimur,
2350 3974 2471 4041 quia
2500 3970 2738 4024 uindicta:
2763 3969 2953 4022 ca'lesti
2976 3968 3377 4037 objicimur,nec
3404 3968 3549 4036 digni

1968 4081 2146 4119 sumus
2178 4062 2561 4117 commoriendo
2586 4061 2652 4091 ³⁷¹
2674 4062 2773 4113 hac
2796 4077 2943 4129 paena
2969 4058 3198 4121 liberari,
3218 4070 3362 4128 teque
3391 4059 3548 4112 nimis

1965 4157 2242 4226 indignum
2290 4166 2360 4209 est
2390 4153 2669 4223 perditioni
2714 4162 2904 4205 nostra:
2950 4152 3213 4203 nobiscum
3263 4151 3545 4218 implicari.

1969 4248 2034 4312 Ο,
2078 4266 2107 4302 o
2132 4249 2202 4281 ³⁷³
2232 4263 2414 4301 nomen
2445 4245 2582 4313 quod
2622 4260 2820 4312 semper
2848 4259 2956 4311 pra:
2984 4253 3030 4295 te
3067 4241 3266 4310 ferebas
3294 4243 3545 4311 pastoris,

1967 4340 2121 4395 malle
2149 4352 2197 4393 te
2224 4340 2523 4393 occumbere
2549 4354 2643 4406 pro
2666 4336 2758 4389 tibi
2794 4336 3101 4397 commissis,
3129 4351 3287 4403 quam
3328 4352 3440 4388 ores
3468 4336 3548 4387 tui

1968 4432 2135 4502 gregis
2184 4431 2252 4463 ³⁷⁵
2278 4445 2555 4500 exponeres
2597 4425 2982 4481 delaniantibus
3010 4426 3178 4495 lupis!
3205 4425 3287 4479 Eu
3327 4443 3427 4480 non
3476 4428 3546 4480 ad

1895 4491 1941 4550 υ
1969 4523 2333 4577 dilaniandum
2356 4523 2548 4590 potius,
2571 4522 2660 4574 sed
2677 4520 2985 4589 exponimur
2998 4521 3066 4571 ad
3082 4521 3285 4589 penitus
3298 4520 3551 4573 devoran-

1966 4615 2109 4668 dum.
2129 4614 2323 4669 Saltem
2340 4614 2517 4667 r"‘hac
2548 4613 2616 4644 ³⁷⁸
2630 4612 2870 4681 fortassis
2897 4612 3166 4664 occasione
3184 4611 3323 4680 quod
3346 4627 3550 4679 semper

1965 4707 2200 4761 sitireras
2225 4708 2475 4759 invenires
2504 4705 2571 4737 ⁸⁷⁷
2597 4705 2917 4767 murtirium,
2938 4716 3165 4772 essetque
3191 4714 3281 4755 tua
3304 4718 3409 4769 pra:
3430 4719 3557 4756 nos-

1967 4798 2060 4851 tris
2087 4797 2250 4851 oculis
2278 4798 2457 4851 habita
2481 4808 2670 4851 nostra:
2693 4797 2876 4850 mortis
2898 4806 3172 4864 utcumque
3197 4793 3560 4864 solatium'“.

1563 4923 1794 4980 VARle
1835 4928 2124 4986 LECTION
2134 4930 2235 4984 ES.

1511 5058 2039 5160 uere
2068 5063 2217 5160 δετυε

1870 5134 1937 5160 ιη
1966 5134 2039 5160 ἰιι-
2073 5136 2139 5162 ..ἕο

276 4534 459 4588 trabo.

272 4624 375 4680 25.
420 4622 600 4677 Oratio
622 4623 735 4691 ejus
762 4633 808 4677 et
839 4624 1139 4694 lamentatio
1178 4621 1481 4676 clericorum
1520 4633 1565 4677 et
1585 4625 1785 4694 populi,
1813 4637 1860 4681 et

851 4696 916 4747 de
943 4693 1081 4746 obitu
1119 4695 1299 4763 ipsius.

354 4784 561 4840 Deinde
589 4784 760 4840 multa
789 4786 1167 4840 exhortatione
1196 4799 1290 4839 eos
1325 4784 1654 4852 consolatus,
1691 4788 1863 4843 oculis

3301 5054 3379 5087 ⁸⁸⁸
3409 5059 3594 5113 citius

3313 5124 3397 5155 ,ιδ
3429 5143 3567 5162 οιιηι
3580 5156 3597 5162 -

2781 5062 2849 5093 ⁸³⁹
2876 5061 2944 5113 mi
2956 5058 3136 5113 raculo
3165 5058 3220 5112 5.

2814 5130 2882 5161 ³8³
2912 5131 3095 5162 Ᾰοουυο
3128 5127 3204 5162 ΓΙ.

1104 5056 1171 5087 ³³⁷
1215 5054 1385 5109 nitida
1416 5084 1483 5092 -

1067 5125 1217 5158 nlo'lar
1263 5141 1504 5158 aro-rnatu
1533 5125 1615 5160 γε...
1690 5127 1765 5160 ΙἸ-

358 5051 429 5082 ³³⁸
457 5059 722 5106 aeternum
757 5052 847 5106 uit.
882 5052 1028 5108 Serv.

276 5121 316 5154 ο
373 5123 405 5154 Ζ
503 5120 570 5153 ιιι
614 5134 701 5156 ...ιι
736 5123 918 5156 lla-usu
947 5135 1033 5156 nus

2294 5062 2364 5102 ³³⁸
2391 5062 2620 5118 servare
2646 5066 2701 5117 5.

2196 5129 2318 5162 ειη...
2369 5143 2561 5162 πικρία-η
2591 5134 2624 5162 ο
2678 5133 2709 5162 2
