4094 5252
281 326 427 383 1055

1351 333 1670 393 ΠΕΒΙΟΞΜ
1710 337 1935 392 GESTA
1980 341 2192 397 EPISC.
2238 342 2435 398 LlZOD.

3410 355 3551 415 1058

277 448 538 520 deinceps
565 448 629 502 12
676 447 978 512 Ursicinus,
1008 448 1069 502 15
1117 448 1458 520 Designatus,
1504 453 1563 505 11
1614 452 1866 522 Resigua-
1896 466 1942 520 Α
1970 456 2286 513 Trutmonia
2314 461 2556 530 ejusdem
2607 462 2948 533 episcopatus
2973 467 3043 502 ⁸³⁵
3075 467 3196 525 villa
3230 468 3331 524 fuit
3377 481 3556 530 tumu-

263 531 367 593 .lus
397 539 488 603 ““,
521 538 585 592 15
640 537 946 610 Supplicius
980 540 1074 605 ω,
1107 540 1164 593 16
1219 540 1500 608 Quirillus,
1543 545 1603 596 t7
1655 544 1866 600 Euche-

271 619 372 684 rus
403 629 492 694 δ”,
523 630 585 684 18
618 627 780 685 Falco
805 630 976 701 (502),
1005 631 1073 686 l9
1104 631 1424 688 Eucharius.

417 739 489 792 De
537 750 717 795 sancto
768 720 1073 815 Domitiano
1114 742 1345 815 itemque
1389 741 1650 815 Perpetuo
1703 755 1751 800 et
1795 747 1866 779 “'

768 806 778 814 ’
932 808 1207 880 Εί·ιιι’θὶεο.

259 902 261 904 ’
303 895 308 900 ’
343 885 648 953 Vicesimus
669 899 808 953 sedit
836 899 1174 956 Domitianus
1200 902 1376 974 (505),
1397 905 1485 974 qui
1504 905 1614 976 jam
1639 905 1863 962 ﬂorente

266 982 572 1060 christiana
605 989 807 1060 ubique
839 991 1096 1061 religione
1128 994 1227 1050 sub
1262 993 1554 1051 llildeberti
1584 997 1860 1064 gloriosis-

251 1065 394 1154 ‘simi
437 1082 577 1150 regis
621 1092 864 1151 tempore
891 1081 1000 1152 (an.
1049 1083 1198 1155 519),
1248 1085 1624 1143 Aurelianensi
1666 1089 1860 1159 legitur

259 1152 464 1224 Simulo
488 1169 801 1226 interfuisse
827 1171 995 1242 (501).
1014 1173 1112 1240 Qui
1138 1152 1438 1230 etcivitatis
1455 1177 1566 1246 jam
1583 1152 1856 1233 dirtttvtn‘“

261 1259 548 1315 fastidiens
585 1261 938 1328 Tungreusis,
985 1265 1157 1319 sancti
1204 1265 1440 1322 Servatii
1484 1279 1613 1338 aput
1667 1269 1856 1340 Traje-

262 1362 411 1409 ct‘um
450 1352 833 1424 frequentabat
881 1356 1244 1425 sepulchrum,
1295 1359 1438 1414 circa
1493 1360 1631 1415 illius
1657 1364 1853 1433 quippe

263 1452 530 1506 tumulum
559 1453 858 1521 quamlibet
889 1455 1092 1508 uirium
1137 1457 1290 1526 cepia
1323 1457 1655 1523 delluxisset,
1694 1459 1766 1513 ita
1795 1469 1852 1514 ut

260 1537 536 1599 interdum
568 1544 636 1577 ’δι’
663 1545 891 1600 duorum
921 1547 1200 1602 autetiam
1232 1549 1393 1602 trium
1422 1551 1619 1617 pedum
1653 1551 1852 1604 crassi-

247 1635 450 1695 tudine
478 1636 872 1706 circumjacens
919 1649 1063 1692 terra
1118 1651 1558 1722 respergeretur;
1609 1643 1847 1697 tumulus

251 1737 440 1792 tamen
477 1729 594 1799 ejus
626 1746 918 1799 uumrputm
946 1745 1008 1784 ea
1053 1729 1398 1798 opericbat'ur
1427 1733 1605 1803 (Gesta
1635 1734 1694 1788 S.
1725 1732 1847 1787 Ser-

1971 549 2112 605 latus
2146 551 2316 622 (508).

2388 647 2478 702 29.
2523 651 2599 702 De
2643 660 2823 704 sancta
2860 649 3120 707 Iohanne.

1949 807 1954 811 _
2038 733 2133 790 liis
2153 752 2249 805 per
2270 741 2666 797 successionem
2689 744 2756 797 ad
2779 743 2886 799 alia
2906 747 3134 812 voratis,
3158 745 3437 805 Iohannes
3475 751 3546 808 25

1963 826 2226 891 succedit,
2255 827 2336 880 vir
2366 831 2530 884 totius
2558 832 2883 898 sanctitatis,
2915 831 3068 902 cujus
3091 835 3256 889 vitam
3288 846 3340 890 ct
3369 849 3542 907 gesta.

1965 924 2021 968 ut
2053 917 2237 972 auditu
2269 929 2476 975 tantum
2513 934 2565 976 et
2607 924 2867 981 relatione
2912 941 2942 980 a
2967 926 3260 996 majoribus
3290 940 3344 984 et
3387 942 3550 988 aetate

1961 1010 2392 1077 provectioribus
2457 1015 2786 1084 accepimus,
2851 1035 2952 1074 nos
3009 1037 3223 1092 quoque
3261 1027 3549 1095 perpaucis

1959 1099 2318 1189 absolvamus.
2367 1102 2475 1159 Nec
2503 1106 2660 1161 debet
2685 1109 2986 1166 existimari
3024 1113 3259 1171 diﬂicere
3273 1117 3342 1149 δι’
3373 1118 3546 1189 (509).

1959 1185 2082 1240 licet
2118 1189 2432 1246 inusitatum
2474 1196 2617 1264 quod
2658 1197 2854 1267 placet,
2888 1202 3209 1259 mirabiliter
3236 1185 3416 1263 omnia
3448 1185 3541 1264 va-

1957 1275 2153 1334 lentem
2184 1285 2399 1352 operari
2433 1285 2626 1352 Deum,
2659 1291 2748 1359 qui
2773 1293 3037 1350 mirabilis
3064 1297 3116 1352 in
3140 1302 3392 1357 omnibus
3416 1319 3546 1374 ope-

1955 1367 2106 1423 ribus
2136 1371 2250 1426 suis
2278 1383 2498 1429 sanctos
2526 1391 2741 1448 quoque
2771 1380 3155 1442 inedicibiliter
3183 1403 3311 1446 suos
3340 1391 3409 1423 δ”
3444 1367 3544 1448 mi-

1954 1457 2130 1512 riticat
2171 1463 2498 1530 quibuslibet
2549 1470 2743 1535 modis,
2778 1482 2970 1540 potens
3009 1475 3078 1508 “7
3117 1480 3281 1534 etiam
3332 1481 3544 1539 edicere

1953 1548 2307 1615 mirabiliora,
2334 1557 2670 1623 temporibus
2704 1563 3122 1638 accgmmodans
3151 1575 3414 1638 tempora,
3453 1571 3542 1625 in-

1950 1646 2196 1711 portunis
2241 1655 2293 1700 et
2343 1647 2636 1706 incredulis
2683 1640 2934 1724 ingerens
2977 1667 3264 1728 oportuna.
3320 1662 3539 1733 Linguae

1949 1736 2114 1799 enim,
2153 1747 2212 1791 ut
2245 1739 2314 1791 ait
2349 1739 2670 1809 Apostolus,
2714 1746 2769 1799 in
2794 1747 2998 1816 signant
3028 1762 3148 1804 sunt
3177 1769 3276 1806 non
3299 1754 3541 1823 fidelibus

255 1814 400 1873 vatii.
427 1819 510 1874 Cf.
533 1820 773 1876 Gnscon.
799 1821 959 1890 Tun,
989 1821 1061 1875 De
1079 1821 1247 1900 gloria
1273 1823 1438 1892 conf.,
1467 1840 1519 1880 c.
1551 1825 1662 1894 72).
1694 1825 1848 1879 Erat-
1880 1815 1922 1873 Β
1950 1826 2041 1878 sed
2078 1829 2376 1895 inﬁdelibus
2428 1831 2479 1899 (1
2507 1831 2630 1886 Cor.
2665 1850 2774 1900 XIV,
2807 1814 2925 1906 22),
2977 1849 3038 1894 ut
3063 1843 3187 1910 quia
3216 1814 3439 1901 cottidie
3486 1849 3540 1902 in

253 1927 359 1981 que
400 1913 596 1966 mirum
629 1923 838 1968 montes
869 1914 920 1966 in
972 1913 1202 1967 circuitu
1254 1914 1455 1968 nivium
1490 1915 1695 1982 videre,
1747 1931 1848 1970 nec

256 2010 441 2057 tamen
494 2003 666 2057 sancti
719 2004 959 2059 Servatii
1013 2004 1358 2074 sepulchrum
1401 2007 1715 2076 contingere
1750 2007 1842 2062 ⁵⁸⁸.

254 2087 595 2162 Operabatur
628 2096 792 2150 etiam
817 2096 981 2150 multa
1009 2096 1059 2148 in
1092 2097 1280 2151 eodem
1313 2097 1431 2151 loco
1455 2098 1702 2154 Christus
1741 2101 1843 2154 rui-

253 2185 461 2249 racula,
508 2197 565 2241 ut
595 2187 752 2256 plane
789 2187 1014 2242 daretur
1043 2187 1268 2260 intelligi
1317 2191 1578 2258 praeciosa
1622 2192 1674 2246 in
1717 2207 1846 2245 cm:-

252 2288 444 2345 spectu
475 2279 592 2347 ejus
616 2279 788 2334 sancti
817 2279 917 2333 viri
944 2278 1146 2350 jugiter
1168 2295 1286 2335 esse
1309 2281 1520 2335 merita.
1547 2281 1627 2336 Oh
1658 2283 1759 2337 hoc
1790 2294 1846 2338 et

253 2367 471 2423 devotio
527 2369 762 2424 ﬁdelium
811 2369 1040 2426 fratrum
1097 2381 1153 2426 et
1206 2371 1602 2442 frequentantis
1658 2375 1842 2444 populi

249 2460 703 2528 studiumjconati
745 2470 873 2517 sunt
903 2477 1030 2532 sepe
1066 2462 1139 2516 illi
1177 2479 1275 2534 pro
1317 2480 1477 2533 posse
1506 2465 1686 2520 facere
1714 2481 1841 2520 ora-

250 2550 509 2606 toriolum
532 2549 620 2606 "7.
643 2552 747 2608 Sed
775 2553 899 2624 quia
917 2553 1197 2610 tantoviro
1223 2571 1329 2609 non
1347 2564 1463 2610 erat
1486 2557 1835 2626 condignum,

248 2641 314 2696 de
343 2642 513 2714 lignis
543 2645 751 2701 scilicet
772 2645 1020 2716 levigatis
1052 2646 1357 2717 tabulisque
1379 2648 1665 2704 taassalatis
1692 2666 1840 2703 com-

248 2744 495 2804 pactum,
526 2737 688 2792 citius
724 2745 817 2790 aut
857 2729 929 2768 ἰη’
980 2751 1010 2790 a
1049 2746 1212 2792 vento
1246 2739 1618 2808 rapiebantur,
1649 2751 1742 2794 aut
1768 2738 1838 2772 ⁸¹⁸

248 2837 445 2896 sponte
474 2828 542 2882 ad
575 2837 776 2883 terram
817 2827 1149 2884 subruebant
1183 2831 1275 2895 δι’,
1305 2830 1478 2885 donec
1516 2842 1705 2886 sancto
1736 2831 1838 2889 Do-

239 2919 483 2974 .mieiano
513 2920 760 2974 humanis
795 2927 1044 2989 exempto
1082 2931 1137 2974 et
1167 2921 1308 2991 apud
1340 2920 1532 2976 lloitun
1563 2921 1631 2952 ⁵²⁰
1685 2922 1833 2993 (505)

243 3002 299 3064 in
335 3010 587 3067 acclesia
637 3013 843 3083 majore
892 3021 1092 3068 sanctae
1126 3012 1390 3069 theoticos
1425 3012 1491 3044 "'
1533 3012 1716 3068 Maria:
1751 3029 1836 3068 se-

246 3103 418 3172 pulto,
455 3106 648 3160 beatus
672 3104 941 3159 Muuulrus
969 3105 1256 3160 vicesimus
1280 3105 1484 3174 primus
1511 3103 1835 3174 procedente

249 3203 493 3266 tempore
529 3197 582 3250 in
615 3197 855 3267 regimen
895 3198 1154 3253 :ecclcsia:
1184 3197 1520 3268 Tungreusis
1552 3197 1831 3260 successit,
1862 3191 1907 3211 “

244 3288 374 3342 etin
429 3289 604 3343 sancti
671 3289 771 3343 viri
837 3291 1042 3346 honore
1101 3289 1357 3360 templum
1418 3287 1831 3342 honorificatum

247 3380 440 3442 erexit,
464 3383 788 3450 composuit,
844 3382 1079 3445 ornavit,
1121 3395 1425 3452 corpusque
1481 3378 1623 3434 illius
1676 3397 1727 3434 ιη
1769 3395 1834 3434 eo

245 3484 364 3524 cum
390 3471 558 3540 digna
598 3474 898 3527 reverentia
932 3473 1222 3535 transtulit,
1272 3472 1565 3541 sedemque
1610 3473 1661 3526 in
1699 3473 1831 3526 Tra-

238 3558 378 3627 jecto
401 3563 764 3633 pontiﬁcalem
819 3566 1010 3621 amodo
1040 3566 1107 3596 ""
1145 3581 1267 3619 esse.
1299 3564 1605 3629 constituit,
1649 3563 1736 3617 ubi
1778 3572 1834 3618 ct

247 3666 445 3723 corpus
472 3670 628 3709 suum
652 3655 867 3726 sepeliri
902 3657 1180 3735 mandavit
1228 3655 1280 3709 iu
1326 3655 1504 3709 medio
1549 3653 1830 3709 mCCiCSitl}.

247 3741 343 3796 Ubi
361 3745 530 3798 etiam
558 3749 745 3802 beatus
765 3746 1193 3816 Guudulfus,qui
1218 3747 1286 3800 22
1318 3746 1580 3800 successit
1613 3745 1663 3798 in
1695 3745 1835 3814 regi-

243 3834 408 3899 mine,
439 3835 601 3890 habet
631 3837 805 3892 locum
857 3839 1144 3908 sepultura:
1185 3836 1355 3908 (506).
1385 3834 1620 3889 Sanctus
1652 3843 1828 3888 autem

245 3923 542 3994 Perpetuus
567 3927 658 3997 qui
698 3928 769 3982 25
805 3929 1020 3998 pra'l‘uit
1046 3940 1175 3998 aput
1215 3929 1550 3983 Dconautum
1580 3925 1618 3957 “
1681 3925 1827 3994 (507)

245 4015 495 4083 quiescit.
523 4017 722 4074 Beatus
762 4034 978 4090 quoque
1006 4018 1296 4088 Ebergisus
1348 4015 1646 4072 succedens
1673 4014 1740 4068 21
1767 4014 1822 4068 in

1951 1917 2134 1970 mundi
2163 1917 2386 1984 fabrica,
2416 1921 2467 1974 iu
2500 1921 2891 1982 clexrtentorum
2921 1934 3234 2001 concordia,
3265 1936 3315 1990 in
3345 1937 3539 2006 guber-

1951 2007 2168 2060 natione
2192 2007 2421 2064 caelestis
2446 2013 2728 2081 machinre,
2758 2025 2814 2071 et
2842 2033 3019 2074 annua
3047 2025 3310 2078 seminum
3342 2035 3397 2080 et
3427 2027 3542 2081 ira-

1947 2110 2073 2166 gum
2102 2107 2155 2151 et
2188 2100 2500 2155 animalium
2551 2105 3010 2177 rediutegratione
3052 2126 3369 2183 operantem
3403 2120 3538 2175 mira

1949 2205 2058 2244 non
2084 2193 2371 2248 attendunt
2400 2195 2855 2266 Omuipotcntem,
2883 2203 3159 2260 miraculis
3186 2207 3375 2263 saltem
3402 2210 3535 2265 invi-

1945 2281 2019 2335 sis
2043 2282 2347 2338 excitentur
2374 2284 2444 2316 ⁸⁸⁸
2466 2287 2532 2340 ad
2563 2287 2744 2342 fidem.
2776 2291 2897 2345 Aud
2924 2293 3098 2348 vimus
3121 2311 3249 2366 sepe
3273 2299 3534 2366 quosdam

1945 2372 2110 2426 stulte
2141 2373 2682 2443 submurmurantes,
2713 2382 2838 2450 quia
2869 2397 2974 2438 non
3020 2384 3148 2440 olim
3194 2387 3341 2458 (5l0)
3397 2391 3536 2445 mira

1942 2465 2025 2518 sui
2059 2465 2417 2535 dignarentur
2462 2478 2682 2540 patrare
2735 2475 3012 2540 martires,
3051 2477 3365 2547 ignorantes
3405 2497 3532 2552 pro-

1942 2553 2104 2621 fecto,
2145 2560 2269 2630 quia
2300 2578 2523 2620 necesse
2563 2564 2666 2619 fuit
2693 2574 2822 2624 tunc
2862 2585 2957 2625 eos
2997 2571 3278 2628 miraculis
3323 2575 3536 2632 innote-

1939 2660 2115 2713 scere,
2136 2663 2257 2703 cum
2282 2667 2380 2720 pro
2402 2653 2639 2709 humana
2663 2655 2954 2727 fragilitate
2976 2668 3266 2729 potuerunt
3289 2663 3535 2718 hostibus

1942 2738 1994 2788 in
2047 2748 2221 2794 morte
2267 2744 2642 2810 succumbere,
2699 2747 3256 2816 etiuproperantibus
3303 2751 3393 2806 ubi
3446 2763 3532 2808 est

1951 2825 2094 2880 Deus
2137 2843 2325 2884 eorum
2357 2831 2456 2886 visi
2487 2842 2612 2888 sunt
2657 2836 2724 2889 ad
2761 2837 2951 2891 horam
2983 2839 3260 2897 vilescere.
3299 2843 3368 2897 At
3393 2859 3532 2899 nunc

1941 2936 2065 2975 eum
2097 2922 2277 2977 debita
2308 2939 2408 2994 pro
2457 2934 2619 2982 nosse
2661 2931 2966 2985 reverentia
2996 2947 3183 2987 eorum
3217 2935 3406 2989 honori
3440 2938 3535 2990 de-

1938 3012 2226 3082 pcnditur,
2254 3029 2362 3070 non
2396 3031 2525 3072 usus
2550 3018 2620 3073 sit
2649 3020 2940 3076 virtutibus
2965 3037 3058 3077 eos
3091 3039 3406 3091 corusca'e,
3437 3029 3529 3082 sed

1938 3113 2060 3158 vota
2090 3100 2160 3135 "9
2184 3115 2238 3160 et
2267 3121 2456 3176 preces
2476 3108 2711 3164 ﬁdelium
2741 3111 2880 3166 intra
2903 3115 3204 3168 sacrarium
3230 3131 3342 3170 sua:
3367 3133 3527 3172 exau-

1941 3194 2157 3248 ditionis
2204 3197 2512 3264 admittere,
2571 3211 3026 3273 acceptanterque
3089 3205 3143 3259 in
3190 3222 3282 3261 ara
3333 3211 3526 3261 summi

1941 3282 2033 3341 Dei
2064 3286 2336 3344 oﬂ'crenda
2381 3292 2660 3349 mandare.
2691 3294 2787 3350 Ille
2816 3295 2981 3366 igitur
3008 3299 3099 3367 qui
3129 3308 3286 3353 vocat
3317 3316 3378 3354 ea
3412 3318 3525 3369 qua:

1939 3393 2046 3431 non
2071 3387 2198 3432 sunt
2223 3389 2496 3450 tamquam
2520 3399 2580 3437 ea
2605 3400 2725 3454 qum
2747 3396 2893 3452 sunt,
2924 3389 3122 3458 quique
3147 3391 3310 3444 stulta
3341 3394 3523 3444 mundi

1938 3469 2223 3537 approbat,
2254 3477 2310 3524 ut
2335 3471 2632 3527 confundat
2656 3472 2851 3540 forcia,
2903 3485 2958 3530 et
3021 3480 3442 3548 contemptibilia
3475 3497 3504 3535 e

1937 3559 2194 3629 ignobilia
2237 3571 2292 3618 et
2331 3578 2394 3618 ea
2425 3579 2545 3634 qua:
2578 3580 2683 3619 non
2729 3575 2879 3629 sunt,
2910 3576 2969 3620 ut
3009 3582 3075 3622 ea
3125 3585 3244 3638 qua:
3275 3583 3402 3624 sunt
3434 3573 3524 3625 tle-

1940 3656 2135 3717 struat,
2168 3651 2468 3720 piscatores
2501 3653 2683 3725 elegit,
2716 3671 2818 3709 nou
2851 3657 3220 3727 philosophos,
3265 3675 3514 3730 paupere

1937 3747 1991 3792 et
2023 3739 2304 3809 ignobiles,
2337 3753 2391 3797 et
2433 3743 2556 3798 fecit
2602 3747 2892 3814 apostolos,
2931 3758 2980 3801 et
3010 3751 3101 3816 qui
3129 3751 3344 3804 stultam
3369 3754 3522 3822 juxta

1933 3828 2248 3898 Apostolum
2279 3831 2400 3899 fecit
2440 3834 2750 3900 sapientiam
2793 3836 2952 3904 hujus
2979 3839 3160 3891 mundi
3193 3839 3243 3908 (Ι
3282 3841 3402 3894 Cor.
3437 3859 3518 3905 nt.

1935 3920 2044 3990 19),
2078 3921 2176 3990 ipsi
2208 3922 2587 3979 nichilominus
2619 3924 2818 3994 placuit
2847 3941 2942 3994 per
2976 3927 3279 3996 simplicem
3307 3944 3523 4001 aposto-

1932 4010 2107 4066 lorum
2145 4014 2502 4069 rusticitatem
2540 4016 2720 4070 salvos
2753 4014 2934 4071 facere
2976 4019 3278 4075 credentes.
3319 4021 3436 4090 Ipse
3460 4037 3524 4076 os

1503 4191 1592 4246 VA
1601 4189 1736 4246 ΒῘᾹΞ
1770 4188 2176 4246 LECTlONES.

335 4345 496 4402 mito
542 4348 631 4403 vit.
683 4346 828 4403 Serv.
893 4347 1133 4400 R'natus
1192 4346 1241 4398 1.
1293 4345 1349 4399 2.
1401 4345 1456 4398 5.
1531 4340 1895 4410 “‘Snlpicius
1957 4359 2096 4396 corr.
2160 4345 2251 4396 vit.
2310 4346 2459 4400 Serv.

1204 4416 1274 4448 *ι’
1323 4417 1396 4468 ita
1433 4414 1521 4467 vit.
1577 4411 1726 4465 Serv.
1768 4412 1999 4465 iuterditt
2037 4419 2086 4466 1.
2143 4413 2198 4466 2.

245 4415 301 4471 2.
375 4418 444 4450 "“
501 4419 768 4474 diruoutte
825 4419 878 4472 1.
925 4417 982 4470 2.
1045 4419 1099 4471 5.

3115 4353 3186 4387 ⁸η
3245 4355 3387 4408 deest
3451 4360 3504 4412 1.

3119 4421 3194 4458 PI.
3295 4425 3362 4458 tu
3385 4443 3478 4458 ιη...

3385 4443 3417 4480 0
3426 4445 3479 4481 ra
3487 4460 3514 4470 -

2535 4348 2902 4406 “'eucherius
2962 4352 3016 4407 5.

2257 4416 2340 4492 5.·
2387 4416 2458 4448 ³¹⁸
2497 4433 2528 4492 a
2580 4420 2793 4492 nivibus
2849 4422 3048 4492 conligi
3118 4421 3215 4492 Ch.

250 4486 445 4543 torium
470 4490 562 4544 vit.
613 4481 762 4542 Serv.
840 4488 911 4521 ’⁸³⁸
952 4496 1010 4540 ut
1058 4491 1103 4540 1.
1180 4485 1677 4562 “’subruebantur
1715 4482 1804 4535 vit.
1857 4481 2008 4562 Serv.
2195 4484 2548 4562 hominumi.
2622 4488 2690 4520 ‘“
2725 4491 2836 4562 Dei,
2869 4481 3160 4562 genetricis
3213 4496 3306 4548 vit.
3359 4497 3512 4552 Serv.

249 4556 315 4588 δ”
344 4559 417 4612 ita
448 4560 530 4613 vit.
560 4557 712 4614 Serv.
744 4572 808 4612 eo
842 4558 1002 4610 modo
1035 4558 1080 4611 1.
1108 4556 1158 4609 2.
1190 4557 1244 4610 5.

250 4625 317 4657 ⁸²⁸
341 4627 471 4683 [eest
500 4631 554 4685 5.
631 4627 699 4660 “7
724 4629 912 4682 desunt
961 4625 1056 4680 Clt.

1356 4553 1426 4587 ⁸¹³
1455 4554 1769 4607 dionantum
1813 4551 2103 4620 requiescit
2125 4553 2178 4606 5.

1134 4625 1204 4658 ⁸⁸⁸
1235 4641 1374 4680 corr.
1423 4624 1474 4678 1.
1507 4638 1602 4692 pro
1639 4621 1930 4676 excitente.
2004 4622 2075 4654 ⁸⁸³
2104 4630 2232 4678 nota
2289 4625 2340 4679 1.
2366 4621 2424 4680 2.

2280 4553 2349 4629 ﬁ“
2373 4558 2690 4629 episcopatu
2732 4562 2780 4615 1.
2815 4553 2961 4616 2.”5.
3063 4563 3137 4594 ⁸⁸⁸
3171 4562 3389 4622 difﬁcile
3413 4567 3513 4624 Cll-

1781 4752 2012 4810 NOT/E.

281 4957 294 4969 .
319 4885 727 5009 $502).Prmerat
757 4887 1164 4958 Tungrensibus
1189 4885 1249 4941 S.
1291 4883 1521 4966 Remigii
1557 4891 1816 4954 tempore,
1851 4891 1901 4950 Ι)

251 4970 296 5010 sr
349 4967 514 5012 ttterts
537 4961 674 5012 apud
709 4957 983 5012 Sirmond.
1024 4957 1065 5012 Ι.
1091 4957 1215 5011 205.
1245 4972 1275 5010 a
1305 4955 1551 5012 Remigio
1590 4956 1657 5008 ad
1701 4955 1822 5009 Fal-

489 4976 514 5012 s
537 4961 674 5027 apud
709 4955 983 5013 Sirmo‘nd.
1024 4957 1065 5021 l,
1091 4957 1215 5011 205.
1245 4972 1275 5010 a
1305 4955 1551 5027 Remigio
1590 4956 1657 5008 ad
1701 4955 1822 5009 Fal-

255 5028 786 5108 conenm‘datisﬁdem
810 5027 1014 5108 habere
1048 5027 1198 5108 licet.

339 5097 452 5108 ὀι-ι
508 5099 539 5108 σ-
596 5099 630 5108 οι
733 5099 744 5108 ο
777 5099 786 5108 ι
868 5097 880 5108 ι
1072 5097 1083 5108 ο
1185 5097 1198 5108 Α
1256 5103 1266 5108 -
1343 5093 1418 5108 κη

1999 4888 2150 4961 (505)
2182 4888 2300 4961 Huy
2324 4893 2393 4961 ad
2414 4890 2639 4947 Mosam.

2002 4960 2151 5030 (506)
2187 4959 2400 5014 Mo‘nulti
2424 4973 2479 5014 et
2499 4959 2750 5017 Gundulﬁ
2775 4974 3026 5029 corpora,
3056 4968 3326 5030 praesente
3350 4965 3528 5024 “ein-

1930 5029 2044 5085 rico
2075 5031 2140 5108 Ill
2173 5045 2293 5108 rege
2314 5046 2343 5084 a
2374 5031 2635 5085 Nithardo
2666 5031 2957 5108 Leodiensi
2984 5040 3036 5084 et
3059 5029 3536 5108 Gerarlt‘tQACame-

3201 5095 3214 5108 Ι
3230 5095 3330 5108 Λ-ιι
