4094 5252
571 344 714 402 1055

1070 332 1401 391 IlERlGERl
1453 331 1539 387 ET
1579 326 1882 386 ANSELMI
1910 324 2139 383 GESTA
2177 322 2393 381 EPISC.
2427 321 2685 380 TUNGR.
2720 320 2910 377 TRAJ.
2941 320 3029 376 ET
3062 318 3261 376 LEOD.

3701 317 3839 375 1038

3880 386 3894 439 ι

568 459 708 516 inuti
758 455 828 490 ⁸⁸⁸
870 451 1102 526 aperuit,
1153 449 1269 520 ipse
1323 447 1540 519 linguas
1588 445 1877 501 infantium
1928 443 2161 500 disertas
2190 446 2417 504 Actum
2464 457 2532 496 ex
2580 439 2800 495 nomine
2837 438 3177 510 designatum
3223 450 3388 507 super
3429 435 3700 507 magnalia
3749 437 3834 492 Dei

571 551 727 608 fecit.
773 547 994 603 Etcum
1035 543 1242 597 diceret
1284 541 1550 612 prepbeta
1593 551 1607 590 :
1643 537 1777 591 Ecce
1820 535 1991 590 nescio
2019 534 2163 604 loqui
2252 532 2571 609 institueret
2597 530 2687 585 “°.
2727 530 2777 586 ls
2820 530 3001 598 itaque
3046 528 3246 585 multas
3274 528 3630 583 circumcirca
3663 536 3835 582 terras

571 642 697 713 quia
723 652 854 711 puer
891 649 985 705 ego
1010 631 1079 664 ³⁵⁸⁸
1123 647 1239 685 sunt
1270 645 1290 684 :
1327 627 1477 692 Noli,
1530 626 1723 696 inquit,
1755 624 1926 678 dicere
1957 642 1975 673 ι
2011 624 2135 693 quia

571 750 702 805 puer
720 746 860 795 sum,
895 746 912 780 ι
943 726 1065 796 quia
1096 725 1166 779 ad
1201 722 1374 776 omnia
1399 736 1516 790 qua:
1542 720 1746 772 mittam
1777 729 1825 771 te
1848 717 1947 769 ibis
1967 726 2013 768 et
2041 727 2161 784 quae

571 804 890 878 mandavero
917 817 1008 872 tibi
1030 813 1259 885 loqueris
1281 808 1416 882 (Jer.
1441 825 1483 874 ι,
1507 809 1561 872 6,
1585 809 1661 877 7.).
1692 806 1758 861 Ει
1781 815 1839 860 ut
1859 804 2161 865 mirabilior

572 912 962 983 praedicaretur
997 901 1283 972 dispositio
1311 897 1708 972 Omliipotcntis
1749 894 1914 952 etiam
1943 894 1995 948 in
2024 908 2157 964 gen-

570 1005 718 1060 tibus
745 998 989 1061 discolis,
1014 993 1164 1052 sulco
1204 992 1275 1023 ⁵³⁸
1323 999 1586 1045 terentem
1623 985 1856 1043 dentalia
1880 984 2159 1052 Quintium

562 1095 843 1150 Seranum
883 1088 1055 1160 (5H).

644 1180 868 1251 Trepida
898 1187 1018 1231 ante
1046 1174 1193 1228 boves
1217 1174 1524 1226 dictatorem
1551 1168 1623 1200 ⁸³³
1645 1168 1815 1223 indutt
1853 1182 2010 1230 uxor,

644 1270 713 1325 Et
742 1282 833 1325 tua
854 1276 1033 1323 aratra
1068 1265 1138 1296 ⁵³⁸
1165 1250 1378 1317 domum
1407 1261 1559 1315 lictor
1585 1259 1725 1313 tulit.

573 1364 643 1418 Et
698 1377 805 1415 non
850 1358 1012 1414 modo
1055 1354 1370 1424 alienigeum
1397 1350 1467 1383 ⁵³⁸
1493 1350 1679 1405 oculos
1720 1350 1897 1404 adhuc
1944 1354 2160 1416 apertos

574 1452 795 1509 habenti
816 1446 1050 1523 resolvit
1081 1446 1133 1498 in
1156 1444 1341 1498 laudes
1369 1457 1463 1495 ora
1491 1440 1784 1511 prophetae.
1809 1453 1993 1491 verum
2016 1436 2157 1504 quod

574 1542 865 1598 mirificum
895 1537 997 1591 fuit
1025 1533 1240 1592 cadenti
1291 1543 1346 1588 et
1393 1534 1458 1587 ad
1509 1529 1937 1586 maledicendum
1968 1543 2161 1599 prope-

575 1633 746 1699 ranti,
775 1631 947 1702 ipsius
994 1629 1081 1684 cui
1113 1626 1385 1682 insidebat
1435 1624 1670 1695 linguam
1707 1623 1774 1677 ad
1826 1621 2157 1691 loquendum

574 1723 838 1780 reseravit
869 1719 1043 1775 asella:
1070 1717 1161 1770 W.
1191 1717 1308 1783 llle,
1353 1716 1595 1784 inquam,
1632 1713 1722 1782 qui
1774 1722 1882 1766 tam
1929 1711 2079 1765 miris
2108 1719 2162 1764 et

575 1815 938 1874 ineﬂ'abilibus
957 1812 1126 1883 signis
1149 1811 1399 1866 onmibus
1420 1808 1672 1879 gentibus
1699 1804 2014 1869 innotescit,
2048 1804 2162 1873 ipse
2191 1785 2237 1842 Β

573 1911 792 1966 beatum
813 1905 1116 1961 Jobauuem
1147 1910 1367 1972 propter
1388 1900 1505 1969 ejus
1529 1898 1669 1952 forte
1696 1896 1955 1965 temporis
1987 1895 2161 1949 incre—

582 1999 741 2055 dulos
768 1994 1220 2068 praestantissime
1260 1990 1582 2052 miriﬁeavit,
1624 1995 1703 2048 ut.
1731 1986 1823 2056 qui
1855 1985 1954 2041 soli
1979 1985 2162 2038 omnia

578 2088 771 2144 scienti
824 2092 1048 2156 propter
1099 2080 1375 2135 conscium
1449 2076 1550 2132 sibi
1600 2090 1736 2146 opus
1783 2074 1983 2128 bonum
2045 2081 2163 2126 erat

574 2177 910 2233 notissimus.
950 2170 1274 2227 mirabiliter
1304 2166 1425 2235 ejus
1458 2164 1723 2233 temporis
1771 2161 2158 2217 ostenderetur

575 2268 913 2325 hominibus.

575 2361 670 2418 30.
707 2359 860 2426 Quod
895 2358 942 2413 ei
984 2374 1015 2410 α
1047 2353 1413 2426 transmarino
1453 2350 1685 2426 quodam
1725 2348 2035 2416 prardictum
2094 2344 2162 2398 sit

815 2444 933 2482 eum
961 2426 1191 2496 Trajecti
1230 2424 1298 2455 ’³³
1332 2421 1628 2492 episcopum
1656 2419 1915 2487 futurum.

649 2540 1014 2614 Trajectensis
1060 2539 1129 2572 ⁵³⁷
1176 2537 1333 2593 sedes
1372 2535 1627 2605 episcopo
1676 2530 1942 2593 vacabat,
1996 2538 2050 2586 et
2098 2529 2165 2584 ad

582 2636 745 2691 alium
777 2630 1213 2690 substituendum
1247 2629 1427 2684 clerus
1457 2635 1511 2680 et
1535 2623 1763 2695 populus
1806 2620 2164 2687 conﬂuxerat,

576 2729 726 2799 regia
759 2724 1063 2782 sublimitas
1090 2735 1252 2792 quem
1279 2718 1478 2773 vellent
1502 2722 1790 2773 annuerat.
1824 2714 2165 2769 sacerdotum

578 2828 637 2876 et
682 2818 1006 2888 optimatum
1051 2813 1288 2885 dignitas
1315 2809 1640 2865 auditorium
1672 2805 1947 2877 publicum
1978 2806 2166 2862 condi-

580 2916 761 2966 xerat.
789 2906 956 2963 Forte

578 3001 860 3058 Scinditur
879 3000 1135 3053 incertum
1171 2992 1350 3050 studia
1390 2993 1444 3046 in
1477 3000 1745 3046 contraria
1776 2989 1957 3060 vulgus
1993 2987 2162 3059 (512),

575 3091 706 3161 quia
729 3089 956 3146 mirilice
976 3087 1046 3119 ⁸³⁸
1071 3102 1100 3142 a
1125 3085 1351 3141 Domino
1370 3083 1681 3154 providetur
1696 3081 1834 3135 alius
1852 3079 1943 3134 “7.
1968 3079 2167 3135 Beatus

578 3182 884 3245 Iohannes,
931 3179 1018 3235 cui
1066 3188 1193 3233 tunc
1232 3174 1489 3244 temporis
1535 3188 1734 3229 nomen
1787 3178 1908 3227 erat
1955 3169 2161 3240 Agnus,
2191 3145 2239 3208 (ἶ

581 3281 733 3330 tanto
776 3280 831 3327 et
856 3283 1105 3341 praesago
1146 3265 1408 3322 vocabulo
1457 3265 1668 3319 meritis
1710 3261 2073 3332 simplicitatis
2109 3268 2165 3316 et

582 3365 752 3421 castis
795 3359 1155 3432 respondebat
1198 3344 1473 3425 operibus.
1523 3353 1811 3409 lnsistebat
1857 3351 2000 3407 enim
2049 3350 2167 3421 agri

582 3455 828 3518 culturae,
869 3465 990 3521 quae
1033 3448 1146 3505 sola
1197 3447 1310 3502 fere
1352 3460 1443 3500 ars
1496 3444 1740 3501 exerceri
1776 3442 1920 3497 valet
1964 3442 2168 3511 absque

584 3544 756 3602 totius
780 3540 1025 3599 criminis
1067 3538 1206 3593 labe.
1253 3535 1369 3592 lloe
1403 3545 1584 3591 autem
1612 3550 1747 3605 opus
1776 3549 1882 3589 non
1913 3534 2168 3603 egestatis

583 3641 809 3691 coactus
833 3630 1058 3702 penuria
1093 3628 1176 3684 vel
1205 3626 1547 3683 necessitatis
1573 3623 1801 3693 alicujus
1840 3624 2169 3679 constrictus

582 3725 789 3790 inedia,
821 3723 915 3779 sed
943 3737 1045 3794 pro
1082 3718 1199 3789 ejus
1245 3717 1504 3789 temporis
1547 3709 1942 3772 consuetudine
1980 3713 2169 3783 pocius

585 3814 924 3888 invigilando
948 3812 1297 3883 sequebatur.
1319 3808 1437 3864 Non
1465 3816 1643 3862 autem
1670 3807 1783 3876 ipse
1806 3803 2165 3875 operabatur;

583 3908 782 3965 nobilis
809 3906 1075 3977 siquidem
1117 3912 1260 3970 erat,
1288 3911 1343 3958 et
1375 3900 1560 3957 multis
1596 3913 1912 3968 magnarum
1952 3911 2169 3967 posses-

583 4000 800 4057 sionum
844 3998 912 4030 ⁶³⁹
956 3995 1217 4052 reditibus
1261 3992 1590 4048 abundabat.
1621 3990 1775 4056 Quod
1800 4004 1868 4044 ne
1895 3989 1980 4045 cui
2029 3987 2172 4043 forte

583 4090 835 4146 videatur
854 4087 1188 4158 ambiguum,
1210 4091 1481 4139 testantur
1502 4081 1665 4135 etiam
1688 4079 1885 4149 praedia
1901 4080 1968 4132 ab
1981 4078 2171 4132 eodem

585 4191 788 4237 nostra:
812 4177 1073 4235 azcclesiae
1093 4175 1313 4241 collata,
1340 4191 1368 4229 a
1403 4172 1697 4241 majoribus
1717 4169 1918 4224 nostris
1944 4177 1999 4224 et
2018 4168 2174 4223 nobis

590 4271 773 4327 adhuc
799 4283 1075 4341 possessa,
1105 4277 1161 4322 et
1186 4268 1253 4323 de
1283 4264 1481 4335 quibus
1509 4259 1835 4317 dominicam
1862 4259 2176 4313 decimatio-

588 4375 714 4416 nem
763 4369 966 4417 sanctae.
991 4361 1202 4417 Cosnue
1246 4357 1446 4412 retinet
1490 4351 1758 4415 :eeclesia,
1789 4364 1888 4419 pro
1933 4348 2175 4417 ejusdem

589 4457 765 4511 sancti
793 4457 893 4512 viri
921 4456 1218 4526 sepultura.
1251 4452 1383 4505 Dum
1416 4450 1579 4519 igitur
1607 4447 1804 4501 talibus
1834 4445 2174 4500 incumberet

588 4536 886 4611 laboribus,
899 4544 1287 4616 supervenitqu
1297 4542 1439 4596 idam
1457 4539 1523 4593 de
1536 4538 1780 4608 partibus
1794 4534 2173 4589 transmarinis

587 4637 931 4709 peregrinus,
982 4636 1075 4706 qui
1127 4635 1336 4689 visione
1382 4628 1625 4700 angelica
1667 4624 1771 4680 luit
1815 4623 2075 4688 monitus,
2112 4631 2172 4676 ut

554 4788 557 4789 ν
590 4744 743 4785 mare
768 4727 1047 4793 transiret,
1070 4734 1125 4782 et
1146 4725 1421 4781 civitatem
1444 4722 1581 4777 bene
1606 4716 1826 4782 factam,
1850 4717 1919 4771 ab
1936 4716 2172 4770 Antonio

593 4827 822 4892 augusto
867 4824 1238 4875 constructam
1286 4810 1704 4884 praeaccederet,
1731 4815 1787 4863 et
1818 4806 1996 4861 virum
2044 4820 2173 4860 san-

2256 607 2602 689 lustraverat,
2627 625 2764 680 bene
2782 623 2977 678 factam
3002 621 3277 677 civitatem
3300 607 3596 691 quesierat,
3620 619 3836 674 tandem

2254 718 2453 774 Hoium
2498 716 2849 786 peraccessit,
2896 714 3174 769 ciuitatem
3226 728 3293 768 ex
3344 712 3562 768 nomine
3619 712 3841 766 demon-

2259 816 2432 864 strato
2459 807 2665 863 invenit
2694 806 2784 861 ⁸⁸³.
2809 805 3052 875 Amplius
3077 819 3395 875 progressus
3414 803 3481 857 ad
3513 801 3839 863 horientem.

2260 898 2478 955 beatum
2510 897 2814 968 repperisse
2839 913 2899 954 se
2934 898 3150 954 lmtatur
3174 896 3498 963 Johannem,
3526 894 3684 965 juxta
3715 911 3846 950 cou-

2262 986 2483 1057 dignum
2532 985 2836 1057 angelicum
2886 986 3135 1042 rationali
3186 1001 3353 1059 opere
3395 986 3449 1039 in
3492 986 3701 1055 praedio
3745 1000 3844 1040 suo

2259 1075 2526 1132 Tietantia
2555 1076 2622 1109 ⁴³²
2654 1078 2803 1150 (515)
2856 1077 3278 1134 incumbentem.
3319 1077 3388 1132 Et
3427 1091 3496 1133 ne
3539 1076 3686 1131 ullus
3726 1076 3847 1146 ejus

2258 1169 2442 1224 animo
2470 1168 2754 1239 serupulus
2781 1177 3111 1234 remaneret,
3137 1168 3418 1239 temptavit
3444 1184 3513 1223 an
3537 1183 3606 1224 ex
3629 1168 3845 1224 nomine

2257 1260 2526 1330 reliquum
2574 1261 2826 1317 inditium
2884 1262 3217 1317 conveniret.
3263 1260 3458 1326 Salve,
3505 1260 3685 1331 inquit
3714 1299 3730 1323 ,
3765 1260 3845 1313 vir

2259 1352 2449 1421 optime
2469 1352 2634 1422 Aque.
2659 1352 2755 1407 Cui
2786 1367 2908 1408 eum
2935 1359 3220 1415 aunueret,
3250 1359 3307 1406 et
3335 1351 3600 1407 salutatus
3632 1348 3845 1406 resalu-

2259 1448 2418 1503 taret,
2453 1443 2662 1497 cercior
2715 1439 2824 1498 iam
2874 1442 3053 1499 lactus
3080 1442 3164 1496 vir
3201 1440 3600 1496 transmarinus
3628 1454 3644 1493 :
3668 1438 3838 1504 Bono,

2261 1533 2457 1601 inquit,
2490 1534 2631 1602 operi
2664 1533 2882 1599 insistis,
2907 1534 3071 1589 bonus
3093 1543 3140 1588 et
3170 1534 3280 1604 ipse
3301 1551 3332 1587 a
3353 1532 3461 1587 Deo
3488 1533 3838 1603 coquosceris.

2260 1624 2439 1679 Bonus
2461 1625 2529 1678 ad
2550 1636 2597 1679 te
2621 1626 2808 1681 missus
2827 1643 2944 1680 sum
2966 1625 3201 1688 nuntius,
3217 1625 3316 1678 nisi
3335 1624 3489 1693 forte,
3511 1622 3657 1693 quod
3677 1622 3845 1676 absit!

2263 1715 2427 1771 verbis
2447 1716 2574 1770 meis
2590 1716 2819 1769 extiterit:
2834 1714 3156 1769 incredulus.
3173 1713 3345 1782 Opera
3361 1724 3453 1765 tua
3478 1723 3525 1764 et
3548 1711 3843 1765 elemosina:

2261 1808 2570 1879 placuerunt
2623 1806 2891 1860 Altissimo
2924 1846 2939 1871 ,
2998 1803 3154 1859 caalos
3201 1820 3403 1875 quoque
3458 1812 3553 1856 tua
3604 1801 3848 1870 frequens

2261 1900 2542 1970 penetravit
2570 1900 2760 1962 oratio,
2789 1899 2973 1969 cuique
3000 1908 3122 1953 nota
3155 1907 3274 1951 sunt
3305 1898 3502 1961 omnia,
3533 1895 3845 1964 complacita

2262 2000 2338 2045 est
2364 2005 2480 2059 qua:
2521 1990 2574 2042 in
2605 1987 2795 2042 abditis
2825 1998 2916 2042 tua
2948 1998 3119 2043 manet
3173 1988 3410 2042 intentio.
3445 1985 3514 2040 Et
3568 1987 3700 2057 quia
3734 2003 3845 2039 ma-

2261 2080 2448 2151 gniﬁce
2468 2078 2691 2133 Domino
2707 2077 3007 2148 fantttlaris,
3022 2079 3295 2149 magniﬁce
3314 2079 3378 2131 ab
3392 2094 3453 2131 eo
3477 2078 3842 2132 nonoraberis.

2265 2170 2463 2225 Mirum
2483 2171 2744 2224 servitutis
2769 2180 2874 2223 tua?
2910 2170 3262 2240 spectaculum
3287 2168 3571 2224 cx/aibuisti
3596 2168 3843 2237 angelicis

2263 2259 2531 2329 spiritibus
2562 2298 2577 2323 ,
2642 2256 2883 2311 mirabile
2959 2258 3024 2311 de
3079 2266 3127 2311 tc
3176 2262 3465 2326 exemplum
3531 2255 3848 2326 prctbebitar

2264 2349 2581 2404 hominibus.
2618 2347 2880 2419 Oppidum
2929 2347 3261 2417 Trajectense
3314 2347 3525 2417 proprio
3575 2347 3847 2401 viduatum

2264 2451 2341 2497 est
2377 2451 2586 2512 pastore
2614 2481 2629 2505 ,
2678 2440 2865 2494 statuit
2899 2439 3157 2493 Dominus
3191 2455 3251 2493 eo
3287 2439 3442 2508 ofﬁcii
3482 2446 3533 2491 te
3571 2436 3847 2491 sublimari

2265 2532 2480 2587 honore.
2520 2530 2605 2585 Ad
2654 2529 2725 2563 ι⁸³
2764 2530 2879 2584 haec
2926 2537 3144 2585 sanctus
3194 2528 3277 2582 vir
3324 2526 3501 2598 primo
3542 2526 3844 2596 obstupuit,

2268 2631 2603 2693 arrectaque
2640 2634 2810 2676 coma:
2837 2634 2943 2676 vox
2992 2617 3239 2673 faucibus
3287 2617 3489 2673 inhesit
3518 2616 3696 2689 (5M),
3731 2630 3849 2687 per-

2268 2714 2600 2783 territusque
2622 2710 2702 2767 rei
2726 2710 2990 2776 novitate,
3016 2709 3231 2764 tandem
3254 2707 3334 2763 sic
3363 2721 3494 2763 voce
3524 2716 3805 2777 resumpta
3829 2723 3844 2758 :

2268 2804 2411 2859 Mira
2436 2818 2638 2876 quoque
2656 2802 2749 2871 Ψ,
2770 2802 2965 2872 inquit,
2985 2800 3264 2872 praedicas,
3284 2815 3375 2853 nec
3398 2814 3515 2854 sum
3544 2796 3846 2852 incredulus

2266 2895 2348 2949 Itis
2375 2894 2587 2950 omnino
2621 2910 2739 2962 qua:
2765 2909 2974 2947 narras.
3000 2891 3263 2963 Oppidum
3282 2890 3491 2963 quidem
3517 2888 3848 2958 Trajectensc

2268 3001 2488 3040 vacuum
2518 2994 2592 3039 est
2635 2983 2898 3055 pontiﬁce,
2938 2983 3028 3037 sed
3065 2998 3146 3037 me
3172 2982 3241 3036 ad
3270 2982 3325 3035 id
3366 2981 3579 3035 admitti
3627 2979 3849 3033 multum

2268 3074 2472 3128 videtur
2496 3074 2560 3128 ab
2582 3089 2659 3128 re.
2684 3071 2771 3127 Me
2787 3073 2924 3127 enim
2947 3072 3131 3126 uxorio
3153 3072 3400 3125 innexum
3422 3066 3631 3123 vinculo
3646 3082 3848 3121 necesse

2270 3172 2348 3218 est
2402 3162 2563 3233 juxta
2601 3160 2909 3233 Apostolum
2958 3160 3187 3229 cogitare
3221 3177 3239 3209 ι
3281 3174 3399 3227 qua:
3454 3164 3579 3211 sunt
3635 3155 3841 3218 mundi,

2268 3256 2526 3327 quomodo
2547 3253 2780 3325 placeam
2811 3251 2967 3306 uxori
3002 3249 3051 3323 (ι
3083 3249 3206 3304 Cor.
3229 3264 3327 3313 vn,
3363 3247 3476 3320 53).
3510 3265 3530 3299 ι
3562 3245 3672 3302 Sed
3705 3260 3848 3300 nemo

2268 3347 2505 3402 militans
2539 3346 2646 3400 Deo
2695 3343 2934 3412 implicat
2959 3359 3013 3397 se
3042 3343 3258 3413 negotiis
3295 3339 3644 3400 secularibus,
3678 3347 3729 3392 et
3765 3351 3850 3390 ne-

2272 3457 2411 3496 cesse
2432 3449 2508 3496 est
2532 3441 2614 3494 his
2635 3455 2752 3494 cum
2774 3454 2978 3503 uacare,
3003 3437 3094 3507 qui
3113 3449 3270 3507 quam
3292 3432 3469 3487 suavis
3495 3438 3573 3484 cst
3592 3428 3849 3483 Dominus

2270 3532 2538 3604 (Sapient.
2574 3545 2669 3594 xu,
2722 3530 2775 3598 1)
2833 3530 2971 3597 cupit
3030 3527 3219 3582 videre.
3270 3523 3395 3578 Non
3442 3523 3585 3577 enim
3630 3534 3851 3575 canones

2268 3617 2551 3671 antistitem
2571 3622 2832 3678 statuunt,
2856 3628 2961 3667 non
2987 3610 3142 3665 talem
3174 3619 3373 3663 statuta
3403 3604 3633 3660 Patrum
3663 3605 3841 3660 saltm

2268 3708 2339 3762 ad
2368 3707 2563 3761 clerum
2590 3705 2890 3760 admittunt.
2918 3702 3130 3757 Liberos
3153 3700 3221 3732 “‘
3235 3700 3425 3754 habere
3451 3698 3582 3751 mihi
3602 3698 3838 3766 contigit,

2269 3814 2490 3869 quorum
2513 3795 2846 3867 prosperitati
2882 3793 2954 3825 “‘
2981 3803 3028 3847 et
3069 3791 3247 3846 usibus
3273 3789 3548 3843 intendere
3570 3786 3660 3842 lea:
3686 3786 3847 3841 seculi

2269 3889 2461 3953 sancit,
2501 3897 2548 3940 et
2578 3902 2665 3941 eos
2702 3885 2911 3954 quidem
2944 3882 3177 3937 subditos
3228 3881 3284 3933 in
3329 3878 3468 3932 omni
3507 3879 3756 3931 castitate
3799 3873 3847 3944 (Ι

2274 3977 2408 4031 Tim.
2433 3992 2514 4041 ιιι,
2539 3975 2596 4045 4)
2612 3973 2898 4044 Apostolus
2919 3971 3175 4043 pracipit,
3202 3969 3294 4023 sed
3321 3969 3537 4021 domum
3560 3975 3689 4018 ante
3711 3965 3850 4018 ordi-

2273 4067 2505 4122 nandam
2531 4081 2699 4118 canon
2724 4063 3011 4118 mandavit.
3045 4060 3112 4115 Et
3134 4061 3244 4114 hate
3267 4057 3446 4112 omnia
3473 4066 3586 4109 esto
3609 4053 3853 4124 suppedi-

2274 4165 2419 4221 tent;
2448 4155 2589 4225 quod
2605 4153 2956 4207 necessarium
2986 4160 3161 4204 tamen
3189 4156 3288 4213 est,
3309 4146 3447 4201 adid
3468 4145 3602 4200 mihi
3626 4145 3849 4214 oﬁicium

2272 4247 2622 4318 peragendam
2662 4245 2872 4298 omnino
2899 4242 3059 4297 deest.
3090 4241 3262 4309 Opera
3311 4239 3504 4293 indolis
3541 4237 3611 4269 “'
3651 4251 3853 4290 summa

2275 4340 2341 4394 ab
2359 4337 2598 4409 apostolo
2633 4338 2688 4391 in
2708 4338 3005 4406 episcopum
3035 4335 3291 4403 deﬂorata
3319 4331 3524 4395 desunt,
3554 4328 3851 4383 sanctitatis

2275 4432 2546 4502 priuilegia
2584 4430 2819 4499 stirpitus
2873 4428 3060 4480 absunt
3102 4426 3191 4491 ⁸⁸³,
3251 4422 3766 4509 inreprehensibilem
3800 4419 3851 4489 (Ι

2205 4488 2249 4545 1)
2279 4525 2415 4578 Tim.
2454 4540 2535 4591 ur,
2565 4524 2622 4594 2)
2661 4539 2740 4576 me
2765 4538 2876 4575 esse
2902 4537 3004 4574 non
3037 4528 3253 4573 autumo
3278 4500 3371 4582 διδ,
3399 4516 3579 4569 multis
3600 4531 3686 4569 me
3713 4515 3855 4569 οἰόθι

2274 4618 2529 4672 irretitum
2542 4616 2780 4670 conscius
2794 4614 2921 4667 mihi
2939 4614 3044 4681 ipse
3064 4611 3404 4677 condempno.
3421 4607 3543 4663 Non
3555 4606 3829 4661 astitilabo

2276 4711 2533 4771 rantibus,
2558 4723 2658 4761 non
2682 4694 3121 4772 sumcompassus
3150 4700 3487 4765 merentibus,
3507 4716 3629 4752 cum
3647 4695 3855 4751 Martha

2275 4799 2588 4872 pauperibus
2608 4793 2879 4851 Christi”
2901 4810 3005 4848 non
3024 4792 3334 4856 ministrari,
3363 4806 3482 4844 cum
3506 4788 3685 4844 Maria
3707 4787 3853 4842 verba

1880 4933 2117 4990 VARIAE
2146 4930 2545 4990 LECTIONES.

573 5123 579 5130 ,
611 5135 627 5144 .
663 5064 734 5097 ⁸⁸⁸
773 5072 979 5118 mutum
1010 5065 1059 5117 Ι.
1091 5060 1289 5115 2.corr.
1317 5057 1449 5112 muti
1477 5057 1535 5111 2.
1583 5055 1651 5087 ⁸³⁸
1675 5057 1817 5110 deest
1841 5055 1891 5107 l.
1952 5052 2024 5084 ⁴³⁸
2053 5050 2194 5144 lulcg
2216 5051 2395 5144 aut”
2421 5052 2495 5144 ita
2520 5067 2547 5101 e
2570 5048 3187 5144 Persliozestit’uendumi
3206 5030 3474 5144 dictustm
3497 5045 3549 5099 l.
3573 5046 3632 5144 εδ
3652 5044 3708 5099 3.
3783 5042 3853 5078 ⁸³⁸

965 5134 979 5144 .
1040 5132 1070 5144 Α
1116 5130 1145 5144 -
1230 5129 1298 5144 ι..
1361 5128 1390 5144 ι-
1471 5129 1482 5139 -
1562 5142 1575 5143 κ
1604 5141 1614 5144 -
1812 5122 2137 5144 ,ιιΑμΑ--..η
2364 5131 2437 5144 ι..-
2472 5120 2670 5144 ...........:
3022 5126 3119 5144 ---ι
3192 5116 3236 5144 '.
3321 5122 3342 5144 ι
3420 5118 3525 5144 ..σις-
3558 5133 3571 5144 .
3621 5114 3851 5144 ...ἔρρει-η.

1812 5141 1823 5143 Α
1841 5124 2137 5144 Ι“ᾉ.-..Ξ..-.....
2158 5124 2193 5144 (Δ

2691 5120 2708 5144 Ι
2763 5118 2798 5144 ο
2880 5118 2949 5144 5³7
2984 5120 3119 5144 J---e
3164 5116 3236 5144 l'l.
3321 5114 3393 5144 ιιι
3420 5118 3525 5144 m3-
3558 5133 3571 5144 ι
3601 5114 3851 5144 adad...
