4094 5252
279 316 414 376 1037

1406 294 1735 357 ﬂERlGERl
1776 292 2003 353 GESTA
2042 291 2263 349 EPlSC.
2304 288 2499 348 LEOD.

3406 282 3545 347 1058

277 432 457 487 divina
481 445 582 482 non
610 425 827 481 attendi.
854 423 981 479 Ideo
1016 423 1079 478 ab
1102 419 1271 476 activa
1302 410 1522 471 multum
1554 430 1633 469 me
1679 410 1860 467 desen-
1889 417 1938 474 Λ
1966 406 2219 464 radicitus
2265 418 2419 463 terra:
2461 403 2713 469 inherere,
2767 402 2952 473 stirpes
3006 400 3313 473 producere,
3361 401 3549 470 florere

279 522 380 573 tire
410 517 578 587 fateor
602 516 702 570 vita
718 512 1233 582 ”',contemplativte
1253 525 1372 561 vero
1398 523 1660 579 nunquam
1681 503 1862 558 saltem

278 609 538 664 delibasse
567 608 848 676 principia.
882 605 1241 674 Proferenlem
1272 604 1338 635 δ”
1378 602 1541 671 inquit
1597 596 1865 667 apostolus

278 716 399 754 eum
424 697 513 767 qui
540 696 827 750 secundum
854 696 1011 764 fidem
1038 706 1110 749 est
1138 704 1329 749 rectum
1360 707 1669 747 sermonem.
1699 687 1865 753 Quem

278 792 508 861 proferet
534 800 751 852 rectum,
781 790 869 858 qui
892 804 1021 857 pene
1046 803 1327 858 numquam
1370 785 1551 837 didicit
1581 782 1745 834 ullum
1768 778 1869 831 us‘i

280 883 514 937 Litteras
528 899 629 935 non
643 881 829 942 didici,
847 896 1111 948 nunquam
1124 878 1325 942 studui,
1342 876 1495 930 scolis
1515 891 1616 927 non
1630 872 1864 940 interfui,

283 978 335 1048 fe
346 976 475 1031 rulw
492 990 818 1045 nequaquam
842 989 1028 1027 manus
1043 972 1302 1025 subduxi:
1334 988 1352 1021 ι
1368 967 1796 1035 Νοηηεοριιὶιαηι
1814 962 1864 1034 (1

288 1068 422 1123 Tim.
456 1085 539 1132 Ill,
565 1069 649 1138 6)»
686 1067 759 1120 ait
791 1067 1078 1135 apostolus.
1107 1062 1173 1115 Et
1204 1061 1462 1133 quomodo
1490 1060 1559 1112 ad
1588 1057 1868 1127 ponti/ica-

280 1172 395 1214 turn
434 1172 541 1214 tant
575 1162 844 1229 insperato
894 1158 1039 1210 debet
1067 1156 1368 1218 ascendere,
1405 1154 1488 1205 cui
1516 1168 1619 1204 non
1649 1150 1863 1218 contigit

281 1252 515 1320 singulos
561 1250 760 1320 gradus
804 1245 1145 1316 singulariter
1203 1239 1669 1297 ammiuistrasse.’
1726 1237 1869 1302 Quoc

281 1344 437 1395 modo
492 1340 705 1395 tandem
754 1339 938 1408 poterit
986 1352 1235 1406 praeesse,
1258 1335 1347 1405 qui
1401 1346 1665 1401 nunquam
1722 1328 1867 1383 scivit

280 1436 489 1489 subesse
502 1433 528 1487 .9

282 1550 488 1603 Tantos
514 1547 603 1602 ille
647 1561 745 1601 suo
784 1542 1069 1613 rumpebat
1091 1542 1160 1573 δ”
1194 1548 1411 1609 pectore
1441 1544 1663 1606 questus
1689 1533 1861 1605 (315).

282 1643 354 1696 At
382 1641 563 1696 senior
590 1640 807 1694 demum
834 1637 1106 1691 subnectit
1136 1633 1263 1687 talia
1296 1632 1482 1685 dicens
1511 1643 1524 1681 :

1967 502 2163 570 pariter
2210 510 2256 555 et
2308 499 2660 569 fructiﬁcare,
2714 497 2790 551 ita
2837 495 3039 549 videtur
3088 495 3545 548 inconseutaueum

1970 590 2118 645 verba
2144 607 2260 659 qua:
2286 591 2415 643 dicis
2450 591 2503 642 iu
2534 605 2611 642 me
2642 587 2845 657 impleri
2892 602 3060 657 posse.
3096 584 3216 638 Mox
3249 586 3445 639 mirum
3495 587 3547 639 in

1969 680 2188 734 modum
2253 680 2456 749 lignum
2518 679 2776 733 continuo
2833 677 3174 745 superﬁciem
3238 676 3547 732 intnutavit.

1968 770 2221 840 Stirpitus
2254 771 2325 802 “‘
2354 780 2511 826 terra:
2540 770 2761 833 inbesit,
2788 769 3045 823 corticem
3082 768 3278 834 induit,
3303 768 3552 837 protinus

1968 860 2153 924 viruit,
2185 857 2387 925 ﬂoruit,
2416 868 2471 914 et
2516 857 2863 913 fructificavit
2902 856 2991 909 ⁸⁵⁸.
3038 854 3081 909 0
3125 856 3260 909 mira
3307 857 3549 924 potentia

1969 952 2290 1016 conditoris,
2338 966 2372 1006 ο
2422 950 2712 1006 incll‘ahilis
2741 950 2913 1020 gratia
2947 948 3232 1010 creatoris,
3266 962 3302 1002 ο
3344 957 3554 1020 tempus

1970 1042 2328 1113 acceptabilc,
2360 1043 2475 1098 dies
2500 1042 2844 1113 prmdicanda
2877 1039 3101 1108 ubique!
3140 1036 3346 1093 Felices
3375 1040 3429 1093 hi
3460 1040 3557 1108 qui

1969 1136 2084 1190 hinc
2146 1144 2465 1189 meruerunt
2514 1134 2717 1197 videre,
2748 1132 2934 1187 felices
2985 1140 3041 1185 et
3095 1144 3195 1183 nos
3252 1130 3296 1183 si
3347 1146 3455 1184 non
3484 1132 3550 1165 ⁸⁵⁷

1970 1224 2373 1279 dissimulamus
2406 1224 2649 1288 credere,
2683 1223 2808 1279 felix
2834 1232 2888 1276 et
2918 1238 3014 1279 rex
3044 1225 3196 1294 cujus
3225 1226 3341 1281 hinc
3370 1225 3551 1280 conti-

1967 1326 2166 1388 gerunt
2216 1326 2458 1387 tempore
2489 1359 2503 1383 ,
2558 1317 2745 1372 felices
2802 1317 3025 1387 palatini
3078 1319 3276 1387 quibus
3330 1318 3554 1388 contigit.

1971 1408 2265 1462 interesse!
2302 1408 2454 1462 Felix
2501 1408 2679 1463 clerus
2727 1408 2817 1461 tali
2858 1408 3132 1476 pontifice,
3162 1408 3343 1463 felices
3373 1410 3552 1479 populi

1972 1508 2123 1554 tanto
2150 1502 2400 1569 pastore!
2436 1502 2746 1555 Renovatur
2784 1501 2853 1532 “3
2890 1503 3171 1570 antiquum
3206 1503 3550 1564 miraculum,

1970 1599 2299 1659 reparantur
2328 1591 2493 1659 virga:
2518 1592 2698 1646 Aaron
2728 1592 3047 1661 praeclarum
3096 1593 3419 1661 prodigium.
3466 1592 3556 1646 illa

1971 1680 2196 1748 legitimi
2231 1681 2390 1734 index
2415 1680 2512 1734 fuit
2536 1682 2847 1743 sacerdotii,
2881 1684 2991 1736 llaec
3016 1682 3276 1751 insperati
3304 1694 3357 1736 et
3384 1682 3554 1744 dubii,

290 1774 309 1807 '
336 1754 555 1823 5’00"“
582 1752 899 1848 θοίηίζιυξξ]
923 1746 1202 1848 ’ίξηάαθίίίδ
1226 1745 1465 1848 ξξωί³νξί
1488 1740 1867 1848 Ψαθηῖίηίίξθβξ
1899 1788 1945 1848 Β
1977 1772 2071 1825 sed
2097 1770 2355 1823 divinitus
2384 1770 2705 1824 mirabiliter
2739 1771 2939 1839 provisi
2974 1738 3324 1823 itionistratrix
3376 1772 3484 1824 exti
3513 1770 3560 1824 it

280 1848 399 1914 ejus
426 1862 526 1897 non
548 1854 623 1897 est
653 1842 773 1911 finis
816 1838 990 1910 (Psal.
1016 1852 1200 1899 cxuv,
1226 1835 1300 1903 5).
1339 1853 1358 1886 ι
1396 1833 1497 1897 Qui
1528 1830 1701 1883 omnia
1735 1829 1866 1880 sicut

282 1938 392 1991 vult
420 1944 606 2005 potest,
631 1935 677 1986 ei
717 1948 917 2003 quoque
947 1929 998 1984 id
1028 1928 1274 1997 per/icere
1303 1922 1608 1994 inpossibile
1635 1938 1737 1974 non
1770 1929 1868 1983 est,

285 2042 335 2084 et
362 2030 571 2098 quidem
602 2045 665 2081 ea:
698 2026 859 2079 nihilo
881 2034 1066 2077 cuncta
1088 2022 1305 2084 creavit,
1335 2019 1448 2087 ejus
1479 2018 1719 2084 potentia:
1754 2016 1869 2084 quis

285 2122 528 2177 resistit?
581 2119 783 2188 Quique
829 2117 959 2172 valet
1007 2116 1070 2168 de
1126 2113 1387 2183 lapidibus
1437 2110 1689 2163 suscitare
1732 2106 1871 2174 ﬁlios

283 2212 514 2267 Abrahte
547 2212 639 2275 “’,
666 2212 775 2280 ipse
802 2217 964 2273 potest
995 2207 1213 2261 scientia
1258 2221 1352 2257 sua
1384 2220 1441 2257 os
1477 2212 1623 2255 tuum
1656 2198 1870 2269 replere.

282 2301 517 2356 Tantum
560 2302 671 2372 ejus
719 2301 983 2370 majestati
1017 2296 1175 2354 nichil
1202 2295 1407 2365 difficile
1458 2294 1747 2357 existimes,
1782 2289 1872 2345 sed

283 2394 530 2455 credulus
560 2394 791 2463 linguam
818 2390 1023 2460 ﬁdelem
1060 2389 1115 2443 in
1151 2386 1399 2441 creatoris
1429 2385 1638 2454 aperias
1668 2381 1869 2435 laudes.

281 2482 430 2538 Licet
464 2482 535 2514 ⁸⁵⁵
578 2483 711 2537 enim
748 2483 998 2552 propheta
1034 2493 1323 2547 prtrconem
1376 2489 1595 2530 summa:
1642 2472 1873 2526 ueritatis

283 2574 479 2643 dignus
522 2589 767 2643 generare
811 2572 877 2625 sit
920 2570 1146 2632 habitus,
1184 2577 1359 2621 tamen
1404 2564 1762 2620 taciturnitate
1799 2572 1874 2615 est

283 2666 629 2735 dampnatus,
684 2665 807 2734 quia
857 2664 1020 2717 divini
1079 2660 1325 2733 promissi
1370 2658 1615 2727 apparuit
1661 2655 1871 2708 dubius.

284 2752 651 2809 Consideravit
672 2756 856 2825 quippe
877 2771 1065 2824 corpus
1081 2769 1235 2807 suum
1261 2760 1577 2813 emortuum,
1595 2746 1876 2814 umorisque

285 2843 639 2898 conditionem
689 2846 957 2913 effetam;
1033 2861 1124 2897 nec
1182 2840 1484 2896 retractavit
1549 2837 1876 2906 majestatem

285 2932 509 2987 Domini
521 2932 1171 3003 omnipotentissimam.Si
1194 2932 1332 2985 enim
1362 2931 1533 2984 Deum
1562 2927 1799 2981 universa
1814 2939 1877 2977 ea:

284 3042 395 3080 non
423 3026 815 3080 subsistentibus
860 3027 1041 3096 fecisse
1065 3026 1191 3079 satis
1215 3026 1524 3086 adverteret,
1550 3030 1594 3074 et
1618 3019 1874 3074 stantibus

1972 1860 2255 1931 pontificii,
2299 1861 2400 1914 nisi
2454 1862 2595 1929 quod
2648 1861 2734 1913 illa
2798 1863 2955 1916 unius
3013 1861 3328 1915 dilationem
3382 1861 3559 1916 noctis

1975 1954 2205 2022 accepit,
2239 1954 2352 2007 hinc
2397 1953 2451 2007 in
2501 1963 2775 2005 momento
2819 1951 3152 2006 fructificans
3202 1953 3564 2020 procrastina-

1974 2046 2176 2100 tionem
2208 2045 2410 2099 nullam
2440 2045 2644 2099 habuit.
2674 2044 2766 2097 Illa
2810 2044 3053 2098 inﬁdeles
3089 2043 3409 2107 confutavit,
3445 2044 3560 2098 haec

1975 2135 2183 2190 caelitus
2232 2134 2561 2189 destinatqu
2608 2132 2675 2188 ad
2720 2148 2857 2203 opus
2889 2132 3112 2187 adduxit
3142 2132 3229 2184 “‘3.
3267 2132 3556 2203 Vulgatum

1974 2238 2057 2283 est
2085 2228 2185 2283 hoc
2210 2225 2424 2283 celebre
2447 2237 2574 2297 aput
2599 2227 2837 2281 omnium
2867 2242 3047 2291 aures,
3086 2225 3352 2296 perlatum
3377 2234 3462 2281 est
3491 2225 3561 2280 ad

1975 2319 2236 2389 plurimos
2272 2320 2421 2388 regni
2473 2318 2637 2373 totius
2687 2333 2956 2388 proceres.
3012 2317 3129 2372 Non
3176 2317 3334 2372 latuit
3378 2332 3561 2387 regem

1978 2409 2119 2463 fama
2164 2409 2300 2477 haec,
2336 2418 2465 2480 aput
2509 2408 2815 2478 Trajectum
2859 2418 3238 2479 congregatam
3281 2410 3564 2478 occupavit

1974 2501 2203 2571 plebem.
2240 2501 2538 2557 Confestim
2586 2511 2932 2572 properatur,
2968 2501 3170 2571 legatio
3200 2501 3393 2557 Huium
3436 2502 3563 2557 diri-

1976 2594 2140 2661 gitur,
2169 2596 2363 2650 beatus
2398 2594 2675 2650 Iohannes
2702 2611 2826 2649 cum
2862 2596 3228 2648 transmarino
3262 2594 3561 2659 invenitur,

1979 2682 2289 2752 Trajectum
2314 2701 2487 2754 usque
2533 2685 2633 2739 sub
2680 2685 3041 2738 admiratione
3074 2683 3317 2738 omnium
3364 2685 3563 2752 perdu-

1978 2784 2195 2830 cuntur.
2253 2775 2497 2848 Regnum
2527 2775 2942 2830 Austrifranciae
2993 2775 3330 2845 Dagobertus
3382 2775 3564 2830 adhuc

1980 2865 2296 2921 adolescens
2326 2866 2745 2921 administrabat
2789 2866 2901 2936 (an.
2936 2865 3085 2935 622),
3123 2863 3419 2920 Lutharius
3446 2880 3565 2919 ma-

1978 2973 2136 3027 gnus,
2180 2968 2333 3027 pater
2399 2957 2535 3026 ejus,
2581 2957 2952 3012 monarcbiam
3004 2964 3237 3026 quatuor
3272 2972 3563 3029 regnorum

1978 3060 2201 3103 Strenue
2243 3048 2391 3103 solus
2430 3047 2651 3118 regebat
2679 3046 2848 3119 (516).
2886 3046 3055 3117 Regia
3100 3048 3266 3118 igitur
3296 3058 3565 3119 praecepta

285 3114 479 3209 αίίφείτ
507 3132 808 3184 componere
830 3117 1001 3209 Ϊηίηαε
1032 3115 1341 3209 άπώξίαδδθίν
1367 3110 1758 3209 θ¹⁸ίιίξ²άί9η²¹¹ἶ⁸
1797 3123 1874 3170 κ’
1905 3142 1951 3205 C
1981 3139 2289 3203 edicuntur,
2342 3154 2433 3194 res
2478 3110 2533 3194 in
2576 3110 2819 3209 ancipiti,
2841 3110 3020 3207 posila
3062 3110 3317 3205 solvitur,
3376 3110 3568 3195 beatus

284 3208 417 3277 quia
441 3222 587 3259 suam
617 3206 871 3275 perspexit
895 3204 1296 3275 prteponderare
1327 3199 1634 3270 nequitiam,
1658 3196 1747 3251 sed
1772 3212 1874 3249 non

287 3297 541 3350 adrersus
593 3295 690 3349 Dei
740 3296 915 3350 debuit
966 3304 1153 3365 putare
1202 3292 1553 3347 clementiam.
1616 3305 1633 3338 ι
1664 3287 1819 3351 Ecce,
1851 3304 1870 3338 ι

285 3391 463 3459 inquit
496 3390 754 3449 Dominus
782 3390 850 3443 ad
878 3388 1042 3443 alium
1070 3388 1372 3456 prophetam
1400 3402 1497 3439 sua
1531 3382 1627 3437 sibi
1656 3381 1878 3435 crimina

284 3479 668 3546 inculcantem,
698 3489 745 3534 et
769 3480 882 3534 ideo
908 3497 939 3532 a
964 3480 1156 3534 visione
1186 3478 1299 3541 Dei,
1328 3486 1376 3530 et
1399 3473 1729 3545 magualibus
1765 3471 1879 3539 ejus

288 3569 676 3623 annuntiandis
711 3571 908 3638 trepide
938 3568 1361 3638 suspendentem,
1407 3584 1425 3617 α
1459 3565 1614 3627 Ecce,
1640 3564 1879 3632 inquam,

288 3658 532 3714 calculus
570 3678 671 3730 quo
721 3662 865 3730 tetigi
915 3660 1057 3713 labia
1112 3669 1226 3723 tua,
1257 3667 1303 3711 et
1335 3657 1605 3725 auferetur
1634 3652 1883 3721 iniquitas

290 3760 391 3803 tua
470 3748 559 3803 ⁸⁸⁸.
626 3769 645 3801 ι
701 3748 805 3815 Ne,
872 3766 1050 3821 queso,
1105 3749 1335 3812 dubita,
1397 3745 1486 3799 sed
1549 3743 1886 3811 antiquorum

285 3840 573 3909 diligenter
601 3842 848 3895 historias
868 3849 1150 3911 pertracta,
1174 3869 1243 3879 ——
1266 3835 1505 3907 fortassis
1526 3833 1662 3886 enim
1684 3831 1887 3900 aliquas

285 3929 484 3984 saltem
539 3932 723 3983 auditu
754 3931 1044 3998 percepisti,
1066 3928 1278 3999 -—-quid
1308 3928 1363 3979 in
1385 3926 1459 3979 eis
1493 3922 1638 3976 aliud
1671 3920 1889 3989 antiqua

285 4034 489 4079 sonant
547 4025 850 4090 miracula,
912 4026 1010 4079 nisi
1064 4023 1187 4094 quia
1248 4021 1311 4073 ab
1379 4015 1718 4085 omnipotenti
1778 4012 1888 4067 Deo

284 4118 613 4172 mirabiliter
653 4118 805 4187 jussa
843 4118 1083 4171 innatum
1130 4115 1229 4169 sibi
1263 4112 1479 4168 mutavit
1541 4116 1736 4164 statum
1793 4122 1890 4160 na-

286 4219 420 4264 tura
444 4210 470 4262 ?

293 4302 392 4357 5i.
414 4300 559 4367 Quid
585 4302 653 4355 ad
676 4303 785 4357 lucc
803 4302 890 4356 ille
914 4301 1253 4369 responderit,
1271 4297 1515 4368 quodque
1543 4292 1759 4349 baculus
1781 4293 1892 4361 ejus

825 4383 978 4426 terra:
1004 4371 1144 4437 ﬁxus
1167 4371 1370 4437 floruit.

367 4464 453 4517 At]
482 4462 599 4518 lucc
620 4463 809 4517 beatus
834 4461 1108 4517 Johannes
1134 4459 1441 4530 reSpondit:
1462 4454 1885 4523 florumquidem

293 4555 436 4609 nihil
480 4556 606 4609 mihi
636 4567 708 4609 est
738 4556 981 4615 dubiant,
1023 4554 1113 4607 sed
1145 4552 1536 4621 comparatione
1566 4562 1767 4605 eorum,
1797 4560 1888 4611 per

291 4661 435 4715 quos
463 4644 542 4699 vel
598 4664 627 4699 a
680 4647 867 4714 quibus
907 4661 967 4697 ea
999 4654 1141 4713 gesta
1177 4652 1295 4696 sunt
1348 4638 1597 4707 insignia,
1627 4652 1718 4703 ego
1771 4650 1887 4688 sum

296 4736 529 4803 inferior
574 4736 816 4790 multum.
857 4735 1177 4802 Pariterdue
1236 4730 1504 4793 baculum,
1539 4742 1697 4796 quem
1751 4723 1887 4777 forte

305 4824 555 4889 tenebat,
595 4823 822 4892 infigens
851 4825 920 4855 “’5
960 4824 1123 4877 humo
1159 4840 1170 4874 :
1213 4819 1382 4882 Sicut,
1433 4817 1626 4885 inquit,
1668 4812 1886 4881 perdi/ﬁo

306 4911 411 4965 cile
461 4923 532 4965 est
587 4915 682 4966 hoc
729 4915 954 4985 amplius
1005 4912 1213 4964 aridum
1270 4907 1410 4979 quod
1461 4907 1630 4959 cernis
1684 4902 1885 4971 lignum

1582 5056 1810 5115 VARle
1850 5049 2256 5110 LECTIONES.

1978 3227 2254 3285 Iohannes
2282 3228 2348 3283 ad
2379 3230 2749 3301 episcopatum
2776 3230 3075 3285 assumitur
3105 3230 3267 3298 (circa
3290 3247 3380 3284 an.
3416 3229 3564 3300 6‘25),

1980 3324 2317 3379 consentitur
2343 3338 2373 3377 a
2396 3324 2630 3389 cunctis,
2659 3338 2848 3379 omnes
2877 3322 3085 3387 favent,
3112 3321 3349 3377 universi
3377 3321 3563 3376 laetan-

1982 3422 2088 3468 tur.
2108 3413 2572 3469 Sanctusvirlicet
2596 3414 2772 3469 adhuc
2790 3413 2945 3468 vellet
2966 3411 3293 3481 reniti,quia
3325 3420 3502 3465 tamen
3531 3426 3560 3465 a

1984 3509 2195 3563 cunctis
2218 3507 2437 3563 videbat
2472 3523 2529 3563 se
2576 3506 2946 3562 favorabiliter
2969 3503 3168 3572 excipi,
3200 3501 3483 3558 laetabatur
3506 3519 3565 3558 sc

1983 3598 2170 3652 vincia
2197 3598 2546 3668 dispositione
2576 3599 2669 3653 Dei
2708 3608 2815 3652 tam
2845 3598 2980 3651 mira
3012 3606 3064 3650 ct
3092 3593 3368 3650 ineffabili.
3401 3594 3564 3662 Igitur

1986 3688 2055 3720 ’⁵⁵³
2078 3688 2145 3742 ab
2173 3690 2444 3744 universis
2459 3697 2715 3758 exceptus
2742 3703 2861 3742 cum
2886 3687 3153 3748 laudibus,
3173 3678 3564 3738 electusintro-

1987 3779 2223 3845 nizatur,
2254 3782 2516 3836 adductus
2565 3779 2862 3843 extollitur,
2896 3777 3224 3832 acclamatus
3261 3774 3569 3828 sanctifica-

1991 3888 2099 3945 tur,
2133 3880 2247 3935 sedi
2297 3879 2563 3947 inpositus
2612 3894 2733 3934 cum
2768 3875 3069 3931 reverentia
3112 3875 3420 3940 obauditur,
3471 3888 3567 3926 no-

1990 3983 2223 4039 menque
2276 3969 2325 4023 ei
2370 3966 2643 4022 Johannes
2690 3968 3006 4021 immulatur
3054 3964 3144 4017 ⁸⁸³.
3201 3963 3302 4029 Qui
3351 3961 3563 4033 qualem

1992 4071 2363 4132 quantumque
2406 4074 2466 4115 se
2496 4059 2707 4114 meritis
2750 4057 3053 4113 sanctitatis
3080 4054 3375 4120 ornaverit,
3405 4054 3571 4107 armis

1994 4153 2114 4223 fidei
2138 4152 2389 4216 induerit,
2414 4152 2705 4206 virtutibus
2726 4148 2945 4219 optimis
2968 4146 3324 4211 decoraverit,
3355 4153 3403 4197 et
3427 4143 3569 4214 quod

1993 4247 2114 4315 pius
2150 4259 2312 4313 opere
2345 4243 2671 4313 impleverit,
2704 4253 3056 4310 quatcumque
3110 4238 3275 4308 digna
3312 4233 3568 4303 subjectis

1996 4336 2263 4406 implenda
2295 4333 2853 4397 mandarit,omnibus
2875 4340 2957 4384 est
2982 4339 3037 4383 et
3068 4328 3174 4384 erit
3203 4325 3567 4396 perspicuum,

1996 4433 2087 4502 qui
2144 4441 2251 4485 tam
2303 4428 2438 4481 mira
2469 4426 2746 4494 praemissa
2806 4424 2875 4477 ab
2916 4421 3297 4489 Omnipotente
3344 4420 3399 4473 in
3444 4433 3568 4472 eum

1992 4525 2264 4594 completa
2310 4536 2416 4574 non
2458 4519 2658 4574 ducent
2685 4517 3015 4585 ambiguum.
3057 4512 3192 4566 Nam
3220 4522 3275 4566 et
3304 4512 3478 4580 ipsum
3510 4509 3566 4563 in

1990 4618 2138 4673 omni
2188 4628 2397 4668 morum
2439 4612 2726 4665 honestate
2758 4607 3086 4676 perfectum,
3115 4601 3422 4671 complures
3470 4599 3567 4652 ha-

1992 4707 2175 4761 buisse
2237 4702 2511 4773 perfectos
2573 4707 2788 4753 constat
2848 4695 3141 4764 discipulos
3175 4733 3190 4753 ,
3250 4705 3316 4744 ex
3378 4687 3573 4756 quibus

1991 4813 2155 4851 unum
2174 4796 2242 4826 “6°
2272 4794 2581 4863 accepimus
2611 4791 2827 4843 beatum
2851 4786 3059 4840 scilicet
3081 4783 3365 4837 Mononem
3398 4774 3571 4845 (517).

1992 4891 2267 4962 responsis
2297 4888 2395 4944 sub
2428 4901 2493 4940 eo
2516 4877 2917 4939 accelesiasticis
2944 4878 3238 4929 instantem
3260 4866 3567 4937 perfectum

2985 5173 3055 5202 ua
3087 5170 3356 5202 αλκ-..ινδ
3411 5168 3449 5202 0
3530 5165 3581 5202 3,
