4094 5252
587 295 613 348 4
625 293 730 350 039

1185 291 1510 348 HERIGERI
1541 293 1628 348 ET
1657 294 1958 350 ANSELMI
2001 293 2226 350 GESTA
2256 294 2467 350 EPISC.
2499 295 2755 353 TUNGR.
2789 297 2980 352 TRAJ.
3008 299 3094 355 ET
3133 279 3333 357 LEOD.

3722 306 3857 363 i910

587 405 904 461 exhibuisse
934 411 1250 474 martyrem.
1278 403 1398 472 lpse
1432 419 1562 459 vero
1594 403 1824 460 domnus
1851 415 1904 459 et
1949 409 2246 473 sanctusA
2281 403 2544 476 Deinceps
2595 405 2868 462 desiderio
2930 407 3298 464 inﬂammatur
3354 413 3552 466 caelesti
3629 412 3850 472 Romam

585 495 866 552 .luhannes
913 507 1131 548 cursum
1159 493 1280 548 vita:
1312 494 1596 563 praesentis
1626 494 1873 564 explens,
1897 495 1952 560 in
2012 510 2166 550 sene-

587 597 736 641 ctute
758 586 894 640 bona
919 566 1351 654 repausationem
1380 584 1650 654 indeptus,
1680 579 1953 640 hominem
1975 588 2161 649 exivit.

586 682 830 736 bravium
889 694 1106 734 coronae
1174 679 1469 764 perheunis
1525 681 1756 750 accepit,
1817 680 2061 748 sepultus
2110 682 2164 736 in

582 771 825 828 :ecclcsia
851 769 1062 826 Cosmae
1092 768 1230 825 lloio
1265 769 1370 825 sita
1404 769 1460 824 in
1489 779 1674 824 monte
1707 768 1876 841 (518).

1039 882 1128 936 52.
1157 881 1235 937 De
1264 893 1444 936 sancto
1470 881 1734 937 Amando.

647 973 778 1028 Post
802 972 919 1027 haec
946 981 1166 1026 sanctus
1198 970 1476 1025 Amandus
1503 969 1573 1024 22
1610 971 1955 1040 submgatur,
1982 971 2156 1041 cujus,

577 1068 705 1137 quia
736 1066 846 1120 vita
866 1064 1026 1135 plena
1051 1063 1346 1119 virtutibus
1373 1063 1601 1118 habetur
1639 1063 1932 1132 descripta,
1961 1063 2163 1133 placuit

576 1159 667 1214 hic
707 1157 830 1213 inde
879 1157 1131 1226 decerpta
1163 1154 1429 1210 deuorare
1479 1154 1851 1210 tantummodo
1876 1170 2068 1224 pauca,
2106 1164 2161 1211 et

575 1251 689 1321 ipsa
722 1258 849 1305 ante
875 1249 1246 1320 episcopatum
1274 1247 1344 1280 m
1377 1257 1652 1317 gestorum
1679 1247 1797 1318 ejus
1820 1247 1980 1302 altius
2009 1263 2160 1317 repe-

575 1353 690 1400 tere
713 1343 886 1397 initia.
914 1341 1326 1414 [(Bsuosuuum
1344 1339 1457 1393 Vna
1483 1338 1803 1406 S.Amandi,
1821 1355 1868 1393 ο.
1891 1339 1970 1409 2.)
1992 1340 2159 1410 Igitur

558 1433 864 1502 Aquitania
890 1429 1187 1485 nativitatis
1209 1429 1327 1498 ejus
1354 1429 1536 1482 extitit
1565 1429 1758 1496 patria,
1814 1437 1969 1497 pater
1999 1427 2157 1483 Sere-

556 1538 697 1587 nus,
729 1530 905 1575 mater
932 1519 1182 1573 Amantia
1209 1519 1438 1572 vocitata
1460 1526 1566 1583 est,
1591 1533 1695 1572 non
1749 1518 1920 1573 solum
1963 1533 2157 1573 secun-

570 1612 698 1666 dum
723 1610 889 1667 seculi
910 1609 1224 1681 dignitatem
1241 1609 1433 1674 incliti,
1451 1625 1636 1666 verum
1661 1610 1822 1664 etiam
1847 1610 2150 1666 christiani.

571 1704 708 1758 Dum
738 1718 871 1773 puer
891 1703 1069 1757 adhuc
1107 1709 1268 1764 esset,
1292 1700 1521 1770 patriam
1536 1712 1898 1770 parentesque
1912 1701 2150 1771 reliquit,

2269 494 2418 550 adire
2449 535 2488 570 ,ν
2535 495 2719 551 limina
2764 498 3131 567 apostolorum
3188 499 3421 556 invisere
3451 542 3467 568 ,
3540 505 3850 561 orationum

2268 589 2561 641 eorundem
2590 588 2842 660 suffragia
2873 601 3145 658 expetere.
3177 590 3246 662 (c.
3279 590 3358 662 8.)
3389 591 3542 659 Quod
3593 594 3682 648 ubi
3710 614 3849 649 rom-

2266 673 2448 743 plevit,
2479 678 2882 746 egredientibus
2930 670 3180 749 quadam.
3212 691 3374 736 nocte
3417 683 3738 738 custodibus
3799 686 3847 740 in

2267 766 2508 822 azcclesia
2577 769 2874 834 submittit,
2926 769 3174 824 inventus
3219 771 3430 840 injuriis
3482 773 3738 841 amcitur,
3784 778 3848 830 ab

2265 858 2509 915 tecclcsia
2547 859 2878 914 eliminatur.
2911 858 3021 914 Hac
3047 861 3112 915 de
3143 877 3308 917 causa
3337 863 3389 917 in
3417 862 3627 920 foribus
3657 867 3847 920 seden-

2265 958 2373 1005 tem
2411 949 2791 1005 contristatum
2823 950 3084 1006 etsubito
3123 951 3173 1006 in
3209 954 3406 1008 mentis
3428 957 3602 1008 extasi
3635 965 3844 1025 raptum

2263 1049 2481 1095 sanctus
2507 1053 2630 1095 eum
2661 1039 2853 1095 Petrus
2881 1040 3077 1095 blande
3114 1053 3170 1095 ct
3195 1043 3424 1098 comiter
3451 1045 3640 1100 delinit
3672 1045 3765 1112 “’,
3791 1057 3846 1102 ut

2261 1131 2461 1188 Gallias
2492 1132 2556 1186 ad
2581 1131 2977 1202 prmdicaudum
3025 1143 3233 1201 repetat
3258 1135 3557 1190 admonuit.
3585 1135 3680 1192 ille
3709 1135 3845 1190 hila-

2260 1225 2375 1280 rior
2397 1225 2636 1281 redditus
2669 1226 2869 1282 Gallias
2896 1235 2978 1282 est
3001 1222 3248 1281 reser’sus

2257 1339 2327 1396 54
2372 1327 2463 1396 ιτα,
2520 1340 2675 1407 Quod
2732 1341 3001 1480 episcopi?
3059 1343 3233 1465 fatuus
3284 1341 3451 1396 multa
3499 1341 3637 1396 bona
3685 1358 3838 1412 opere

2970 1428 3103 1465 eceri
3132 1450 3147 1466 .

2970 1428 3147 1466 ecertt.

2328 1499 2397 1567 (c.
2428 1496 2505 1566 9.)
2543 1495 2783 1552 Subinde
2851 1505 3073 1551 coactus
3102 1512 3133 1551 a
3181 1511 3306 1567 rege
3354 1505 3412 1551 et
3461 1497 3841 1554 sacerdotibus

2255 1586 2539 1655 episcopus
2563 1587 2628 1639 ad
2659 1585 3055 1655 praedicandum
3081 1625 3096 1652 ,
3134 1594 3193 1640 ut
3221 1597 3346 1642 tunc
3372 1589 3541 1642 moris
3583 1599 3727 1653 erat,
3764 1599 3843 1644 est

2254 1676 2551 1730 ordinatus.
2605 1675 2756 1741 Quod
2811 1674 3045 1730 cilicium
3089 1684 3308 1733 strenue
3341 1677 3586 1747 inplevit,
3611 1681 3840 1734 cineru-

570 1765 1163 1864 Ogiam(5i9)insulam
1179 1790 1245 1844 ad
1259 1765 1596 1845 occidentem
1616 1765 2155 1860 marisoceanieitpe-
2182 1771 2229 1829 Β
2258 1766 2689 1864 «mucrosilis
2723 1782 2817 1822 "cf
2820 1767 2944 1864 1’5"“
2977 1765 3184 1864 θοηῇίξῆ
3221 1770 3588 1864 θητιιιριίεινίιν
3655 1781 3837 1826 ¹¹¹⁰¹¹³⁴

549 1884 710 1938 “ιίνίι.
730 1881 1536 1953 lllicafratribusspiritualibus
1549 1897 1670 1937 cum
1686 1897 1883 1952 magno
1898 1882 2158 1952 recipitur

575 1977 794 2046 gaudio,
823 1984 878 2031 et
907 1975 1032 2046 quia
1050 1989 1238 2030 sacras
1257 1972 1849 2036 “'litterasdidicerat,
1866 1972 1922 2025 in
1936 1973 2030 2026 Dei
2043 1981 2157 2027 cot-

567 2066 698 2122 tidie
721 2067 792 2100 “'
819 2065 1262 2137 serviliqmajori
1286 2063 1531 2120 fervebat
1551 2063 1837 2120 desiderio.

564 2177 636 2233 33
663 2176 752 2231 ⁷⁸⁸⁵.
776 2175 930 2243 Quod
950 2186 1236 2246 serpentem
1264 2175 1497 2228 oratione
1523 2174 1797 2243 fugaverit,
1829 2174 1943 2228 loca
1967 2184 2151 2231 sancta

1015 2247 1227 2310 adierit,
1251 2246 1479 2314 patriam
1503 2246 1698 2298 revisit.

635 2337 899 2410 [Primum
923 2336 1202 2407 signorum
1225 2333 1340 2402 ejus
1364 2333 1614 2389 inditium
1639 2334 1707 2366 “5
1730 2333 1852 2400 fuit,
1878 2336 2002 2405 quia
2023 2336 2150 2391 dum

561 2443 678 2499 per'
710 2428 938 2483 eandem
990 2425 1222 2481 insulam
1268 2423 1442 2496 gratia
1494 2424 1815 2480 obedientize
1870 2424 2149 2493 cujusdam

531 2520 746 2589 jussus
767 2516 1162 2579 deambularet,
1209 2517 1363 2570 mirae
1400 2515 1787 2587 magnitudinis
1840 2525 2146 2585 serpentem

560 2611 780 2668 obvium
803 2609 994 2664 habuit
1020 2607 1195 2679 “'.(c.
1219 2607 1297 2679 5.)
1313 2608 1494 2662 Primo
1520 2616 1577 2662 ut
1596 2607 1817 2677 puerilis
1842 2609 2148 2678 patiebatur

560 2707 694 2755 tetas
716 2698 988 2762 extimuit,
1041 2698 1236 2754 deinde
1288 2699 1591 2754 orationem
1644 2707 1950 2767 prostratus
1985 2698 2143 2762 fudit,

558 2789 818 2855 surrexit,
849 2789 1026 2843 crucis
1059 2787 1272 2858 signum
1297 2786 1567 2858 opposuit,
1600 2787 1652 2840 vi
1676 2786 1962 2842 verborum
1995 2795 2054 2842 ut
2076 2788 2145 2841 ad

558 2883 798 2938 latebras
823 2882 1009 2938 redeat
1032 2880 1217 2936 edicit.
1260 2879 1354 2934 llle
1378 2880 1662 2950 imperatis
1698 2880 1941 2944 obaudit,
1969 2894 2144 2949 quan-

561 2976 735 3031 tocius
763 2976 923 3039 redit,
949 2984 1005 3028 et
1036 2975 1088 3028 in
1113 2975 1301 3031 eadem
1329 2974 1501 3029 insula
1533 2974 1758 3030 ulterius
1789 2991 1895 3030 non
1926 2991 2143 3044 compa-

557 3065 687 3120 ruit.
714 3063 878 3136 (c.4.)
905 3064 1105 3119 Deinde
1126 3072 1284 3134 pater
1306 3062 1422 3132 ejus
1445 3065 1512 3119 ad
1540 3065 1765 3119 eandem
1797 3065 2027 3119 insulam
2050 3067 2140 3121 de—

2259 1856 2423 1911 steria
2449 1855 2602 1926 plura
2632 1857 2919 1920 exstruxit,
2949 1858 3168 1926 praediis
3209 1868 3264 1913 et
3291 1859 3484 1930 Opibus
3547 1876 3576 1914 a
3640 1877 3766 1930 rege
3787 1873 3838 1915 et

2258 1947 2596 2017 principibus
2654 1947 2892 2018 acceptis
2937 1946 3080 2016 juvit
3109 1987 3125 2015 ,
3172 1949 3263 2020 qui
3319 1964 3383 2006 ca
3434 1951 3745 2007 incolerent
3786 1937 3839 2009 et

2255 2037 2473 2092 Christo
2505 2037 2802 2092 militarent
2860 2039 3076 2092 locavit.
3104 2038 3360 2109 Captivos
3409 2041 3486 2096 vel
3524 2045 3838 2098 transmari-

2255 2141 2374 2193 nos,
2399 2127 2442 2181 si
2474 2142 2611 2196 quos
2642 2127 2968 2193 inveniebat,
2993 2139 3216 2198 accepto
3240 2144 3271 2183 a
3302 2145 3429 2199 rege
3453 2131 3534 2186 vel
3587 2134 3837 2190 ﬁdelibus

2252 2218 2426 2290 pretio
2447 2219 2764 2284 redimebat,
2793 2219 2993 2274 litteris
3021 2219 3087 2252 ⁴⁷¹
3106 2221 3280 2276 sacris
3303 2223 3582 2290 iubuebat,
3609 2227 3837 2283 diversis

2251 2316 2320 2376 ad
2345 2315 2758 2370 sustentandum
2787 2317 3049 2374 mcclesiis
3077 2318 3364 2389 dirigebat.
3394 2320 3498 2374 Alii
3523 2337 3590 2377 ex
3623 2321 3709 2377 his
3739 2323 3835 2378 visi

2251 2415 2438 2476 postea
2465 2416 2594 2462 sunt
2619 2408 2862 2474 abbates,
2885 2410 3039 2465 multi
3069 2411 3382 2480 presbitcri,
3417 2412 3583 2482 aliqui
3617 2414 3836 2482 insuper

2248 2499 2486 2570 episcopi
2501 2500 2590 2553 m.
2609 2502 2678 2572 (c.
2704 2500 3029 2573 l0.)lterum
3050 2504 3120 2534 ⁸⁷³
3151 2503 3314 2558 subiit
3337 2504 3575 2559 animum
3611 2503 3832 2559 Romani

2250 2598 2532 2660 temptare,
2565 2591 2896 2663 contigitque
2917 2592 3050 2659 inde
3081 2602 3438 2649 revertentem
3452 2595 3833 2650 (Ientumcellis

2247 2679 2550 2736 devenisse.
2572 2679 2674 2736 Ubi
2703 2697 2826 2736 cum
2863 2682 2918 2738 in
2945 2684 3192 2741 oratione
3213 2695 3468 2756 peruocta
3480 2697 3560 2740 ret
3596 2687 3690 2752 ⁸⁷³,
3720 2686 3832 2740 dia-

2244 2767 2403 2824 bolus
2432 2785 2598 2824 unum
2631 2772 2696 2825 de
2719 2769 2938 2829 famulis
2968 2773 3035 2827 ad
3065 2787 3214 2828 mare
3234 2775 3604 2842 pertrahebat,
3631 2787 3688 2829 ut
3709 2789 3830 2830 eum

2246 2862 2602 2934 demergeret.
2621 2865 2714 2920 lllo
2737 2865 2970 2921 ilerante
2994 2883 3008 2920 :
3039 2865 3241 2921 Christe
3267 2868 3462 2936 adjuva
3491 2884 3593 2932 me,
3620 2868 3831 2922 diabolo

2245 2955 2361 3010 hac
2391 2954 2774 3026 inproperante
2814 2974 2827 3010 :
2873 2957 2978 3023 Qui
3011 2957 3251 3013 Christus
3274 2959 3299 3012 .9
3321 2959 3392 3012 ai'
3421 2959 3614 3014 beatus
3639 2961 3829 3014 Aman-

2245 3046 2346 3115 dus
2374 3064 2386 3099 :
2419 3043 2596 3101 Filius
2622 3047 2717 3101 Dei
2751 3047 2848 3103 viui
2877 3049 3184 3118 cruciﬁxus.
3211 3049 3293 3104 Ad
3339 3050 3480 3104 hanc
3503 3065 3694 3106 vocem
3721 3050 3828 3105 dis-

558 3129 732 3220 venit,
759 3163 820 3208 ut
844 3129 911 3208 de
943 3129 1272 3209 monasterio
1296 3129 1487 3208 debeat
1521 3155 1702 3224 egredi
1733 3165 1938 3220 monet,
1967 3163 2025 3209 ut
2049 3170 2138 3210 so-
2167 3134 2213 3196 ε
2246 3145 2472 3205 Parente
2493 3135 2726 3200 ἀίθδοιος
2755 3129 2978 3208 ereptus
3005 3147 3089 3194 θδι
3110 3139 3378 3210 homo-(‘3
3413 3139 3527 3209 Ηι)
3556 3138 3662 3194 Per
3687 3138 3825 3194 idem

558 3251 794 3306 cularem
821 3259 1060 3305 resumat
1078 3250 1322 3304 habitum
1343 3249 1552 3315 suadet,
1577 3251 1722 3306 addit
1751 3250 1965 3321 insuper
1988 3251 2138 3321 quia,

557 3341 666 3396 nisi
699 3340 1100 3410 obtemperaret
1149 3341 1216 3374 ⁵⁸⁷
1247 3341 1552 3397 hereditate
1595 3357 1656 3397 se
1686 3341 1880 3410 privet.
1918 3341 2011 3398 llle
2039 3358 2138 3400 au-

557 3439 706 3486 tem:
753 3430 840 3495 Id,
878 3431 1072 3500 inquit,
1106 3433 1314 3486 territas
1344 3433 1535 3494 ociose,
1583 3449 1685 3502 quo
1728 3449 1928 3501 semper
1960 3433 2140 3488 volun-

561 3530 644 3574 tas
671 3531 746 3574 est
776 3537 994 3586 carere;
1037 3522 1294 3576 Dominus
1331 3539 1454 3592 pars
1499 3524 1800 3578 hereditatis
1829 3539 1977 3578 metu.
2011 3524 2140 3580 Post

556 3609 675 3666 hac
689 3609 934 3665 Turonos
963 3609 1032 3642 *⁸⁸
1054 3612 1227 3666 sancti
1249 3611 1465 3666 Martini
1485 3613 1619 3681 petit
1647 3613 1992 3681 sepulchrum
2019 3630 2034 3681 ;
2064 3613 2136 3669 ibi

553 3699 672 3770 ejus
709 3701 1122 3757 interventionis
1155 3702 1330 3756 oravit
1358 3702 1640 3767 auxilium,
1672 3713 1732 3758 ut
1753 3704 1804 3758 id
1827 3703 1924 3758 sibi
1948 3706 2137 3775 gratiae

554 3790 753 3859 apponi
805 3791 1114 3862 expostulet
1163 3791 1470 3857 Dominum,
1529 3795 1784 3862 quatinus
1823 3797 2136 3866 peregrina-

551 3883 686 3938 tioni
729 3884 905 3939 tocius
935 3885 1057 3939 vitae
1094 3885 1500 3958 sibiconcedat
1545 3885 1850 3955 dependere
1893 3902 2133 3943 cursum.

551 3978 625 4046 (c.
643 3975 722 4046 5.)
745 3975 826 4031 Ab
853 3976 1102 4031 oratione
1130 3977 1384 4044 surrexit,
1411 3977 1604 4048 capitis
1634 3993 1844 4034 comam
1879 3979 2130 4034 abscidit.

550 4070 852 4127 Clericatus
881 4079 965 4125 est
1009 4071 1236 4140 adeptus
1275 4071 1559 4138 honorem,
1610 4087 1828 4127 omnem
1877 4072 1934 4126 in
1984 4071 2132 4128 clero

550 4163 779 4234 gratiam
809 4161 1224 4216 transcendebat
1244 4175 1342 4231 per
1367 4161 1632 4216 ordinem.
1649 4161 1715 4230 (c.
1754 4162 1832 4232 6.)
1853 4161 1980 4218 inde
2002 4178 2128 4232 pro-

550 4266 768 4323 gressus
795 4252 1065 4307 Bituricos
1089 4251 1243 4316 adiit,
1276 4251 1365 4306 ubi
1389 4267 1419 4304 a
1441 4262 1628 4307 sancto
1648 4251 1992 4322 Austrigisilo
2013 4253 2128 4321 ejus

551 4341 788 4396 civitatis
851 4341 1104 4410 episcopo
1164 4349 1220 4396 et
1307 4341 1424 4412 ejus
1511 4341 1896 4396 archidiacono
1967 4342 2126 4398 beato

549 4431 788 4500 Sulpicio
855 4440 978 4501 post
1050 4433 1275 4487 honeste
1346 4440 1400 4485 et
1476 4433 1710 4487 humane
1788 4433 2122 4502 suscipitur,

547 4537 777 4592 quorum
803 4536 966 4577 suasu
995 4523 1186 4578 cellam
1221 4523 1420 4579 ibidem
1444 4523 1767 4587 construxit,
1821 4538 1982 4593 quam
2015 4523 2128 4579 fere

547 4627 645 4682 per
675 4611 757 4681 15,
787 4626 957 4667 annos
1004 4612 1344 4667 inhabitavit.
1387 4611 1576 4668 Cilicio
1622 4621 1796 4667 tectus
1849 4620 1904 4666 ct
1949 4613 2130 4668 cinere

544 4702 742 4770 vigiliis
771 4717 828 4758 se
853 4704 1160 4758 macerabat
1190 4703 1427 4770 assidue,
1445 4702 1666 4774 jejuniis
1687 4713 1740 4756 et
1775 4703 1951 4758 inedia
1979 4706 2130 4759 attri-

543 4798 654 4854 tus,
684 4790 941 4845 ordeacio
967 4806 1107 4861 pane
1138 4800 1448 4858 contentus,
1471 4806 1502 4846 a
1527 4791 1652 4846 vino
1675 4790 1954 4857 abstinuit,
1987 4805 2126 4860 aqua

548 4883 697 4937 tenui
723 4896 921 4952 corpus
957 4883 1282 4938 sustentavit
1326 4883 1505 4952 potius
1545 4897 1708 4953 quam
1733 4880 1886 4935 aluit.
1946 4880 2014 4951 (c.
2044 4884 2124 4955 7.)

1748 5055 1975 5112 VARUE
2008 5055 2413 5120 LECTlONES.

894 5175 909 5190 ι
970 5173 1005 5190 Α
1077 5174 1109 5190 ν
1242 5172 1348 5190 ιιιι
1405 5187 1416 5190 -
1475 5172 1508 5190 Α
1557 5173 1587 5190 σν
1730 5173 1774 5190 ιο
1806 5181 1818 5190 ι
1866 5172 1899 5190 ι’
1925 5173 1982 5190 I'.
2033 5175 2064 5190 ι-

2247 3229 2466 3298 pelagus
2511 3229 2894 3300 navigantibus
2944 3229 3044 3295 eis,
3093 3239 3285 3300 captus
3330 3239 3412 3284 est
3460 3230 3649 3300 piscis;
3676 3227 3825 3297 cujus

2245 3322 2468 3381 captura
2499 3314 2752 3384 gaudium
2785 3313 3151 3369 cumulaverat
3173 3315 3371 3369 nautis.
3398 3314 3548 3370 lianc
3575 3313 3822 3370 lazliciam

2244 3404 2427 3458 subito
2454 3415 2572 3459 orta
2599 3406 2832 3461 turbavit
2862 3414 3173 3476 tempestas,
3215 3423 3336 3478 qua:
3360 3423 3552 3463 omnes
3610 3410 3666 3463 in
3733 3408 3824 3464 de-

2243 3495 2604 3565 sperationem
2628 3497 2870 3561 adduxit,
2912 3498 3106 3569 jactari
3150 3513 3378 3570 qumque
3423 3500 3736 3555 necessaria
3772 3501 3820 3555 in

2245 3585 2379 3638 mari
2403 3587 2680 3654 compulit,
2727 3588 2794 3640 ad
2828 3588 3074 3644 ultimum
3118 3590 3185 3645 ad
3211 3591 3305 3646 Dei
3341 3591 3606 3646 famulum
3639 3593 3821 3647 conlu-

2242 3691 2370 3747 gere
2395 3676 2542 3732 fecit.
2570 3680 2766 3748 lterato
2793 3690 3012 3737 sanctus
3043 3681 3237 3740 Petrus
3258 3701 3358 3756 per
3383 3689 3609 3757 puppim
3643 3688 3819 3743 navim

2243 3768 2512 3823 transiens
2549 3773 2815 3840 apparuit,
2841 3773 3113 3829 conﬁdere
3156 3773 3340 3844 jussit,
3383 3765 3684 3836 salvandas
3709 3796 3820 3838 om-

2241 3855 2390 3910 nium
2421 3857 2631 3912 animas
2658 3861 2988 3929 repromisit.
3047 3863 3244 3920 Sedata
3275 3875 3358 3921 est
3379 3869 3647 3936 procella,
3685 3880 3818 3924 temo

2239 3960 2421 4015 pestas
2449 3948 2647 4018 fugata.
2683 3949 2850 4006 Facto
2872 3968 3029 4008 mane
3045 3994 3060 4019 ,
3088 3969 3278 4012 omnes
3299 3957 3365 4012 ad
3391 3967 3596 4014 terram
3623 3961 3820 4022 incolo-

2237 4052 2354 4092 tnes
2381 4053 2585 4095 exuere.

2295 4151 2366 4206 35
2395 4151 2484 4206 ⁸⁷⁸.
2513 4152 2668 4219 Quod
2698 4155 3025 4212 Gaudensem
3051 4158 3120 4191 "'
3150 4160 3402 4230 populum
3430 4165 3768 4222 conuerterit.

2308 4251 2378 4318 (c.
2425 4251 2534 4313 12.)
2590 4252 2895 4324 Aggressus
2938 4267 3022 4312 est
3067 4257 3276 4314 interea
3317 4259 3506 4316 Gauda
3559 4265 3815 4334 oppidum

2236 4339 2416 4397 Scaldi
2442 4341 2658 4399 ﬂuentis
2711 4345 3027 4415 inpositum,
3059 4350 3260 4406 diaboli
3284 4353 3364 4408 sic
3397 4353 3612 4424 laqueis
3641 4358 3814 4412 irretio

2233 4438 2370 4495 tum,
2405 4441 2462 4486 ut
2490 4435 2714 4489 arbores
2736 4449 2790 4489 et
2813 4437 2952 4507 ligna
2987 4455 3085 4509 pro
3099 4441 3207 4496 Deo
3227 4442 3468 4497 colerent
3491 4450 3813 4517 exterisque

2234 4523 2658 4593 circumquaque
2703 4527 2894 4594 positis
2939 4529 3006 4582 ad
3047 4529 3204 4585 [idem
3259 4532 3458 4587 Christi
3513 4535 3806 4602 inclinatis,

2233 4611 2330 4680 ipsi
2358 4612 2440 4666 vel
2464 4623 2684 4683 prepter
2705 4615 2961 4674 ell'eratos
2982 4636 3180 4687 mores,
3211 4622 3293 4677 vel
3321 4635 3543 4693 propter
3571 4626 3809 4681 infecun-

2229 4703 2327 4757 dos
2354 4701 2424 4734 ⁸⁷⁸
2456 4707 2704 4775 cespites,
2735 4711 2911 4764 adhuc
2965 4711 3124 4766 idolis
3181 4714 3508 4770 inservirent
3532 4757 3548 4781 ,
3596 4717 3805 4773 favente

2229 4793 2483 4850 Aichario
2524 4795 2598 4827 "7
2648 4799 2902 4870 episcopo
2948 4799 3350 4868 Noviomensep
3389 4807 3538 4876 regia
3563 4810 3804 4877 superin-

2229 4887 2515 4944 cumbentc
2568 4893 2937 4961 auctoritate,
2998 4905 3203 4951 tantum
3247 4897 3542 4965 discrimen
3590 4897 3800 4971 aggredi

4031 919 4033 1070 γ
