4094 5252
221 189 353 243 1011

1400 178 1722 239 HERICERI
1760 176 1983 234 GESTA
2028 179 2238 238 EPISC.
2280 182 2481 241 LCOD.

3361 180 3502 235 1012

216 316 385 363 ausus
433 309 518 356 est
575 302 695 357 eine
744 300 1107 357 cunctatione.
1166 298 1439 367 Quociens
1493 296 1799 365 injuriatus,
1830 292 1884 353 Δ
1910 296 2092 353 multis
2112 298 2483 353 sacerdozibus
2505 302 2750 353 saucium
2772 295 3073 352 Amandum
3090 291 3504 357 evocavit,Tra-

220 394 579 463 quociensm
607 393 793 465 ﬂagris
849 410 1027 461 cesus,
1074 393 1336 464 quociens
1383 391 1453 446 ab
1498 388 1801 445 inhonestis

219 484 543 540 mulieribus
564 485 905 549 deturbatus,
934 500 1094 554 quam
1119 500 1246 554 sepe
1275 484 1326 538 iu
1367 481 1564 535 ﬂutnen
1613 478 1801 550 praeci-

222 574 446 641 pitatus,
490 576 557 630 ad
602 576 849 630 ultimum
882 575 1081 645 fugatis
1105 575 1317 629 caeteris
1364 574 1637 629 sodalibus
1690 571 1807 641 ipse

224 666 483 722 remansit
512 665 880 732 prmdicalioni
907 664 1183 719 desiduus.
1244 662 1392 732 (Vita
1422 663 1482 717 S.
1534 660 1807 728 Bacenis.)

232 757 623 813 Mouastcrium
651 756 824 811 sancti
868 755 1015 810 Petri
1060 755 1168 809 iliic
1215 753 1522 815 :edilicavit,
1562 760 1809 806 sanctum

224 848 496 904 Bavonem
530 863 593 901 ex
627 846 901 914 Ilaspanio
928 845 1236 914 praedonem
1268 844 1550 899 convertit.
1580 852 1635 895 et
1661 851 1812 894 trans

226 942 445 1009 fluvium
471 942 613 995 facta
638 940 828 996 cellula
858 942 1202 1010 pmnitentem
1245 940 1487 995 reclusit.
1542 938 1694 1007 (Vita
1749 937 1810 992 S.

226 1034 475 1097 Amandi.
505 1050 556 1088 c.
586 1033 695 1101 15.)
724 1032 779 1087 1η
805 1032 993 1087 eodem
1018 1046 1153 1101 pago
1184 1029 1533 1099 reusquidam
1548 1028 1729 1083 comiti
1749 1026 1815 1081 ad

224 1124 564 1180 dirimendas
585 1137 781 1179 causas
810 1122 1019 1178 sedenti
1049 1138 1078 1175 a
1123 1120 1406 1176 lictoribus
1431 1128 1815 1190 prtescnlatus,

226 1216 468 1286 graviter
519 1229 715 1279 caesus,
770 1213 942 1284 stipiti
995 1221 1079 1267 est
1129 1212 1411 1277 addictus,
1464 1219 1687 1265 sanctus
1736 1208 1819 1263 vir

226 1304 507 1371 Amandus
561 1304 917 1373 supervenit.
966 1318 1067 1372 pro
1116 1302 1576 1358 reoiutcrcedere
1628 1300 1820 1363 voluit,

224 1394 616 1463 aputjudieem
643 1392 811 1449 nichil
845 1392 1097 1462 optinuit,
1127 1394 1346 1449 domum
1396 1390 1683 1447 confestim
1731 1405 1817 1444 re-

232 1486 352 1539 diit.
392 1484 537 1537 Reus
588 1482 828 1552 patibulo
872 1490 956 1539 est
995 1482 1208 1545 afﬁxus,
1241 1492 1295 1536 et
1342 1482 1526 1536 statim
1572 1481 1825 1551 apparuit

235 1585 504 1636 ntortuus.
540 1572 709 1629 Judex
740 1590 862 1629 cum
894 1574 1108 1629 caeteris
1134 1573 1399 1635 discessit,
1427 1574 1618 1628 beatus
1638 1580 1818 1627 autem

232 1666 518 1720 Amandus
546 1665 815 1720 hominem
849 1678 1123 1720 nmrtuum
1155 1667 1381 1730 invenit,
1414 1667 1479 1720 ad
1510 1665 1817 1721 cubiculum

231 1757 328 1811 ubi
377 1772 539 1811 orare
564 1756 771 1811 solebat
816 1755 1016 1810 deferri
1060 1755 1207 1820 fecit,
1262 1756 1315 1811 in
1361 1756 1607 1811 oratione
1661 1770 1824 1824 super

230 1860 435 1913 corpus
464 1846 829 1915 pernoctavit,
860 1861 1019 1900 mane
1054 1844 1320 1900 fratribus
1346 1845 1658 1901 convocatis
1681 1860 1823 1914 aqua

228 1935 408 1999 lotum
437 1937 675 1993 restituit
696 1937 899 2000 vivum,
936 1937 1009 1990 ita
1038 1945 1099 1991 ut
1123 1937 1409 1991 vulnerum
1444 1938 1663 2006 quidem
1710 1936 1827 2006 ejus

228 2028 546 2083 nullum.”
578 2038 888 2085 remaneret
918 2028 1189 2083 iuditium.
1225 2030 1423 2098 (6.14.)
1453 2029 1521 2083 At
1558 2027 1648 2081 ubi
1672 2027 1829 2097 longe

226 2120 458 2189 lateque
486 2121 817 2192 divulgatum
848 2122 952 2176 hoc
986 2120 1329 2181 miraculum,
1364 2131 1557 2189 sponte
1612 2120 1677 2174 ad
1704 2134 1827 2174 eum

230 2211 605 2277 conﬂuebant,
648 2213 787 2267 idola
811 2227 905 2267 sua
931 2212 1163 2282 propriis
1184 2212 1434 2267 manibus
1454 2211 1828 2275 destruebant,

228 2320 305 2361 ex
337 2305 420 2359 eis
454 2305 728 2361 tet-clesias
756 2304 955 2361 Christi
1004 2314 1061 2358 et
1107 2306 1432 2359 monasteria
1482 2303 1828 2360 edificabant.

231 2400 308 2468 (c.
329 2397 442 2465 I5.)
463 2397 551 2452 Sic
578 2397 1014 2466 praedicationem
1038 2411 1191 2451 suam
1221 2396 1550 2451 fructificare
1577 2396 1798 2466 gavisus
1816 2436 1831 2462 ,

235 2488 482 2542 transito
510 2488 772 2551 Danubio,
799 2487 1053 2558 gentibus
1086 2486 1195 2541 illis
1221 2486 1521 2555 prtedicare
1542 2495 1628 2541 est
1651 2503 1831 2544 orsus.

236 2578 461 2634 Paucos
492 2580 542 2633 in
561 2580 775 2635 Christo
799 2581 1163 2651 regeneravit,
1188 2589 1239 2634 et
1264 2581 1387 2649 quia
1416 2580 1649 2635 fruclttm
1674 2596 1833 2649 quem

234 2671 462 2741 putavit
508 2688 612 2726 non
666 2682 751 2727 est
805 2672 1068 2736 lucratus,
1119 2672 1424 2729 martirium
1470 2673 1611 2742 quod
1652 2687 1835 2742 spera-

235 2764 340 2818 bat
367 2777 475 2817 nou
519 2772 601 2818 cst
647 2764 933 2835 indeptus,
986 2764 1052 2818 ad
1101 2764 1318 2834 propria
1359 2763 1591 2819 subinde
1636 2772 1719 2819 cst
1747 2778 1835 2817 re-

235 2868 489 2925 gressus.

496 2946 585 3000 36.
630 2945 910 3015 Dugoberti
935 2948 1069 3017 regis
1095 2946 1264 3015 ﬁlium
1295 2947 1572 3000 colezizat.

328 3036 391 3108 (c.
452 3037 657 3109 lG-l'l.)
697 3038 1031 3107 Dagobertus
1084 3039 1288 3093 interea
1343 3054 1437 3092 rex
1479 3038 1648 3092 filium
1718 3052 1830 3092 sus-

237 3131 414 3199 cepit,
471 3131 689 3184 beatum
747 3130 1049 3185 Amandum
1104 3131 1197 3201 qui
1243 3146 1363 3185 eum
1405 3146 1470 3185 ex
1508 3144 1663 3185 sacro
1690 3128 1837 3185 fonte

232 3222 529 3290 exciperet
553 3223 753 3291 inquiri
810 3223 1121 3289 mandavit,
1154 3230 1207 3277 et
1234 3224 1359 3293 quia
1415 3223 1556 3277 idem
1593 3221 1836 3292 pontifex

236 3313 457 3367 dudum
500 3328 599 3382 pro
655 3315 979 3384 capitalibus
1029 3329 1154 3369 eum
1206 3314 1527 3369 criminibus
1580 3330 1835 3385 arguens,

242 3420 361 3459 non
386 3405 590 3473 absque
620 3406 815 3474 injuria
849 3407 918 3459 de
949 3422 1115 3476 regno
1138 3406 1311 3460 fuerat
1333 3406 1612 3476 expulsus,
1661 3405 1840 3460 humi-

241 3494 379 3550 liter
428 3506 487 3550 ut
528 3497 629 3551 sibi
659 3498 762 3552 hoc
789 3500 1158 3553 remitteretur
1203 3499 1418 3553 volebat
1445 3513 1626 3565 orare,
1670 3506 1725 3552 et
1772 3513 1839 3551 ex

240 3590 609 3657 generatione
656 3589 748 3643 lilii
794 3590 898 3643 sibi
946 3590 1262 3645 conciliare.
1316 3590 1515 3643 Beatus
1565 3589 1841 3643 Amandus

242 3688 508 3747 repertus
528 3681 763 3745 advenit,
803 3697 1003 3736 noxam
1035 3682 1265 3744 remisit,
1301 3681 1471 3734 filium
1500 3680 1617 3749 ejus
1661 3688 1840 3733 tamen

242 3771 319 3825 de
347 3785 509 3825 sacro
538 3772 688 3828 fonte
710 3775 981 3843 suscipere
1010 3774 1287 3828 humiliter
1312 3774 1605 3835 recusavit,
1637 3771 1845 3839 fugien-

240 3861 322 3917 do
351 3862 667 3917 declinavit.
696 3865 872 3919 Missis
903 3866 1100 3921 deinde
1137 3881 1232 3920 rex
1276 3866 1484 3920 sanctis
1516 3865 1644 3918 viris
1674 3863 1846 3932 Eligio

243 3953 409 4024 (320)
439 3956 791 4012 etAudoeaio
817 3958 969 4027 (52f)
997 3967 1118 4025 post
1139 3957 1425 4026 episc0pis,
1468 3957 1557 4009 vix
1593 3954 1844 4021 obtinuit,

245 4044 435 4099 ﬁlium
456 4060 560 4100 non
598 4047 719 4117 plus
743 4050 1101 4119 quadraginta
1129 4049 1246 4103 dies
1283 4064 1311 4102 a
1346 4047 1624 4102 uativitate
1646 4046 1851 4100 baben-

246 4145 376 4191 tetn
418 4139 759 4193 eatezizavit.
789 4139 1280 4195 Circumstantibus
1322 4139 1375 4193 in
1422 4138 1528 4192 alia
1571 4137 1850 4207 occupatis

246 4242 372 4283 non
390 4231 864 4299 respondentibus,
892 4248 1027 4301 puer
1055 4230 1199 4285 clara
1218 4245 1351 4285 voce
1374 4247 1521 4283 amen
1552 4229 1846 4297 respondit,

1904 391 2237 461 jectensibus
2251 390 2510 459 przefecit.
2524 390 2627 446 Per
2647 390 2937 447 triennium
2960 389 3108 443 vicos
3133 397 3187 443 et
3200 394 3376 441 castra
3390 385 3503 440 cir-

1907 482 2069 537 cuivit
2084 523 2098 546 ,
2113 482 2335 537 verbum
2350 484 2854 549 vitzeannuntiavit;
2887 489 3015 537 tunc
3029 480 3192 536 nichil
3206 496 3263 536 se
3277 476 3506 549 proﬁce-

1912 590 1973 628 re
1987 590 2240 637 cernens,
2267 577 2580 631 sacerdotes
2613 577 2832 646 insuper
2861 575 2931 616 W
2950 583 3001 627 et
3027 573 3218 628 levitas
3245 569 3507 625 insultare

1912 666 2015 721 sibi
2044 667 2416 731 considerans,
2446 668 2719 738 pulverem
2748 667 2945 738 pedum
2972 667 3024 719 in
3050 666 3130 720 eis
3158 662 3424 726 excussit,
3452 672 3509 716 et

1912 758 1979 812 ad
2012 758 2113 812 alia
2153 759 2347 814 deinde
2382 736 2499 814 to...
2536 736 2858 830 demigravit
2886 758 3033 829 (322)
3093 754 3379 823 (H.619).
3431 755 3509 807 De
3544 736 3552 744 ’

1913 858 2112 905 (κείω-ο
2137 851 2403 907 brevitate
2424 852 2699 908 studemus
2722 892 2735 916 ,
2768 851 2892 920 quia
2922 848 3151 903 aliorum
3202 845 3509 902 scribendis

1915 945 2081 1013 gestis
2108 944 2418 1014 pontificum
2446 960 2544 999 nos
2572 957 2932 998 reservamus.

1918 1059 2009 1113 57.
2047 1058 2201 1124 Quod
2227 1067 2609 1113 contemnentes
2640 1057 2847 1111 verbum
2891 1051 2985 1109 Dei
3014 1069 3077 1109 ea:
3104 1070 3191 1108 ore
3233 1052 3347 1123 ejus
3379 1050 3508 1104 ultio

2464 1128 2640 1180 dicina
2675 1126 2948 1195 percussit.

1992 1221 2062 1291 (c.
2100 1219 2211 1289 19.)
2248 1216 2683 1287 Canalaus(525)
2711 1225 2895 1287 postea
2918 1214 3147 1269 insulam
3176 1228 3338 1283 super
3362 1210 3515 1266 Scal-

1922 1312 2047 1367 dum
2073 1310 2291 1364 ﬂuvium
2317 1308 2523 1364 invenit
2550 1349 2565 1373 ,
2606 1308 2677 1361 ibi
2700 1322 2821 1361 cum
2849 1305 3109 1359 fratribus
3138 1300 3511 1372 spiritualibus

1922 1403 2141 1458 Christo
2164 1401 2432 1455 militavit.
2466 1399 2879 1467 Contemptores
2901 1395 3049 1455 verbi
3076 1394 3169 1449 Dei
3202 1393 3387 1461 ingens
3414 1404 3514 1461 per

1924 1494 2203 1550 biennium
2236 1493 2389 1563 plaga
2420 1490 2649 1553 attrivit,
2678 1490 2751 1543 ita
2774 1496 2831 1542 ut
2858 1502 2922 1542 eo
2948 1486 3067 1541 loco
3091 1485 3267 1538 nullus
3298 1496 3514 1537 reman-

1928 1588 2078 1649 serit,
2094 1586 2184 1655 qui
2212 1585 2388 1639 virum
2410 1583 2502 1637 Dei
2529 1582 2911 1651 praedicantem
2931 1576 3271 1645 contempsit.
3309 1570 3512 1644 (c.20.)

1926 1680 2214 1735 Vaeceiam
2263 1677 2455 1732 deinde
2513 1684 2728 1745 gentem
2787 1687 2907 1741 qum
2969 1670 3255 1725 Wascouia
3316 1665 3515 1720 dicitur

1926 1771 2081 1825 adiit.
2109 1768 2187 1823 Ea
2220 1768 2273 1821 iu
2303 1767 2577 1821 montibus
2611 1763 2887 1826 manebat,
2916 1760 3054 1815 idola
3086 1774 3184 1830 pro
3235 1760 3345 1813 Deo
3374 1754 3518 1809 cole-

1926 1861 2039 1916 bat.
2099 1858 2401 1928 Mimilogus
2452 1856 2521 1888 ⁸³⁸
2576 1854 2723 1925 (521)
2781 1851 2999 1921 quidam
3056 1862 3271 1902 servum
3316 1842 3518 1899 Christi

1929 1950 2142 2015 derisit,
2176 1949 2510 2018 evangelium
2541 1944 2875 2008 annullabat,
2905 1941 3151 2012 protinus
3188 1955 3218 1993 a
3263 1934 3517 1992 demonio

1933 2048 2204 2111 arreptus,
2226 2037 2465 2108 propriis
2485 2050 2543 2091 se
2572 2035 2821 2090 lacerans
2855 2031 3108 2087 manibus
3132 2025 3521 2083 miserabiliter

1931 2129 2221 2201 expiravit.

1932 2242 2019 2297 38.
2064 2240 2406 2295 Insittiatores
2450 2255 2571 2292 suos
2617 2237 2828 2289 ceritate
2877 2248 3149 2303 percussos
3178 2229 3270 2295 ιε’,
3299 2228 3525 2298 itemque

2325 2326 2499 2363 cecam
2518 2308 2786 2361 mulierem
2813 2304 3097 2358 illuminat.

2004 2404 2076 2476 (c.
2129 2401 2247 2473 QI.)
2302 2401 2416 2456 Illic
2458 2401 2619 2455 etiam
2662 2414 2855 2469 parum
2898 2394 3188 2465 proficiens
3241 2391 3523 2446 civitatem

1935 2497 2207 2568 quandam
2264 2495 2318 2547 in
2376 2490 2699 2547 revertendo
2754 2488 2991 2542 intravit.
3050 2485 3123 2539 lbi
3172 2482 3241 2536 ab
3269 2481 3525 2550 episcopo

1937 2588 2176 2646 civitatis
2213 2584 2512 2641 honorifice
2535 2591 2836 2651 susceptus.
2862 2581 2987 2633 dum
3013 2592 3148 2647 aqua
3180 2575 3233 2629 in
3258 2574 3373 2644 ejus
3402 2571 3527 2627 fun-

1939 2680 2161 2735 deretur
2187 2678 2258 2709 ⁸⁸³
2290 2675 2558 2736 manibus,
2588 2684 2742 2727 caute
2765 2670 2990 2739 jubcute
3018 2668 3271 2738 episcopo
3298 2678 3526 2719 consct-

1938 2783 2086 2836 vata,
2117 2782 2355 2838 eecoquc
2379 2766 2593 2821 cuidam
2650 2772 2919 2832 porrecta,
2952 2761 3075 2815 dum
3112 2756 3301 2813 oculos
3354 2768 3421 2809 ex
3461 2766 3527 2808 ea

1939 2860 2093 2925 fovit,
2136 2859 2386 2930 protinus
2418 2856 2571 2910 vidit.

1865 2986 1909 3048 (ζ
1940 2974 2029 3030 59.
2068 2972 2137 3005 ⁸⁸³
2168 2963 2905 3048 dianae/tuminobed’ientem
2947 2959 3524 3048 paralisikﬂercuuum

2160 3042 2383 3109 liberata
2414 3036 2755 3091 Enumeratio
2777 3027 3025 3086 virtutum
3045 3029 3159 3097 ejus
3188 3027 3276 3083 ⁸⁸⁸.

2008 3138 2080 3209 (c.
2125 3133 2243 3205 2‘2.)
2294 3131 2582 3186 Franciam
2606 3127 2801 3182 deinde
2830 3123 3010 3186 rediit,
3055 3121 3234 3175 locum
3257 3118 3347 3173 ubi
3374 3116 3526 3209 dein-

1937 3205 2063 3301 ceps
2090 3227 2363 3284 habitaret
2391 3223 2570 3294 elegit,
2597 3218 2925 3275 Ilildericum
2947 3229 3131 3285 regem
3164 3211 3327 3301 adiit,
3349 3205 3531 3301 muni:-

1937 3295 2135 3390 cipium
2154 3317 2242 3373 ubi
2263 3314 2651 3371 monasterium
2675 3313 3022 3365 construeret
3053 3302 3283 3373 rogavit.
3307 3298 3377 3371 (c.
3412 3295 3534 3390 23.)
3619 3314 3623 3319 τ

1938 3384 2106 3484 Igitur
2132 3406 2443 3479 inpetravit,
2476 3403 2568 3458 sed
2597 3398 2860 3455 Mumolus
2885 3393 3160 3451 Ozidinsis
3182 3389 3330 3462 (525)
3382 3384 3534 3484 urbis

1941 3477 2229 3573 episcopus
2279 3498 2381 3551 hoc
2428 3494 2665 3563 graviter
2717 3489 2861 3553 tulit,
2914 3484 3251 3555 apparitores
3274 3477 3534 3533 continuo

1942 3571 2110 3654 misit,
2135 3591 2226 3661 qui
2255 3590 2304 3644 ei
2330 3588 2591 3657 aptiorem
2610 3583 2786 3636 locum
2811 3575 3062 3633 simulate
3084 3571 3454 3633 ostenderent,
3477 3571 3535 3621 et

1945 3685 2012 3738 ad
2037 3658 2305 3752 quendam
2332 3684 2570 3730 montem
2596 3671 2881 3726 deductum
2907 3663 3117 3720 occulte
3140 3658 3533 3752 interficerent.

1946 3745 2068 3828 lloc'
2090 3772 2306 3827 beatum
2336 3767 2511 3821 virum
2548 3761 2752 3833 Spiritu
2783 3764 2973 3813 sancto
3002 3751 3279 3809 revelante
3315 3761 3423 3802 non
3456 3745 3535 3799 Ia-

1949 3866 2069 3931 tuit,
2106 3874 2283 3916 tamen
2308 3857 2502 3912 ardore
2524 3850 2763 3909 martirii
2791 3850 2871 3903 ire
2894 3844 3153 3917 perrexit.
3186 3840 3267 3895 Ad
3292 3844 3536 3931 montem

1950 3924 2131 4025 itaque
2153 3949 2485 4022 pervenitur,
2516 3940 2855 4014 apparitores
2888 3936 3119 3993 eecitate
3142 3930 3411 4025 feruntur,
3439 3924 3537 3981 sed

1951 4016 2269 4116 pmnitentes
2292 4040 2453 4095 beato
2479 4032 2724 4088 Amando
2746 4035 2937 4084 orante
2985 4026 3180 4079 iterum
3226 4016 3535 4116 illuminan-

1954 4103 2062 4189 tur.
2116 4134 2187 4201 (c.
2236 4128 2353 4197 21.)
2388 4126 2447 4179 In
2480 4120 2756 4178 redeundo
2781 4116 2919 4187 apud
2950 4112 3221 4185 quandam
3259 4120 3444 4164 cecam
3478 4103 3536 4158 in

1954 4241 2087 4298 pago
2111 4218 2420 4279 Bclvacensi
2446 4214 2709 4285 ospicium
2734 4210 2969 4279 accepit;
2996 4204 3299 4263 sciscitatus
3314 4208 3538 4255 causam

236 4322 779 4391 aiequebaptizatus
813 4294 867 4377 et
894 4294 1229 4392 'Sigebertus
1276 4321 1540 4375 vocitatus
1593 4294 1848 4389 gaudium
1878 4294 2236 4389 Dcecitatis,
2286 4311 2496 4375 didicit,
2545 4308 2775 4362 adorare
2829 4320 2947 4359 eam
2992 4299 3261 4392 arborem
3300 4294 3537 4392 dicatam

242 4411 519 4467 omnibus
545 4412 689 4468 fecit.
720 4415 918 4484 (c.18.)
937 4414 1063 4467 Post
1090 4414 1223 4475 lure,
1247 4422 1308 4467 ut
1338 4427 1501 4482 supra
1519 4411 1722 4465 dictum
1747 4418 1852 4473 est,

238 4503 459 4558 beatus
488 4503 764 4560 Johannes
812 4506 1099 4575 episcopus
1144 4504 1571 4572 Trajectcnsium
1625 4502 1856 4583 feliciter

249 4594 522 4666 migravit
553 4596 618 4649 ad
633 4596 909 4673 Christum
934 4598 1095 4681 (circa
1116 4614 1207 4653 an.
1231 4595 1378 4667 616).
1402 4595 1515 4651 Rex
1544 4592 1856 4649 convocatis

1957 4407 2242 4467 demouiis,
2268 4418 2393 4458 mox
2425 4409 2483 4455 ut
2525 4399 2669 4454 illam
2696 4395 2862 4452 incidi
2916 4394 2983 4448 ab
3024 4391 3213 4447 eadem
3238 4386 3537 4453 fecit,pro-

1956 4502 2101 4555 tinus
2121 4496 2316 4553 mulier
2348 4500 2565 4562 recepto
2595 4490 2793 4544 lumina
2814 4486 2965 4541 vidit.

2028 4590 2124 4659 (c.!
2142 4586 2257 4657 25.)
2313 4584 2383 4617 ⁸⁸⁸
2430 4580 2731 4653 Praeposito
2774 4574 3093 4632 monasterii
3142 4564 3432 4640 cujusdam
3482 4567 3547 4617 ut

1513 4725 1745 4781 varum
1782 4684 2188 4781 Lacrimas.

867 4842 939 4873 "’
969 4840 1131 4894 ullum
1158 4843 1205 4894 1.
1238 4842 1289 4894 2.
1339 4840 1392 4891 3.
1497 4840 1565 4868 “'0
1593 4853 1616 4889 e

867 4912 955 4965 .2.
1060 4910 1129 4942 ‘3‘
1153 4909 1435 4969 XXXVIII.
1484 4910 1532 4960 1.
1564 4909 1616 4961 2.

354 4838 429 4907 δῖε
456 4854 690 4907 quoeens
715 4842 767 4896 I.

333 4905 410 4940 ⁸⁸³
447 4905 798 4966 funderentur
822 4912 872 4965 I.
894 4912 955 4965 2.

1497 4838 1565 4868 ⁸⁸⁰
1593 4849 1645 4890 et
1687 4851 1850 4901 super
1873 4838 1921 4890 1.

1719 4894 1787 4935 δέ’
1816 4915 1870 4959 et
1896 4906 2149 4962 dormitio
2189 4894 2408 4955 additur
2457 4902 2511 4953 in
2568 4898 2737 4952 indice
2768 4894 2817 4946 ι.

2021 4835 2089 4869 ⁸³¹
2123 4831 2410 4898 Minilogus
2459 4845 2597 4884 corr.
2633 4817 3015 4898 Mimilogus‘
3074 4814 3171 4898 καῖ-
3194 4810 3494 4898 perculsos
3517 4814 3588 4871 3.

254 4976 578 5034 XXXVII“.
606 4982 855 5052 scriptum
884 4989 983 5044 est,
1002 4980 1054 5034 in
1073 4982 1126 5039 5.
1154 4981 1391 5051 quwdam
1420 4994 1570 5033 erum
1596 4976 1867 5042 ridentur;
1898 4977 2231 5032 desideratur
2261 4972 2316 5025 in
2344 4972 2534 5024 indice.

1776 5087 2007 5145 ΝΟΤΛΞ.

345 5200 497 5252 (520)
538 5202 900 5252 Nnvinmensi.

1970 5204 2073 5252 lnn-
2115 5206 2257 5252 «luas
2307 5197 2494 5252 luncas
2520 5200 2587 5252 ab
2616 5186 2924 5252 Autvverpia
2975 5181 3203 5236 distans.
3264 5172 3393 5226 Act.

2940 4886 3017 4924 ιδ’
3049 4907 3105 4944 tn
3151 4882 3283 4944 1:2.
3316 4883 3417 4935 hoc
3457 4882 3605 4940 loco

3478 5167 3625 5230 $8..
