4094 5252
576 320 716 378 1οΔ5

1141 320 1467 379 HERIGERI
1505 321 1914 379 ET‘ANSELMI
1940 321 2167 378 GESATA
2191 323 2405 380 EPISC.
2434 322 2692 396 TUNGR.
2736 323 2927 385 TRAJ.
2960 325 3048 381 ET
3085 324 3288 382 LEOD.

3700 322 3833 383 ιοιι

581 431 826 511 plaustra
859 436 984 507 tino
1013 433 1614 489 fratrum-subvehendo
1666 444 1889 506 pararet
1934 439 2233 499 manda-.A
2261 452 2487 491 ceaunm
2512 446 2565 491 et
2588 435 2981 493 fortunatarnm
3024 439 3211 495 incola:
3243 440 3561 495 insntarum.
3599 441 3669 496 Et
3715 440 3831 501 ideo

556 524 699 591 .vit;
743 525 834 601 ille
883 528 949 582 ad
993 527 1333 582 excusandas
1383 527 1759 583 excusationes
1809 529 1863 583 in
1921 532 2157 601 peccatis

580 618 735 686 quasi
787 618 1025 689 plaustra
1071 619 1273 674 habere
1314 633 1419 674 non
1465 627 1648 688 posset
1698 619 1955 691 neglexit,
2004 631 2060 677 et
2089 623 2158 679 ad

555 708 767 768 horam
797 708 1109 765 inobediens
1132 710 1332 765 extitit.
1355 710 1424 766 Ut
1450 720 1627 767 tamen
1658 711 1739 767 ire
1786 712 1950 782 erepit
1969 752 1985 777 ,
2030 728 2158 770 mox

586 799 635 849 in
671 798 893 866 paralisi
926 799 1212 861 resolutus,
1253 799 1449 869 quibus
1483 799 1650 854 valuit
1684 800 1865 855 verbis
1919 800 2043 871 quia
2070 801 2158 856 iu-

592 884 937 941 oboedientiae
949 903 1111 943 causa
1141 889 1257 944 liaec
1281 897 1561 959 pateretur
1584 889 2154 962 manifestavit.(c.26,

580 978 671 1044 '22,
709 979 823 1051 27.)
852 979 984 1037 Navi
1026 983 1286 1053 inpositus
1316 985 1384 1040 ad
1433 985 1608 1039 virum
1661 984 1757 1041 Dei
1786 984 1855 1018 ⁸⁸⁷
1893 986 2157 1042 Elnouem

581 1067 885 1136 deducitur,
920 1072 1102 1128 vinum
1131 1083 1185 1149 et
1234 1089 1428 1144 panem
1459 1077 1527 1131 ab
1553 1091 1619 1131 eo
1649 1078 1947 1155 accipiens,
1995 1079 2047 1134 in
2077 1079 2161 1133 in-

587 1168 798 1231 tegrum
824 1164 1041 1219 sanitati
1066 1167 1395 1233 restituitur,
1436 1175 1492 1222 et
1523 1167 1590 1223 de
1624 1170 1893 1239 perversis
1918 1171 2161 1228 moribus

586 1255 640 1310 in
670 1257 935 1328 reliquum
963 1261 1302 1318 emendatur.
1326 1262 1445 1317 Alia
1471 1262 1638 1318 multa
1661 1264 1906 1319 miranda
1932 1266 2158 1336 peregit,

554 1348 836 1418 .cmnobia
885 1349 1164 1406 innumera
1191 1352 1495 1417 mdiﬁcavit,
1528 1354 1824 1423 opibusque
1849 1352 1920 1387 ⁸⁸⁸
1947 1355 2158 1420 ditavit,

558 1443 704 1513 .Beo
739 1444 1103 1501 servientibus
1125 1445 1438 1514 cumulavit,
1501 1447 1566 1502 ad
1591 1447 1841 1502 ultimum
1896 1447 2160 1503 Elnonem

555 1578 561 1585 .
588 1536 978 1591 monasterium
1011 1536 1162 1608 (526)
1204 1537 1546 1605 inbabitavit,
1572 1538 1664 1595 ubi
1688 1547 1742 1594 et
1768 1547 2007 1594 sanctam
2030 1538 2159 1596 dor-

589 1624 865 1681 tuitionem
894 1627 1104 1696 accepit
1128 1628 1287 1699 (circa
1309 1626 1567 1698 «91.680.
1590 1627 1612 1700 ]

814 1716 903 1771 40.
928 1715 1228 1774 Praemium
1248 1719 1302 1773 in
1331 1721 1486 1773 vitam
1507 1720 1643 1774 beati
1670 1719 1921 1775 Remarli.

2262 536 2411 583 tanto
2438 529 2667 584 delectet
2693 543 2793 585 nos
2813 532 3166 586 succumbere
3199 531 3362 596 bono,
3411 540 3560 587 tanto
3591 532 3831 605 voluptas

2258 621 2330 675 sit
2351 622 2574 677 subesse
2605 621 2855 688 Domino,
2877 623 2968 692 qui
2998 638 3102 679 non
3140 624 3301 680 modo
3328 623 3506 683 fautor
3531 634 3588 683 et
3621 625 3832 696 adiutor

2257 718 2342 766 est
2361 711 2707 769 incremendo
2731 714 3165 785 proﬁcientium,
3195 732 3379 772 verum
3408 718 3832 774 remediablliter

2256 804 2503 874 providet
2552 805 2825 859 ruentium
2854 805 3073 862 casibus
3113 806 3461 873 obviandum,
3502 810 3629 864 dum
3659 819 3714 864 et
3743 825 3834 865 au—

2258 895 2431 964 gelica
2454 895 2611 951 nobis
2649 905 2870 967 praestat
2900 897 3157 969 suifragia
3189 914 3293 954 non
3327 899 3537 965 deesse,
3576 908 3634 955 et
3660 908 3837 970 patro-

2259 988 2401 1044 cinia
2431 988 2645 1043 confert
2663 998 2997 1056 sanctorum,
3026 1006 3162 1061 quos
3190 1007 3290 1061 pro
3312 992 3552 1047 reatibus
3576 992 3836 1048 interces-

2260 1091 2410 1133 sores
2436 1093 2540 1134 non
2573 1078 2880 1134 dubitemus
2927 1079 3242 1151 efﬂagitare.
3275 1080 3420 1148 Quos
3464 1097 3588 1137 cum
3638 1084 3835 1153 passim

2259 1178 2315 1226 et
2343 1170 2574 1225 diversis
2594 1170 2824 1226 donatos
2850 1172 3145 1241 provinciis
3174 1173 3224 1226 iu
3241 1187 3529 1228 commune
3545 1174 3837 1229 conveniat

2259 1260 2565 1325 honorare;
2592 1260 2817 1329 singulis
2844 1269 3023 1316 tamen
3050 1261 3351 1331 quibusque
3375 1261 3510 1317 locis
3531 1262 3839 1317 misericor-

2261 1348 2402 1406 diter
2418 1351 2666 1421 provisos
2694 1351 2963 1417 attribuit,
3012 1366 3149 1421 quos
3173 1351 3483 1420 specialiter
3510 1353 3839 1422 amplecten-

2262 1439 2360 1496 dos
2379 1449 2434 1496 et
2458 1441 2778 1511 propensius
2802 1441 3109 1497 exorandos
3135 1442 3328 1497 voluit.
3383 1441 3428 1496 E
3447 1442 3653 1512 quibus
3685 1443 3839 1497 nobis

2262 1530 2476 1586 beatum
2507 1531 2828 1587 Remaclum
2855 1532 3169 1597 destinavit,
3218 1531 3371 1601 cujus
3400 1534 3527 1602 quia
3574 1532 3838 1604 sutl’ragiis

2261 1621 2551 1691 plurimum
2573 1622 2869 1684 innitimur,
2886 1622 3011 1690 ejus
3052 1623 3160 1678 vita
3183 1631 3245 1678 et
3260 1632 3429 1693 gesta,
3460 1632 3518 1678 ut
3548 1633 3743 1694 captus
3763 1631 3841 1679 est

2262 1708 2568 1776 facultatis,
2599 1712 2837 1766 narrare
2863 1709 3129 1768 ordimur.

562 1852 565 1855 λ
661 1803 1017 1877 Omnipotens
1035 1808 1312 1873 Dominus,
1340 1809 1430 1879 qui
1468 1809 1619 1865 dives
1658 1820 1745 1866 est
1779 1812 1832 1865 in
1859 1810 2165 1867 misericor-

2270 1819 2354 1875 ιι.
2392 1820 2471 1876 De
2500 1835 2654 1891 regno
2675 1820 3003 1894 [raucorum
3047 1832 3095 1894 et
3139 1822 3422 1894 Aquitania
3452 1822 3591 1878 unde
3625 1834 3843 1879 sanctus

595 1896 704 1962 dia,
761 1898 913 1967 cujus
956 1906 1148 1953 natura
1189 1898 1424 1963 bonitas,
1471 1899 1720 1956 voluntas
1758 1900 2030 1957 eﬁitientia
2071 1902 2161 1967 ⁸⁸³,

566 2044 567 2051 γ
596 1999 732 2055 opus
754 1986 1154 2051 misericordia,
1181 1987 1437 2043 sustinuit
1461 2004 1587 2044 vasa
1613 1988 1741 2053 irae,
1768 1999 1890 2060 apta
1934 1989 1987 2046 in
2032 1991 2166 2047 inte-

562 2130 569 2143 ,
594 2076 787 2141 ritum,
810 2076 871 2131 in
895 2076 1061 2132 multa
1087 2078 1350 2148 patiencia
1381 2077 1559 2150 (Rom.
1590 2096 1671 2147 ιι,
1688 2080 1806 2152 22),
1829 2082 2040 2138 tandem
2067 2082 2168 2138 sal-

561 2210 565 2217 .
593 2166 789 2222 vandis
807 2168 1061 2227 omnibus
1085 2170 1254 2235 venit,
1286 2170 1415 2239 quia
1437 2185 1466 2225 a
1490 2180 1644 2227 reatu
1675 2174 1864 2241 primae
1913 2173 2168 2243 prazvari-

595 2256 824 2309 cationis
859 2256 1086 2312 liberum
1114 2258 1318 2314 nullum
1365 2260 1587 2316 invenit.
1640 2261 1868 2317 Divitias
1910 2262 2168 2319 bonitatis

596 2354 652 2400 et
681 2345 1103 2416 longanimitatis
1122 2364 1233 2404 suae
1253 2351 1503 2407 omnibus
1523 2354 1861 2423 praerogavit,
1879 2352 2169 2411 voluntatis

593 2437 1112 2509 omnipotentiamet
1135 2438 1204 2473 ⁸⁸⁸
1233 2441 1459 2511 ingratis
1481 2451 1534 2498 et
1569 2451 1814 2513 respectu
1833 2443 2020 2515 gratiae
2049 2460 2167 2500 suae

567 2579 575 2609 τ
595 2526 829 2598 indignis
847 2527 1217 2587 efﬁcacissime
1241 2534 1507 2600 exercuit,
1552 2534 1678 2604 quia
1704 2546 1841 2603 opus
1865 2535 2170 2591 misericor-

566 2615 696 2696 {dize
724 2616 1035 2674 salvatricis
1077 2629 1136 2673 ut
1162 2628 1310 2676 esset
1334 2623 1706 2692 recnperabile
1745 2624 2172 2683 misericorditer

562 2773 569 2779 ν
594 2714 718 2761 ante
739 2708 993 2778 providit.
1024 2709 1171 2766 Forti
1199 2710 1265 2743 ⁸⁹¹
1289 2726 1440 2767 arma
1468 2712 1709 2779 abstulit,
1735 2715 1791 2769 in
1811 2715 2007 2785 quibus
2042 2730 2172 2772 con-

564 2799 967 2869 .ﬁdebat,,vasa
991 2801 1265 2858 distribuit
1284 2819 1404 2873 quze
1432 2804 1757 2873 possidebat,
1778 2806 1998 2861 utsicut
2020 2807 2172 2876 prius

593 2890 810 2946 fuerant
839 2892 1080 2961 peccatis
1100 2891 1569 2961 interpellantibus
1588 2892 1657 2927 ⁸⁸³
1680 2894 1793 2960 irae,
1819 2895 1894 2950 ita
1919 2895 2173 2965 deinceps

594 2995 690 3047 per
711 2980 944 3050 gratiam
973 2980 1209 3036 divinam
1235 2980 1429 3038 ﬁerent
1450 2998 1575 3038 vasa
1601 2983 2007 3041 misericordiae.
2035 2984 2173 3053 Quia

596 3080 652 3124 ut
705 3085 815 3126 non
871 3078 956 3126 est
995 3071 1321 3127 credendum
1378 3072 1612 3143 aliquem
1643 3073 1710 3128 ad
1734 3074 1959 3129 salutem
1984 3074 2172 3129 venire

2688 1890 2960 1945 Remaclus
2996 1890 3253 1946 oriundus
3289 1894 3411 1962 fuit.

2339 1978 2668 2035 Francorum
2714 1994 2937 2050 regnum
2963 1995 2994 2034 a
3023 1975 3416 2051 sui‘principio
3454 1994 3672 2051 semper
3709 1980 3845 2034 infa-

2267 2067 2512 2139 tigabile,
2537 2078 2665 2123 tunc
2687 2083 2797 2137 pra:
2825 2067 3038 2123 caeteris
3062 2068 3164 2123 sibi
3181 2068 3570 2125 collimitaneis
3585 2070 3659 2103 ⁸³⁸
3675 2071 3841 2125 visum

2266 2169 2348 2215 est
2378 2158 2602 2225 ﬂorere,
2635 2159 2780 2231 [cum
2813 2160 2943 2230 jugo
2988 2160 3271 2216 dominica}
3303 2160 3425 2216 ﬁdei
3460 2161 3596 2216 colla
3626 2176 3842 2232 passum

2268 2251 2550 2316 inclinare,
2578 2260 2632 2306 et
2654 2253 2798 2321 quod
2824 2252 2975 2323 prius
3005 2253 3200 2307 adorat
3253 2252 3566 2317 incendere,
3596 2255 3743 2322 quod
3769 2253 3844 2306 in-

2269 2341 2527 2395 cenderat
2583 2339 2754 2395 voluit
2806 2341 3068 2410 deinceps
3109 2341 3343 2395 adorare
3373 2339 3594 2411 (limen.
3635 2340 3744 2394 Vit.
3782 2339 3841 2394 8.

2271 2430 2521 2502 Remigii,
2551 2446 2603 2487 c.
2641 2430 2730 2487 64.
2761 2430 2842 2487 Cl'.
2868 2428 3023 2486 Gesta
3049 2429 3251 2486 Fraus.
3295 2446 3345 2486 c.
3375 2429 3520 2503 40).]
3553 2430 3842 2485 Maximum

2272 2533 2452 2579 autem
2469 2525 2679 2594 accepit
2708 2524 3109 2579 incrementum
3133 2532 3189 2577 et
3211 2522 3424 2577 ﬁrmum
3452 2524 3553 2577 sub
3572 2537 3641 2577 eo
3661 2532 3845 2578 sancta

2256 2615 2366 2682 ,Dei
2396 2614 2640 2671 aecclesia
2671 2622 2894 2679 statum,
2925 2628 3047 2667 cum
3099 2611 3412 2667 Clotharius
3455 2611 3528 2644 ⁸⁸⁸
3559 2626 3659 2666 rex
3703 2612 3845 2682 justa

2273 2708 2618 2765 successione
2646 2708 2787 2762 hanc
2826 2706 2894 2739 "7
2923 2714 3152 2776 quartus
3202 2704 3580 2760 monarchiam
3605 2703 3845 2773 singula-

2275 2800 2407 2854 riter
2436 2799 2598 2853 trium
2630 2797 2853 2868 regebat
2878 2811 3188 2866 regnorum,
3221 2805 3279 2850 ct
3317 2810 3444 2850 eum
3494 2796 3846 2864 quadragesi-

2256 2905 2420 2945 tmum
2462 2889 2657 2960 agebat
2702 2902 2902 2942 annum
2956 2887 3069 2959 (an.
3111 2885 3261 2957 615),
3294 2900 3455 2956 quem
3484 2884 3739 2940 Eraclius
3759 2900 3848 2939 au-

2276 2992 2463 3056 gustus
2490 2966 2692 3037 sanctae
2720 2981 2899 3036 crucis
2924 2980 3125 3034 relator
3147 2988 3399 3049 quartum
3432 2978 3729 3033 decimum.
3759 2977 3846 3031 llic

2280 3078 2501 3140 sceptro
2546 3070 2615 3102 ⁸⁹⁸
2651 3085 2750 3125 suo
2784 3068 2988 3125 nullius
3042 3066 3413 3139 circumpositi
3468 3076 3746 3136 sceptrum
3784 3066 3848 3098 ⁸⁸⁸

605 3159 707 3214 nisi
732 3160 842 3214 Deo
870 3160 1154 3225 invitante,
1194 3175 1274 3215 sne
1301 3175 1401 3216 nec
1422 3163 1649 3218 invitum
1690 3164 1906 3233 quidem
1951 3163 2177 3219 salutem
2205 3144 2251 3206 (ἶ
2283 3175 2476 3233 passus
2501 3169 2585 3216 est
2613 3175 2937 3225 occursare;
2981 3159 3073 3215 sed
3120 3159 3368 3229 quicquit
3413 3172 3555 3228 pene
3602 3156 3778 3212 Gallia
3801 3165 3852 3210 et

576 3263 757 3323 suam
782 3237 996 3318 operari
1027 3250 1127 3307 nisi
1163 3251 1272 3305 Deo
1298 3251 1613 3317 auxiliante,
1650 3252 1855 3308 nullum
1901 3253 2179 3309 voluntate

574 3328 701 3415 Oilei
727 3340 926 3410 perire,
969 3341 1062 3396 sed
1106 3342 1370 3412 permisso
1420 3344 1628 3399 arbitrii
1673 3361 1772 3415 pro
1813 3346 1883 3378 ⁸9³
1911 3363 2008 3402 sua
2040 3348 2174 3408 _ele-

576 3422 806 3509 lctione,
821 3446 887 3487 ne
916 3431 1217 3502 ingenuitas
1243 3420 1523 3504 potestatis
1545 3437 1802 3492 attributa
1821 3439 1988 3495 semel
2013 3419 2180 3495 homi-

574 3572 579 3577 .
604 3519 656 3574 ni
689 3520 754 3575 ad
780 3518 1033 3575 servilem
1061 3531 1286 3592 cogatur
1312 3525 1692 3580 necessitatem
1716 3528 1904 3582 referri
1926 3527 2019 3582 ‘9‘.
2073 3529 2179 3583 lni-

570 3614 737 3695 r‘tium
776 3626 906 3683 ergo
935 3611 1130 3668 salutis
1159 3621 1359 3670 nostra:
1396 3615 1504 3672 Deo
1551 3617 1846 3673 miserante
1893 3619 2175 3676 habemus.

570 3690 766 3786 gum
788 3704 972 3774 itaque
997 3702 1411 3774 adquiescamus
1459 3707 1752 3764 salutiferae
1804 3709 2175 3780 iuspirationi,

582 3786 806 3873 Inestrte
839 3803 921 3848 est
964 3796 1269 3864 potestatis,
1313 3806 1371 3853 ut
1397 3799 1765 3870 adipiscamur
1792 3802 1937 3871 quod
1992 3803 2180 3861 moniti

574 3886 1004 3964 _adquiescendo
1026 3889 1295 3958 cupimus,
1331 3890 1498 3945 divini
1530 3900 1614 3947 est
1639 3894 1917 3959 muneris;
1951 3906 2006 3948 ut
2031 3894 2182 3949 laba-

578 3992 750 4055 ‘mur,
783 3987 982 4055 nostrae
1011 3987 1097 4034 est
1124 3981 1404 4050 potestatis
1433 3993 1486 4037 et
1513 3981 1760 4058 ignaviae,
1814 3992 2003 4058 utnon
2034 3984 2182 4040 laba-

574 4054 747 4145 ;mur,
802 4054 1024 4137 indepto
1074 4068 1270 4124 salutis
1316 4054 1800 4128 munere‘nostrte
1829 4055 2046 4142 quidem
2094 4082 2181 4129 est

575 4156 999 4233 ,quodammodo
1033 4158 1431 4225 sollicitudinis,
1465 4163 1773 4220 omnimodo
1797 4178 1927 4220 vero
1975 4163 2182 4233 adjuto-

576 4298 589 4323 ᾖ
608 4247 675 4321 rii
699 4245 951 4304 czelestis'.
967 4249 1034 4303 Et
1053 4249 1103 4304 ei
1126 4250 1239 4319 spei
1270 4248 1580 4306 fortissima:
1601 4251 1893 4309 innitentes
1906 4251 1979 4286 '9‘
1998 4253 2180 4310 beatos

582 4349 750 4415 Aesse,
796 4351 857 4391 re
912 4338 1026 4406 ipsa
1082 4338 1469 4408 comperimus,
1514 4340 1613 4410 qui
1656 4340 1781 4396 dum
1804 4341 2078 4399 Christum
2127 4344 2181 4398 in

2261 3249 2579 3307 Germania.
2602 3265 2788 3321 regum
2813 3259 2867 3304 et
2908 3249 3148 3319 gentium
3174 3248 3464 3314 continuit,
3506 3248 3624 3303 suis
3650 3248 3852 3302 studuit

2277 3341 2505 3399 habenis
2532 3356 2807 3399 coercere.
2840 3341 2939 3397 llic
2972 3341 3140 3397 ﬁlium
3174 3356 3331 3396 suum
3378 3340 3631 3395 inclitum
3686 3339 3853 3408 Daga-

2278 3434 2492 3489 bertum
2516 3433 2818 3489 Austrasiis
2842 3431 3183 3502 praefecerat,
3212 3433 3439 3503 ejusque
3463 3433 3708 3487 dominio
3724 3431 3855 3495 Ger-

2262 3526 2474 3585 mania:
2523 3539 2685 3596 regna
2736 3526 3098 3596 conjunxerat
3135 3526 3247 3596 (an.
3280 3525 3427 3595 622).
3463 3524 3711 3593 Quorum
3734 3525 3852 3577 feli-

2280 3617 2501 3672 cissimo
2534 3624 2775 3686 tempore
2810 3616 2864 3671 in
2912 3625 3121 3671 tantum
3167 3617 3488 3673 exuberavit
3537 3615 3853 3671 christiani-

2280 3708 2408 3762 tatis
2434 3707 2619 3762 titulus
2642 3707 2859 3775 ubique,
2914 3714 2973 3761 ut
3021 3721 3159 3776 pene
3209 3721 3334 3760 rara
3393 3714 3487 3760 aut
3537 3704 3687 3759 nulla
3720 3705 3854 3758 citra

2282 3797 2542 3854 ﬁnitimos
2573 3796 2883 3852 inveniatur
2932 3796 3203 3867 hodieque
3250 3795 3519 3858 mcclesia,
3579 3810 3705 3863 qua:
3752 3810 3854 3849 non

2280 3885 2509 3955 alicujus
2538 3887 2656 3957 ejus
2687 3887 2945 3956 temporis
2997 3887 3175 3941 sancti
3234 3886 3393 3941 nobis
3439 3886 3746 3955 praetendat
3788 3885 3855 3917 ω

2279 3976 2598 4050 patrocinia.
2649 3976 2755 4030 Sed
2785 3984 2844 4030 ut
2888 3976 3147 4031 sileamus
3196 3975 3412 4030 interim
3439 3976 3505 4030 de
3536 3975 3855 4036 innumeris.

2282 4079 2411 4125 tunc
2433 4067 2609 4129 sancti
2640 4067 2741 4122 viri
2769 4066 2980 4138 Eligius
3004 4077 3064 4122 et
3084 4065 3378 4121 Audoenus
3420 4063 3569 4134 (527)
3604 4064 3857 4134 palatinis

2281 4158 2629 4232 inceptabant
2677 4159 2934 4215 insudare
2975 4158 3144 4225 curis,
3201 4159 3393 4214 beatus
3432 4154 3697 4211 Amulius
3739 4170 3858 4209 cum

2283 4251 2574 4306 Romarico
2624 4249 2893 4319 regalibus
2914 4247 3026 4317 jam
3067 4257 3200 4304 tunc
3249 4250 3550 4303 intererant
3592 4243 3854 4304 consiliis,

2283 4339 2518 4407 Sanctus
2567 4348 2749 4393 autem
2801 4338 3080 4394 Amandus
3128 4347 3185 4394 et
3234 4338 3427 4394 beatus
3472 4336 3765 4392 Remulus
3804 4343 3861 4392 et

586 4435 1005 4503 :carneltantam
1029 4430 1396 4499 prrelibantem
1418 4431 1641 4488 salutem
1665 4447 1772 4489 non
1792 4433 2046 4500 viderint,
2068 4447 2186 4490 cre-
2211 4482 2257 4503 ,,
2283 4443 2506 4491 sanctus
2532 4430 2677 4489 Goar
2717 4431 3063 4503 Aquitaniam
3114 4431 3416 4486 nativitatis
3464 4445 3579 4487 suae
3624 4431 3863 4485 illustra-

586 4498 738 4587 jdere
768 4515 996 4573 ﬁdeliter
1020 4498 1201 4574 audita
1223 4536 1332 4576 non
1354 4520 1735 4577 dubitaverint.
1786 4522 1981 4580 Multos
2025 4498 2180 4579 nam-

611 4621 718 4676 que
744 4607 978 4678 ipsorum
1010 4626 1131 4682 quae.
1162 4608 1276 4681 ipse
1295 4612 1428 4670 fecit
1460 4613 1675 4680 fecisse,
1693 4622 1749 4670 et
1773 4616 1977 4683 majora
1996 4617 2178 4697 (Joan.

592 4710 726 4763 .xw,
753 4697 842 4772 η)
863 4698 1017 4771 juxta
1044 4701 1367 4772 promissum
1401 4704 1570 4775 ipsius
1594 4714 1849 4775 operatos
1891 4722 2034 4773 esse,
2071 4722 2180 4762 non

2210 4482 2259 4543 D

2266 4524 2417 4603 bant
2438 4521 2716 4592 auspiciis.
2743 4520 2840 4576 Est
2863 4528 3046 4577 autem
3098 4520 3420 4591 Aquitania,
3442 4534 3608 4590 quam
3640 4519 3861 4589 quidam

2288 4624 2503 4686 partem
2534 4616 2651 4669 fere
2679 4614 2904 4669 terciam
2934 4622 3219 4669 autumant
3246 4612 3570 4677 Galliarum,
3617 4613 3691 4668 ab
3718 4611 3860 4667 obli-

2287 4704 2412 4774 quis
2460 4705 2620 4775 aquis
2651 4704 2860 4774 Ligeris
2888 4702 3127 4775 ﬁuminis
3152 4712 3481 4774 nuncupata,
3514 4702 3607 4772 qui
3650 4716 3719 4757 ex
3746 4702 3861 4773 plu-

612 4785 788 4841 solum
822 4786 1061 4844 fatentur
1094 4792 1345 4861 proximi,
1395 4793 1492 4849 sed
1516 4794 1681 4849 etiam
1730 4795 1872 4850 ultra
1893 4795 2189 4852 Sauroma-
2286 4794 2424 4849 rima
2456 4803 2611 4865 pante
2634 4809 2754 4850 eam
2781 4793 3000 4859 limitat,
3025 4808 3271 4862 peueque
3300 4793 3357 4847 in
3394 4791 3587 4846 orbem
3626 4791 3861 4846 circum.

615 4883 699 4928 tas
725 4877 1018 4946 praedicant
1040 4880 1221 4951 positi,
1256 4891 1310 4939 ct
1334 4882 1612 4955 glacialem
1655 4883 2061 4956 frequentautes
2095 4900 2187 4943 oc.

2291 4884 2403 4940 dat.
2432 4883 2558 4940 Haec
2586 4899 2616 4938 a
2644 4883 2819 4940 circio.
2853 4880 3018 4938 habet
3036 4895 3362 4947 occeanum,
3385 4880 3478 4952 qui
3503 4877 3861 4952 Aquitanica:

1862 5056 2097 5114 VARUE
2122 5056 2521 5116 LECTIONES.

693 5170 763 5198 ⁸89
798 5171 935 5198 Λ----
977 5173 999 5198 Ι
1138 5173 1208 5198 ιι.
1242 5188 1342 5198 -..-
1379 5173 1407 5198 J

1419 5173 1579 5252 ‘_““°
1598 5175 1669 5252 _"‘
1849 5174 2145 5252 :jﬁcieutia
2160 5173 2214 5228 2.

2312 5174 2381 5198 an
2411 5175 2543 5198 1---.
2573 5174 2605 5198 9
2680 5173 2746 5198 tm
2769 5171 2917 5198 De...“
3055 5170 3242 5198 ..-ιιι-..τ
3270 5172 3454 5198 Δ-.....ο
3482 5168 3558 5198 ιη.
3666 5165 3736 5198 ωε
3776 5165 3856 5198 ἶ..-

3055 5170 3164 5198 ..-1⁸η
3172 5170 3242 5198 ..ι-ἓ
3270 5172 3454 5198 Δ-..η.ο
3482 5168 3558 5198 1⁸⁸1.
