4094 5252
244 177 347 231 104

1318 174 1640 232 HERIGERI
1681 164 1905 228 GESTA
1949 168 2158 225 EPISC.
2202 167 2393 224 LEOD.

3372 164 3509 224 1046

243 313 401 367 sinus
437 311 657 375 dicitur,
693 311 762 365 ab
787 323 983 366 occasu
1034 308 1362 380 liyspanias,
1395 323 1425 361 a
1456 305 1821 376 septentrione
1853 305 1898 360 Α
1928 300 2116 364 divini,
2149 314 2335 355 verum
2381 298 2554 367 gratia
2607 298 2682 353 ita
2711 299 2782 333 ⁸⁸⁸
2813 299 3137 354 exuberaret
3163 315 3418 370 superna,
3450 313 3512 358 ut.

239 413 298 458 et
319 405 527 457 oriente
558 402 977 472 Lugdunensem
1006 403 1077 433 ⁸⁰⁰
1112 401 1461 471 provintiatn,
1499 400 1568 452 ab
1594 413 1726 453 euro
1771 406 1826 451 et

240 496 470 550 meridie
518 492 925 549 Narbonensem
957 494 1129 563 (528).
1162 493 1370 548 ltivulis
1416 503 1469 547 et
1512 492 1825 545 ﬂuminibus

210 572 481 654 ’piscosa,
509 585 684 657 glebis
718 595 877 639 terrae
903 586 1279 655 pinguissima,
1330 585 1524 638 vinetis
1552 593 1822 646 nectarea,

241 676 564 731 nemoribus
587 675 823 739 consita,
843 674 1110 729 fructibus
1131 674 1406 743 opulenta,
1427 674 1644 743 pascuis
1668 686 1825 741 peco-

236 780 365 819 rum
389 764 867 828 suilicientissitna,
901 765 1018 817 auri
1056 774 1110 818 et
1155 764 1360 833 argenti
1400 773 1454 817 et
1506 770 1824 815 caeterorum

238 855 419 924 cepiis
450 855 797 909 metallorum
833 854 1206 917 refertissitna,
1245 853 1462 906 navium
1512 861 1565 906 et
1594 850 1826 919 vectiga-

239 948 377 1002 lium
399 947 738 1002 comeatibus
764 957 1076 1015 questuosa,
1101 948 1195 999 sed
1220 946 1552 1013 voluptatum
1580 942 1823 996 omnium

234 1054 356 1110 pra:
400 1040 601 1094 ceteris
652 1038 949 1109 provinciis
1001 1038 1225 1091 luxurize
1257 1036 1555 1098 fructuosa,
1587 1043 1645 1087 et
1694 1033 1824 1087 viris

236 1147 357 1203 pra:
408 1132 634 1201 reliquis
678 1130 931 1185 elieratos
978 1142 1157 1182 mores
1204 1126 1530 1181 habentibus
1570 1124 1823 1179 bellicosa

235 1226 447 1293 pariter
478 1233 533 1278 et
562 1223 823 1292 inquieta.
863 1220 1005 1286 llaec,
1050 1221 1361 1289 municipiis
1404 1229 1454 1274 et
1500 1230 1821 1273 caaterarum

238 1317 621 1371 municionum
646 1318 843 1369 castris
871 1314 1142 1382 exceptis,
1168 1313 1330 1367 habet
1361 1313 1609 1367 civitates
1637 1312 1823 1379 opina-

235 1409 484 1467 tissimas
542 1408 875 1476 pergrandes
934 1406 1246 1474 pariterque
1272 1405 1565 1473 populosas
1626 1405 1713 1457 14.
1745 1404 1823 1457 Ex

232 1498 435 1565 quibus
466 1498 589 1550 duae
618 1508 745 1551 sunt
807 1499 1167 1566 metmpoleos
1221 1497 1403 1559 urbes,
1455 1511 1561 1548 una
1616 1494 1825 1549 scilicet

233 1590 722 1659 Burdegalensiutn
754 1590 923 1642 titulis
952 1604 1165 1657 semper
1210 1602 1527 1658 magnorum
1568 1587 1821 1655 insignita

236 1681 696 1745 virorum,altera
725 1690 806 1733 est
838 1679 1129 1733 Bituricum
1164 1679 1485 1733 habensltac
1507 1687 1823 1747 tempestate

235 1783 491 1827 sanctum
551 1773 958 1842 Austrigisilum
1007 1771 1477 1839 archiepiscOpum
1506 1780 1561 1823 et
1602 1770 1819 1823 beatum

236 1866 547 1937 Sulpicium
577 1865 1019 1917 archidiaeonum
1052 1862 1104 1915 in
1141 1861 1292 1916 brevi
1316 1871 1439 1929 post
1459 1876 1580 1915 eum
1606 1859 1820 1930 pontiﬁ-

233 1954 342 2010 cali
390 1954 542 2023 (529)
590 1953 795 2007 honore
849 1952 1130 2006 donatum.
1172 1950 1227 2003 ιιι
1257 1966 1484 2019 quorum
1536 1950 1819 2019 parrochia

242 2048 441 2100 beatus
474 2046 647 2100 isdem
700 2046 888 2100 diebus
918 2044 1206 2099 Retuaclus
1255 2043 1563 2097 felicissime
1595 2044 1825 2113 sumpsit

237 2141 546 2195 nativitatis
562 2140 813 2205 exordia,
847 2138 1022 2209 [pater
1055 2135 1171 2204 ejus
1224 2135 1507 2199 Albucius,
1539 2145 1711 2189 mater
1740 2145 1823 2189 est

232 2247 433 2290 vocata
467 2235 737 2289 Matrinia.
787 2234 958 2289 Ambo
990 2231 1283 2288 secundum
1307 2232 1473 2285 seculi
1506 2232 1819 2302 dignitatem

234 2327 451 2380 diviciis
480 2326 743 2394 pollentes
773 2326 1066 2396 ‘°‘,utpote
1089 2325 1303 2394 generis
1330 2324 1610 2380 nobilitate
1636 2325 1820 2379 cluen-

234 2426 344 2481 tes,
368 2416 523 2470 velut
548 2417 766 2470 traditio
798 2431 1112 2486 magnarum
1143 2416 1543 2486 possessionum
1569 2416 1685 2485 ejus
1709 2425 1821 2469 tam

232 2505 546 2575 'l‘ungrensi
601 2506 857 2561 aecclesize
911 2521 1073 2574 quam
1122 2516 1309 2561 nostro
1368 2508 1697 2563 monasterio
1750 2507 1820 2538 ⁸⁰¹

234 2594 392 2667 (Vita
423 2596 483 2651 S.
514 2596 761 2662 Remacti,
787 2613 835 2652 e.
870 2596 946 2668 l)]
981 2596 1144 2664 facta,
1171 2598 1255 2653 vel
1281 2600 1346 2653 ab
1372 2598 1489 2668 ipso
1518 2600 1600 2654 vel
1637 2616 1667 2653 a
1688 2615 1820 2669 pro-

230 2685 533 2741 heredibus
562 2686 701 2755 ejus,
726 2687 808 2742 vel
837 2688 1001 2741 etiam
1032 2703 1061 2741 a
1092 2689 1240 2760 regia
1266 2688 1615 2753 sublimitate,
1651 2700 1818 2744 testa-

231 2783 339 2828 tur.
366 2773 532 2829 Multa
556 2776 757 2829 etenim
788 2775 989 2846 scripta
1016 2793 1083 2832 ex
1105 2778 1311 2833 eisdem
1342 2780 1505 2835 rebus
1532 2794 1627 2849 per
1651 2780 1819 2835 multa

232 2881 508 2920 annorum
540 2866 811 2921 curricula
838 2882 867 2920 a
892 2868 1048 2923 nobis
1072 2871 1361 2939 possessis,
1388 2872 1439 2925 in
1469 2880 1820 2941 utrarumque

233 2960 616 3015 mcclesiarum
649 2960 825 3015 adhuc
854 2961 1156 3016 retinentur
1185 2964 1441 3019 archivis.

229 3051 322 3104 £2.
362 3051 524 3126 Quod
570 3051 707 3103 idem
736 3068 767 3103 a
806 3052 954 3126 beato
1003 3051 1235 3126 Sulpicio
1276 3054 1463 3107 dehinc
1501 3056 1598 3109 sub
1642 3054 1823 3126 Elegia
1855 3036 1887 3047 ‘-

458 3124 708 3174 educatus
731 3122 925 3190 palacii
953 3125 1270 3192 primoribus
1305 3126 1611 3179 innotuerit.

304 3213 421 3270 Sed
449 3224 527 3280 ut,
572 3215 713 3268 unde
744 3216 813 3246 ⁵⁰³
846 3215 1009 3285 paulo
1043 3226 1316 3272 momento
1355 3220 1568 3288 evagati
1611 3234 1822 3286 sumus,

233 3305 532 3361 articulum
581 3306 922 3362 rellectamus
968 3308 1059 3372 ὀδ,
1092 3307 1374 3379 [educatus
1412 3318 1494 3363 est
1522 3310 1825 3366 sublimiter

236 3396 400 3452 honre
438 3397 630 3452 indolis
674 3413 809 3466 puer
842 3398 1128 3453 llemaclus
1166 3398 1317 3470 (Vita
1370 3400 1515 3454 Rem.
1572 3402 1624 3468 1)
1664 3413 1825 3471 prout

237 3489 479 3557 plurima
512 3486 829 3543 facultatum
881 3491 1033 3559 copia
1085 3490 1202 3558 ejus
1233 3494 1553 3561 suppetebat
1580 3494 1822 3561 parenti-

238 3579 389 3650 bus,j
433 3580 529 3633 sub
558 3581 720 3635 beato
750 3580 989 3649 Sulpicio
1020 3582 1192 3653 (550),
1211 3584 1265 3636 in
1291 3583 1446 3651 cujus
1474 3584 1823 3638 veneratione

234 3679 460 3725 constat
499 3671 566 3725 ab
607 3672 797 3726 eodem
855 3683 1047 3727 sancto
1093 3676 1210 3728 viro
1256 3675 1517 3744 plurimas
1546 3677 1597 3730 in
1638 3686 1820 3731 nostra

236 3763 459 3831 tlyocesi
493 3772 679 3833 postea
706 3766 914 3820 dicatas
944 3766 1241 3821 (ecclesias.
1276 3768 1483 3821 Deinde
1514 3783 1636 3821 eum
1665 3768 1819 3822 adul-

236 3862 354 3907 tum
387 3863 446 3907 et
494 3855 667 3909 tocius
695 3857 970 3921 bonitatis,
1016 3867 1073 3911 ut
1124 3858 1213 3911 tali
1267 3859 1611 3929 eompetebat
1653 3861 1818 3925 artati,

227 3946 343 4013 jam
396 3945 659 4018 [fructum
714 3948 976 4004 ferentem
1028 3952 1250 4006 tradunt
1280 3952 1439 4007 beato
1473 3953 1663 4023 Eligio,
1705 3954 1821 4009 viro

232 4037 493 4090 omnibus
519 4036 640 4105 ejus
662 4041 915 4109 temporis
942 4042 1255 4097 hominibus
1302 4044 1617 4097 meritorum
1648 4046 1819 4115 gratia

233 4127 603 4197 praeferendo.
656 4130 756 4197 Qui
809 4148 934 4187 eum
991 4132 1370 4204 Solentpniaco
1417 4137 1488 4167 ⁵⁰⁸
1532 4137 1679 4208 (551)
1713 4154 1820 4193 mo-

238 4221 513 4286 nasterio,
568 4224 707 4289 quod
741 4224 853 4293 ipse
902 4226 991 4295 pio
1035 4242 1200 4295 opere
1240 4228 1293 4282 in
1342 4244 1439 4282 sua
1470 4231 1819 4285 construebat

1928 390 2179 445 omnibus
2201 392 2301 445 sub
2326 388 2514 443 eadem
2544 389 2905 445 militantibus
2932 390 3212 459 disciplina
3245 392 3508 462 religiosa.-

1928 483 2364 539 conversationis
2390 482 2546 537 ﬁeret
2572 482 2879 552 exemplum
2905 492 2959 536 et
2986 496 3199 535 norma.
3228 481 3285 535 In
3312 482 3513 552 vigi!iis

1932 588 2171 642 namque
2216 572 2488 627 continuis
2518 573 2898 642 pernoctabat,
2933 572 3207 627 orationes
3250 587 3376 627 vero
3416 588 3512 641 per

1928 676 2145 720 noctem
2202 666 2272 696 ⁵⁰⁹
2320 666 2693 731 continuabat,
2730 666 2782 719 in
2814 665 3141 721 abstinentia
3182 666 3509 735 prmcipuus,

1928 757 1981 810 in
2035 757 2285 810 universa
2338 771 2554 810 morum
2608 757 2876 826 probitate
2918 757 2987 787 ⁸¹⁰
3018 755 3357 827 praeimus]
3386 756 3513 810 Haec

1926 858 2152 903 sanctus
2210 848 2438 918 Eligius,
2483 848 2569 903 cui
2628 850 2951 904 commissus
3004 848 3203 915 fuerat,
3260 863 3510 913 cernens,

1926 940 2198 1009 simulque
2230 940 2297 993 ad
2322 938 2441 1006 ejus
2474 937 2776 1009 profectum
2799 940 2963 993 animi
2988 940 3273 995 alacritate
3293 940 3514 994 commi-

1926 1047 2111 1102 graus,
2142 1030 2352 1101 [curam
2402 1031 2503 1084 sibi
2536 1031 2717 1100 gregis
2746 1032 3021 1085 commissi
3067 1030 3143 1085 illi
3170 1030 3514 1087 committere

1926 1137 2034 1175 non
2063 1120 2272 1183 abnuit,
2297 1136 2439 1175 onus
2468 1128 2525 1173 et
2556 1118 2701 1174 vices
2758 1120 3013 1189 repartiri
3065 1134 3171 1175 non
3224 1118 3513 1187 dubitavit,

1926 1225 2091 1281 seque
2121 1211 2345 1265 servitio
2392 1210 2581 1280 palatii
2629 1210 2772 1263 sicut
2817 1209 3236 1278 compellebatur
3273 1208 3511 1264 reindul;

1926 1305 2017 1358 sit.
2052 1303 2120 1371 (c.
2169 1301 2251 1365 2.)
2292 1299 2425 1356 Post
2452 1300 2518 1331 ⁵¹¹
2563 1302 2679 1355 haec
2709 1300 3015 1355 labentibus
3045 1314 3312 1353 annorum
3340 1298 3514 1353 curri-

1927 1395 2065 1449 culis
2111 1393 2368 1462 vulgante
2410 1391 2554 1446 fama
2585 1392 2640 1446 in
2676 1392 3079 1461 circumpositis
3124 1390 3311 1447 Gallia:
3344 1390 3512 1445 totius

1924 1488 2246 1560 provinciis,
2296 1488 2541 1543 auditum
2573 1498 2659 1543 est.
2690 1489 2927 1557 undique
2956 1488 3022 1541 de
3049 1486 3159 1540 vita
3199 1494 3255 1539 et
3301 1483 3513 1538 actibus

1927 1581 2103 1635 sancti
2132 1578 2259 1632 viri.
2290 1578 2356 1632 Et
2384 1592 2547 1633 aures
2593 1590 2908 1646 procerum,
2955 1575 3049 1644 qui
3104 1584 3234 1628 tunc
3259 1572 3517 1643 palatinis

1928 1667 2284 1739 invigilabant
2337 1668 2516 1732 curis,
2568 1668 2876 1736 penetravit
2915 1667 2983 1697 δι’
3015 1674 3294 1735 gestorum
3325 1677 3517 1718 eorum

1926 1760 2130 1829 opinio,
2165 1759 2311 1827 quod
2342 1758 2553 1813 scilicet
2586 1758 2708 1811 talis
2757 1774 2821 1813 ac
2874 1767 3055 1812 tantus
3102 1755 3373 1827 pullulans
3400 1754 3518 1824 pal—

1925 1866 2041 1906 mes
2063 1850 2193 1904 vitis
2222 1863 2450 1905 summae
2481 1850 2834 1919 responderet
2876 1848 3166 1919 plantario.
3200 1846 3316 1902 Non
3340 1845 3519 1917 potuit

1925 1944 2217 1997 ordinante
2242 1942 2523 1997 Altissimo
2551 1942 2773 1996 lucerna
2810 1941 3006 1995 divina:
3054 1953 3288 1994 accensa
3328 1937 3517 2008 gratia:

1923 2032 2136 2101 spiculo
2166 2033 2269 2088 sub
2308 2032 2543 2103 propriae
2579 2031 3036 2087 considerationis
3065 2029 3279 2099 contegi
3310 2027 3513 2093 modio,

1924 2125 2019 2180 sed
2052 2134 2114 2179 ut
2165 2125 2597 2194 supplementum
2651 2124 2808 2177 ﬂeret
2859 2121 3100 2177 desiduis
3147 2121 3203 2174 in
3253 2118 3359 2174 fide
3388 2134 3517 2189 pro-

1924 2218 2102 2287 posito
2147 2215 2362 2272 lichnus
2411 2216 2801 2286 superponitur
2844 2214 3175 2270 candelabro
3214 2212 3306 2264 ⁵η.
3347 2210 3517 2280 Igitur
3586 2228 3593 2235 ·

1924 2307 2325 2380 promulgatum
2361 2316 2445 2362 est
2478 2308 2531 2361 in
2569 2307 2690 2361 aula
2743 2306 2913 2377 regali
2959 2314 3167 2360 tantum
3206 2304 3381 2357 virum
3407 2316 3518 2357 non

1923 2398 2123 2454 debere
2166 2389 2357 2453 abesse
2403 2398 2709 2467 prmsentiaz
2756 2398 2919 2467 regis,
2958 2404 3020 2450 ut
3046 2394 3192 2449 illius
3220 2392 3517 2464 prudentia

1924 2487 2353 2555 disponerentur
2384 2486 2549 2556 regni
2585 2486 2833 2556 negocia,
2865 2484 3017 2553 cujus
3043 2491 3192 2538 tanta
3232 2482 3346 2551 jam
3382 2491 3516 2537 tunc

1924 2579 2261 2633 audirentur
2308 2578 2635 2633 meritorum
2704 2578 2957 2647 insignia.
3016 2576 3289 2631 Evocatus
3330 2574 3518 2643 itaque

1922 2668 2224 2724 honorifice
2253 2678 2313 2723 ut
2337 2668 2564 2723 decebat
2610 2668 2677 2723 ad
2728 2668 2923 2737 palatii
2954 2667 3273 2738 producitur
3299 2665 3513 2733 limina,

1921 2774 2180 2832 magnum
2206 2775 2271 2815 eo
2302 2760 2371 2793 '”
2396 2762 2558 2815 modo
2611 2760 2866 2814 omnibus
2898 2759 3137 2815 solamen
3168 2760 3408 2825 futurus,
3432 2760 3513 2813 uti

1921 2851 2152 2908 subinde
2179 2850 2464 2922 perdocuit
2501 2866 2683 2905 rerqu
2712 2850 2988 2922 eventus]
3016 2850 3122 2905 Per
3168 2851 3310 2905 idem
3334 2849 3515 2919 (ferme

1846 2969 1893 3018 η
1925 2954 2138 3015 tempus
2188 2945 2380 3000 beatus
2433 2944 2707 2999 Jobannes
2766 2942 3169 3013 Tungrensium
3225 2942 3312 2996 vel
3372 2939 3507 2993 Tra-

1920 3033 2244 3103 jectensium
2287 3034 2515 3088 feliciter
2561 3047 2754 3104 regens
2779 3032 3181 3103 pontificatum,
3228 3029 3506 3085 hominem

1928 3125 2099 3180 exivit.
2145 3126 2243 3179 m.‘
2284 3125 2506 3179 Inclitus
2553 3125 2627 3157 '“’
2676 3140 2775 3179 rex
2818 3123 3181 3195 Dagobertus,
3230 3122 3323 3192 qui
3364 3121 3509 3190 patri

1928 3217 2181 3274 defuncto
2208 3218 2611 3287 auspicabiliter
2657 3224 3000 3273 successerat
3036 3226 3092 3271 et
3130 3214 3511 3270 monarcbiant

1928 3311 2318 3382 imperii'solus
2338 3309 2592 3366 sollerter
2615 3308 3052 3375 administrabat,
3070 3308 3288 3363 beatum
3305 3306 3510 3360 Antan—

1927 3402 2181 3472 dum,qui
2205 3402 2273 3455 ad
2301 3401 2804 3471 prmdicandum,ut
2833 3408 2958 3454 tunc
2997 3399 3164 3453 moris
3186 3407 3306 3452 erat
3331 3396 3508 3467 (552),

1926 3490 2103 3548 factus
2126 3493 2300 3547 fuerat
2321 3492 2626 3561 episc0pus,
2653 3491 3001 3546 arcersierat.
3039 3489 3128 3561 [Et
3155 3490 3281 3558 quia
3309 3490 3513 3544 dudum

1926 3599 2161 3653 arguens
2191 3599 2314 3638 eum
2341 3599 2439 3652 pro
2466 3583 2789 3652 capitalibus
2807 3582 2957 3650 (Vita
2980 3580 3041 3637 S.
3066 3583 3318 3647 Amandi,
3344 3596 3391 3634 c.
3424 3580 3512 3651 l6)

1926 3677 2219 3746 injuriatus
2263 3676 2441 3730 fuerat
2488 3685 2543 3729 et
2568 3675 2845 3745 expulsus,
2875 3674 3068 3729 deinde
3097 3687 3197 3744 per
3226 3686 3515 3744 regenera-

1928 3772 2127 3825 tionem
2154 3770 2224 3803 ⁸¹⁶
2250 3768 2400 3839 (555)
2433 3767 2526 3822 filii
2551 3768 2635 3822 sui
2666 3766 2937 3837 Sigeberti
2987 3764 3380 3835 aliquantisper
3423 3776 3517 3816 rev-7

1925 3860 2269 3925 conciliatus,
2289 3859 2597 3929 temptavit,
2629 3858 2840 3913 sicutet
2866 3857 3017 3922 fecit,
3050 3870 3173 3911 eum
3198 3854 3302 3910 sibi
3325 3853 3507 3907 areius

1924 3958 2233 4020 devincere,
2258 3965 2312 4009 et
2342 3955 2396 4009 in
2428 3952 2861 4021 Trajectensiutn
2889 3951 3147 4007 cathedra
3174 3948 3507 4005 sublimavit.

1924 4049 1994 4118 (c.
2030 4045 2141 4115 l8.)
2172 4044 2272 4111 Qui
2301 4060 2399 4114 per
2422 4043 2716 4098 triennium
2744 4043 2893 4098 vicos
2922 4050 2976 4098 et
3004 4050 3180 4098 castra
3232 4039 3508 4105 circuivit,
3569 4091 3573 4095 .

1922 4139 2145 4193 verbum
2196 4137 2319 4191 vita:
2349 4135 2743 4201 disseminavit,
2793 4134 2958 4189 nichil
3011 4150 3070 4190 se
3097 4134 3364 4203 prolicere
3384 4146 3509 4187 cer-

1922 4247 2075 4297 nens,
2132 4231 2445 4286 saccrdotes
2473 4229 2714 4297 'insuper
2768 4237 2823 4284 et
2870 4228 3063 4284 levitas
3109 4227 3213 4282 sibi
3246 4224 3509 4281 insultare

234 4308 590 4378 ltereditate,j
639 4311 855 4378 locavit,
886 4324 939 4368 et
969 4317 1140 4370 sacris
1181 4318 1494 4373 monasticae
1522 4318 1819 4389 disciplina:
1847 4313 1902 4372 D
1927 4324 2134 4386 dolens,
2180 4322 2454 4392 pulverem
2485 4320 2682 4390 pedum
2725 4320 2882 4389 juxta
2918 4319 3131 4375 Domini
3176 4324 3509 4389 praeceptum

236 4399 679 4453 institutionibus
707 4403 771 4455 ad
804 4418 1035 4475 unguem
1082 4406 1452 4460 minstruxit.
1488 4407 1567 4479 [lu
1611 4419 1816 4465 tantum

236 4503 431 4547 autem
458 4497 635 4554 bonus
657 4500 975 4554 adolescens
1008 4498 1222 4554 adhesit
1245 4500 1467 4554 monitis
1496 4504 1670 4557 sancti
1694 4505 1817 4572 viri,

231 4594 295 4639 ut
334 4600 446 4641 non
479 4592 639 4646 modo
666 4591 812 4646 baut-
835 4590 1021 4663 segnis
1071 4589 1229 4645 ﬁeret
1278 4591 1429 4647 verbi
1461 4606 1717 4650 executor
1747 4597 1815 4629 ⁸⁰⁷

1926 4416 1981 4470 in
2033 4414 2403 4471 testimonium
2465 4428 2629 4483 supra
2690 4413 2811 4467 illos
2859 4412 3117 4475 excussit,
3172 4422 3375 4479 eosque
3410 4407 3509 4464 tali

1924 4506 2099 4578 elogio
2124 4508 2174 4560 in
2197 4514 2470 4577 posterum
2498 4506 2794 4569 denotavit,
2819 4513 2873 4557 et
2914 4504 2981 4557 ad
3008 4502 3115 4556 alia
3141 4499 3339 4556 deinde
3390 4498 3512 4555 loca

1923 4598 2268 4667 praedicando
2299 4606 2355 4651 ut
2385 4606 2546 4652 antea
2571 4595 2776 4650 fecerat
2798 4589 3170 4665 demigravit.]

1541 4704 1775 4765 VARle
1817 4709 2224 4767 LECTIONES.

306 4796 381 4869 ξοδ
416 4795 799 4869 lugdinienscm
862 4799 912 4853 i.
967 4798 1020 4851 2.
1099 4799 1167 4830 ⁸⁰¹
1215 4799 1414 4869 reliqua
1441 4798 1625 4869 desunt
1651 4799 1749 4855 Ch.
1825 4802 1897 4835 ’θ’
1929 4803 1995 4856 ad
2022 4815 2119 4854 nos
2145 4801 2233 4853 uit.
2269 4798 2336 4851 R.

227 4860 587 4939 solletntiiaco
644 4871 694 4921 l.
744 4885 865 4923 cum
924 4860 1399 4939 sollempniaco'5.
1478 4868 1549 4901 ⁵⁸⁸
1578 4872 1818 4938 apprime
1841 4872 1903 4927 C.
1956 4872 2022 4924 ad
2055 4871 2288 4939 primum
2335 4869 2377 4922 Ι)
2426 4870 2476 4923 1.
2554 4869 2622 4939 δοῖ
2661 4873 2919 4939 exesutor
2967 4879 3102 4939 corr.
3146 4865 3440 4939 ρξ’(ίεξιῑοιί

234 4937 310 4969 ⁸⁸³
338 4939 483 4989 deest
511 4937 563 4991 5.
639 4939 708 4970 ’θ’
732 4954 934 5007 pernox
955 4940 1012 4992 2.
1037 4939 1089 4992 5.
1117 4923 1216 4992 δὴ.
1242 4941 1332 4992 rit.
1364 4938 1509 4992 Rem.
1585 4923 1668 4971 '5"
1687 4923 1973 4998 honestate
2001 4923 2102 4995 5.Γ
2131 4942 2197 4972 ⁸η
2226 4938 2759 4994 Post—candelabro
2782 4936 2970 5007 desunt
3005 4931 3102 5007 Ch,
3179 4925 3253 4956 ⁸¹¹
3276 4923 3445 5007 de?“
3478 4930 3537 5007 ἕξ

231 5007 303 5039 ⁵⁸³
340 5022 408 5059 ea
612 5007 682 5039 δυ’
726 4996 903 5083 exiuit
954 5025 1093 5083 corr.
1139 5010 1286 5083 exuit
1329 5009 1385 5062 2.
1490 5009 1561 5040 ⁸³⁵
1585 5011 1782 5081 reliqua
1810 4996 1960 5083 ptrue
1995 5012 2172 5083 omnia
2204 5011 2387 5063 desunt
2413 5008 2511 5064 Clt.
2618 5008 2783 5061 "‘ita
2814 5001 3194 5056 restituendum
3225 5007 3290 5046 ea:
3316 4996 3454 5051 vita
3477 4996 3548 5069 ,δ’

228 5076 504 5140 Amandi;
533 5079 1017 5149 peregrinationem
1051 5078 1102 5132 1.
1135 5078 1188 5133 2.
1219 5081 1275 5135 5.
1307 5095 1446 5133 corr.
1478 5094 1577 5150 per
1606 5076 2076 5152 regenerationem
2098 5082 2152 5135 2.

1772 5173 2008 5231 NOTAE.

2413 4799 2487 4831 ⁵⁰³
2521 4799 2646 4854 inde
2690 4798 2823 4852 2.5.
2896 4797 2971 4828 ⁸⁸⁵
2997 4795 3278 4848 flectamus
3307 4786 3365 4839 5.
3452 4789 3527 4824 ’θ’
3572 4808 3575 4809 ν
