4094 5252
862 202 974 227 *Ἧι*

554 243 705 301 ιοιπ

1130 244 1456 306 IlERlGElll
1480 248 1566 304 ET
1592 246 1895 306 ANSELMI
1917 249 2148 307 GESTA
2176 249 2395 306 EPISC.
2423 247 2682 325 TUNCR.
2716 248 2908 321 TRAI.
2940 250 3028 323 ET
3053 230 3256 306 LEOD.

3603 292 3611 307 ;
3670 239 3823 323 ,ςλδίξ

558 357 648 425 43.
691 343 850 427 Quod
873 357 1023 413 beato
1042 359 1282 437 A‘mando
1309 362 1647 437 insularem
1677 361 2000 437 Trqjcctensi
2022 379 2143 421 ωι-
2168 371 2219 432 Α
2245 362 2444 437 bonus,
2471 364 2725 423 omnibus
2756 372 2906 423 certe
2954 363 3257 429 benivolus,
3310 362 3366 419 in
3424 359 3823 430 ιεηιυροεὶωι

903 430 1138 499 cesserit,
1170 440 1219 484 et
1247 431 1476 502 qualiter
1501 433 1572 488 ibi
1600 430 1806 495 uixerit.
1830 475 1838 481 η

634 546 1037 626 Ιιιεοιηρθιιωηι
1069 551 1154 600 est
1199 544 1413 611 deinde,
1461 556 1663 615 quanta
1693 547 1951 617 temporis
1979 548 2146 607 intere

548 636 834 720 ‘capedind
858 634 1096 703 plebs’"
1121 635 1551 704 Trajectensium
1575 636 1740 692 fuerit
1764 638 1881 693 sine
1905 646 2142 708 pastore,

563 726 734 782 donec
756 723 1106 798 Sigebertum
1137 736 1292 795 pater
1319 743 1499 798 regem
1555 728 1854 784 Austrasiis
1880 729 2143 798 praefecit,

563 740 734 782 notice
756 740 814 780 δι
858 740 1106 780 enertum
1137 740 1292 795 pater
1319 743 1499 798 regem
1555 740 1854 784 Austrasns
1880 740 2143 798 praueeu,

561 823 614 870 et
643 815 697 878 in
726 740 1194 869 Megiomatricum
1236 818 1368 873 urbe
1423 819 1605 873 sedem
1637 817 1838 873 habere
1865 818 2146 874 constituit

555 906 676 979 (an.
696 903 974 976 632)..Cui
1003 904 1156 976 plebs
1176 906 1246 941 ³¹⁷
1277 907 1704 978 ΤιέιῙθοιειιυίιιιιι
1729 924 1852 962 cum
1882 907 2147 965 electione

567 994 842 1063 communi
886 996 1253 1065 sacerdomm,
1293 1012 1418 1052 cum
1460 998 1762 1068 frequentia
1790 1010 1847 1054 et
1872 1000 2146 1056 audieutia

559 1096 880 1157 maguatum
919 1088 1013 1156 ⁸³⁸,
1058 1104 1181 1144 cum
1231 1090 1624 1147 vociferatione
1672 1094 1834 1148 etiam
1881 1093 2147 1149 acclama-

554 1178 709 1247 tione
732 1180 976 1237 omnium
1003 1183 1280 1247 ordinum,
1309 1182 1509 1240 obtulit
1534 1184 1639 1240 tale
1662 1200 1882 1256 precum
1924 1201 2145 1255 suarum

559 1276 765 1335 votum,
800 1271 1073 1327 nemiuem
1118 1272 1224 1328 sibi
1276 1272 1478 1330 debere
1516 1275 1622 1331 nisi
1659 1273 1879 1331 beatum
1909 1290 2147 1346 praeesse

560 1359 904 1429 Remaclum,
951 1362 1097 1418 hunc
1153 1363 1265 1421 Deo
1320 1373 1377 1419 ct
1427 1365 1742 1422 hominibus
1781 1375 2064 1437 acceptum
2092 1376 2150 1425 et

560 1452 844 1522 nulliejus
869 1454 1045 1510 aetatis
1062 1454 1130 1486 “’
1157 1456 1446 1515 sanctitate
1472 1457 1770 1512 secundum
1791 1456 1888 1524 διο,
1911 1457 2057 1513 hunc
2076 1457 2147 1489 ‘m

564 1545 827 1616 angelicis
860 1546 1142 1616 spiritibus
1190 1557 1424 1618 gratum,
1457 1549 1599 1604 hunc
1633 1556 1835 1605 terram
1864 1549 2149 1607 incolenti-

560 1633 666 1693 bus
713 1636 1099 1702 reverendum,
1124 1636 1241 1707 ejus
1269 1652 1328 1692 se
1354 1637 1672 1702 multimoda
1716 1646 1971 1709 expertos
1999 1654 2147 1696 com-

2249 455 2524 517 caclestcm
2547 470 2607 512 se
2634 455 2825 511 habitu
2847 455 3168 512 ostendebat
3187 464 3243 513 et
3258 451 3826 523 moribus,‘angelieus

2246 546 2303 601 in
2326 555 2574 618 aspectu,
2602 547 2836 604 mundus
2884 547 2941 603 in
2996 548 3233 614 incessu,
3262 543 3839 612 nitidus,sanctus.in‘

2246 648 2395 704 actu,
2432 638 2836 709 integerrimus
2884 654 3143 710 corpore,
3188 637 3597 696 sollertissimus
3626 644 3824 705 metite.

2246 729 2676 799 circumspectus
2700 730 2752 785 in
2773 745 2960 801 opere,
2983 730 3221 801 optimus
3243 729 3485 800 ingenio,
3512 727 3827 797 magmatis

2246 819 2819 893 consilio,catholicus
2850 819 2975 887 ﬁde,
2995 819 3428 890 patientissimus
3455 834 3576 889 spe,
3600 818 3828 875 ditium

2245 909 2429 965 extitit
2466 910 2757 977 cbaritate,
2805 920 2862 965 ct
2890 911 3153 981 cujusque
3199 910 3379 966 meriti
3405 917 3547 975 erat,
3571 910 3828 978 operibus

2246 998 2587 1065 declarabat,
2615 1000 2815 1070 quippe
2842 1000 3122 1071 piissimus
3140 1010 3198 1056 et
3219 999 3368 1055 omni
3389 998 3666 1055 suavitate
3686 997 3829 1054 facil-

2245 1088 2428 1149 limus.
2458 1090 2607 1146 lnter
2636 1091 2834 1148 divites
2861 1100 2919 1149 et
2946 1105 3217 1162 pauperes
3258 1103 3475 1159 semper
3511 1089 3748 1154 medius,
3772 1096 3832 1159 ut

2247 1193 2513 1251 pauperes
2538 1179 2686 1236 illum
2710 1182 2863 1251 quasi
2888 1194 3204 1251 pauperem,
3221 1180 3430 1235 divites
3451 1186 3833 1251 computarat;

2246 1281 2310 1337 ut
2356 1272 2604 1342 divitem.
2650 1272 2773 1330 Non
2818 1275 2963 1329 enim
2992 1274 3063 1305 ⁸³³
3094 1286 3355 1345 personas
3391 1280 3703 1343 potentum,
3736 1262 3833 1329 sed

2248 1363 2640 1436 pensiducebat
2666 1366 2992 1437 elegantiam
3038 1381 3286 1436 tuarum;
3321 1373 3530 1423 tantum
3562 1378 3833 1435 queman

2249 1454 2526 1510 honoratis
2580 1456 2925 1525 propensius,
2972 1465 3235 1527 quantum
3291 1454 3602 1527 agnovisset
3653 1455 3834 1525 vivere

2248 1532 2514 1601 Sanctius.
2564 1546 2717 1613 Quod
2747 1547 3032 1603 astruebat
3061 1560 3187 1608 ore,
3218 1560 3516 1616 numquam
3543 1545 3839 1607 destrueus

2252 1636 2490 1705 actione,
2519 1647 2945 1709 prmmonstraiis
2994 1650 3163 1707 opere
3185 1636 3315 1706 quid
3344 1645 3492 1693 esset
3526 1635 3834 1691 docendum

560 1727 726 1785 moda
747 1726 1157 1795 beneﬁciorum,
1195 1729 1656 1786 iuterventionum
1684 1729 1829 1786 illius
1854 1739 1963 1786 tam
2000 1731 2143 1802 apud
2176 1717 2221 1777 Β
2250 1741 2406 1781 voce.
2427 1726 2497 1781 Et
2522 1729 2669 1797 quod
2694 1728 2743 1782 ei
2761 1727 2941 1798 gratia
2966 1727 3157 1783 divina
3181 1726 3471 1794 concessit,
3492 1744 3560 1795 tn
3586 1736 3834 1802 posteros

562 1832 751 1889 regem
799 1833 962 1888 quam
1012 1822 1155 1890 apud
1201 1834 1454 1890 proceres
1490 1835 1618 1891 sepe
1665 1822 1902 1878 sensisse
1946 1821 2140 1878 suil‘ra-

560 1908 731 1978 gium,
768 1909 1069 1978 prudentiae
1118 1909 1263 1966 illius
1315 1912 1617 1968 advertisse
1658 1911 1982 1980 sollertiam,
2017 1929 2142 1969 cum

561 1999 836 2070 regalibus
862 2000 1056 2057 crebro
1098 2001 1342 2059 consiliis
1388 2002 1708 2073 inpenderet
1741 2018 1995 2074 operam;
2034 2018 2142 2062 non

565 2092 758 2149 deesse
809 2094 876 2165 ei_
911 2095 1191 2167 scientiam
1232 2096 1627 2167 scripturarum
1699 2097 1843 2152 unde
1899 2096 2146 2166 proterat

562 2200 702 2241 nova
747 2194 803 2240 et
851 2194 1055 2253 vetera,
1093 2186 1317 2243 subesse
1347 2188 1397 2242 ei
1440 2202 1658 2243 omnem
1712 2188 1783 2219 m
1833 2187 2150 2257 catalogum,

480 2304 486 2311 -
565 2288 692 2329 cum
738 2275 883 2331 dotis
932 2290 1143 2339 summa
1192 2277 1260 2331 ab
1299 2276 1543 2346 apostolo
1586 2277 1639 2330 in
1682 2276 1996 2347 episcopum
2047 2277 2148 2332 de~

563 2362 759 2419 llorata
803 2363 872 2397 ⁵η
926 2365 976 2434 (Ι
1032 2363 1168 2419 Tim.
1216 2381 1299 2432 Ill,
1353 2365 1433 2437 2).
1482 2364 1706 2422 Talibus
1752 2366 1895 2422 votis
1926 2379 2023 2421 rex
2067 2365 2151 2420 ia-

564 2454 886 2511 vorabiliter
938 2455 1264 2524 assentiens,
1307 2456 1478 2512 tantis
1524 2456 1719 2525 studiis
1758 2456 1997 2513 olliciose
2021 2471 2151 2515 con--

561 2546 820 2613 cordans,
868 2546 1110 2603 decrevit
1154 2561 1343 2603 eorum
1407 2548 1534 2619 quia
1578 2562 1795 2618 aequum
1842 2547 2154 2619 83905101119.

562 2650 683 2695 rent
724 2653 968 2697 annuere
1010 2639 1291 2710 peticioni,
1337 2639 1607 2713 simulque
1652 2653 1814 2710 super
1865 2640 1970 2696 hoc
2010 2639 2152 2695 inire

563 2728 830 2801 colloquia
860 2730 1004 2785 beati
1028 2728 1159 2803 viri.
1189 2729 1295 2786 Sed
1322 2730 1445 2800 quis
1474 2720 1777 2785 memoratu
1809 2728 1980 2800 possit
2006 2727 2156 2784 suill-

565 2833 711 2885 cere,
733 2828 938 2890 quanta
969 2819 1122 2875 illum
1150 2820 1579 2892 benignissimus
1626 2836 1720 2875 rex
1753 2821 1820 2875 ad
1845 2819 2152 2877 assentiente

566 2911 695 2965 dum
748 2912 1004 2967 demulsit
1054 2912 1345 2969 verborum
1401 2912 1725 2969 dulcedine?
1753 2912 1886 2981 Quis
1920 2913 2155 2982 denique

565 3000 742 3057 valeat
792 3017 1077 3069 enarrare,
1123 3012 1389 3073 quantum
1435 3003 1522 3058 vir
1568 3003 1762 3060 beatus
1808 3002 2065 3060 reluctari
2098 2996 2155 3059 et

2245 1816 2543 1883 derivavit;
2572 1832 2678 1872 non
2733 1816 2907 1873 solum
2938 1817 3083 1876 enim
3113 1832 3211 1886 per
3236 1833 3294 1873 se
3337 1818 3513 1887 ipsum
3552 1816 3718 1872 nobis
3738 1816 3835 1873 bo,-

2254 1907 2454 1977 dieque
2478 1901 2771 1977 proﬁciunt
2797 1916 2968 1976 gesta,
3004 1908 3103 1965 sed
3147 1907 3537 1978 discipulorum
3590 1906 3742 1960 illius
3781 1913 3836 1971 et

2248 1996 2341 2064 qui
2372 1994 2440 2049 ab
2464 2009 2530 2050 eo
2563 1996 2740 2051 cdocti
2765 1995 2836 2026 ⁸³⁰
2866 1994 3097 2051 ﬁdeliter
3121 2003 3249 2053 sunt
3284 1994 3538 2064 exemplo
3566 2003 3623 2049 et
3654 1993 3837 2059 imitar

2254 2088 2387 2145 tioni
2419 2088 2577 2144 nobis
2601 2102 2767 2158 opera
2791 2089 2882 2143 ⁸⁸³.
2914 2086 3299 2148 Cteuohiorum
3344 2085 3527 2142 extitit
3568 2084 3834 2155 plurimo:

2248 2194 2368 2233 rum
2397 2178 2653 2233 fitiidator
2678 2186 2735 2233 et
2765 2187 2968 2243 rector,
3004 2177 3096 2232 ubi
3127 2178 3244 2245 ejus
3293 2174 3542 2246 exemplo
3581 2189 3757 2244 usque
3783 2174 3843 2246 in~

2249 2278 2572 2338 praesentem
2615 2268 2757 2323 diem
2819 2265 3038 2321 Christo
3086 2266 3465 2320 fatimlantium
3518 2270 3838 2319 accrescunt

2250 2359 2490 2430 agmina.
2521 2356 2921 2427 Discipulorum
2971 2355 3263 2425 multorum
3290 2354 3391 2407 fuit
3419 2360 3577 2424 pater
3598 2360 3652 2406 et
3679 2351 3835 2421 insti‘:

2250 2457 2416 2515 tutor,
2445 2464 2677 2522 quorum
2702 2447 2773 2499 εει
2798 2456 2853 2504 et
2874 2446 3091 2503 Christo
3116 2446 3356 2513 lucratus
3392 2451 3479 2498 est
3513 2443 3754 2511 animas,
3783 2436 3839 2517 et

2252 2526 2489 2611 quorum
2535 2540 2604 2594 ab
2642 2538 2723 2595 eis
2774 2546 2830 2593 et
2871 2537 2938 2594 ab
2978 2552 3166 2593 eorum
3212 2532 3623 2600 successoribus
3665 2532 3841 2587 adhuc

2253 2631 2537 2687 lucrentur
2564 2631 2789 2695 animas;
2816 2628 2986 2698 ipsius
3021 2626 3244 2683 cottidie
3268 2633 3493 2680 usuratu
3522 2621 3831 2677 fmueratur

2257 2721 2446 2776 talenti
2479 2721 2547 2753 ⁵³⁸
2576 2720 3107 2790 recompensatione,
3152 2720 3375 2788 ejusque
3402 2716 3700 2779 ascribitur
3728 2728 3837 2768 me-

2254 2814 2393 2880 ritis,
2450 2813 2593 2884 quod
2638 2826 2827 2867 eorum
2878 2810 3225 2874 cumulantur
3272 2807 3589 2879 augmentis
3619 2804 3712 2857 ‘3‘.
3760 2801 3837 2875 Es

2258 2918 2490 2975 quorum
2538 2916 2766 2957 numero
2814 2901 3006 2958 beatus
3054 2901 3237 2955 extitit
3265 2897 3643 2963 Theodardus,
3676 2894 3745 2949 ab
3772 2908 3841 2963 eo

2258 2999 2451 3072 procul
2497 2999 2663 3055 dubio
2687 2997 2994 3067 disciplinis
3037 2993 3441 3051 mcclesiasticis
3486 2989 3835 3053 informatus,

567 3089 735 3145 reniti
781 3090 931 3149 visus
980 3099 1069 3147 est
1107 3076 1207 3162 pro
1254 3093 1454 3162 posse?
1480 3093 1548 3148 Et
1578 3109 1675 3149 rex
1709 3095 2055 3149 sacerdotum
2098 3102 2153 3149 et
2181 3079 2225 3141 C
2259 3098 2444 3160 utpote
2490 3088 2561 3144 ab
2589 3090 2704 3159 ipso
2734 3089 2835 3144 sibi
2888 3102 3174 3143 successor
3220 3084 3544 3156 designatus
3570 3081 3668 3148 ⁵³³,
3695 3090 3751 3137 et
3775 3075 3845 3153 ad.

569 3176 896 3233 obtimatum
926 3180 1103 3238 fretus
1150 3182 1402 3249 consilio,
1445 3198 1476 3237 a
1505 3182 1779 3254 proposita
1825 3198 1934 3238 non
1987 3183 2151 3240 desti-

568 3271 637 3326 tit
666 3270 735 3303 ⁸²³
764 3272 1088 3331 intentione.
1140 3273 1375 3332 Sanctus
1414 3290 1546 3333 vero
1600 3277 1857 3341 sacerdos
1906 3284 2154 3332 metuens

571 3365 844 3437 sanctioni
873 3366 1153 3422 contraire
1179 3366 1397 3433 divinae,
1428 3367 1561 3425 licet
1590 3367 1785 3425 nolens
1809 3368 2072 3438 septimus
2099 3375 2155 3423 et

571 3454 868 3519 vicesimus
941 3455 1243 3527 Tungrensi
1310 3457 1396 3514 vel
1469 3456 1804 3527 Trajectensi
1876 3458 2154 3529 SUbSillul-

575 3554 664 3599 tur
691 3545 768 3591 δ”
789 3545 1049 3602 :ecclesia:
1071 3547 1183 3619 (an.
1211 3546 1335 3620 650)
1373 3547 1459 3622 [ut
1487 3550 1640 3607 verbi
1663 3549 1875 3617 semina
1903 3550 2157 3621 deinceps

573 3634 629 3688 in
660 3634 842 3706 plures
871 3636 1224 3705 diﬂ'underet,
1252 3654 1375 3710 qua:
1404 3640 1459 3695 in
1488 3655 1548 3695 se
1576 3640 1841 3697 hactenus
1866 3639 1958 3695 diu
1980 3640 2155 3702 latens

574 3727 649 3781 tia
675 3728 1000 3787 occuluisset
1029 3729 1183 3799 (Vita
1210 3729 1277 3801 S.
1302 3730 1559 3798 Remacti,
1585 3747 1636 3788 c.
1665 3731 1773 3805 3).]
1804 3732 1978 3790 Porro
2002 3731 2157 3801 cujus

577 3818 756 3873 meriti
786 3819 1173 3893 religionisque
1197 3837 1362 3894 quam
1389 3823 1600 3895 integre
1637 3824 1693 3883 in
1732 3826 1926 3883 eodem
1964 3826 2161 3883 extite-

576 3908 650 3964 rit
686 3911 973 3981 regimine,
1027 3923 1230 3970 nostra:
1279 3914 1559 3983 facultatis
1609 3931 1717 3972 non
1759 3926 1844 3972 est
1886 3917 2156 3982 evolvere,

576 4012 698 4054 cum
734 4001 807 4034 '"
835 4018 963 4059 mox
994 4004 1049 4061 in
1078 4006 1197 4076 ipso
1224 4006 1384 4062 initio
1418 4005 1538 4077 ejus
1563 4008 1925 4065 ordinationis
1952 4018 2160 4067 tantam

508 4168 513 4173 Ι
574 4090 624 4144 ei
650 4094 884 4163 gratiam
912 4096 1170 4154 Dominus
1190 4100 1864 4172 contulitprtedicationis,
1892 4111 1951 4157 ut
1970 4116 2161 4158 omnes

577 4195 762 4236 aurem
792 4198 955 4253 quam
1004 4187 1739 4257 citissimeaccomodarent‘
1768 4190 1843 4223 ⁸²⁶
1875 4190 2161 4246 obaeditio-

583 4273 667 4326 nis
690 4273 781 4340 ⁸³⁸,
798 4274 981 4332 nullus
1002 4288 1149 4334 esset
1165 4279 1258 4348 qui
1286 4294 1395 4343 non
1425 4295 1551 4337 eum
1572 4297 1639 4337 ex
1663 4279 1860 4337 aﬂ‘ectu
1888 4279 2159 4353 diligeret,

584 4365 953 4436 unusquisque
1000 4370 1117 4441 ejus
1171 4372 1426 4445 inherere
1469 4374 1735 4430 doctrinae
1761 4389 1860 4444 pro
1890 4388 1949 4429 se
1975 4373 2163 4429 sedulo

2256 3181 2505 3253 ultimum
2535 3179 2768 3234 martirii
2791 3191 3051 3234 coronam
3080 3176 3353 3245 indeptus.

2424 3268 2516 3325 44.
2559 3267 2630 3306 ⁵³⁸
2655 3266 2796 3333 Quot
2826 3266 2996 3322 sancti
3017 3255 3121 3332 viri
3147 3263 3242 3319 sub
3265 3279 3324 3318 eo
3355 3259 3677 3319 coaluerint.

2339 3360 2577 3418 Sanctus
2609 3361 2778 3421 etiam
2807 3357 3132 3415 Lambertus
3162 3370 3300 3412 unus
3321 3369 3387 3409 ex
3419 3353 3711 3423 discipulis
3732 3350 3845 3420 ejus

2259 3454 2468 3520 extitit,
2499 3452 2591 3523 qui
2622 3460 2678 3507 et
2698 3451 2814 3526 ipse
2848 3449 3129 3505 martirem
3161 3446 3449 3516 probatura
3475 3458 3576 3498 suo
3601 3453 3845 3512 tempore

2261 3542 2528 3599 exhibuit.
2581 3540 2673 3596 Sic
2702 3553 2920 3610 quoque
2961 3538 3157 3594 beatus
3205 3533 3495 3597 Badelinus
3539 3532 3633 3597 ⁸³⁵,
3667 3531 3763 3601 qui
3794 3536 3846 3589 et

2258 3636 2375 3705 ipse
2405 3631 2704 3702 Aquitania
2729 3638 2883 3685 ortus
2913 3638 2968 3683 et
2991 3640 3232 3687 convena
3260 3624 3460 3680 dicitur
3488 3622 3666 3679 fuisse
3693 3612 3844 3705 pere}

2262 3704 2589 3799 grinatiouis
2615 3723 2686 3757 ⁸³⁸
2729 3722 2895 3793 illius,
2946 3721 3077 3775 dum
3120 3717 3429 3789 aliquando
3457 3716 3621 3785 digna
3644 3713 3739 3771 ubi
3766 3704 3847 3769 se-

2262 3825 2502 3877 cesserat
2532 3816 2640 3871 Deo
2662 3828 2824 3885 opera
2849 3820 3084 3884 gereret,
3126 3808 3263 3865 vidit
3289 3808 3344 3865 in
3372 3806 3585 3863 visione
3613 3803 3846 3865 eundern

2261 3917 2470 3983 patrem
2496 3906 2601 3962 sibi
2631 3903 2980 3975 apparuisse,
3000 3901 3154 3959 vultu
3183 3895 3672 3963 venustum,crine
3698 3908 3848 3949 reve-

2263 3988 2514 4067 rendum,
2558 4005 2769 4058 statura
2826 3992 3035 4064 reliqua
3073 3989 3605 4062 prmstantissimum,
3644 3987 3848 4061 quique

2264 4092 2343 4149 illi
2374 4091 2550 4146 locum
2583 4088 2735 4162 (534)
2759 4084 2957 4142 futura:
3003 4082 3431 4143 conversationis
3457 4079 3528 4115 ³³⁷
3560 4089 3619 4136 et
3644 4093 3841 4150 perpe-

2267 4195 2372 4241 tua:
2402 4182 2759 4253 requietionis
2787 4179 3049 4246 ostendit,
3064 4187 3121 4234 et
3145 4175 3351 4234 fontem
3379 4176 3573 4232 usibus
3601 4173 3848 4231 habilem

2267 4276 2547 4337 hominum
2579 4269 3168 4338 demonstravit.Quod
3193 4269 3407 4325 cunctis
3431 4268 3611 4335 adhuc
3633 4266 3839 4338 liquido

2268 4368 2694 4444 demonstratur,
2748 4364 2877 4420 dum
2902 4373 2960 4418 et
3005 4362 3078 4395 ⁵³⁸
3128 4361 3183 4416 in
3225 4360 3415 4418 eodem
3456 4357 3581 4421 loco
3623 4368 3850 4429 corpore

579 4464 792 4528 ageret.
838 4455 1015 4514 Nichil
1053 4461 1197 4526 enim
1237 4464 1549 4533 arrogantia
1577 4464 1645 4497 ⁸³⁷
1674 4465 1740 4520 de
1775 4463 1894 4534 ejus
1922 4464 2161 4520 moribus
2189 4448 2237 4507 Β
2270 4465 2430 4519 tenus
2455 4456 2527 4491 ⁸³⁸
2561 4454 2880 4525 requiescit,
2926 4462 2983 4508 et
3029 4452 3226 4523 spiritu
3266 4464 3511 4523 praesens
3564 4450 3848 4504 innumera

581 4549 897 4621 usurpabat,
930 4559 1103 4607 totum
1154 4552 1301 4625 hunc
1353 4554 1633 4612 humilitas
1674 4564 1786 4610 tota
1810 4555 2167 4626 possederat.

585 4641 816 4710 Superbi
860 4643 1005 4699 hunc
1030 4637 1419 4701 reverebantur
1450 4647 1520 4679 ⁸²⁸
1545 4656 1605 4702 ut
1649 4647 1755 4703 sibi
1803 4646 2162 4719 superiorem,

580 4731 812 4791 humiles
867 4735 1337 4807 amplectebantur
1379 4749 1439 4794 ut
1489 4739 1737 4817 fratrem.
1781 4738 1838 4793 ln
1875 4752 2164 4793 commune

2274 4545 2622 4616 credentibus
2653 4544 2852 4600 ibidem
2879 4543 3109 4599 cottidie
3148 4542 3413 4598 beneﬁcia
3454 4548 3723 4610 prestare
3742 4552 3847 4598 non

2274 4639 2510 4696 desistit.
2536 4640 2594 4694 lu
2625 4640 2696 4673 ”°
2721 4637 2899 4694 sancti
2922 4651 3140 4708 quoque
3178 4635 3285 4690 viri
3311 4633 3585 4693 Trndonis
3605 4646 3772 4702 opere
3795 4637 3850 4685 et

2220 4740 2223 4741 ⁷
2267 4733 2555 4789 electionis
2602 4742 2750 4789 sorte
2797 4728 3238 4812 perpendendum
3269 4734 3370 4790 est,
3402 4738 3509 4797 qua
3547 4723 3848 4793 intentione

1852 4866 2086 4943 VARUS
2130 4862 2537 4923 LECTIONES.
2582 4898 2587 4899 ν

651 4999 720 5031 ⁵³⁷
746 4998 898 5071 pleps
919 5001 970 5054 l.
1047 5000 1120 5071 ἰε
1139 5001 1213 5061 ita
1230 5003 1321 5056 vit.
1356 5000 1414 5057 S.
1442 5001 1593 5056 Rem.
1622 5000 2015 5072 magistrorum
2068 5000 2158 5072 ait.
2191 4996 2340 5053 Had.
2381 5009 2721 5072 magnarum
2759 4994 2811 5048 l.
2853 4994 3010 5072 θεᾷ.
3079 5004 3156 5072 333
3184 4999 3274 5048 ret.
3297 4976 3575 5062 acceptum
3599 5003 3649 5044 s.
3679 5001 3733 5045 ς.
3762 4991 3854 5072 cf!
3893 5008 3901 5015 ο

580 5079 839 5141 expuncto
893 5079 969 5125 est
1008 5087 1108 5125 vox
1143 5081 1451 5141 acceptum.
1526 5072 1597 5102 ⁵²⁰
1629 5071 1770 5141 deest
1820 5073 1872 5128 1.

584 5138 656 5169 ⁸³³
707 5140 953 5194 destituit
1002 5140 1055 5193 1.
1112 5141 1165 5193 5.

581 5208 633 5252 ᾖ.
715 5207 788 5240 ⁸³⁵
836 5211 1391 5252 ιοιιιιι-ηὴρνιίιίηιιίς
1434 5210 1618 5252 dmum
1653 5208 1749 5252 Ch-

1948 5070 2018 5130 ω
2079 5057 2232 5128 hunc
2268 5098 2342 5108 -—
2374 5057 2635 5129 deﬂorata
2678 5060 2865 5130 desunt
2899 5063 3000 5118 Ch.
3077 5065 3147 5097 ⁸⁸⁸
3175 5076 3338 5119 omne
3356 5057 3494 5116 coit.
3544 5072 3762 5130 omnem
3793 5057 3847 5113 2.

1221 5127 1357 5195 co'rr.
1404 5141 1611 5195 destitit
1638 5139 1692 5192 2.
1723 5150 1769 5193 et
1815 5127 1916 5193 rita
1940 5128 2017 5194 δε.
2052 5137 2310 5192 Remacli.
2383 5137 2456 5169 ⁸¹¹⁵
2489 5127 2833 5199 sebstiteitur
2862 5134 2915 5187 l.
2947 5134 3295 5190 substituitur
3322 5148 3460 5199 corr.
3500 5127 3849 5185 substituitur

1853 5209 1924 5241 ⁸³⁸
1949 5210 2023 5252 im
2044 5209 2133 5252 nit-
2165 5207 2427 5252 Reman/1':
2457 5205 2786 5252 desideratur
2806 5205 2857 5252 Ι.
2894 5203 2950 5252 2.
2978 5203 3033 5252 3.
3107 5204 3175 5236 ⁵³⁷
3200 5204 3274 5252 ita
3300 5202 3389 5252 vit.
3418 5198 3565 5252 Rem.
3592 5211 3851 5252 arrogan—
