2014 3162
90 156 169 211 toto
190 211 193 213 .

627 180 790 210 HERIGERl
810 177 921 207 GESTA
942 175 1049 204 EPlSC.
1070 173 1168 208 LEOD.

1665 162 1734 191 £050

92 239 212 266 Sanctus
231 236 360 269 sacerdos
383 236 456 273 circa
478 238 572 271 caulas
587 241 616 266 et
630 238 782 266 custodiant
797 235 885 263 domi-
902 235 926 265 Α
939 232 1114 262 introducunt
1132 230 1179 258 ³⁸³.
1191 228 1307 257 intuitus
1330 230 1408 263 pater
1429 232 1491 254 eum
1516 223 1591 260 pius'
1604 211 1733 250 surrexit.

94 281 156 322 uici
169 282 261 317 gregis
277 282 468 319 invigilaverit,
485 284 524 320 [ot
535 285 607 319 quod
618 284 714 319 spiritu
726 282 887 318 prophetico

92 327 195 361 plenus
216 327 368 359 futurorum
396 330 533 363 interdum
548 331 677 365 praescius
703 330 786 357 fuerit
810 328 887 363 (Vita

92 371 127 417 ξ.
141 373 269 407 Remccli,
292 383 317 402 c.
333 375 385 412 ιλ]
397 381 423 403 et
438 377 589 405 divinitatis
605 385 698 404 amore
713 376 829 412 ﬂagrans
841 383 888 403 cu-

93 419 245 457 piditatum
259 421 379 457 omnium
396 422 534 453 incentivo
544 423 693 451 refrixerit.

93 473 143 502 44.
163 475 199 491 ⁸⁸⁵
215 474 315 503 Sancto
330 477 446 515 Trudoni
465 479 551 506 adhuc
564 488 644 514 puero
660 480 724 515 quid
738 487 796 507 eum
810 487 887 514 opor-

347 518 398 539 teat
409 513 497 547 [acere
513 515 642 548 pt'tedicit.

132 554 266 583 Padorali
275 557 392 585 sollertia
404 560 560 594 parochiam
572 560 665 588 beatus
677 560 819 588 Rcmaclus
830 560 882 587 cir-

94 601 249 629 cuicbat'"
256 610 288 630 ex
300 611 385 637 more,
393 613 461 640 quos
470 610 576 640 poterat
584 614 598 633 a
607 606 731 641 luparum
742 606 890 634 voracitate

93 647 242 682 eripiebat,
256 653 284 676 et
297 657 402 678 summo
420 652 520 686 pastori
534 652 632 679 lucrari
645 653 794 687 satagebat.
808 653 887 680 bonis

93 696 127 731 ut
140 692 281 727 inmelius
292 694 455 729 proﬁcerent
470 696 723 730 adminiculi-batur,
749 697 892 725 desidiosis

92 740 124 776 et
133 738 304 773 torpentibus
312 743 343 766 ut
356 740 546 775 resipiscerent
562 741 721 769 hortabatur
734 742 780 770 ⁸⁵³.
791 741 891 778 [Inter-

93 787 127 808 ea
145 786 258 811 sanctus
268 783 357 811 Trudo
370 785 466 819 puerili
479 785 567 814 adhuc
576 790 656 814 «atate
667 786 777 815 ﬂoridus
788 787 891 822 primos

93 826 238 854 emittebat
250 827 312 855 boni
322 830 427 863 saporis
435 830 547 859 fructus.
560 830 634 864 (Vita
642 831 671 860 S.
690 832 846 864 [ieiunet-Ac.
862 833 890 862 ι.

94 869 217 905 ΒοΜτι,
235 871 293 900 Vita
309 873 339 901 S.
350 873 523 909 Trudouis,c.
537 876 586 912 1).]
600 876 648 904 llic
658 884 718 904 cum
731 877 892 912 supcrbiad-

94 914 223 965 inor-ium.
234 918 372 954 sanguinis
384 920 695 956 generositatepollcret.
708 922 793 956 magis
804 927 893 950 tamen

136 959 224 988 divini
242 962 347 1010 ain-oris
367 967 395 990 et
418 963 548 992 virtutum
561 964 656 993 studiis
667 965 830 999 anhelabat,
855 965 893 1001 [et

93 1003 161 1049 ideo
172 1006 260 1041 sancti
276 1005 393 1042 Spiritus
409 1012 496 1037 tactus
508 1013 549 1037 est
563 1010 670 1042 ardore,
686 1015 716 1037 ut
727 1014 788 1038 voto
800 1018 829 1038 se
845 1011 894 1038 ali-

93 1050 207 1085 quando
217 1051 354 1088 obligarit,
371 1058 400 1080 ut
411 1055 599 1089 siquandoque
610 1055 718 1083 Christo
729 1056 839 1091 auspice
851 1064 895 1084 sa-

92 1102 162 1140 cros
174 1096 266 1130 apices
276 1097 437 1131 addisceret,
454 1098 603 1127 aecclesiam
616 1099 641 1126 in
654 1107 710 1127 sum
722 1100 895 1135 proprietatis

92 1140 181 1179 ‘undo
192 1140 267 1178 (355)
279 1143 414 1171 aediﬁcare
429 1144 549 1178 deberet,
565 1152 648 1180 seque
665 1146 763 1173 ibidem
781 1147 896 1181 perben-

92 1186 170 1213 niter
182 1186 398 1225 famulaturum,]
416 1195 606 1225 cooperatores
616 1194 643 1217 et.
654 1190 690 1207 '"
705 1190 817 1218 Domino
835 1199 897 1219 con-

91 1232 246 1260 servituros
257 1232 293 1249 '“
303 1242 357 1269 quo
367 1235 453 1270 possit
464 1241 685 1272 aggregaturum.
699 1236 720 1272 [(
728 1237 786 1264 Vita
798 1236 827 1265 S.
842 1236 895 1264 Re-

92 1277 190 1310 macli,
206 1285 230 1305 c.
239 1278 278 1315 5.)
291 1278 349 1307 Tali
363 1285 472 1309 estuans
483 1281 628 1315 desiderio,
639 1282 743 1310 visione
767 1288 897 1311 nocturna

93 1322 293 1358 corripitur,et
304 1325 426 1361 angelica
439 1326 622 1354 consolatione
635 1327 661 1353 in
675 1327 732 1355 haec
746 1328 826 1355 verba
837 1335 898 1362 pcr-

93 1366 225 1397 docetur:
241 1367 306 1397 Vota
318 1369 354 1386 '“
365 1370 458 1406 quibus
472 1375 506 1405 te,
518 1372 611 1407 frater,
623 1372 744 1407 obligasti
758 1381 773 1399 a
783 1372 899 1406 pueritia

92 1418 194 1456 eunt-ta
214 1415 296 1442 tuenti
315 1416 384 1443 scias
398 1421 515 1452 accepta,
535 1425 623 1452 preces
643 1426 709 1453 quas
723 1417 899 1452 Omnipotenti

92 1458 234 1487 humiliter
242 1460 367 1495 obtulisti,
379 1463 424 1497 qui
435 1463 614 1497 prtet'em'endo
621 1463 758 1498 aspiravil,
770 1464 803 1491 ad
801 1464 900 1499 juvam

93 1507 283 1541 caadimplevit
297 1528 305 1541 ,
320 1509 414 1544 quique
426 1509 572 1544 prwlibavit
587 1509 709 1544 a/fectum
724 1509 900 1544 subpeditabit

93 1555 217 1586 potenter
227 1553 356 1587 e/fectum.
379 1553 440 1589 Ipse
451 1555 579 1589 rapientia
600 1563 649 1581 sua
671 1553 778 1589 inplebit
800 1554 834 1570 ⁸⁵⁷
855 1562 900 1581 cor

94 1599 173 1624 tuum
187 1602 210 1623 et
221 1597 320 1625 erudiet
333 1602 357 1625 te
369 1599 499 1626 mandatis
513 1600 578 1633 suis,
602 1603 625 1626 et
635 1599 733 1626 monita
744 1607 792 1626 sua
805 1607 899 1626 exara-

95 1641 134 1675 bit
147 1641 176 1669 in
189 1646 264 1670 antro
275 1643 385 1677 pectoris
396 1644 443 1670 tui.
451 1642 491 1671 Ad
503 1643 693 1671 acclaiasticre
703 1652 804 1680 quoque
814 1644 900 1679 digiti-

95 1687 162 1714 tatis
174 1687 273 1722 gradus
284 1689 473 1723 promoveberis
484 1689 529 1722 “3.,
542 1689 637 1717 multos
661 1689 764 1717 Christo
775 1694 799 1717 et
809 1689 898 1717 a’ccle-

95 1732 147 1760 site
161 1732 234 1766 ﬁlios
245 1738 290 1760 tuo
304 1734 421 1769 exemplo
439 1735 588 1770 generabis,
604 1740 627 1762 et
640 1740 667 1762 ut
679 1744 711 1763 ea:
733 1736 773 1763 his
799 1735 899 1762 cercior

97 1778 233 1812 reddaris,
246 1787 355 1815 surgens
366 1780 470 1807 beatum
484 1779 634 1808 Remaclum
648 1781 724 1808 debes
746 1781 831 1814 adire,
852 1780 898 1816 qui

96 1832 170 1850 nunc
184 1823 248 1851 haut
258 1824 349 1859 procul
358 1825 429 1853 abest
445 1826 506 1853 huic
524 1826 637 1860 vicinite,
652 1827 693 1853 illi
717 1827 753 1843 ἰθ
776 1827 897 1854 revelarit

96 1869 229 1897 Dominus
242 1878 301 1906 quia
314 1879 390 1907 agere
406 1872 486 1899 habes
501 1872 536 1888 ³⁸⁰
550 1873 647 1904 omnia,
656 1873 710 1906 ipse
720 1872 814 1907 diriget
825 1880 897 1906 gres-

96 1922 144 1949 sus
159 1920 218 1942 tuos
229 1916 256 1943 in
266 1924 324 1952 qua:
338 1917 468 1944 desiderat
480 1918 568 1944 anima
582 1922 627 1944 tua
642 1917 688 1945 ⁸³⁸.
700 1917 734 1953 (c.
748 1916 787 1952 6.)
803 1917 895 1952 Surgit

96 1960 142 1987 vir
156 1961 203 1988 Dei
214 1968 337 1996 propere.
353 1962 386 1989 de
400 1963 503 1990 visione
516 1962 636 1998 angelica
651 1970 705 1990 non
714 1963 894 1999 dubitat,quo

97 2005 133 2023 "'
148 2005 241 2041 jussus
255 2006 343 2034 fuerat
359 2008 470 2036 tendere
481 2015 605 2043 gressum
617 2008 761 2036 accelerat.
778 2008 894 2036 Sanctus

98 2051 245 2081 Remaclus
257 2061 329 2080 cura:
345 2054 541 2089 pascendarum
556 2054 663 2082 interim
675 2054 766 2081 ovium
784 2054 893 2082 insuda-

97 2097 157 2127 bat.
170 2097 270 2126 Beatus
290 2099 380 2127 Trudo
403 2100 549 2128 adveniens
567 2101 720 2128 comminus
748 2100 889 2136 appropin~

99 2144 202 2179 quabat
212 2144 258 2177 "',
270 2152 331 2172 cum
346 2153 420 2183 ecce,
441 2150 471 2173 ut
493 2146 612 2181 Spiritus
628 2149 740 2173 sanctus
763 2144 821 2179 ejus
844 2145 888 2172 du-

99 2189 164 2218 dum
178 2190 307 2218 auricula:
318 2191 496 2225 revelaverat,
513 2191 551 2218 ait
561 2191 717 2219 domesticis
744 2190 887 2218 suis:Snr-

938 282 965 306 et
979 285 1034 312 prae
1052 276 1150 312 gaudio
1161 275 1229 303 tiens
1243 274 1302 310 ejus
1316 273 1343 301 in
1357 271 1452 299 oscula
1466 270 1532 303 ruit,
1550 268 1622 296 illum
1635 267 1691 294 suis
1705 267 1738 301 se‘

938 322 1060 358 vestigiis
1087 321 1232 350 advolvere
1259 324 1404 347 conantem
1429 315 1568 348 sustinuit,
1589 317 1616 341 et
1632 321 1646 340 a
1662 317 1735 339 terra

938 357 1060 404 protinus
1071 366 1196 398 elevavit,
1210 365 1314 399 hasque
1325 363 1358 391 de
1373 362 1468 390 intimo
1481 359 1597 396 pectoris
1609 357 1664 385 Deo
1678 364 1737 392 gra-

939 419 979 443 tes
991 413 1084 440 l;bavit
1100 421 1106 439 :
1119 411 1159 439 Sit
1175 411 1231 442 tibi,
1242 410 1306 438 Jesu
1318 409 1381 436 bone
1393 407 1444 440 ⁵⁸⁸,
1466 414 1514 441 per
1528 404 1655 439 Spiritum
1670 410 1736 443 sun-

939 466 1009 487 etum
1023 466 1081 485 cum
1108 462 1204 484 mento
1219 456 1300 483 Patre
1321 454 1439 482 uisitator
1456 452 1617 482 animarum,
1638 450 1735 486 gloria,

940 508 998 542 laus
1009 511 1031 533 et
1039 504 1183 540 jubilatio;
1196 503 1240 537 qui
1257 502 1361 530 uoluisti
1375 510 1421 528 nos
1437 501 1464 527 in
1477 500 1526 527 Ιιαι·
1537 499 1578 526 die
1605 496 1736 525 consolari

939 560 985 586 per
995 552 1052 586 ejus
1061 551 1087 577 in
1100 558 1150 586 quo
1170 549 1273 576 habitas
1290 548 1430 575 aduentum
1445 545 1538 581 famuli
1550 544 1587 571 tui
1601 543 1635 579 (ι’,
1645 543 1685 577 7.)
1703 542 1736 569 Et

940 602 981 628 tu.
996 597 1036 631 ﬁli
1054 596 1102 627 mi,
1113 596 1149 623 sis
1161 594 1334 621 benedictusa
1349 592 1403 619 Deo
1416 591 1554 621 altissimo,
1575 589 1620 625 qui
1648 594 1671 615 te
1695 587 1739 614 di-

941 648 1035 681 gnatus
1045 642 1129 669 estad
1153 649 1199 668 nos
1226 640 1348 674 dirigere.
1371 643 1393 665 et
1418 637 1575 664 desiderium
1600 634 1681 662 animi
1696 633 1736 660 tui

942 689 1044 720 occulta
1057 688 1229 723 inspiratione
1241 686 1316 713 nobis
1331 684 1488 720 signiﬁcare.
1507 683 1578 710 Scito
1594 690 1654 716 ergo
1669 688 1737 715 prte-

943 744 1050 763 nnscens
1062 734 1111 767 ⁸⁸⁵,
1126 734 1166 768 fili
1179 734 1225 765 nti,
1240 732 1302 768 quia
1313 731 1345 759 ab
1363 730 1412 757 hac
1428 730 1492 756 Itora
1504 729 1574 763 ﬁlius
1590 728 1653 754 mihi
1677 727 1736 753 vin-

942 783 1002 813 culo
1018 782 1155 810 charitalis
1170 781 1232 812 eris,
1247 787 1269 807 et
1284 788 1330 814 ego
1341 778 1506 814 per/tenuiter
1517 778 1581 809 jura
1597 774 1640 801 tibi
1655 773 1737 807 patris

942 828 1065 865 supplebo
1078 827 1235 863 spiritualis.
1248 826 1315 854 Mihi
1329 826 1397 852 enim
1409 833 1482 852 servo
1494 828 1538 849 tuo
1555 822 1675 855 dignatus
1699 823 1736 845 est

944 875 1072 902 Dominus
1088 874 1201 901 ret-clare
1224 872 1339 908 quicquit
1359 879 1438 906 super
1461 868 1629 903 dispositione
1655 864 1738 891 animi

945 921 983 947 tui
1004 925 1028 947 te
1049 924 1165 955 oporteat
1181 926 1267 954 agere,
1287 922 1311 945 et
1333 925 1349 944 a
1370 924 1410 944 me
1429 912 1605 950 perdocrbcris
1630 909 1740 943 qualiter

944 974 1047 1001 compos
1062 966 1112 993 voti
1125 965 1163 992 tui
1173 964 1282 992 existere
1296 963 1390 998 possis.
1401 961 1435 989 In
1448 959 1564 995 pucrieia
1578 963 1622 983 tua
1640 955 1740 989 Spiritu

944 1015 1034 1039 sancto
1046 1010 1195 1039 insinuante
1209 1009 1307 1037 vovisse
1322 1007 1357 1024 ³³⁸
1371 1012 1396 1034 te
1413 1006 1503 1036 didici,
1527 1004 1589 1039 quia
1602 1003 1622 1028 δί
1637 1001 1739 1027 Christo

945 1055 1150 1083 adminiculante
1165 1063 1254 1081 sacras
1269 1061 1384 1088 unquam
1405 1052 1503 1078 litteras
1519 1049 1675 1078 addisceres,
1691 1054 1741 1072 atc-

945 1101 1052 1129 clesiam
1061 1101 1087 1127 in
1101 1105 1146 1127 tua
1170 1100 1313 1127 hereditate
1337 1098 1486 1133 ediﬁcares,
1507 1095 1593 1129 ibique
1616 1092 1665 1123 ipsi
1688 1092 1740 1118 vita

946 1146 1083 1181 superstite
1093 1145 1231 1173 militares.
1248 1144 1313 1171 Huic
1328 1142 1415 1170 omnia
1429 1142 1476 1168 hoc
1491 1140 1581 1167 ordine
1608 1137 1706 1165 noveris
1717 1140 1741 1163 te

947 1191 1159 1226 adimpleturum,
1172 1194 1262 1218 sancto
1281 1188 1413 1224 Stephano
1438 1184 1615 1221 protomartiri
1642 1190 1743 1218 passes-

947 1237 1032 1265 siones
1045 1242 1103 1264 tuas
1117 1245 1182 1271 quas
1199 1236 1233 1252 ⁵⁸⁷
1248 1234 1319 1270 apud
1330 1233 1418 1261 urbem
1432 1231 1582 1259 Mettensent
1595 1229 1672 1255 habes
1687 1232 1742 1253 tra-

948 1283 1018 1315 dere,
1031 1287 1054 1310 et
1069 1283 1100 1309 ab
1112 1280 1318 1309 inhabitantibus
1342 1278 1444 1306 diuinas
1467 1276 1577 1311 pleuiter
1598 1273 1742 1307 scripturas

948 1328 1093 1356 addiscere.
1110 1325 1206 1353 Postea
1230 1326 1282 1353 voti
1306 1332 1411 1359 compos
1436 1322 1470 1349 ad
1496 1330 1535 1347 me
1558 1318 1694 1349 remeabis,
1718 1321 1744 1343 et

950 1373 1092 1402 weclesiam
1107 1380 1160 1406 quo
1174 1371 1285 1399 volueris
1296 1370 1364 1397 sicut
1378 1368 1509 1404 pollicitus
1534 1374 1559 1392 es
1573 1362 1717 1398 adificubis.
1732 1361 1742 1397 j

950 1419 1022 1447 Dans
1035 1418 1108 1454 (536)
1121 1418 1211 1453 itaque
1224 1416 1378 1444 litterarum
1393 1420 1505 1442 suarum
1524 1410 1682 1441 indiculum,
1696 1409 1744 1436 be-

950 1465 1102 1494 nedictione
1116 1472 1164 1492 sua
1175 1463 1307 1490 tnunitum
1320 1461 1354 1489 ad
1370 1459 1496 1488 Metensis
1511 1457 1586 1485 urbis
1598 1455 1672 1483 misit
1682 1454 1742 1490 epi-

951 1518 1073 1546 scopum,
1090 1509 1123 1537 ab
1133 1517 1165 1537 eo
1180 1508 1329 1536 secundum
1345 1506 1416 1542 quod
1430 1504 1481 1532 sibi
1500 1506 1612 1530 sanctus
1638 1500 1744 1528 indica-

951 1555 1073 1584 verat'"
1088 1555 1207 1590 Spiritus
1229 1553 1264 1569 "’
1290 1551 1489 1580 instruendum.
1511 1546 1745 1575 Mcdiomatricum

951 1602 1011 1629 urbi
1027 1605 1140 1629 sanctus
1155 1605 1220 1628 tunc
1232 1602 1349 1634 praeerat
1359 1592 1517 1625 Chlodult'us
1531 1594 1565 1610 "°
1574 1592 1661 1629 (357),
1672 1590 1745 1619 beati

951 1648 985 1664 '“
1003 1647 1109 1675 Amulli
1127 1647 1198 1674 sicut
1222 1644 1368 1674 carnaliter
1383 1642 1464 1675 ﬁlius,
1492 1641 1530 1669 ita
1558 1644 1585 1667 et
1613 1639 1744 1670 virtutum

949 1692 1056 1721 meritis
1070 1696 1097 1720 et
1111 1691 1285 1727 pontiﬁcatus
1297 1688 1390 1717 infulis
1403 1688 1484 1715 hercs
1497 1690 1523 1714 e'
1540 1691 1683 1713 successor
1701 1682 1746 1712 at;

949 1739 1106 1775 gnissimus.
1127 1738 1176 1765 llic
1186 1736 1381 1772 benignissime
1409 1738 1437 1762 et
1450 1732 1607 1761 humanitus
1631 1730 1744 1758 beatum

949 1784 1068 1819 suscepit
1082 1783 1246 1815 Trudonem,
1262 1789 1316 1809 non
1330 1779 1411 1808 modo
1430 1779 1489 1815 ejus
1508 1777 1554 1812 qui
1575 1775 1744 1811 suscipieba-

948 1833 993 1857 tur
1019 1828 1171 1864 gratulatus
1196 1827 1349 1858 electione,
1378 1832 1473 1852 verum
1503 1820 1637 1849 mittentis
1661 1820 1744 1861 eum,

948 1874 1034 1902 sancti
1047 1874 1081 1889 ¹⁸²
1093 1873 1198 1901 scilicet
1209 1871 1342 1903 Remacli,
1362 1867 1581 1897 reverentissima
1604 1858 1744 1893 cotnmeni

948 1920 1068 1947 datione.
1084 1919 1186 1946 Causas
1201 1917 1260 1952 ejus
1274 1916 1407 1944 adventus
1419 1913 1559 1946 addidicit,
1575 1910 1741 1939 inbuendum

947 1964 1034 1992 sacris
1046 1963 1146 1990 litteris
1158 1966 1185 1990 et
1197 1961 1289 1989 divina
1311 1960 1369 1995 lege
1385 1958 1522 1986 mandavit
1540 1956 1587 1990 ⁸⁸³,
1615 1954 1743 1983 traditio-

947 2017 1010 2037 nem
1023 2008 1225 2044 possessionum
1239 2006 1297 2042 ejus
1309 2006 1369 2033 vice
1388 2004 1475 2032 sancti
1491 2002 1623 2037 Stephani
1651 2006 1745 2028 susce-

944 2055 995 2090 pit,
1013 2058 1040 2082 et
1050 2061 1098 2090 per
1109 2053 1187 2089 plura
1201 2060 1333 2080 annorum
1353 2049 1488 2079 curricula
1506 2048 1562 2076 illic
1590 2048 1744 2075 morantem

942 2089 1058 2134 benigne
1074 2098 1180 2130 habuit,
1193 2105 1243 2133 pro
1256 2097 1354 2131 quibus
1368 2100 1480 2122 venerat
1494 2094 1656 2121 instructum
1669 2096 1696 2118 et
1708 2089 1744 2118 ad

942 2142 1095 2178 presbiterii
1107 2150 1192 2177 usque
1205 2142 1311 2169 culmen
1325 2144 1480 2176 promotum
1507 2142 1602 2166 sancto
1618 2136 1695 2172 patri
1716 2140 1744 2164 et

943 2188 1101 2223 Coepiscopo
1114 2188 1242 2215 Bemaclo
1254 2187 1368 2226 remisit.
1380 2186 1508 2223 [(Dom-r.
1534 2183 1586 2213 Vit.
1599 2183 1628 2211 S.
1646 2179 1744 2225 me.

99 2236 152 2279 gite
162 2236 198 2252 ⁸³³
214 2236 337 2271 velocius,
352 2237 406 2265 viro
420 2237 469 2264 Dei
479 2238 523 2273 qui
537 2238 572 2264 ad
585 2237 743 2265 uisitandum
764 2245 811 2264 nos
824 2236 890 2263 venit
908 2243 933 2274 ι)
945 2243 970 2263 c.
982 2222 1010 2268 ii,
1028 2222 1081 2270 15.7)
1097 2234 1148 2268 Qui
1160 2222 1424 2270 percunctatus-quat
1445 2240 1508 2267 erga
1532 2239 1593 2259 cum
1613 2222 1744 2258 Dominus

100 2280 202 2308 obuiam
221 2282 352 2308 conamini
382 2283 547 2317 quantocius,
575 2291 633 2310 cum
655 2282 798 2309 reverentia
818 2281 893 2309 illum

100 2326 217 2361 excipite,
233 2335 291 2354 cum
306 2328 402 2355 honore
418 2328 453 2355 ad
467 2337 507 2355 me
532 2329 706 2361 introducite;
728 2337 785 2355 ecce
808 2332 845 2355 est
867 2328 896 2354 iis

101 2372 258 2405 comminus,
273 2374 402 2401 occurrite
415 2375 438 2401 ei
454 2374 574 2401 celerius.
604 2374 643 2402 Illi
668 2375 793 2401 mandata
814 2373 897 2409 perli-

101 2417 188 2451 ciunt,
203 2419 236 2446 ad
250 2419 406 2456 episcopum
421 2420 467 2448 ubi
480 2420 552 2449 domi
566 2428 627 2449 cum
641 2421 699 2448 suis
711 2420 838 2449 manebat
851 2419 897 2454 ⁵⁵⁸,

950 2280 1045 2316 egerit,
1060 2284 1088 2308 et
1100 2288 1134 2307 an
1148 2287 1309 2315 prosperum
1321 2280 1357 2296 ⁸⁸⁸
1371 2278 1430 2314 ejus
1442 2278 1495 2306 iter
1513 2282 1539 2305 et
1555 2276 1675 2305 reversio
1687 2274 1746 2302 fne-

951 2326 997 2359 rit,
1011 2330 1039 2354 et
1051 2327 1205 2361 approbans
1221 2331 1250 2353 ut
1262 2326 1321 2362 lege
1332 2326 1422 2353 divina
1437 2325 1559 2352 eruditus
1570 2323 1616 2356 sit,
1640 2322 1746 2350 inmen‘

951 2382 995 2403 sas
1006 2375 1060 2402 Deo
1075 2375 1177 2410 gratias
1192 2374 1295 2402 retulit.
1318 2373 1388 2401 Laus
1401 2372 1449 2402 '“.
1468 2372 1564 2407 inquit,
1579 2371 1625 2398 tibi
1636 2364 1679 2402 sit,
1693 2367 1746 2396 υθέ

952 2420 1021 2448 mine
1030 2425 1104 2456 pater
1114 2421 1171 2448 mli
1186 2429 1216 2448 ac
1229 2420 1265 2437 ⁵⁸⁸
1275 2425 1363 2453 terrte,
1375 2419 1446 2455 quod
1460 2417 1602 2452 adimplere
1621 2415 1745 2450 dignatus

226 2517 228 2519 .
311 2500 312 2504 η
727 2485 844 2514 VARle
859 2484 1066 2520 LECTIONES.

130 2539 172 2556 ’³⁸⁸
187 2533 309 2575 numerus
321 2540 390 2570 deest
403 2541 426 2571 1,.
440 2540 467 2567 2.
505 2540 540 2557 ’δ’
550 2540 696 2569 circniebat
709 2540 734 2568 1.
746 2542 774 2569 2.
786 2549 860 2570 corr.
870 2542 1003 2570 circuibat
1013 2542 1040 2570 2.
1049 2542 1182 2571 circttibat
1191 2541 1219 2571 5.
1258 2543 1294 2560 '“
1304 2544 1362 2572 vide
1377 2551 1432 2571 var.
1447 2542 1505 2569 lect.
1518 2540 1552 2563 ξδ’
1565 2539 1668 2575 paginw
1676 2545 1732 2573 pro!

100 2575 227 2602 cedentis.
264 2574 428 2605 “.deesll’).
465 2577 499 2592 ¹⁹⁸
522 2582 729 2604 eonservaturos
745 2577 771 2603 i.

820 2576 855 2592 W‘
870 2576 1071 2605 Vota—anima
1088 2583 1131 2605 tua
1145 2580 1238 2609 (lerunt
1252 2579 1301 2606 Ch.

1342 2580 1376 2595 '"
1390 2577 1500 2611 inplevit
1514 2577 1539 2603 l.
1565 2574 1569 2575 ⁷
1587 2574 1746 2611 "'rpronio‘

100 2610 211 2649 veheris
227 2611 252 2637 Ι.
266 2604 338 2649 2.}:
368 2610 405 2649 ff’
420 2610 473 2638 illic
488 2620 556 2649 corr.
569 2611 645 2649 illi
682 2612 717 2627 "°
733 2612 852 2649 αδδεδ-5.
879 2612 913 2649 ξδ’
927 2620 997 2649 quos
1009 2604 1044 2640 LW
1063 2614 1097 2629 "'
1320 2614 1380 2641 2.5.
1419 2604 1454 2629 l’"
1467 2604 1747 2649 Surgite—introde

101 2649 167 2683 cum
179 2646 274 2683 _d_esu_nt
289 2645 337 2683 Ch.
350 2680 355 2683 Δ
368 2644 404 2664 ³⁸⁵
416 2648 560 2683 manebant
573 2647 597 2683 lg.
614 2646 723 2683 2.1013.
740 2646 866 2683 manebat
881 2646 908 2673 2.
936 2641 975 2683 Τίθει
991 2641 1269 2683 bone—praenoscens
1279 2650 1371 2675 desunt
1382 2648 1420 2675 Ch
1459 2647 1495 2663 "‘
1510 2641 1617 2673 nvovisse
1632 2644 1658 2671 l.
1670 2644 1699 2671 2.
1710 2641 1745 2670 δέ

100 2679 137 2695 ⁸⁸⁷
149 2679 299 2707 addendum
314 2680 423 2712 videtur,
437 2681 507 2707 deest
527 2681 551 2707 l.
573 2681 601 2707 2.
625 2682 652 2708 ὅ.
691 2681 725 2697 ⁸⁵⁸
750 2682 910 2709 indicaverit
935 2682 962 2709 2.
992 2683 1017 2710 5.

1057 2678 1106 2700 ¹⁵⁹’
1121 2685 1192 2711 deest
1220 2686 1247 2712 3.
1285 2684 1320 2700 m
1336 2682 1496 2711 Choldull‘us
1510 2683 1535 2709 Ι.
1574 2681 1606 2697 "‘
1632 2678 1703 2706 beati
1716 2692 1746 2697 —

101 2714 239 2742 mandavit
263 2714 355 2742 desunt
380 2715 428 2742 Ch.
467 2716 502 2731 5“
524 2716 593 2743 deest
624 2716 649 2744 i.
686 2717 722 2732 ⁸⁸⁸
749 2721 938 2754 prosperatum
963 2716 989 2745 Ξ.
1015 2718 1043 2746 5.
1072 2718 1118 2747 .'“
1129 2719 1204 2747 Laus
1221 2735 1256 2739 —
1282 2718 1416 2747 revocasti
1432 2716 1586 2745 desuntCh.
1624 2715 1659 2731 "'
1671 2718 1699 2742 et
1716 2713 1744 2740 5.

853 2783 969 2813 NOTJE.

231 2838 399 2877 gireliiniiiu
413 2839 549 2877 gerritprig
562 2838 752 2877 Hasbaniensi.

140 2870 216 2909 (336)
235 2870 290 2908 Cir.
304 2870 400 2902 Donati
415 2870 469 2902 Vit.
482 2875 510 2903 S.
527 2870 661 2905 Trudonis
680 2883 705 2904 c.
719 2876 745 2904 6.
761 2876 788 2904 9.

986 2844 1060 2880 (537)
1080 2843 1135 2872 Cl‘r.
1153 2843 1212 2871 Vita
1225 2842 1253 2872 S.
1268 2842 1411 2872 Chlodulli.
