4094 5252
563 309 703 406 east

1095 348 1424 406 llERlﬂl’thl
1451 348 1536 404 ET
1574 341 1871 404 ANSELM!
1917 349 2142 405 GESTA
2186 349 2400 405 EPISC.
2444 348 2652 406 TUNG.
2683 347 2873 403 TRAJ.
2904 345 2990 402 ET
3027 347 3226 404 LEOD.

3698 350 3832 404 1053

560 483 613 521 es
643 465 872 531 verbum,
901 465 1038 535 quod
1061 464 1188 517 mihi
1216 465 1404 534 exiguo
1436 480 1591 534 super
1619 463 1818 532 famqu
1860 474 1948 517 tuo
2003 480 2144 518 reve-
2171 473 2223 533 Α
2249 464 2553 535 diligerem,
2594 465 2686 519 sed
2714 464 2870 519 velud
2909 466 3094 520 liorem
3137 465 3271 523 fami
3314 482 3368 520 in
3418 462 3568 518 brevi
3607 473 3830 532 praeter.

561 558 784 621 lasti;ct
809 559 930 627 quia
957 574 1073 610 eum
1119 557 1387 626 pratceptis
1431 559 1534 610 tuis
1575 556 1814 609 decenter
1844 557 2145 610 ordinatum

561 652 632 683 ⁸⁸⁸
666 651 792 704 mihi
818 649 1125 704 iucolomem
1156 649 1406 702 revocasti
1432 647 1519 701 '“.
1577 648 1638 700 Et
1667 649 1937 703 concessit
1968 649 2042 702 illi
2092 649 2145 703 in

561 743 760 797 diocesi
785 756 880 796 sua
906 741 1128 796 verbum
1167 741 1493 794 annuntiare
1528 739 1788 806 divinum,
1843 741 2038 795 missas
2090 741 2145 795 in

559 815 694 902 quas
725 830 882 885 vellet
914 829 1190 884 cecclesias
1217 828 1515 891 celebrare,
1547 839 1604 883 ut
1642 830 1695 882 in
1743 831 1974 898 pueritia
2017 845 2144 899 spo-

559 919 842 988 ponderat,
875 919 926 972 in
954 933 1050 972 sua
1092 925 1364 988 potestate
1417 919 1718 972 oratorium
1762 917 2145 989 construere]

557 1008 650 1078 (cl.
678 1026 724 1062 c.
752 1007 862 1078 15.)
887 1007 1278 1077 Etaliquandiu
1305 1008 1414 1062 illic
1441 1023 1782 1062 commorans
1804 1006 2146 1061 sanctissima

558 1100 996 1165 conversatione,
1024 1100 1241 1154 tandem
1261 1099 1556 1168 episcopali
1580 1115 1643 1153 ac.
1667 1108 1894 1169 paterna
1919 1107 2144 1169 accepta

555 1183 952 1256 benedictione,
978 1191 1156 1246 natale
1175 1188 1346 1245 solum
1379 1191 1585 1244 revisit.
1644 1190 1799 1257 Quod
1831 1201 2015 1244 mente
2054 1191 2146 1244 diu

557 1292 843 1354 acceperat
864 1283 1074 1351 effecit;
1105 1283 1404 1338 oratorium
1432 1282 1485 1338 in
1517 1283 1718 1352 praedio
1742 1298 1840 1338 suo
1880 1281 2146 1348 fundavit,

555 1373 667 1431 Deo
709 1375 1078 1432 servientibus
1133 1375 1450 1442 cumulavit,
1501 1377 1567 1430 ad
1616 1375 1864 1429 ultimum
1908 1392 1939 1429 a
1990 1376 2146 1429 beato

555 1465 812 1524 Rcmaclo
841 1469 1308 1524 consecrationem
1347 1468 1729 1538 expostulavit,
1784 1479 1945 1538 quam
1974 1475 2028 1522 et
2068 1467 2148 1521 in-

555 1562 812 1632 petravit.
851 1561 981 1618 Post
1009 1562 1170 1634 hujus
1196 1564 1318 1617 vitce
1360 1562 1704 1617 multimodos
1742 1561 1987 1617 laborum
2046 1577 2148 1614 ex-

555 1665 746 1707 cursus
771 1652 966 1706 ibidem
989 1660 1073 1707 est
1121 1651 1434 1713 tumulatus,
1466 1661 1516 1706 et
1564 1653 1823 1721 perplura
1851 1649 2145 1706 beneﬂcio»

558 1757 678 1796 rum
707 1752 760 1797 et
785 1742 1168 1797 miraculorum
1199 1742 1480 1797 commoda
1512 1751 1636 1810 apta
1682 1740 2001 1795 monachico
2055 1755 2150 1794 or-

556 1833 670 1889 dini
707 1835 760 1889 iu
788 1835 1103 1890 hodiernum
1131 1849 1299 1904 usque
1321 1833 1529 1904 praebet
1562 1832 1892 1887 habitacula.

806 1927 896 1982 45.
929 1927 1099 1992 Quam
1132 1926 1334 1979 alienus
1355 1925 1514 1994 fuerit
1541 1941 1572 1977 a
1594 1926 1896 1993 cupiditate.

626 2021 874 2076 Libetad
901 2021 1016 2075 hare
1042 2036 1147 2073 non
1181 2019 1369 2090 paucis
1419 2018 1724 2081 intendere,
1766 2017 2030 2080 omnium,
2086 2022 2148 2068 ut

557 2114 928 2184 praediximus,
976 2113 1029 2166 in
1067 2113 1224 2167 beato
1285 2111 1539 2166 Remaclo
1590 2111 1943 2181 cupiditatum
1993 2110 2145 2180 ignes

556 2201 914 2267 deferbuisse,
941 2204 1186 2258 omnium
1217 2214 1418 2258 nostra:
1442 2203 1618 2256 celatis
1641 2204 1984 2257 sacerdotum
2030 2214 2144 2254 me-

557 2296 659 2349 rita
688 2294 1011 2361 excessisse,
1038 2310 1226 2351 omnes
1251 2295 1419 2349 nostri
1451 2295 1710 2364 temporis
1739 2293 2022 2363 episcopos
2046 2307 2144 2347 sua

553 2389 960 2458 comparatione
989 2388 1305 2466 dampnare.
1359 2388 1563 2454 Quibus
1611 2390 1654 2442 si
1682 2389 1818 2443 forte
1844 2389 2054 2453 eadem,
2086 2397 2148 2442 ut

556 2479 682 2534 huic
709 2479 824 2532 viro
847 2487 1054 2540 sancto,
1091 2479 1313 2533 daretur
1334 2480 1481 2548 optio
1508 2479 1599 2542 “7,
1631 2479 1776 2532 aliud
1825 2479 2014 2549 procul
2045 2479 2146 2533 du-

555 2569 648 2626 bio
671 2569 917 2625 facerent
942 2584 1011 2625 ne
1038 2569 1090 2624 id
1122 2569 1385 2636 facerent,
1421 2569 1628 2625 scilicet
1675 2586 1764 2634 ne,
1815 2571 1938 2625 dum
1988 2569 2146 2625 alteri

553 2661 814 2717 accelesia:
851 2669 906 2715 et
948 2676 1054 2716 non
1079 2675 1190 2716 suae
1237 2659 1509 2716 otl’erenda
1561 2677 1592 2714 a
1649 2661 1855 2716 devotis
1903 2660 2148 2717 testanda

558 2752 902 2818 mandarent,
929 2752 1029 2822 ipsi
1055 2753 1234 2824 potius
1255 2753 1517 2808 ultroneis
1547 2753 1599 2807 id
1637 2753 1820 2808 facere
1867 2753 2151 2808 dissuade-

557 2851 698 2908 rent,
733 2845 896 2898 immo
921 2845 1023 2899 sibi
1053 2845 1243 2900 testari
1276 2844 1542 2908 facerent,
1577 2854 1630 2899 et
1670 2853 1730 2898 ut
1776 2861 1908 2914 pace
1959 2860 2150 2899 eorum

557 2935 798 3001 dicatur,
829 2935 950 2991 aliis
971 2935 1401 3007 supplantarent.
1445 2935 1598 3002 Quod
1639 2943 1841 3004 quanto
1898 2937 1950 2991 in
1999 2937 2156 2990 nobis

555 3027 660 3084 hoc
691 3029 922 3098 amplius
967 3029 1347 3084 inculcandum
1374 3029 1468 3094 ⁵⁸⁸,
1528 3039 1678 3083 tanto
1729 3031 1981 3084 meritum
2013 3030 2158 3085 beati

561 3120 805 3177 Remacli
839 3123 962 3177 talia
1001 3125 1327 3193 proterentis
1379 3123 1684 3194 magnificis
1740 3122 1990 3176 laudibus
2031 3119 2157 3175 clle-

2251 567 2442 611 enntes
2493 571 2681 613 animo
2711 572 2818 612 non
2865 567 3200 628 repugnante
3253 558 3545 624 calcarent,
3599 559 3828 613 cmlesua

2252 655 2432 701 mente
2462 656 2516 702 et
2565 663 2728 718 Opere
2775 649 3243 718 concupiscerent.
3302 648 3390 720 [In
3441 651 3545 704 hoc
3594 650 3830 706 desidias

2251 735 2400 805 (533)
2430 751 2596 806 Opere
2621 738 2824 806 majore
2855 740 3017 809 coepit
3055 740 3219 794 animi
3248 726 3548 794 intentione
3581 739 3828 810 ﬂagrare,

2249 841 2355 893 quo
2383 826 2604 882 liberius
2631 828 2863 901 vacare]
2898 839 2952 885 et
2979 845 3138 900 quam
3192 831 3372 885 suavis
3417 841 3500 885 est
3549 831 3829 896 Dominus,

2249 916 2420 983 possit
2453 917 2653 981 videre,
2687 935 2987 989 causasque
3015 923 3156 990 quod
3183 921 3254 954 ⁵⁷⁸
3301 922 3353 977 id
3406 921 3559 978 ﬁeret
3621 923 3832 980 facilius

2250 1005 2498 1060 inventas
2519 1008 2620 1063 sibi
2647 1008 2764 1063 dari
2793 1012 3016 1079 optabat
3043 1012 3323 1067 attentius.

2247 1137 2336 1192 46.
2376 1139 2529 1204 Quod
2551 1139 2846 1218 Sigei-renus
2894 1147 3203 1218 emicansilio
3237 1147 3350 1216 ejus
3397 1149 3668 1203 cenobium
3723 1152 3833 1218 pri-

2319 1226 2459 1261 mum
2481 1229 2648 1292 super
2673 1212 2910 1268 Sismara
2939 1215 3009 1247 W’
3048 1216 3234 1270 deliine
3259 1212 3338 1271 vin
3387 1219 3675 1272 Arduenna
3717 1212 3835 1273 con-

2321 1290 2532 1333 struxit.

2319 1370 2633 1442 Sigebertus
2657 1372 2772 1442 ejus
2801 1378 3060 1446 temporis
3091 1393 3186 1434 rex
3215 1378 3502 1450 gloriosus,
3526 1379 3648 1436 loca
3697 1396 3831 1436 sau-

2246 1471 2456 1517 ctorum
2485 1465 2720 1522 cultibus
2740 1469 3117 1538 mancipanda,
3174 1471 3225 1523 in
3272 1471 3468 1541 quibus
3527 1485 3635 1526 non
3682 1484 3836 1526 erant

2246 1555 2514 1622 partibus,
2533 1559 2768 1612 inaxima
2797 1559 3084 1615 devotione
3109 1558 3390 1626 fundabat,
3411 1561 3634 1615 fundata
3657 1572 3835 1617 autent

2245 1657 2340 1703 aut
2366 1665 2394 1702 ει
2422 1665 2480 1704 se
2501 1660 2595 1704 aut
2625 1666 2653 1704 a
2688 1652 3119 1720 praecedentibus
3179 1653 3399 1723 regibus
3443 1652 3836 1723 benignissima

2247 1738 2502 1809 largitate
2531 1751 2585 1796 et
2613 1743 2804 1813 opibus
2833 1745 3194 1809 sustentabat,
3245 1752 3299 1799 et
3352 1752 3411 1798 ut
3465 1744 3684 1799 debitus
3731 1745 3837 1800 Deo

2180 1832 2227 1891 Β
2256 1833 2435 1888 cultus
2458 1848 2563 1888 non
2605 1836 2833 1900 deesset,
2875 1845 2984 1889 tam
3026 1835 3186 1907 hujus
3235 1836 3408 1890 sancti
3454 1837 3628 1904 patris
3677 1851 3838 1906 quam

2250 1937 2567 1979 cancrorum
2591 1927 2929 1982 sacerdotum
2975 1927 3308 1998 invigilantia
3345 1927 3671 1998 providebat
3727 1927 3836 1982 "'.

2251 2014 2346 2088 [ln
2379 2017 2499 2072 loco
2537 2018 2627 2088 qui
2677 2029 2903 2072 vocatur
2949 2018 3426 2090 Caseeongidunus
3481 2019 3633 2087 (339)
3676 2034 3836 2088 super

2249 2111 2561 2166 Sesmarum
2579 2109 2808 2182 “(340)
2849 2110 3068 2164 ﬂuvium
3095 2111 3220 2176 sito,
3241 2109 3548 2165 coenobium
3573 2109 3714 2164 idem
3742 2104 3833 2166 rex

2247 2203 2568 2258 obtimatnm
2597 2218 2816 2257 suorum
2844 2202 3068 2257 consilio
3097 2203 3149 2256 in
3204 2200 3409 2256 honore
3460 2201 3829 2270 apostolorum

2247 2293 2390 2349 Petri
2416 2303 2471 2348 et
2497 2293 2645 2348 Pauli
2674 2302 2729 2347 et
2753 2293 3015 2349 Johannis
3040 2293 3562 2361 tediiicaverat,quia
3587 2309 3824 2363 congrua

2249 2401 2534 2442 servorum
2583 2386 2677 2441 Dei
2736 2386 3060 2440 habitationi
3103 2385 3374 2440 domicilia
3447 2385 3822 2455 portendebat.

2250 2479 2473 2533 Munere
2501 2478 2769 2548 largitatis
2795 2493 2905 2533 sua:
2929 2478 3217 2541 ditaverat,
3262 2477 3520 2546 probatas
3567 2475 3682 2530 Deo
3731 2491 3842 2531 ser-

2249 2572 2508 2626 vientium
2571 2585 2832 2642 personas
2893 2577 3302 2640 aggregaverat.
3352 2567 3561 2635 Quibus
3625 2568 3838 2622 beatum

2251 2664 2561 2720 lleInaclum
2591 2663 2923 2734 provisorem
2956 2661 3209 2725 instituit,
3258 2669 3313 2714 et
3353 2671 3411 2714 ut
3460 2659 3836 2714 inhabitantes

2245 2756 2399 2828 juxta
2429 2756 2772 2810 traditionem
2819 2755 3042 2808 Patrum
3097 2753 3280 2807 vivere
3328 2750 3701 2806 assuefaceret
3757 2753 3842 2806 de-

2255 2848 2531 2903 mandavit
2559 2847 2728 2917 (5M).
2755 2846 2774 2920 ]
2806 2847 2967 2901 Extat
2991 2860 3160 2914 usque
3201 2845 3251 2898 in
3285 2861 3524 2915 praesens
3547 2845 3704 2898 locus
3725 2859 3840 2897 ora-

2258 2941 2420 2995 tionis
2442 2939 2559 3007 ejus
2584 2956 2748 3009 opere
2783 2939 2836 2993 in
2861 2954 2994 3008 rupe
3015 2937 3253 3003 excisus,
3280 2937 3421 2990 unde
3443 2936 3841 2991 inﬁrmantibus

2259 3047 2430 3101 usque
2455 3047 2596 3084 nunc
2619 3031 2940 3099 proveniunt
2975 3030 3268 3094 benelieia;
3298 3029 3388 3082 ubi
3420 3040 3475 3082 et
3497 3029 3614 3098 ipse
3642 3043 3702 3082 se
3752 3027 3843 3081 ali-

2263 3123 2496 3192 quandiu
2517 3123 2786 3176 victimam
2814 3123 2864 3177 in
2893 3138 2984 3176 ara
3013 3122 3207 3177 summi
3229 3118 3555 3190 Deijcjuniis
3574 3129 3631 3174 et
3650 3120 3841 3190 vigiliis

558 3203 809 3268 rendum.
843 3191 1041 3269 Totum
1068 3214 1136 3247 "’
1166 3216 1286 3270 ideo
1309 3215 1453 3269 beati
1474 3191 1767 3268 'Trudonis
1817 3223 2021 3266 textura
2070 3191 2224 3267 in-c
2258 3191 2586 3269 maceratum
2613 3215 2823 3280 litabat,
2880 3223 2934 3268 et
2979 3212 3303 3268 familiarius
3357 3214 3468 3267 Deo
3523 3211 3844 3280 conjunctus

559 3305 852 3357 serendum
890 3306 1221 3374 putavimus,
1254 3314 1315 3358 ut
1348 3305 1509 3359 etiam
1539 3304 1836 3374 prephetitc
1865 3304 2064 3356 donum
2097 3312 2152 3357 et

559 3391 868 3450 futurorum
897 3397 1151 3451 noticiam
1182 3407 1371 3452 sancto
1424 3397 1692 3452 sacerdoti
1742 3396 1997 3450 Retnaclo
2045 3412 2150 3454 non

561 3483 749 3538 deesse
780 3495 1230 3542 monstrarcmus.
1258 3485 1392 3558 [Qui
1421 3487 1593 3556 primo
1623 3485 1797 3541 eidem
1823 3486 2024 3540 Christi
2070 3486 2152 3540 fa-

560 3559 709 3630 inulo
741 3591 771 3629 a
793 3591 853 3631 se
886 3577 1207 3644 discedenti,
1233 3594 1355 3632 cum
1385 3593 1549 3648 super
1580 3576 1696 3646 ejus
1750 3577 1935 3631 habitu
1967 3578 2152 3631 dome-

560 3667 683 3722 stici
709 3667 854 3724 illius
876 3668 946 3701 ⁸⁷⁸
975 3669 1320 3736 insultarent,
1348 3687 1414 3728 eo
1453 3674 1596 3742 quod
1657 3673 1818 3727 talem
1863 3689 2150 3741 personam

561 3772 671 3816 tam
695 3761 921 3831 abjectis
951 3765 1290 3820 vestimentis
1316 3766 1561 3821 indutum
1585 3766 1736 3834 juxta
1754 3782 1810 3822 se
1826 3767 2150 3838 collegisset,

561 3853 678 3908 haec
714 3853 918 3924 Spiritu
950 3861 1138 3912 sancto
1163 3859 1439 3914 revelante
1462 3860 1733 3928 cognovit,
1794 3868 1845 3912 et
1901 3875 2064 3928 super
2088 3875 2150 3913 ea

563 3960 624 4000 re
651 3945 941 4002 durissime
973 3947 1297 4018 increpavit,
1346 3953 1668 4020 ptenitentes
1722 3951 1947 4019 recepit,
1988 3959 2041 4004 et
2088 3948 2155 4004 de

561 4049 760 4094 cetero
795 4042 1162 4098 emendandos
1191 4045 1510 4100 ammonuit.
1567 4045 1768 4099 Verum
1820 4044 1932 4098 haec
1982 4041 2138 4094 alias.

561 4131 695 4200 Quis
719 4132 949 4203 denique
979 4134 1208 4190 sufﬁciat
1239 4151 1520 4201 enarrare,
1586 4152 1745 4206 quam
1778 4145 1964 4190 sancte
1991 4144 2040 4186 et
2072 4149 2154 4187 re-

562 4221 753 4291 ligiose
781 4223 846 4278 de
879 4223 1085 4294 reliquo
1116 4225 1308 4280 beatus
1335 4225 1623 4280 Reinaclus
1671 4233 2024 4280 conversatus
2062 4221 2151 4284 sit,

561 4322 831 4380 quantave
863 4315 937 4370 illi
960 4317 1268 4374 sollicitudo
1294 4331 1421 4387 erga
1443 4318 1545 4372 sibi
1571 4317 1919 4372 commissum
1937 4328 2154 4385 gregem

563 4404 761 4458 fuerit?
791 4405 1039 4460 Monebat
1064 4423 1253 4463 omnes
1279 4417 1337 4462 ut
1365 4423 1394 4461 a
1440 4406 1726 4463 lenociniis
1773 4405 1840 4435 ⁵⁷⁸
1875 4402 2158 4458 blandien-

560 4494 638 4564 tis
663 4495 733 4526 ⁸⁷²
760 4499 943 4552 mumli
978 4497 1356 4564 observarent,
1385 4515 1415 4554 a
1439 4498 1774 4555 secularibus
1800 4497 1945 4550 curis
1977 4496 2152 4549 inten-

2255 3307 2698 3375 contemplationi
2749 3321 2808 3360 se
2851 3315 3052 3360 sanctae
3109 3305 3482 3376 suspenderat,
3533 3315 3589 3359 et
3647 3302 3844 3358 ﬂuenta

2254 3414 2366 3454 sua:
2401 3398 2660 3453 doctrina:
2692 3399 2742 3452 in
2770 3399 3135 3467 subjectorum
3188 3398 3443 3452 cordibus
3490 3394 3844 3450 diffundebat.

2254 3491 2492 3546 Tandem
2532 3490 2647 3559 ejus
2677 3490 2776 3545 loci
2805 3489 3110 3553 fastidiens,
3145 3488 3272 3543 licet
3324 3488 3590 3541 incertum
3651 3487 3848 3554 quibus

2255 3585 2320 3637 dc
2344 3582 2543 3646 causis,
2573 3591 2750 3635 tamen
2781 3589 2839 3634 ut
2864 3595 2984 3634 sese
3013 3579 3174 3633 habet
3199 3577 3336 3630 fama
3396 3575 3700 3640 relationis,
3723 3576 3846 3644 quia

2254 3672 2460 3726 scilicet
2485 3671 2719 3738 undique
2745 3677 3082 3739 premeretur
3115 3667 3254 3720 idem
3279 3666 3430 3720 locus
3477 3680 3506 3717 a
3531 3665 3845 3719 circumha-

2255 3762 2544 3818 bitantium
2594 3769 2649 3815 et
2695 3761 3061 3829 potentiorum
3115 3757 3581 3820 insectationibus,
3636 3771 3741 3810 nec
3779 3753 3844 3786 ⁸⁷⁷

2256 3854 2480 3908 haberet
2510 3869 2601 3907 rex
2641 3853 2692 3906 in
2715 3853 2892 3906 vicino
2916 3851 3006 3916 ⁸⁷⁸,
3043 3853 3182 3904 unde
3210 3848 3314 3902 ulla
3339 3848 3514 3902 eidem
3555 3848 3678 3902 loco
3733 3846 3846 3901 fieri

2256 3943 2324 3976 ⁸⁷⁸
2357 3953 2538 4012 posset
2572 3943 2816 3996 dilatatio
2844 3941 2935 4006 ⁸⁸⁸,
2970 3940 3180 3993 induxit
3207 3947 3434 3992 sanctus
3473 3937 3558 3989 vir
3606 3936 3848 3989 animum

2255 4048 2433 4100 regem
2468 4049 2628 4102 super
2652 4032 2752 4085 hoc
2777 4029 3105 4084 adeundum.
3158 4025 3414 4088 Vestram,
3446 4025 3643 4094 inquit,
3696 4024 3847 4078 celsi-

2255 4124 2508 4185 tudinem,
2535 4121 2710 4174 inclite
2748 4120 3006 4188 princeps,
3040 4126 3143 4172 stat
3175 4117 3431 4170 sententia
3481 4124 3848 4183 pertemptare,

2253 4217 2377 4285 quia
2401 4231 2517 4267 cum
2547 4213 2702 4283 plura
2732 4213 2820 4265 ubi
2867 4214 2972 4265 sint
3019 4221 3192 4264 vestra
3251 4207 3610 4274 mimi/iccntia
3658 4204 3758 4258 Dei
3803 4213 3848 4256 et

2255 4316 2553 4360 sanctorum
2580 4304 2804 4357 cultibus
2834 4304 3010 4356 dicata
3040 4300 3291 4363 coenobio,
3329 4298 3444 4350 sola
3472 4298 3760 4350 Arduenna
3781 4292 3849 4325 ⁸⁸⁸

2257 4399 2310 4453 in
2337 4398 2520 4452 arduis
2543 4397 2803 4451 montibus
2850 4395 3128 4458 collocata,
3180 4404 3330 4447 extra
3378 4390 3598 4444 limitem
3648 4386 3851 4441 seclusa

2258 4507 2378 4544 raro
2406 4491 2564 4544 immo
2586 4488 2734 4543 nulla
2763 4489 2954 4542 habere
2983 4486 3277 4540 dinoscitur
3302 4480 3642 4538 monasteria.
3676 4477 3853 4548 Igitur

562 4586 774 4658 tionttm
806 4604 1025 4658 gressus
1049 4592 1436 4666 retraherent,]
1467 4593 1722 4647 fraternae
1742 4592 1890 4661 pacis
1913 4596 2159 4644 tenerent
2187 4558 2435 4652 Djubeat
2473 4590 2641 4635 vestra
2668 4579 2943 4643 δενεηὲιαδ.
3001 4577 3110 4630 illic
3162 4575 3340 4666 aliqua
3375 4581 3637 4634 επιηιενε.
3686 4568 3852 4621 ﬁdem

563 4680 937 4743 concordiam,
964 4680 1390 4756 [mandatorum]
1421 4684 1516 4738 Dei
1546 4683 1662 4738 sine
1712 4681 1912 4736 oll'ensa
1977 4695 2163 4734 curre-

565 4779 691 4824 rent
717 4771 991 4838 semitam,
1018 4775 1277 4830 mundum
1308 4785 1363 4831 et
1393 4775 1509 4846 ejus
1536 4771 2007 4844 concupiscentias
2055 4785 2164 4825 non

2264 4673 2315 4726 iu
2339 4671 2650 4740 tediﬁcando
2679 4671 2768 4736 ⁸⁸³,
2795 4668 2904 4724 Deo
2939 4668 3162 4741 facetae,
3196 4665 3446 4736 facultas,
3486 4674 3533 4717 et
3566 4671 3853 4715 nostrau-

2266 4766 2348 4820 dis
2382 4763 2513 4818 illud
2543 4762 2797 4835 supplebit
2824 4762 3081 4818 vicinitas.
3107 4759 3219 4816 Nec
3246 4756 3338 4812 illa
3354 4752 3660 4812 exainulare
3681 4761 3730 4806 et
3761 4767 3853 4804 nc-

1816 4902 2058 4961 VARI/E
2098 4899 2506 4958 LECTIONES.

637 5043 707 5074 161
745 5054 994 5074 nuncnum
1023 5043 1056 5074 ει
1108 5044 1275 5074 ποιοίη.
1330 5042 1397 5074 ..21
1446 5042 1590 5074 Ῥη-..ΑΙ
1689 5041 1757 5073 167
1781 5039 1964 5074 Ληῖηἷη
1993 5039 2026 5074 κ

2124 5036 2195 5068 us
2225 5031 2655 5072 nnnmllnmulnm
2691 5027 2730 5068 Π
2785 5028 2828 5068 n
2877 5027 2925 5068 i,
2960 5027 3009 5068 1⁸
3061 5025 3112 5066 9.

3192 5022 3262 5056 us
3287 5021 3570 5066 'I‘nIIIm—o
3593 5015 3850 5064 nmﬁdco
