  <div class='ocr_page' id='page_1' title='image "/cluster/home/n/w/nwhite01/storage/ocr_20150623/139/hvd.32044015471782/532.png"; bbox 0 0 4094 5252; ppageno 0'>
   <div class='ocr_carea' id='block_1_1' title="bbox 335 100 398 119">
    <p class='ocr_par' dir='ltr' id='par_1_1' title="bbox 335 100 398 119">
     <span class='ocr_line' id='line_1_1' title="bbox 335 100 398 119; baseline 0 0"><span class='ocrx_word' id='word_1_1' title='bbox 335 100 398 119; x_wconf 65' lang='lat' dir='ltr'><strong><em>cf&quot;</em></strong></span> 
     </span>
    </p>
   </div>
   <div class='ocr_carea' id='block_1_2' title="bbox 298 99 443 158">
    <p class='ocr_par' dir='ltr' id='par_1_2' title="bbox 298 99 443 158">
     <span class='ocr_line' id='line_1_2' title="bbox 335 100 398 119; baseline 0 0"><span class='ocrx_word' id='word_1_2' title='bbox 335 100 398 119; x_wconf 65' lang='lat' dir='ltr'><strong><em>cf&quot;</em></strong></span> 
     </span>
     <span class='ocr_line' id='line_1_3' title="bbox 298 99 443 158; baseline 0.014 -6"><span class='ocrx_word' id='word_1_3' title='bbox 298 99 443 158; x_wconf 60' lang='lat' dir='ltr'><strong><em>L03</em></strong></span> 
     </span>
    </p>
   </div>
   <div class='ocr_carea' id='block_1_3' title="bbox 1359 100 2433 158">
    <p class='ocr_par' dir='ltr' id='par_1_3' title="bbox 1359 100 2433 158">
     <span class='ocr_line' id='line_1_4' title="bbox 1359 100 2433 158; baseline 0.001 -3"><span class='ocrx_word' id='word_1_4' title='bbox 1359 100 1686 158; x_wconf 76' lang='lat' dir='ltr'><strong><em>HERIGERI</em></strong></span> <span class='ocrx_word' id='word_1_5' title='bbox 1726 101 1949 158; x_wconf 81' lang='lat' dir='ltr'><strong>GESTA</strong></span> <span class='ocrx_word' id='word_1_6' title='bbox 1990 101 2204 158; x_wconf 76' lang='lat' dir='ltr'><strong><em>EPISC.</em></strong></span> <span class='ocrx_word' id='word_1_7' title='bbox 2235 101 2433 158; x_wconf 81' lang='lat' dir='ltr'><strong>LEOD.</strong></span> 
     </span>
    </p>
   </div>
   <div class='ocr_carea' id='block_1_4' title="bbox 3427 104 3569 182">
    <p class='ocr_par' dir='ltr' id='par_1_4' title="bbox 3427 104 3569 182">
     <span class='ocr_line' id='line_1_5' title="bbox 3427 104 3569 182; baseline 0 -22"><span class='ocrx_word' id='word_1_8' title='bbox 3427 104 3569 182; x_wconf 65' lang='lat'><strong><em>1054</em></strong></span> 
     </span>
    </p>
   </div>
   <div class='ocr_carea' id='block_1_5' title="bbox 296 211 3566 282">
    <p class='ocr_par' dir='ltr' id='par_1_5' title="bbox 296 211 3566 282">
     <span class='ocr_line' id='line_1_6' title="bbox 296 211 3566 282; baseline 0.003 -18"><span class='ocrx_word' id='word_1_9' title='bbox 296 211 541 266; x_wconf 79' lang='lat' dir='ltr'><strong><em>cessariis</em></strong></span> <span class='ocrx_word' id='word_1_10' title='bbox 574 212 806 282; x_wconf 71' lang='lat' dir='ltr'><strong><em>stt/ﬁcere</em></strong></span> <span class='ocrx_word' id='word_1_11' title='bbox 841 213 938 266; x_wconf 88' lang='lat' dir='ltr'><strong><em>erit</em></strong></span> <span class='ocrx_word' id='word_1_12' title='bbox 985 211 1305 282; x_wconf 72' lang='lat' dir='ltr'><strong><em>inpossibile,</em></strong></span> <span class='ocrx_word' id='word_1_13' title='bbox 1360 229 1477 266; x_wconf 87' lang='lat' dir='ltr'><strong><em>cum</em></strong></span> <span class='ocrx_word' id='word_1_14' title='bbox 1535 213 1873 268; x_wconf 83' lang='lat' dir='ltr'><strong><em>circumcirca</em></strong></span> <span class='ocrx_word' id='word_1_15' title='bbox 1902 217 1949 277; x_wconf 74' lang='grc' dir='ltr'><strong>Α</strong></span> <span class='ocrx_word' id='word_1_16' title='bbox 1980 213 2265 282; x_wconf 77' lang='lat' dir='ltr'><strong><em>spirituum</em></strong></span> <span class='ocrx_word' id='word_1_17' title='bbox 2300 213 2653 269; x_wconf 82' lang='lat' dir='ltr'><strong><em>mandaverat</em></strong></span> <span class='ocrx_word' id='word_1_18' title='bbox 2697 213 3062 281; x_wconf 87' lang='lat' dir='ltr'><strong><em>infestatione,</em></strong></span> <span class='ocrx_word' id='word_1_19' title='bbox 3113 215 3566 276; x_wconf 84' lang='lat' dir='ltr'><strong><em>Malmundarium</em></strong></span> 
     </span>
    </p>
   </div>
   <div class='ocr_carea' id='block_1_6' title="bbox 295 302 1875 372">
    <p class='ocr_par' dir='ltr' id='par_1_6' title="bbox 295 302 1875 372">
     <span class='ocr_line' id='line_1_7' title="bbox 295 302 1875 372; baseline 0.003 -18"><span class='ocrx_word' id='word_1_20' title='bbox 295 319 413 370; x_wconf 71' lang='lat' dir='ltr'><strong><em>quia</em></strong></span> <span class='ocrx_word' id='word_1_21' title='bbox 441 302 706 372; x_wconf 77' lang='lat' dir='ltr'><strong><em>adjacent,</em></strong></span> <span class='ocrx_word' id='word_1_22' title='bbox 734 314 918 358; x_wconf 70' lang='lat' dir='ltr'><strong><em>vestrm</em></strong></span> <span class='ocrx_word' id='word_1_23' title='bbox 959 305 1147 358; x_wconf 88' lang='lat' dir='ltr'><strong><em>ditioni</em></strong></span> <span class='ocrx_word' id='word_1_24' title='bbox 1191 313 1384 358; x_wconf 87' lang='lat' dir='ltr'><strong><em>constet</em></strong></span> <span class='ocrx_word' id='word_1_25' title='bbox 1429 305 1654 358; x_wconf 88' lang='lat' dir='ltr'><strong><em>subesse.</em></strong></span> <span class='ocrx_word' id='word_1_26' title='bbox 1707 304 1875 358; x_wconf 81' lang='lat' dir='ltr'><strong><em>Tuum</em></strong></span> 
     </span>
    </p>
   </div>
   <div class='ocr_carea' id='block_1_7' title="bbox 294 393 1874 463">
    <p class='ocr_par' dir='ltr' id='par_1_7' title="bbox 294 393 1874 463">
     <span class='ocr_line' id='line_1_8' title="bbox 294 393 1874 463; baseline 0 -15"><span class='ocrx_word' id='word_1_27' title='bbox 294 394 388 458; x_wconf 63' lang='grc' dir='ltr'><strong><em>Ψ,</em></strong></span> <span class='ocrx_word' id='word_1_28' title='bbox 421 393 596 462; x_wconf 89' lang='lat' dir='ltr'><strong><em>inquit</em></strong></span> <span class='ocrx_word' id='word_1_29' title='bbox 628 409 741 458; x_wconf 81' lang='lat' dir='ltr'><strong><em>rex,</em></strong></span> <span class='ocrx_word' id='word_1_30' title='bbox 779 405 927 463; x_wconf 88' lang='lat' dir='ltr'><strong><em>pater</em></strong></span> <span class='ocrx_word' id='word_1_31' title='bbox 949 394 1255 457; x_wconf 88' lang='lat' dir='ltr'><strong><em>beatissime,</em></strong></span> <span class='ocrx_word' id='word_1_32' title='bbox 1305 405 1450 447; x_wconf 87' lang='lat' dir='ltr'><strong><em>tuum</em></strong></span> <span class='ocrx_word' id='word_1_33' title='bbox 1503 408 1576 450; x_wconf 86' lang='lat' dir='ltr'><strong><em>est</em></strong></span> <span class='ocrx_word' id='word_1_34' title='bbox 1625 396 1770 449; x_wconf 86' lang='lat' dir='ltr'><strong><em>nobis</em></strong></span> <span class='ocrx_word' id='word_1_35' title='bbox 1821 397 1874 448; x_wconf 89' lang='lat' dir='ltr'><strong><em>in</em></strong></span> 
     </span>
    </p>
   </div>
   <div class='ocr_carea' id='block_1_8' title="bbox 292 485 1876 562">
    <p class='ocr_par' dir='ltr' id='par_1_8' title="bbox 292 485 1876 562">
     <span class='ocr_line' id='line_1_9' title="bbox 292 485 1876 562; baseline 0.001 -21"><span class='ocrx_word' id='word_1_36' title='bbox 292 488 392 542; x_wconf 76' lang='lat' dir='ltr'><strong><em>hoc</em></strong></span> <span class='ocrx_word' id='word_1_37' title='bbox 415 485 704 552; x_wconf 75' lang='lat' dir='ltr'><strong><em>consulere,</em></strong></span> <span class='ocrx_word' id='word_1_38' title='bbox 730 498 961 542; x_wconf 88' lang='lat' dir='ltr'><strong><em>nostrum</em></strong></span> <span class='ocrx_word' id='word_1_39' title='bbox 989 499 1158 542; x_wconf 88' lang='lat' dir='ltr'><strong><em>autem</em></strong></span> <span class='ocrx_word' id='word_1_40' title='bbox 1189 491 1285 543; x_wconf 88' lang='lat' dir='ltr'><strong><em>erit</em></strong></span> <span class='ocrx_word' id='word_1_41' title='bbox 1309 499 1396 542; x_wconf 86' lang='lat' dir='ltr'><strong><em>tuo</em></strong></span> <span class='ocrx_word' id='word_1_42' title='bbox 1419 491 1728 562; x_wconf 68' lang='lat' dir='ltr'><strong><em>quantocius</em></strong></span> <span class='ocrx_word' id='word_1_43' title='bbox 1757 506 1876 543; x_wconf 87' lang='lat' dir='ltr'><strong><em>con-</em></strong></span> 
     </span>
    </p>
   </div>
   <div class='ocr_carea' id='block_1_9' title="bbox 290 579 1871 649">
    <p class='ocr_par' dir='ltr' id='par_1_9' title="bbox 290 579 1871 649">
     <span class='ocr_line' id='line_1_10' title="bbox 290 579 1871 649; baseline 0.001 -17"><span class='ocrx_word' id='word_1_44' title='bbox 290 579 431 632; x_wconf 86' lang='lat' dir='ltr'><strong><em>sulto</em></strong></span> <span class='ocrx_word' id='word_1_45' title='bbox 455 595 610 632; x_wconf 89' lang='lat' dir='ltr'><strong><em>aures</em></strong></span> <span class='ocrx_word' id='word_1_46' title='bbox 626 590 818 633; x_wconf 76' lang='lat' dir='ltr'><strong><em>nostra:</em></strong></span> <span class='ocrx_word' id='word_1_47' title='bbox 845 579 915 610; x_wconf 68' lang='lat' dir='ltr'><strong><em>m</em></strong></span> <span class='ocrx_word' id='word_1_48' title='bbox 940 581 1233 634; x_wconf 68' lang='lat' dir='ltr'><strong><em>serenitatis</em></strong></span> <span class='ocrx_word' id='word_1_49' title='bbox 1256 581 1322 632; x_wconf 87' lang='lat' dir='ltr'><strong><em>ad</em></strong></span> <span class='ocrx_word' id='word_1_50' title='bbox 1337 597 1601 634; x_wconf 76' lang='lat' dir='ltr'><strong><em>assensum</em></strong></span> <span class='ocrx_word' id='word_1_51' title='bbox 1623 581 1871 649; x_wconf 78' lang='lat' dir='ltr'><strong><em>prwbere,</em></strong></span> 
     </span>
    </p>
   </div>
   <div class='ocr_carea' id='block_1_10' title="bbox 290 658 1874 741">
    <p class='ocr_par' dir='ltr' id='par_1_10' title="bbox 290 658 1874 741">
     <span class='ocr_line' id='line_1_11' title="bbox 290 658 1874 741; baseline 0.001 -18"><span class='ocrx_word' id='word_1_52' title='bbox 290 658 342 723; x_wconf 75' lang='grc' dir='ltr'>ἓ(</span> <span class='ocrx_word' id='word_1_53' title='bbox 371 683 575 724; x_wconf 87' lang='lat' dir='ltr'><strong><em>malure</em></strong></span> <span class='ocrx_word' id='word_1_54' title='bbox 593 670 734 740; x_wconf 79' lang='lat' dir='ltr'><strong><em>facta</em></strong></span> <span class='ocrx_word' id='word_1_55' title='bbox 762 686 888 740; x_wconf 83' lang='lat' dir='ltr'><strong><em>Opus</em></strong></span> <span class='ocrx_word' id='word_1_56' title='bbox 910 687 1038 724; x_wconf 88' lang='lat' dir='ltr'><strong><em>esse.</em></strong></span> <span class='ocrx_word' id='word_1_57' title='bbox 1069 669 1204 733; x_wconf 88' lang='lat' dir='ltr'><strong><em>Tua,</em></strong></span> <span class='ocrx_word' id='word_1_58' title='bbox 1234 672 1467 741; x_wconf 79' lang='lat' dir='ltr'><strong><em>inquam,</em></strong></span> <span class='ocrx_word' id='word_1_59' title='bbox 1497 673 1718 735; x_wconf 89' lang='lat' dir='ltr'><strong><em>intersit,</em></strong></span> <span class='ocrx_word' id='word_1_60' title='bbox 1743 671 1874 724; x_wconf 88' lang='lat' dir='ltr'><strong><em>illud</em></strong></span> 
     </span>
    </p>
   </div>
   <div class='ocr_carea' id='block_1_11' title="bbox 290 761 1872 830">
    <p class='ocr_par' dir='ltr' id='par_1_11' title="bbox 290 761 1872 830">
     <span class='ocr_line' id='line_1_12' title="bbox 290 761 1872 830; baseline 0.001 -16"><span class='ocrx_word' id='word_1_61' title='bbox 290 762 573 830; x_wconf 84' lang='lat' dir='ltr'><strong><em>disponere</em></strong></span> <span class='ocrx_word' id='word_1_62' title='bbox 605 770 655 814; x_wconf 87' lang='lat' dir='ltr'><strong><em>et</em></strong></span> <span class='ocrx_word' id='word_1_63' title='bbox 679 761 726 814; x_wconf 88' lang='lat' dir='ltr'><strong><em>ei</em></strong></span> <span class='ocrx_word' id='word_1_64' title='bbox 753 761 894 830; x_wconf 89' lang='lat' dir='ltr'><strong><em>operi</em></strong></span> <span class='ocrx_word' id='word_1_65' title='bbox 941 761 1198 824; x_wconf 84' lang='lat' dir='ltr'><strong><em>insistere,</em></strong></span> <span class='ocrx_word' id='word_1_66' title='bbox 1253 773 1432 816; x_wconf 85' lang='lat' dir='ltr'><strong><em>nostra</em></strong></span> <span class='ocrx_word' id='word_1_67' title='bbox 1475 764 1707 815; x_wconf 80' lang='lat' dir='ltr'><strong><em>intererit</em></strong></span> <span class='ocrx_word' id='word_1_68' title='bbox 1759 761 1872 815; x_wconf 83' lang='lat' dir='ltr'><strong><em>loca</em></strong></span> 
     </span>
    </p>
   </div>
   <div class='ocr_carea' id='block_1_12' title="bbox 289 854 1874 927">
    <p class='ocr_par' dir='ltr' id='par_1_12' title="bbox 289 854 1874 927">
     <span class='ocr_line' id='line_1_13' title="bbox 289 854 1874 927; baseline 0 -19"><span class='ocrx_word' id='word_1_69' title='bbox 289 873 408 927; x_wconf 82' lang='lat' dir='ltr'><strong><em>qua:</em></strong></span> <span class='ocrx_word' id='word_1_70' title='bbox 427 857 510 909; x_wconf 74' lang='lat' dir='ltr'><strong><em>Iris</em></strong></span> <span class='ocrx_word' id='word_1_71' title='bbox 531 855 872 910; x_wconf 83' lang='lat' dir='ltr'><strong><em>accommoda</em></strong></span> <span class='ocrx_word' id='word_1_72' title='bbox 907 854 1120 925; x_wconf 85' lang='lat' dir='ltr'><strong><em>elegeris</em></strong></span> <span class='ocrx_word' id='word_1_73' title='bbox 1144 854 1381 925; x_wconf 76' lang='lat' dir='ltr'><strong><em>delegare</em></strong></span> <span class='ocrx_word' id='word_1_74' title='bbox 1409 857 1660 926; x_wconf 80' lang='lat' dir='ltr'><strong><em>cujusque</em></strong></span> <span class='ocrx_word' id='word_1_75' title='bbox 1697 855 1874 910; x_wconf 80' lang='lat' dir='ltr'><strong><em>solatii</em></strong></span> 
     </span>
    </p>
   </div>
   <div class='ocr_carea' id='block_1_13' title="bbox 290 943 1875 1017">
    <p class='ocr_par' dir='ltr' id='par_1_13' title="bbox 290 943 1875 1017">
     <span class='ocr_line' id='line_1_14' title="bbox 290 943 1875 1017; baseline 0.002 -18"><span class='ocrx_word' id='word_1_76' title='bbox 290 945 581 1014; x_wconf 84' lang='lat' dir='ltr'><strong><em>indigneris</em></strong></span> <span class='ocrx_word' id='word_1_77' title='bbox 644 945 714 976; x_wconf 80' lang='grc'><strong><em>⁵⁸⁸</em></strong></span> <span class='ocrx_word' id='word_1_78' title='bbox 762 943 1053 1014; x_wconf 79' lang='lat' dir='ltr'><strong><em>sumptibus</em></strong></span> <span class='ocrx_word' id='word_1_79' title='bbox 1096 947 1444 1014; x_wconf 87' lang='lat' dir='ltr'><strong><em>suppeditare.</em></strong></span> <span class='ocrx_word' id='word_1_80' title='bbox 1516 945 1875 1017; x_wconf 75' lang='lat' dir='ltr'><strong><em>[Convocatis</em></strong></span> 
     </span>
    </p>
   </div>
   <div class='ocr_carea' id='block_1_14' title="bbox 290 1035 1873 1106">
    <p class='ocr_par' dir='ltr' id='par_1_14' title="bbox 290 1035 1873 1106">
     <span class='ocr_line' id='line_1_15' title="bbox 290 1035 1873 1106; baseline 0.003 -17"><span class='ocrx_word' id='word_1_81' title='bbox 290 1035 472 1106; x_wconf 82' lang='lat' dir='ltr'><strong><em>itaque</em></strong></span> <span class='ocrx_word' id='word_1_82' title='bbox 497 1051 588 1092; x_wconf 90' lang='lat' dir='ltr'><strong><em>rex</em></strong></span> <span class='ocrx_word' id='word_1_83' title='bbox 617 1036 867 1091; x_wconf 73' lang='lat' dir='ltr'><strong><em>fidelibus</em></strong></span> <span class='ocrx_word' id='word_1_84' title='bbox 898 1036 1052 1101; x_wconf 90' lang='lat' dir='ltr'><strong><em>viris,</em></strong></span> <span class='ocrx_word' id='word_1_85' title='bbox 1099 1036 1302 1090; x_wconf 85' lang='lat' dir='ltr'><strong><em>scilicet</em></strong></span> <span class='ocrx_word' id='word_1_86' title='bbox 1340 1046 1528 1090; x_wconf 81' lang='lat' dir='ltr'><strong><em>sancto</em></strong></span> <span class='ocrx_word' id='word_1_87' title='bbox 1580 1037 1873 1093; x_wconf 84' lang='lat' dir='ltr'><strong><em>Cuniberto</em></strong></span> 
     </span>
    </p>
   </div>
   <div class='ocr_carea' id='block_1_15' title="bbox 288 1127 1868 1200">
    <p class='ocr_par' dir='ltr' id='par_1_15' title="bbox 288 1127 1868 1200">
     <span class='ocr_line' id='line_1_16' title="bbox 288 1127 1868 1200; baseline 0.001 -19"><span class='ocrx_word' id='word_1_88' title='bbox 288 1129 700 1198; x_wconf 81' lang='lat' dir='ltr'><strong><em>archiepiscopo</em></strong></span> <span class='ocrx_word' id='word_1_89' title='bbox 721 1127 891 1199; x_wconf 71' lang='grc'>(542),</span> <span class='ocrx_word' id='word_1_90' title='bbox 910 1128 1158 1183; x_wconf 84' lang='lat' dir='ltr'><strong><em>Atellano</em></strong></span> <span class='ocrx_word' id='word_1_91' title='bbox 1174 1129 1344 1198; x_wconf 73' lang='grc'>(545),</span> <span class='ocrx_word' id='word_1_92' title='bbox 1365 1129 1684 1183; x_wconf 83' lang='lat' dir='ltr'><strong><em>Teodefrido</em></strong></span> <span class='ocrx_word' id='word_1_93' title='bbox 1701 1130 1868 1200; x_wconf 66' lang='grc'>(541),</span> 
     </span>
    </p>
   </div>
   <div class='ocr_carea' id='block_1_16' title="bbox 287 1217 1870 1291">
    <p class='ocr_par' dir='ltr' id='par_1_16' title="bbox 287 1217 1870 1291">
     <span class='ocr_line' id='line_1_17' title="bbox 287 1217 1870 1291; baseline 0.002 -18"><span class='ocrx_word' id='word_1_94' title='bbox 287 1217 650 1274; x_wconf 85' lang='lat' dir='ltr'><strong><em>Gislochardo</em></strong></span> <span class='ocrx_word' id='word_1_95' title='bbox 673 1218 821 1289; x_wconf 73' lang='grc'>(545)</span> <span class='ocrx_word' id='word_1_96' title='bbox 849 1233 1000 1288; x_wconf 60' lang='lat' dir='ltr'><strong><em>mque</em></strong></span> <span class='ocrx_word' id='word_1_97' title='bbox 1026 1219 1312 1289; x_wconf 82' lang='lat' dir='ltr'><strong><em>episcopis,</em></strong></span> <span class='ocrx_word' id='word_1_98' title='bbox 1362 1221 1713 1289; x_wconf 70' lang='lat' dir='ltr'><strong><em>oprimatibus</em></strong></span> <span class='ocrx_word' id='word_1_99' title='bbox 1740 1238 1870 1291; x_wconf 86' lang='lat' dir='ltr'><strong><em>quo-</em></strong></span> 
     </span>
    </p>
   </div>
   <div class='ocr_carea' id='block_1_17' title="bbox 287 1309 1870 1382">
    <p class='ocr_par' dir='ltr' id='par_1_17' title="bbox 287 1309 1870 1382">
     <span class='ocr_line' id='line_1_18' title="bbox 287 1309 1870 1382; baseline 0.003 -19"><span class='ocrx_word' id='word_1_100' title='bbox 287 1324 396 1380; x_wconf 89' lang='lat' dir='ltr'><strong><em>que</em></strong></span> <span class='ocrx_word' id='word_1_101' title='bbox 419 1309 571 1375; x_wconf 85' lang='lat' dir='ltr'><strong><em>suis,</em></strong></span> <span class='ocrx_word' id='word_1_102' title='bbox 643 1310 951 1365; x_wconf 87' lang='lat' dir='ltr'><strong><em>Grimoaldo</em></strong></span> <span class='ocrx_word' id='word_1_103' title='bbox 993 1311 1195 1382; x_wconf 79' lang='lat' dir='ltr'><strong><em>majore</em></strong></span> <span class='ocrx_word' id='word_1_104' title='bbox 1242 1312 1428 1364; x_wconf 84' lang='lat' dir='ltr'><strong><em>domus</em></strong></span> <span class='ocrx_word' id='word_1_105' title='bbox 1457 1352 1471 1376; x_wconf 85' lang='lat'><strong><em>,</em></strong></span> <span class='ocrx_word' id='word_1_106' title='bbox 1523 1311 1870 1380; x_wconf 86' lang='lat' dir='ltr'><strong><em>Fulchoaldo,</em></strong></span> 
     </span>
    </p>
   </div>
   <div class='ocr_carea' id='block_1_18' title="bbox 284 1399 1871 1474">
    <p class='ocr_par' dir='ltr' id='par_1_18' title="bbox 284 1399 1871 1474">
     <span class='ocr_line' id='line_1_19' title="bbox 284 1399 1871 1474; baseline 0.004 -21"><span class='ocrx_word' id='word_1_107' title='bbox 284 1399 527 1464; x_wconf 87' lang='lat' dir='ltr'><strong><em>Bobone,</em></strong></span> <span class='ocrx_word' id='word_1_108' title='bbox 556 1408 611 1453; x_wconf 90' lang='lat' dir='ltr'><strong><em>et</em></strong></span> <span class='ocrx_word' id='word_1_109' title='bbox 637 1399 947 1455; x_wconf 88' lang='lat' dir='ltr'><strong><em>domesticis</em></strong></span> <span class='ocrx_word' id='word_1_110' title='bbox 981 1402 1114 1468; x_wconf 87' lang='lat' dir='ltr'><strong><em>suis,</em></strong></span> <span class='ocrx_word' id='word_1_111' title='bbox 1145 1402 1428 1457; x_wconf 88' lang='lat' dir='ltr'><strong><em>Cblodulfo</em></strong></span> <span class='ocrx_word' id='word_1_112' title='bbox 1456 1403 1548 1467; x_wconf 81' lang='grc'><strong><em>⁸⁸⁸,</em></strong></span> <span class='ocrx_word' id='word_1_113' title='bbox 1579 1405 1871 1474; x_wconf 78' lang='lat' dir='ltr'><strong><em>Ansigisilo</em></strong></span> 
     </span>
    </p>
   </div>
   <div class='ocr_carea' id='block_1_19' title="bbox 285 1490 1868 1561">
    <p class='ocr_par' dir='ltr' id='par_1_19' title="bbox 285 1490 1868 1561">
     <span class='ocr_line' id='line_1_20' title="bbox 285 1490 1868 1561; baseline 0.001 -15"><span class='ocrx_word' id='word_1_114' title='bbox 285 1499 346 1546; x_wconf 87' lang='lat' dir='ltr'><strong><em>et</em></strong></span> <span class='ocrx_word' id='word_1_115' title='bbox 377 1490 646 1545; x_wconf 81' lang='lat' dir='ltr'><strong><em>Betselino</em></strong></span> <span class='ocrx_word' id='word_1_116' title='bbox 672 1490 818 1561; x_wconf 62' lang='lat'><strong>(316)</strong></span> <span class='ocrx_word' id='word_1_117' title='bbox 853 1509 865 1545; x_wconf 92' lang='lat'><strong>:</strong></span> <span class='ocrx_word' id='word_1_118' title='bbox 902 1490 986 1544; x_wconf 79' lang='lat' dir='ltr'><strong><em>Ex</em></strong></span> <span class='ocrx_word' id='word_1_119' title='bbox 1017 1492 1300 1554; x_wconf 84' lang='lat' dir='ltr'><strong><em>voluntate,</em></strong></span> <span class='ocrx_word' id='word_1_120' title='bbox 1351 1492 1541 1561; x_wconf 85' lang='lat' dir='ltr'><strong><em>inquit,</em></strong></span> <span class='ocrx_word' id='word_1_121' title='bbox 1591 1495 1686 1546; x_wconf 86' lang='lat' dir='ltr'><strong><em>Dei</em></strong></span> <span class='ocrx_word' id='word_1_122' title='bbox 1711 1505 1756 1547; x_wconf 81' lang='lat' dir='ltr'><strong><em>et</em></strong></span> <span class='ocrx_word' id='word_1_123' title='bbox 1787 1511 1868 1548; x_wconf 77' lang='lat' dir='ltr'><strong><em>re-</em></strong></span> 
     </span>
    </p>
   </div>
   <div class='ocr_carea' id='block_1_20' title="bbox 1982 305 3569 377">
    <p class='ocr_par' dir='ltr' id='par_1_20' title="bbox 1982 305 3569 377">
     <span class='ocr_line' id='line_1_21' title="bbox 1982 305 3569 377; baseline 0.004 -18"><span class='ocrx_word' id='word_1_124' title='bbox 1982 305 2128 374; x_wconf 72' lang='grc'>(519)</span> <span class='ocrx_word' id='word_1_125' title='bbox 2153 305 2306 373; x_wconf 88' lang='lat' dir='ltr'><strong><em>quasi</em></strong></span> <span class='ocrx_word' id='word_1_126' title='bbox 2328 321 2356 358; x_wconf 83' lang='lat' dir='ltr'><strong><em>a</em></strong></span> <span class='ocrx_word' id='word_1_127' title='bbox 2382 305 2520 359; x_wconf 85' lang='lat' dir='ltr'><strong><em>malo</em></strong></span> <span class='ocrx_word' id='word_1_128' title='bbox 2542 307 2853 360; x_wconf 77' lang='lat' dir='ltr'><strong><em>mandatum</em></strong></span> <span class='ocrx_word' id='word_1_129' title='bbox 2876 307 3344 377; x_wconf 87' lang='lat' dir='ltr'><strong><em>placuitvocitare.</em></strong></span> <span class='ocrx_word' id='word_1_130' title='bbox 3377 309 3569 365; x_wconf 87' lang='lat' dir='ltr'><strong><em>Orato-</em></strong></span> 
     </span>
    </p>
   </div>
   <div class='ocr_carea' id='block_1_21' title="bbox 1981 395 3567 462">
    <p class='ocr_par' dir='ltr' id='par_1_21' title="bbox 1981 395 3567 462">
     <span class='ocr_line' id='line_1_22' title="bbox 1981 395 3567 462; baseline 0.005 -15"><span class='ocrx_word' id='word_1_131' title='bbox 1981 395 2114 448; x_wconf 83' lang='lat' dir='ltr'><strong><em>rium</em></strong></span> <span class='ocrx_word' id='word_1_132' title='bbox 2145 395 2253 449; x_wconf 85' lang='lat' dir='ltr'><strong><em>illic</em></strong></span> <span class='ocrx_word' id='word_1_133' title='bbox 2277 396 2582 462; x_wconf 69' lang='lat' dir='ltr'><strong><em>azdilicavit,</em></strong></span> <span class='ocrx_word' id='word_1_134' title='bbox 2615 396 2918 452; x_wconf 85' lang='lat' dir='ltr'><strong><em>habitacula</em></strong></span> <span class='ocrx_word' id='word_1_135' title='bbox 2948 399 3014 452; x_wconf 89' lang='lat' dir='ltr'><strong><em>ad</em></strong></span> <span class='ocrx_word' id='word_1_136' title='bbox 3038 415 3167 453; x_wconf 90' lang='lat' dir='ltr'><strong><em>usus</em></strong></span> <span class='ocrx_word' id='word_1_137' title='bbox 3189 400 3258 431; x_wconf 74' lang='lat'><strong><em>&quot;&#39;</em></strong></span> <span class='ocrx_word' id='word_1_138' title='bbox 3286 415 3567 455; x_wconf 85' lang='lat' dir='ltr'><strong><em>servorum</em></strong></span> 
     </span>
    </p>
   </div>
   <div class='ocr_carea' id='block_1_22' title="bbox 1977 484 3567 563">
    <p class='ocr_par' dir='ltr' id='par_1_22' title="bbox 1977 484 3567 563">
     <span class='ocr_line' id='line_1_23' title="bbox 1977 484 3567 563; baseline 0.006 -25"><span class='ocrx_word' id='word_1_139' title='bbox 1977 484 2075 538; x_wconf 88' lang='lat' dir='ltr'><strong><em>Dei</em></strong></span> <span class='ocrx_word' id='word_1_140' title='bbox 2124 488 2453 552; x_wconf 87' lang='lat' dir='ltr'><strong><em>construxit,</em></strong></span> <span class='ocrx_word' id='word_1_141' title='bbox 2499 496 2555 542; x_wconf 90' lang='lat' dir='ltr'><strong><em>ct</em></strong></span> <span class='ocrx_word' id='word_1_142' title='bbox 2581 503 2808 558; x_wconf 69' lang='lat' dir='ltr'><strong><em>qumque</em></strong></span> <span class='ocrx_word' id='word_1_143' title='bbox 2835 488 2900 543; x_wconf 87' lang='lat' dir='ltr'><strong><em>ad</em></strong></span> <span class='ocrx_word' id='word_1_144' title='bbox 2933 489 3136 544; x_wconf 91' lang='lat' dir='ltr'><strong><em>cultum</em></strong></span> <span class='ocrx_word' id='word_1_145' title='bbox 3172 491 3266 546; x_wconf 83' lang='lat' dir='ltr'><strong><em>Dei</em></strong></span> <span class='ocrx_word' id='word_1_146' title='bbox 3291 493 3567 563; x_wconf 87' lang='lat' dir='ltr'><strong><em>pertinent</em></strong></span> 
     </span>
    </p>
   </div>
   <div class='ocr_carea' id='block_1_23' title="bbox 1976 576 2357 631">
    <p class='ocr_par' dir='ltr' id='par_1_23' title="bbox 1976 576 2357 631">
     <span class='ocr_line' id='line_1_24' title="bbox 1976 576 2357 631; baseline 0.003 -2"><span class='ocrx_word' id='word_1_147' title='bbox 1976 576 2357 631; x_wconf 87' lang='lat' dir='ltr'><strong><em>ancmentavit.</em></strong></span> 
     </span>
    </p>
   </div>
   <div class='ocr_carea' id='block_1_24' title="bbox 2297 667 3239 726">
    <p class='ocr_par' dir='ltr' id='par_1_24' title="bbox 2297 667 3239 726">
     <span class='ocr_line' id='line_1_25' title="bbox 2297 667 3239 726; baseline 0.007 -7"><span class='ocrx_word' id='word_1_148' title='bbox 2297 667 2388 722; x_wconf 68' lang='lat'><strong><em>«18.</em></strong></span> <span class='ocrx_word' id='word_1_149' title='bbox 2423 667 2498 721; x_wconf 87' lang='lat' dir='ltr'><strong><em>De</em></strong></span> <span class='ocrx_word' id='word_1_150' title='bbox 2526 667 2810 723; x_wconf 88' lang='lat' dir='ltr'><strong><em>Stabulaus</em></strong></span> <span class='ocrx_word' id='word_1_151' title='bbox 2835 680 3239 726; x_wconf 76' lang='lat' dir='ltr'><strong><em>constructione.</em></strong></span> 
     </span>
    </p>
   </div>
   <div class='ocr_carea' id='block_1_25' title="bbox 2047 759 3555 832">
    <p class='ocr_par' dir='ltr' id='par_1_25' title="bbox 2047 759 3555 832">
     <span class='ocr_line' id='line_1_26' title="bbox 2047 759 3555 832; baseline 0.005 -20"><span class='ocrx_word' id='word_1_152' title='bbox 2047 759 2183 826; x_wconf 86' lang='lat' dir='ltr'><strong><em>Quia</em></strong></span> <span class='ocrx_word' id='word_1_153' title='bbox 2206 770 2383 814; x_wconf 89' lang='lat' dir='ltr'><strong><em>autem</em></strong></span> <span class='ocrx_word' id='word_1_154' title='bbox 2424 759 2551 813; x_wconf 90' lang='lat' dir='ltr'><strong><em>illud</em></strong></span> <span class='ocrx_word' id='word_1_155' title='bbox 2601 760 2653 814; x_wconf 92' lang='lat' dir='ltr'><strong><em>in</em></strong></span> <span class='ocrx_word' id='word_1_156' title='bbox 2705 762 3080 830; x_wconf 77' lang='lat' dir='ltr'><strong><em>Agrippinensi</em></strong></span> <span class='ocrx_word' id='word_1_157' title='bbox 3129 764 3417 832; x_wconf 84' lang='lat' dir='ltr'><strong><em>parrochia</em></strong></span> <span class='ocrx_word' id='word_1_158' title='bbox 3477 765 3555 819; x_wconf 88' lang='lat' dir='ltr'><strong><em>si-</em></strong></span> 
     </span>
    </p>
   </div>
   <div class='ocr_carea' id='block_1_26' title="bbox 1979 849 3561 922">
    <p class='ocr_par' dir='ltr' id='par_1_26' title="bbox 1979 849 3561 922">
     <span class='ocr_line' id='line_1_27' title="bbox 1979 849 3561 922; baseline 0.005 -20"><span class='ocrx_word' id='word_1_159' title='bbox 1979 858 2090 902; x_wconf 90' lang='lat' dir='ltr'><strong><em>tum</em></strong></span> <span class='ocrx_word' id='word_1_160' title='bbox 2120 859 2256 913; x_wconf 88' lang='lat' dir='ltr'><strong><em>erat,</em></strong></span> <span class='ocrx_word' id='word_1_161' title='bbox 2290 849 2577 904; x_wconf 74' lang='lat' dir='ltr'><strong><em>studuit‘&quot;</em></strong></span> <span class='ocrx_word' id='word_1_162' title='bbox 2605 861 2658 905; x_wconf 91' lang='lat' dir='ltr'><strong><em>et</em></strong></span> <span class='ocrx_word' id='word_1_163' title='bbox 2697 851 2825 906; x_wconf 88' lang='lat' dir='ltr'><strong><em>illud</em></strong></span> <span class='ocrx_word' id='word_1_164' title='bbox 2871 853 3174 921; x_wconf 87' lang='lat' dir='ltr'><strong><em>inceptarc,</em></strong></span> <span class='ocrx_word' id='word_1_165' title='bbox 3209 855 3350 922; x_wconf 89' lang='lat' dir='ltr'><strong><em>quod</em></strong></span> <span class='ocrx_word' id='word_1_166' title='bbox 3385 863 3561 910; x_wconf 89' lang='lat' dir='ltr'><strong><em>tamen</em></strong></span> 
     </span>
    </p>
   </div>
   <div class='ocr_carea' id='block_1_27' title="bbox 1976 941 3562 1004">
    <p class='ocr_par' dir='ltr' id='par_1_27' title="bbox 1976 941 3562 1004">
     <span class='ocr_line' id='line_1_28' title="bbox 1976 941 3562 1004; baseline 0.006 -11"><span class='ocrx_word' id='word_1_167' title='bbox 1976 957 2085 994; x_wconf 81' lang='lat' dir='ltr'><strong><em>suae</em></strong></span> <span class='ocrx_word' id='word_1_168' title='bbox 2108 941 2385 995; x_wconf 81' lang='lat' dir='ltr'><strong><em>dioceseos</em></strong></span> <span class='ocrx_word' id='word_1_169' title='bbox 2408 941 2750 996; x_wconf 80' lang='lat' dir='ltr'><strong><em>clauderetur</em></strong></span> <span class='ocrx_word' id='word_1_170' title='bbox 2778 943 2964 998; x_wconf 87' lang='lat' dir='ltr'><strong><em>limite.</em></strong></span> <span class='ocrx_word' id='word_1_171' title='bbox 2996 944 3315 1002; x_wconf 88' lang='lat' dir='ltr'><strong><em>Procedens</em></strong></span> <span class='ocrx_word' id='word_1_172' title='bbox 3344 947 3410 979; x_wconf 81' lang='grc'><strong><em>⁸⁰⁷</em></strong></span> <span class='ocrx_word' id='word_1_173' title='bbox 3437 948 3562 1004; x_wconf 81' lang='lat' dir='ltr'><strong><em>inde</em></strong></span> 
     </span>
    </p>
   </div>
   <div class='ocr_carea' id='block_1_28' title="bbox 1975 1029 3562 1100">
    <p class='ocr_par' dir='ltr' id='par_1_28' title="bbox 1975 1029 3562 1100">
     <span class='ocr_line' id='line_1_29' title="bbox 1975 1029 3562 1100; baseline 0.007 -18"><span class='ocrx_word' id='word_1_174' title='bbox 1975 1030 2125 1099; x_wconf 90' lang='lat' dir='ltr'><strong><em>quasi</em></strong></span> <span class='ocrx_word' id='word_1_175' title='bbox 2169 1029 2377 1085; x_wconf 89' lang='lat' dir='ltr'><strong><em>duobus</em></strong></span> <span class='ocrx_word' id='word_1_176' title='bbox 2423 1033 2640 1087; x_wconf 80' lang='lat' dir='ltr'><strong><em>milibus</em></strong></span> <span class='ocrx_word' id='word_1_177' title='bbox 2668 1032 2737 1063; x_wconf 76' lang='grc'><strong><em>⁵⁸⁸</em></strong></span> <span class='ocrx_word' id='word_1_178' title='bbox 2779 1033 2844 1086; x_wconf 85' lang='lat' dir='ltr'><strong><em>ad</em></strong></span> <span class='ocrx_word' id='word_1_179' title='bbox 2887 1035 3247 1100; x_wconf 84' lang='lat' dir='ltr'><strong><em>occidentem,</em></strong></span> <span class='ocrx_word' id='word_1_180' title='bbox 3279 1038 3425 1092; x_wconf 77' lang='lat' dir='ltr'><strong><em>Galla</em></strong></span> <span class='ocrx_word' id='word_1_181' title='bbox 3485 1039 3562 1093; x_wconf 88' lang='lat' dir='ltr'><strong><em>ri-</em></strong></span> 
     </span>
    </p>
   </div>
   <div class='ocr_carea' id='block_1_29' title="bbox 1975 1119 3562 1192">
    <p class='ocr_par' dir='ltr' id='par_1_29' title="bbox 1975 1119 3562 1192">
     <span class='ocr_line' id='line_1_30' title="bbox 1975 1119 3562 1192; baseline 0.006 -20"><span class='ocrx_word' id='word_1_182' title='bbox 1975 1119 2178 1185; x_wconf 86' lang='lat' dir='ltr'><strong><em>vulum,</em></strong></span> <span class='ocrx_word' id='word_1_183' title='bbox 2209 1119 2297 1187; x_wconf 89' lang='lat' dir='ltr'><strong><em>qui</em></strong></span> <span class='ocrx_word' id='word_1_184' title='bbox 2324 1121 2392 1150; x_wconf 83' lang='grc'><strong><em>¹⁹⁷</em></strong></span> <span class='ocrx_word' id='word_1_185' title='bbox 2421 1122 2830 1190; x_wconf 85' lang='lat' dir='ltr'><strong><em>parrochiarum</em></strong></span> <span class='ocrx_word' id='word_1_186' title='bbox 2851 1125 3224 1180; x_wconf 88' lang='lat' dir='ltr'><strong><em>conterminus</em></strong></span> <span class='ocrx_word' id='word_1_187' title='bbox 3247 1137 3347 1192; x_wconf 87' lang='lat' dir='ltr'><strong><em>est,</em></strong></span> <span class='ocrx_word' id='word_1_188' title='bbox 3382 1135 3562 1184; x_wconf 86' lang='lat' dir='ltr'><strong><em>trans-</em></strong></span> 
     </span>
    </p>
   </div>
   <div class='ocr_carea' id='block_1_30' title="bbox 1974 1208 3562 1281">
    <p class='ocr_par' dir='ltr' id='par_1_30' title="bbox 1974 1208 3562 1281">
     <span class='ocr_line' id='line_1_31' title="bbox 1974 1208 3562 1281; baseline 0.007 -19"><span class='ocrx_word' id='word_1_189' title='bbox 1974 1208 2069 1271; x_wconf 91' lang='lat' dir='ltr'><strong><em>iit,</em></strong></span> <span class='ocrx_word' id='word_1_190' title='bbox 2111 1218 2161 1262; x_wconf 92' lang='lat' dir='ltr'><strong><em>ct</em></strong></span> <span class='ocrx_word' id='word_1_191' title='bbox 2184 1211 2250 1263; x_wconf 88' lang='lat' dir='ltr'><strong><em>ad</em></strong></span> <span class='ocrx_word' id='word_1_192' title='bbox 2280 1210 2350 1240; x_wconf 82' lang='lat'><strong><em>&quot;’</em></strong></span> <span class='ocrx_word' id='word_1_193' title='bbox 2378 1211 2639 1264; x_wconf 77' lang='lat' dir='ltr'><strong><em>Amblava</em></strong></span> <span class='ocrx_word' id='word_1_194' title='bbox 2689 1213 2838 1281; x_wconf 83' lang='grc'>(550)</span> <span class='ocrx_word' id='word_1_195' title='bbox 2878 1212 3188 1268; x_wconf 71' lang='lat' dir='ltr'><strong><em>ﬂuviumm</em></strong></span> <span class='ocrx_word' id='word_1_196' title='bbox 3231 1216 3284 1270; x_wconf 93' lang='lat' dir='ltr'><strong><em>in</em></strong></span> <span class='ocrx_word' id='word_1_197' title='bbox 3328 1217 3562 1273; x_wconf 82' lang='lat' dir='ltr'><strong><em>conﬁnio</em></strong></span> 
     </span>
    </p>
   </div>
   <div class='ocr_carea' id='block_1_31' title="bbox 1974 1298 3558 1378">
    <p class='ocr_par' dir='ltr' id='par_1_31' title="bbox 1974 1298 3558 1378">
     <span class='ocr_line' id='line_1_32' title="bbox 1974 1298 3558 1378; baseline 0.008 -28"><span class='ocrx_word' id='word_1_198' title='bbox 1974 1299 2172 1352; x_wconf 87' lang='lat' dir='ltr'><strong><em>montis</em></strong></span> <span class='ocrx_word' id='word_1_199' title='bbox 2215 1298 2490 1367; x_wconf 85' lang='lat' dir='ltr'><strong><em>cujusdam</em></strong></span> <span class='ocrx_word' id='word_1_200' title='bbox 2532 1303 2792 1356; x_wconf 86' lang='lat' dir='ltr'><strong><em>substitit.</em></strong></span> <span class='ocrx_word' id='word_1_201' title='bbox 2827 1302 2941 1357; x_wconf 83' lang='lat' dir='ltr'><strong><em>Illic</em></strong></span> <span class='ocrx_word' id='word_1_202' title='bbox 2979 1305 3140 1358; x_wconf 89' lang='lat' dir='ltr'><strong><em>etiam</em></strong></span> <span class='ocrx_word' id='word_1_203' title='bbox 3166 1305 3558 1378; x_wconf 83' lang='lat' dir='ltr'><strong><em>aliquantisper</em></strong></span> 
     </span>
    </p>
   </div>
   <div class='ocr_carea' id='block_1_32' title="bbox 1973 1391 3562 1456">
    <p class='ocr_par' dir='ltr' id='par_1_32' title="bbox 1973 1391 3562 1456">
     <span class='ocr_line' id='line_1_33' title="bbox 1973 1391 3562 1456; baseline 0.007 -14"><span class='ocrx_word' id='word_1_204' title='bbox 1973 1400 2357 1456; x_wconf 86' lang='lat' dir='ltr'><strong><em>commoratus,</em></strong></span> <span class='ocrx_word' id='word_1_205' title='bbox 2391 1391 2556 1444; x_wconf 89' lang='lat' dir='ltr'><strong><em>multa</em></strong></span> <span class='ocrx_word' id='word_1_206' title='bbox 2590 1393 2768 1446; x_wconf 90' lang='lat' dir='ltr'><strong><em>studio</em></strong></span> <span class='ocrx_word' id='word_1_207' title='bbox 2797 1394 3226 1450; x_wconf 88' lang='lat' dir='ltr'><strong><em>conversationis</em></strong></span> <span class='ocrx_word' id='word_1_208' title='bbox 3257 1397 3444 1450; x_wconf 86' lang='lat' dir='ltr'><strong><em>idonea</em></strong></span> <span class='ocrx_word' id='word_1_209' title='bbox 3476 1406 3562 1453; x_wconf 88' lang='lat' dir='ltr'><strong><em>est</em></strong></span> 
     </span>
    </p>
   </div>
   <div class='ocr_carea' id='block_1_33' title="bbox 1970 1482 3563 1550">
    <p class='ocr_par' dir='ltr' id='par_1_33' title="bbox 1970 1482 3563 1550">
     <span class='ocr_line' id='line_1_34' title="bbox 1970 1482 3563 1550; baseline 0.006 -16"><span class='ocrx_word' id='word_1_210' title='bbox 1970 1491 2245 1550; x_wconf 85' lang='lat' dir='ltr'><strong><em>Operatns,</em></strong></span> <span class='ocrx_word' id='word_1_211' title='bbox 2286 1482 2428 1536; x_wconf 85' lang='lat' dir='ltr'><strong><em>sicut</em></strong></span> <span class='ocrx_word' id='word_1_212' title='bbox 2462 1483 2690 1550; x_wconf 89' lang='lat' dir='ltr'><strong><em>quilibet</em></strong></span> <span class='ocrx_word' id='word_1_213' title='bbox 2725 1485 2792 1538; x_wconf 89' lang='lat' dir='ltr'><strong><em>ab</em></strong></span> <span class='ocrx_word' id='word_1_214' title='bbox 2823 1485 3014 1539; x_wconf 89' lang='lat' dir='ltr'><strong><em>incolis</em></strong></span> <span class='ocrx_word' id='word_1_215' title='bbox 3045 1487 3230 1541; x_wconf 82' lang='lat' dir='ltr'><strong><em>audire</em></strong></span> <span class='ocrx_word' id='word_1_216' title='bbox 3257 1487 3454 1541; x_wconf 77' lang='lat' dir='ltr'><strong><em>valebit</em></strong></span> <span class='ocrx_word' id='word_1_217' title='bbox 3482 1505 3563 1544; x_wconf 87' lang='lat' dir='ltr'><strong><em>re-</em></strong></span> 
     </span>
    </p>
   </div>
   <div class='ocr_carea' id='block_1_34' title="bbox 284 1571 1866 1650">
    <p class='ocr_par' dir='ltr' id='par_1_34' title="bbox 284 1583 1866 1650">
     <span class='ocr_line' id='line_1_35' title="bbox 284 1583 1866 1650; baseline 0.001 -14"><span class='ocrx_word' id='word_1_218' title='bbox 284 1594 398 1636; x_wconf 84' lang='lat' dir='ltr'><strong><em>stro</em></strong></span> <span class='ocrx_word' id='word_1_219' title='bbox 423 1593 471 1637; x_wconf 87' lang='lat' dir='ltr'><strong><em>et</em></strong></span> <span class='ocrx_word' id='word_1_220' title='bbox 493 1592 799 1637; x_wconf 63' lang='lat' dir='ltr'><strong><em>ceterorum</em></strong></span> <span class='ocrx_word' id='word_1_221' title='bbox 832 1595 1126 1637; x_wconf 88' lang='lat' dir='ltr'><strong><em>nostrorum</em></strong></span> <span class='ocrx_word' id='word_1_222' title='bbox 1153 1584 1220 1615; x_wconf 77' lang='grc'><strong>⁵⁸⁷</strong></span> <span class='ocrx_word' id='word_1_223' title='bbox 1245 1583 1481 1650; x_wconf 75' lang='lat' dir='ltr'><strong><em>ﬁdelium</em></strong></span> <span class='ocrx_word' id='word_1_224' title='bbox 1505 1602 1756 1638; x_wconf 85' lang='lat' dir='ltr'><strong><em>consensu</em></strong></span> <span class='ocrx_word' id='word_1_225' title='bbox 1783 1587 1866 1638; x_wconf 81' lang='lat' dir='ltr'><strong><em>de-</em></strong></span> 
     </span>
    </p>
   </div>
   <div class='ocr_carea' id='block_1_35' title="bbox 1970 1571 3560 1650">
    <p class='ocr_par' dir='ltr' id='par_1_35' title="bbox 1975 1571 3560 1648">
     <span class='ocr_line' id='line_1_36' title="bbox 1975 1571 3560 1648; baseline 0.007 -24"><span class='ocrx_word' id='word_1_226' title='bbox 1975 1571 2294 1627; x_wconf 81' lang='lat' dir='ltr'><strong><em>ferentibus.</em></strong></span> <span class='ocrx_word' id='word_1_227' title='bbox 2341 1573 2445 1627; x_wconf 87' lang='lat' dir='ltr'><strong><em>Sed</em></strong></span> <span class='ocrx_word' id='word_1_228' title='bbox 2479 1575 2603 1643; x_wconf 90' lang='lat' dir='ltr'><strong><em>quia</em></strong></span> <span class='ocrx_word' id='word_1_229' title='bbox 2646 1576 2789 1629; x_wconf 87' lang='lat' dir='ltr'><strong><em>idem</em></strong></span> <span class='ocrx_word' id='word_1_230' title='bbox 2823 1576 2971 1631; x_wconf 89' lang='lat' dir='ltr'><strong><em>locus</em></strong></span> <span class='ocrx_word' id='word_1_231' title='bbox 2994 1578 3060 1607; x_wconf 77' lang='grc'><strong><em>⁶⁰¹</em></strong></span> <span class='ocrx_word' id='word_1_232' title='bbox 3097 1579 3359 1648; x_wconf 77' lang='lat' dir='ltr'><strong><em>angustiis</em></strong></span> <span class='ocrx_word' id='word_1_233' title='bbox 3382 1580 3450 1611; x_wconf 78' lang='grc'><strong><em>⁶⁰¹</em></strong></span> <span class='ocrx_word' id='word_1_234' title='bbox 3478 1580 3560 1635; x_wconf 84' lang='lat' dir='ltr'><strong><em>lo-</em></strong></span> 
     </span>
    </p>
   </div>
   <div class='ocr_carea' id='block_1_36' title="bbox 284 1671 1872 1742">
    <p class='ocr_par' dir='ltr' id='par_1_36' title="bbox 284 1671 1872 1742">
     <span class='ocr_line' id='line_1_37' title="bbox 284 1671 1872 1742; baseline 0.002 -16"><span class='ocrx_word' id='word_1_235' title='bbox 284 1673 590 1736; x_wconf 86' lang='lat' dir='ltr'><strong><em>liberamus,</em></strong></span> <span class='ocrx_word' id='word_1_236' title='bbox 635 1673 738 1726; x_wconf 88' lang='lat' dir='ltr'><strong><em>duo</em></strong></span> <span class='ocrx_word' id='word_1_237' title='bbox 788 1671 904 1739; x_wconf 80' lang='lat' dir='ltr'><strong><em>fieri</em></strong></span> <span class='ocrx_word' id='word_1_238' title='bbox 948 1674 1262 1727; x_wconf 85' lang='lat' dir='ltr'><strong><em>monasteria</em></strong></span> <span class='ocrx_word' id='word_1_239' title='bbox 1308 1674 1448 1742; x_wconf 76' lang='lat' dir='ltr'><strong><em>infra</em></strong></span> <span class='ocrx_word' id='word_1_240' title='bbox 1507 1674 1744 1742; x_wconf 79' lang='lat' dir='ltr'><strong><em>{orestem</em></strong></span> <span class='ocrx_word' id='word_1_241' title='bbox 1803 1676 1872 1708; x_wconf 74' lang='grc'><strong><em>⁸³³</em></strong></span> 
     </span>
    </p>
   </div>
   <div class='ocr_carea' id='block_1_37' title="bbox 284 1762 1872 1836">
    <p class='ocr_par' dir='ltr' id='par_1_37' title="bbox 284 1762 1872 1836">
     <span class='ocr_line' id='line_1_38' title="bbox 284 1762 1872 1836; baseline 0.001 -18"><span class='ocrx_word' id='word_1_242' title='bbox 284 1774 521 1818; x_wconf 81' lang='lat' dir='ltr'><strong><em>nostram</em></strong></span> <span class='ocrx_word' id='word_1_243' title='bbox 550 1762 645 1828; x_wconf 80' lang='grc'><strong><em>⁸⁸⁷,</em></strong></span> <span class='ocrx_word' id='word_1_244' title='bbox 673 1765 726 1816; x_wconf 89' lang='lat' dir='ltr'><strong><em>in</em></strong></span> <span class='ocrx_word' id='word_1_245' title='bbox 775 1762 913 1816; x_wconf 88' lang='lat' dir='ltr'><strong><em>saltu</em></strong></span> <span class='ocrx_word' id='word_1_246' title='bbox 963 1763 1261 1817; x_wconf 62' lang='lat' dir='ltr'><strong><em>Arduenna:</em></strong></span> <span class='ocrx_word' id='word_1_247' title='bbox 1323 1763 1543 1835; x_wconf 88' lang='lat' dir='ltr'><strong><em>sitam,]</em></strong></span> <span class='ocrx_word' id='word_1_248' title='bbox 1590 1766 1641 1818; x_wconf 90' lang='lat' dir='ltr'><strong><em>in</em></strong></span> <span class='ocrx_word' id='word_1_249' title='bbox 1689 1767 1872 1836; x_wconf 79' lang='lat' dir='ltr'><strong><em>quibus</em></strong></span> 
     </span>
    </p>
   </div>
   <div class='ocr_carea' id='block_1_38' title="bbox 281 1857 1869 1926">
    <p class='ocr_par' dir='ltr' id='par_1_38' title="bbox 281 1857 1869 1926">
     <span class='ocr_line' id='line_1_39' title="bbox 281 1857 1869 1926; baseline 0.001 -17"><span class='ocrx_word' id='word_1_250' title='bbox 281 1866 633 1926; x_wconf 81' lang='lat' dir='ltr'><strong><em>aggregentnr</em></strong></span> <span class='ocrx_word' id='word_1_251' title='bbox 667 1857 765 1909; x_wconf 80' lang='lat' dir='ltr'><strong><em>viri</em></strong></span> <span class='ocrx_word' id='word_1_252' title='bbox 789 1857 1017 1926; x_wconf 86' lang='lat' dir='ltr'><strong><em>religiosi</em></strong></span> <span class='ocrx_word' id='word_1_253' title='bbox 1044 1857 1216 1910; x_wconf 85' lang='lat' dir='ltr'><strong><em>ordini</em></strong></span> <span class='ocrx_word' id='word_1_254' title='bbox 1243 1857 1528 1910; x_wconf 81' lang='lat' dir='ltr'><strong><em>monastico</em></strong></span> <span class='ocrx_word' id='word_1_255' title='bbox 1554 1858 1869 1924; x_wconf 78' lang='lat' dir='ltr'><strong><em>inservituri,</em></strong></span> 
     </span>
    </p>
   </div>
   <div class='ocr_carea' id='block_1_39' title="bbox 277 1947 1868 2017">
    <p class='ocr_par' dir='ltr' id='par_1_39' title="bbox 277 1947 1868 2017">
     <span class='ocr_line' id='line_1_40' title="bbox 277 1947 1868 2017; baseline 0.003 -19"><span class='ocrx_word' id='word_1_256' title='bbox 277 1947 376 2017; x_wconf 85' lang='lat' dir='ltr'><strong><em>qui</em></strong></span> <span class='ocrx_word' id='word_1_257' title='bbox 399 1962 493 2014; x_wconf 89' lang='lat' dir='ltr'><strong><em>pro</em></strong></span> <span class='ocrx_word' id='word_1_258' title='bbox 517 1955 696 2000; x_wconf 81' lang='lat' dir='ltr'><strong><em>nostra</em></strong></span> <span class='ocrx_word' id='word_1_259' title='bbox 719 1957 766 1999; x_wconf 89' lang='lat' dir='ltr'><strong><em>et</em></strong></span> <span class='ocrx_word' id='word_1_260' title='bbox 792 1962 1146 2000; x_wconf 78' lang='lat' dir='ltr'><strong><em>successorum</em></strong></span> <span class='ocrx_word' id='word_1_261' title='bbox 1173 1955 1464 1998; x_wconf 88' lang='lat' dir='ltr'><strong><em>nostrorum</em></strong></span> <span class='ocrx_word' id='word_1_262' title='bbox 1498 1948 1868 2014; x_wconf 80' lang='lat' dir='ltr'><strong><em>incolomitate,</em></strong></span> 
     </span>
    </p>
   </div>
   <div class='ocr_carea' id='block_1_40' title="bbox 277 2038 1868 2110">
    <p class='ocr_par' dir='ltr' id='par_1_40' title="bbox 277 2038 1868 2110">
     <span class='ocr_line' id='line_1_41' title="bbox 277 2038 1868 2110; baseline 0.001 -16"><span class='ocrx_word' id='word_1_263' title='bbox 277 2048 334 2094; x_wconf 77' lang='lat' dir='ltr'><strong><em>et</em></strong></span> <span class='ocrx_word' id='word_1_264' title='bbox 355 2055 449 2108; x_wconf 87' lang='lat' dir='ltr'><strong><em>pro</em></strong></span> <span class='ocrx_word' id='word_1_265' title='bbox 479 2038 645 2092; x_wconf 89' lang='lat' dir='ltr'><strong><em>tocius</em></strong></span> <span class='ocrx_word' id='word_1_266' title='bbox 674 2041 816 2106; x_wconf 85' lang='lat' dir='ltr'><strong><em>regni</em></strong></span> <span class='ocrx_word' id='word_1_267' title='bbox 850 2039 1015 2092; x_wconf 82' lang='lat' dir='ltr'><strong><em>nostri</em></strong></span> <span class='ocrx_word' id='word_1_268' title='bbox 1067 2038 1350 2091; x_wconf 83' lang='lat' dir='ltr'><strong><em>stabilitate</em></strong></span> <span class='ocrx_word' id='word_1_269' title='bbox 1375 2049 1420 2092; x_wconf 72' lang='lat' dir='ltr'><strong><em>et</em></strong></span> <span class='ocrx_word' id='word_1_270' title='bbox 1448 2042 1635 2108; x_wconf 78' lang='lat' dir='ltr'><strong><em>quiete,</em></strong></span> <span class='ocrx_word' id='word_1_271' title='bbox 1691 2052 1739 2094; x_wconf 91' lang='lat' dir='ltr'><strong><em>et</em></strong></span> <span class='ocrx_word' id='word_1_272' title='bbox 1775 2057 1868 2110; x_wconf 76' lang='lat' dir='ltr'><strong><em>pro</em></strong></span> 
     </span>
    </p>
   </div>
   <div class='ocr_carea' id='block_1_41' title="bbox 275 2114 1870 2199">
    <p class='ocr_par' dir='ltr' id='par_1_41' title="bbox 275 2114 1870 2199">
     <span class='ocr_line' id='line_1_42' title="bbox 275 2114 1870 2199; baseline 0.003 -18"><span class='ocrx_word' id='word_1_273' title='bbox 275 2114 426 2181; x_wconf 63' lang='lat' dir='ltr'><strong><em>(uris</em></strong></span> <span class='ocrx_word' id='word_1_274' title='bbox 460 2128 603 2196; x_wconf 83' lang='lat' dir='ltr'><strong><em>regni</em></strong></span> <span class='ocrx_word' id='word_1_275' title='bbox 623 2127 1005 2196; x_wconf 83' lang='lat' dir='ltr'><strong><em>invigilantium</em></strong></span> <span class='ocrx_word' id='word_1_276' title='bbox 1037 2129 1389 2182; x_wconf 81' lang='lat' dir='ltr'><strong><em>observatione</em></strong></span> <span class='ocrx_word' id='word_1_277' title='bbox 1429 2131 1498 2161; x_wconf 82' lang='grc'><strong><em>⁸⁸⁹</em></strong></span> <span class='ocrx_word' id='word_1_278' title='bbox 1546 2132 1870 2199; x_wconf 80' lang='lat' dir='ltr'><strong><em>omnipoten-</em></strong></span> 
     </span>
    </p>
   </div>
   <div class='ocr_carea' id='block_1_42' title="bbox 275 2216 1872 2287">
    <p class='ocr_par' dir='ltr' id='par_1_42' title="bbox 275 2216 1872 2287">
     <span class='ocr_line' id='line_1_43' title="bbox 275 2216 1872 2287; baseline 0.002 -17"><span class='ocrx_word' id='word_1_279' title='bbox 275 2225 387 2270; x_wconf 76' lang='lat' dir='ltr'><strong><em>tem</em></strong></span> <span class='ocrx_word' id='word_1_280' title='bbox 410 2216 575 2270; x_wconf 87' lang='lat' dir='ltr'><strong><em>Deum</em></strong></span> <span class='ocrx_word' id='word_1_281' title='bbox 607 2216 824 2270; x_wconf 87' lang='lat' dir='ltr'><strong><em>debeant</em></strong></span> <span class='ocrx_word' id='word_1_282' title='bbox 847 2216 1113 2285; x_wconf 79' lang='lat' dir='ltr'><strong><em>profusius</em></strong></span> <span class='ocrx_word' id='word_1_283' title='bbox 1135 2217 1422 2271; x_wconf 84' lang='lat' dir='ltr'><strong><em>obsecrare.</em></strong></span> <span class='ocrx_word' id='word_1_284' title='bbox 1470 2217 1633 2287; x_wconf 83' lang='lat' dir='ltr'><strong><em>Cujus</em></strong></span> <span class='ocrx_word' id='word_1_285' title='bbox 1658 2220 1730 2272; x_wconf 71' lang='lat' dir='ltr'><strong><em>rei</em></strong></span> <span class='ocrx_word' id='word_1_286' title='bbox 1759 2236 1872 2273; x_wconf 89' lang='lat' dir='ltr'><strong><em>mo-</em></strong></span> 
     </span>
    </p>
   </div>
   <div class='ocr_carea' id='block_1_43' title="bbox 273 2307 1865 2376">
    <p class='ocr_par' dir='ltr' id='par_1_43' title="bbox 273 2307 1865 2376">
     <span class='ocr_line' id='line_1_44' title="bbox 273 2307 1865 2376; baseline 0.001 -16"><span class='ocrx_word' id='word_1_287' title='bbox 273 2307 504 2360; x_wconf 79' lang='lat' dir='ltr'><strong><em>nitorem</em></strong></span> <span class='ocrx_word' id='word_1_288' title='bbox 531 2317 580 2360; x_wconf 92' lang='lat' dir='ltr'><strong><em>et</em></strong></span> <span class='ocrx_word' id='word_1_289' title='bbox 608 2307 936 2361; x_wconf 85' lang='lat' dir='ltr'><strong><em>incitatorem</em></strong></span> <span class='ocrx_word' id='word_1_290' title='bbox 959 2308 1203 2360; x_wconf 77' lang='lat' dir='ltr'><strong><em>habentes</em></strong></span> <span class='ocrx_word' id='word_1_291' title='bbox 1232 2324 1340 2376; x_wconf 70' lang='lat' dir='ltr'><strong><em>pra:</em></strong></span> <span class='ocrx_word' id='word_1_292' title='bbox 1368 2310 1610 2362; x_wconf 86' lang='lat' dir='ltr'><strong><em>manibus</em></strong></span> <span class='ocrx_word' id='word_1_293' title='bbox 1660 2309 1865 2363; x_wconf 85' lang='lat' dir='ltr'><strong><em>beatum</em></strong></span> 
     </span>
    </p>
   </div>
   <div class='ocr_carea' id='block_1_44' title="bbox 272 2393 1866 2467">
    <p class='ocr_par' dir='ltr' id='par_1_44' title="bbox 272 2393 1866 2467">
     <span class='ocr_line' id='line_1_45' title="bbox 272 2393 1866 2467; baseline 0.003 -19"><span class='ocrx_word' id='word_1_294' title='bbox 272 2393 613 2460; x_wconf 78' lang='lat' dir='ltr'><strong><em>Remaclum,</em></strong></span> <span class='ocrx_word' id='word_1_295' title='bbox 641 2397 859 2450; x_wconf 89' lang='lat' dir='ltr'><strong><em>eundem</em></strong></span> <span class='ocrx_word' id='word_1_296' title='bbox 894 2396 1225 2466; x_wconf 63' lang='lat' dir='ltr'><strong><em>pra‘fecimus</em></strong></span> <span class='ocrx_word' id='word_1_297' title='bbox 1272 2398 1319 2449; x_wconf 90' lang='lat' dir='ltr'><strong><em>ei</em></strong></span> <span class='ocrx_word' id='word_1_298' title='bbox 1365 2399 1505 2467; x_wconf 90' lang='lat' dir='ltr'><strong><em>operi</em></strong></span> <span class='ocrx_word' id='word_1_299' title='bbox 1551 2399 1866 2467; x_wconf 70' lang='lat' dir='ltr'><strong><em>provisor-em</em></strong></span> 
     </span>
    </p>
   </div>
   <div class='ocr_carea' id='block_1_45' title="bbox 271 2487 891 2557">
    <p class='ocr_par' dir='ltr' id='par_1_45' title="bbox 271 2487 891 2557">
     <span class='ocr_line' id='line_1_46' title="bbox 271 2487 891 2557; baseline 0.005 -19"><span class='ocrx_word' id='word_1_300' title='bbox 271 2494 451 2555; x_wconf 69' lang='lat' dir='ltr'><strong><em>atque</em></strong></span> <span class='ocrx_word' id='word_1_301' title='bbox 469 2487 770 2557; x_wconf 86' lang='lat' dir='ltr'><strong><em>magistrum</em></strong></span> <span class='ocrx_word' id='word_1_302' title='bbox 801 2488 891 2541; x_wconf 82' lang='grc'><strong><em>⁸⁹⁰.</em></strong></span> 
     </span>
    </p>
   </div>
   <div class='ocr_carea' id='block_1_46' title="bbox 560 2581 1596 2641">
    <p class='ocr_par' dir='ltr' id='par_1_46' title="bbox 560 2581 1596 2641">
     <span class='ocr_line' id='line_1_47' title="bbox 560 2581 1596 2641; baseline 0.006 -7"><span class='ocrx_word' id='word_1_303' title='bbox 560 2581 649 2635; x_wconf 72' lang='grc'><strong><em>47.</em></strong></span> <span class='ocrx_word' id='word_1_304' title='bbox 688 2581 763 2636; x_wconf 88' lang='lat' dir='ltr'><strong><em>De</em></strong></span> <span class='ocrx_word' id='word_1_305' title='bbox 794 2583 1174 2639; x_wconf 82' lang='lat' dir='ltr'><strong><em>lllalmundarii</em></strong></span> <span class='ocrx_word' id='word_1_306' title='bbox 1196 2588 1596 2641; x_wconf 86' lang='lat' dir='ltr'><strong><em>constructione.</em></strong></span> 
     </span>
    </p>
   </div>
   <div class='ocr_carea' id='block_1_47' title="bbox 180 2675 1866 2761">
    <p class='ocr_par' dir='ltr' id='par_1_47' title="bbox 180 2675 1866 2761">
     <span class='ocr_line' id='line_1_48' title="bbox 180 2675 1866 2761; baseline 0.006 -32"><span class='ocrx_word' id='word_1_307' title='bbox 180 2746 198 2761; x_wconf 51' lang='lat'><strong><em>.</em></strong></span> <span class='ocrx_word' id='word_1_308' title='bbox 349 2675 776 2752; x_wconf 77' lang='lat' dir='ltr'><strong><em>Acceptaigitur</em></strong></span> <span class='ocrx_word' id='word_1_309' title='bbox 797 2689 1016 2736; x_wconf 89' lang='lat' dir='ltr'><strong><em>sanctus</em></strong></span> <span class='ocrx_word' id='word_1_310' title='bbox 1049 2684 1306 2738; x_wconf 88' lang='lat' dir='ltr'><strong><em>sacerdos</em></strong></span> <span class='ocrx_word' id='word_1_311' title='bbox 1362 2685 1511 2756; x_wconf 83' lang='lat' dir='ltr'><strong><em>regia</em></strong></span> <span class='ocrx_word' id='word_1_312' title='bbox 1540 2685 1866 2740; x_wconf 84' lang='lat' dir='ltr'><strong><em>auctoritate</em></strong></span> 
     </span>
    </p>
   </div>
   <div class='ocr_carea' id='block_1_48' title="bbox 266 2767 1864 2838">
    <p class='ocr_par' dir='ltr' id='par_1_48' title="bbox 266 2767 1864 2838">
     <span class='ocr_line' id='line_1_49' title="bbox 266 2767 1864 2838; baseline 0.008 -19"><span class='ocrx_word' id='word_1_313' title='bbox 266 2772 334 2819; x_wconf 86' lang='lat' dir='ltr'><strong><em>et</em></strong></span> <span class='ocrx_word' id='word_1_314' title='bbox 360 2767 618 2819; x_wconf 89' lang='lat' dir='ltr'><strong><em>comitum</em></strong></span> <span class='ocrx_word' id='word_1_315' title='bbox 649 2770 1074 2824; x_wconf 85' lang='lat' dir='ltr'><strong><em>necessariorum</em></strong></span> <span class='ocrx_word' id='word_1_316' title='bbox 1115 2771 1503 2838; x_wconf 80' lang='lat' dir='ltr'><strong><em>sublevatione,</em></strong></span> <span class='ocrx_word' id='word_1_317' title='bbox 1555 2775 1864 2832; x_wconf 77' lang='lat' dir='ltr'><strong><em>Arduenna:</em></strong></span> 
     </span>
    </p>
   </div>
   <div class='ocr_carea' id='block_1_49' title="bbox 264 2857 1858 2932">
    <p class='ocr_par' dir='ltr' id='par_1_49' title="bbox 264 2857 1858 2932">
     <span class='ocr_line' id='line_1_50' title="bbox 264 2857 1858 2932; baseline 0.007 -22"><span class='ocrx_word' id='word_1_318' title='bbox 264 2866 494 2912; x_wconf 75' lang='lat' dir='ltr'><strong><em>vastum</em></strong></span> <span class='ocrx_word' id='word_1_319' title='bbox 523 2857 802 2928; x_wconf 89' lang='lat' dir='ltr'><strong><em>paludibus</em></strong></span> <span class='ocrx_word' id='word_1_320' title='bbox 826 2873 877 2914; x_wconf 89' lang='lat' dir='ltr'><strong><em>et</em></strong></span> <span class='ocrx_word' id='word_1_321' title='bbox 909 2861 1239 2932; x_wconf 80' lang='lat' dir='ltr'><strong><em>confragosis</em></strong></span> <span class='ocrx_word' id='word_1_322' title='bbox 1269 2863 1336 2894; x_wconf 80' lang='grc'><strong><em>⁵⁹¹</em></strong></span> <span class='ocrx_word' id='word_1_323' title='bbox 1365 2866 1640 2920; x_wconf 89' lang='lat' dir='ltr'><strong><em>montibus</em></strong></span> <span class='ocrx_word' id='word_1_324' title='bbox 1667 2866 1858 2921; x_wconf 88' lang='lat' dir='ltr'><strong><em>saltum</em></strong></span> 
     </span>
    </p>
   </div>
   <div class='ocr_carea' id='block_1_50' title="bbox 1977 1668 3565 1732">
    <p class='ocr_par' dir='ltr' id='par_1_50' title="bbox 1977 1668 3565 1732">
     <span class='ocr_line' id='line_1_51' title="bbox 1977 1668 3565 1732; baseline 0.005 -13"><span class='ocrx_word' id='word_1_325' title='bbox 1977 1681 2161 1720; x_wconf 87' lang='lat' dir='ltr'><strong><em>eorum</em></strong></span> <span class='ocrx_word' id='word_1_326' title='bbox 2197 1673 2316 1719; x_wconf 90' lang='lat' dir='ltr'><strong><em>erat</em></strong></span> <span class='ocrx_word' id='word_1_327' title='bbox 2347 1668 2692 1732; x_wconf 82' lang='lat' dir='ltr'><strong><em>constrictus,</em></strong></span> <span class='ocrx_word' id='word_1_328' title='bbox 2717 1677 2770 1722; x_wconf 89' lang='lat' dir='ltr'><strong><em>et</em></strong></span> <span class='ocrx_word' id='word_1_329' title='bbox 2798 1669 2918 1723; x_wconf 82' lang='lat' dir='ltr'><strong><em>ideo</em></strong></span> <span class='ocrx_word' id='word_1_330' title='bbox 2943 1668 3277 1725; x_wconf 81' lang='lat' dir='ltr'><strong><em>ollicinarum</em></strong></span> <span class='ocrx_word' id='word_1_331' title='bbox 3315 1685 3565 1728; x_wconf 81' lang='lat' dir='ltr'><strong><em>necessa-</em></strong></span> 
     </span>
    </p>
   </div>
   <div class='ocr_carea' id='block_1_51' title="bbox 1977 1757 3562 1825">
    <p class='ocr_par' dir='ltr' id='par_1_51' title="bbox 1977 1757 3562 1825">
     <span class='ocr_line' id='line_1_52' title="bbox 1977 1757 3562 1825; baseline 0.006 -17"><span class='ocrx_word' id='word_1_332' title='bbox 1977 1757 2176 1810; x_wconf 86' lang='lat' dir='ltr'><strong><em>riarum</em></strong></span> <span class='ocrx_word' id='word_1_333' title='bbox 2211 1757 2389 1811; x_wconf 91' lang='lat' dir='ltr'><strong><em>minus</em></strong></span> <span class='ocrx_word' id='word_1_334' title='bbox 2439 1757 2708 1814; x_wconf 85' lang='lat' dir='ltr'><strong><em>sullicicns</em></strong></span> <span class='ocrx_word' id='word_1_335' title='bbox 2738 1762 2947 1825; x_wconf 87' lang='lat' dir='ltr'><strong><em>usibus,</em></strong></span> <span class='ocrx_word' id='word_1_336' title='bbox 2980 1765 3154 1818; x_wconf 89' lang='lat' dir='ltr'><strong><em>denuo</em></strong></span> <span class='ocrx_word' id='word_1_337' title='bbox 3199 1779 3446 1818; x_wconf 83' lang='lat' dir='ltr'><strong><em>reversus</em></strong></span> <span class='ocrx_word' id='word_1_338' title='bbox 3493 1763 3562 1818; x_wconf 85' lang='lat' dir='ltr'><strong><em>ad</em></strong></span> 
     </span>
    </p>
   </div>
   <div class='ocr_carea' id='block_1_52' title="bbox 1972 1849 3559 1924">
    <p class='ocr_par' dir='ltr' id='par_1_52' title="bbox 1972 1849 3559 1924">
     <span class='ocr_line' id='line_1_53' title="bbox 1972 1849 3559 1924; baseline 0.004 -23"><span class='ocrx_word' id='word_1_339' title='bbox 1972 1849 2234 1904; x_wconf 89' lang='lat' dir='ltr'><strong><em>orientem</em></strong></span> <span class='ocrx_word' id='word_1_340' title='bbox 2290 1852 2594 1919; x_wconf 82' lang='lat' dir='ltr'><strong><em>processit,</em></strong></span> <span class='ocrx_word' id='word_1_341' title='bbox 2646 1851 2819 1906; x_wconf 88' lang='lat' dir='ltr'><strong><em>locum</em></strong></span> <span class='ocrx_word' id='word_1_342' title='bbox 2871 1853 3248 1923; x_wconf 86' lang='lat' dir='ltr'><strong><em>spatiosiorem</em></strong></span> <span class='ocrx_word' id='word_1_343' title='bbox 3303 1864 3358 1908; x_wconf 82' lang='lat' dir='ltr'><strong><em>et</em></strong></span> <span class='ocrx_word' id='word_1_344' title='bbox 3409 1855 3559 1924; x_wconf 90' lang='lat' dir='ltr'><strong><em>operi</em></strong></span> 
     </span>
    </p>
   </div>
   <div class='ocr_carea' id='block_1_53' title="bbox 1974 1938 3562 2016">
    <p class='ocr_par' dir='ltr' id='par_1_53' title="bbox 1974 1938 3562 2016">
     <span class='ocr_line' id='line_1_54' title="bbox 1974 1938 3562 2016; baseline 0.006 -24"><span class='ocrx_word' id='word_1_345' title='bbox 1974 1938 2153 1994; x_wconf 90' lang='lat' dir='ltr'><strong><em>futuro</em></strong></span> <span class='ocrx_word' id='word_1_346' title='bbox 2186 1939 2255 1971; x_wconf 73' lang='grc'>⁸⁸³³</span> <span class='ocrx_word' id='word_1_347' title='bbox 2313 1942 2574 2010; x_wconf 89' lang='lat' dir='ltr'><strong><em>aptiorem</em></strong></span> <span class='ocrx_word' id='word_1_348' title='bbox 2626 1945 2901 2012; x_wconf 80' lang='lat' dir='ltr'><strong><em>prospexit</em></strong></span> <span class='ocrx_word' id='word_1_349' title='bbox 2933 1944 3019 1996; x_wconf 65' lang='grc' dir='ltr'><strong>⁶⁰δ.</strong></span> <span class='ocrx_word' id='word_1_350' title='bbox 3047 1945 3328 2016; x_wconf 84' lang='lat' dir='ltr'><strong><em>Proposito</em></strong></span> <span class='ocrx_word' id='word_1_351' title='bbox 3389 1945 3562 2002; x_wconf 83' lang='lat' dir='ltr'><strong><em>labori</em></strong></span> 
     </span>
    </p>
   </div>
   <div class='ocr_carea' id='block_1_54' title="bbox 1973 2033 3564 2103">
    <p class='ocr_par' dir='ltr' id='par_1_54' title="bbox 1973 2033 3564 2103">
     <span class='ocr_line' id='line_1_55' title="bbox 1973 2033 3564 2103; baseline 0.003 -18"><span class='ocrx_word' id='word_1_352' title='bbox 1973 2033 2177 2088; x_wconf 90' lang='lat' dir='ltr'><strong><em>instare</em></strong></span> <span class='ocrx_word' id='word_1_353' title='bbox 2214 2034 2381 2103; x_wconf 74' lang='lat' dir='ltr'><strong><em>cmpit</em></strong></span> <span class='ocrx_word' id='word_1_354' title='bbox 2415 2034 2692 2098; x_wconf 84' lang='lat' dir='ltr'><strong><em>attentius,</em></strong></span> <span class='ocrx_word' id='word_1_355' title='bbox 2719 2046 2772 2088; x_wconf 89' lang='lat' dir='ltr'><strong><em>et</em></strong></span> <span class='ocrx_word' id='word_1_356' title='bbox 2802 2045 2860 2089; x_wconf 93' lang='lat' dir='ltr'><strong><em>ut</em></strong></span> <span class='ocrx_word' id='word_1_357' title='bbox 2907 2036 3108 2091; x_wconf 86' lang='lat' dir='ltr'><strong><em>assolet</em></strong></span> <span class='ocrx_word' id='word_1_358' title='bbox 3153 2038 3205 2092; x_wconf 91' lang='lat' dir='ltr'><strong><em>in</em></strong></span> <span class='ocrx_word' id='word_1_359' title='bbox 3261 2037 3459 2093; x_wconf 85' lang='lat' dir='ltr'><strong><em>talibus</em></strong></span> <span class='ocrx_word' id='word_1_360' title='bbox 3488 2036 3564 2091; x_wconf 84' lang='lat' dir='ltr'><strong><em>di-</em></strong></span> 
     </span>
    </p>
   </div>
   <div class='ocr_carea' id='block_1_55' title="bbox 1971 2127 3563 2199">
    <p class='ocr_par' dir='ltr' id='par_1_55' title="bbox 1971 2127 3563 2199">
     <span class='ocr_line' id='line_1_56' title="bbox 1971 2127 3563 2199; baseline 0.004 -21"><span class='ocrx_word' id='word_1_361' title='bbox 1971 2127 2095 2180; x_wconf 87' lang='lat' dir='ltr'><strong><em>vina</em></strong></span> <span class='ocrx_word' id='word_1_362' title='bbox 2119 2127 2514 2197; x_wconf 87' lang='lat' dir='ltr'><strong><em>cooperabatur</em></strong></span> <span class='ocrx_word' id='word_1_363' title='bbox 2538 2128 2710 2182; x_wconf 85' lang='lat' dir='ltr'><strong><em>virtus</em></strong></span> <span class='ocrx_word' id='word_1_364' title='bbox 2730 2169 2744 2193; x_wconf 93' lang='lat'><strong><em>,</em></strong></span> <span class='ocrx_word' id='word_1_365' title='bbox 2775 2143 3142 2199; x_wconf 66' lang='lat' dir='ltr'><strong><em>proslieroque</em></strong></span> <span class='ocrx_word' id='word_1_366' title='bbox 3181 2145 3437 2184; x_wconf 89' lang='lat' dir='ltr'><strong><em>successu</em></strong></span> <span class='ocrx_word' id='word_1_367' title='bbox 3467 2145 3563 2184; x_wconf 86' lang='lat' dir='ltr'><strong><em>vo-</em></strong></span> 
     </span>
    </p>
   </div>
   <div class='ocr_carea' id='block_1_56' title="bbox 1971 2218 3559 2292">
    <p class='ocr_par' dir='ltr' id='par_1_56' title="bbox 1971 2218 3559 2292">
     <span class='ocr_line' id='line_1_57' title="bbox 1971 2218 3559 2292; baseline 0.004 -22"><span class='ocrx_word' id='word_1_368' title='bbox 1971 2218 2230 2272; x_wconf 71' lang='lat' dir='ltr'><strong><em>luntatem</em></strong></span> <span class='ocrx_word' id='word_1_369' title='bbox 2279 2228 2360 2274; x_wconf 90' lang='lat' dir='ltr'><strong><em>est</em></strong></span> <span class='ocrx_word' id='word_1_370' title='bbox 2399 2221 2717 2276; x_wconf 86' lang='lat' dir='ltr'><strong><em>subsecutus</em></strong></span> <span class='ocrx_word' id='word_1_371' title='bbox 2758 2220 3004 2276; x_wconf 80' lang='lat' dir='ltr'><strong><em>effectus.</em></strong></span> <span class='ocrx_word' id='word_1_372' title='bbox 3053 2221 3118 2276; x_wconf 85' lang='lat' dir='ltr'><strong><em>Et</em></strong></span> <span class='ocrx_word' id='word_1_373' title='bbox 3155 2223 3280 2292; x_wconf 90' lang='lat' dir='ltr'><strong><em>quia</em></strong></span> <span class='ocrx_word' id='word_1_374' title='bbox 3326 2223 3394 2277; x_wconf 90' lang='lat' dir='ltr'><strong><em>ob</em></strong></span> <span class='ocrx_word' id='word_1_375' title='bbox 3426 2237 3559 2277; x_wconf 87' lang='lat' dir='ltr'><strong><em>con-</em></strong></span> 
     </span>
    </p>
   </div>
   <div class='ocr_carea' id='block_1_57' title="bbox 1969 2310 3560 2382">
    <p class='ocr_par' dir='ltr' id='par_1_57' title="bbox 1969 2310 3560 2382">
     <span class='ocr_line' id='line_1_58' title="bbox 1969 2310 3560 2382; baseline 0.001 -18"><span class='ocrx_word' id='word_1_376' title='bbox 1969 2311 2245 2364; x_wconf 73' lang='lat' dir='ltr'><strong><em>ﬂuentium</em></strong></span> <span class='ocrx_word' id='word_1_377' title='bbox 2307 2310 2544 2366; x_wconf 86' lang='lat' dir='ltr'><strong><em>ferarum</em></strong></span> <span class='ocrx_word' id='word_1_378' title='bbox 2602 2314 2839 2382; x_wconf 87' lang='lat' dir='ltr'><strong><em>undique</em></strong></span> <span class='ocrx_word' id='word_1_379' title='bbox 2862 2312 3004 2377; x_wconf 91' lang='lat' dir='ltr'><strong><em>illuc,</em></strong></span> <span class='ocrx_word' id='word_1_380' title='bbox 3045 2313 3128 2368; x_wconf 87' lang='lat' dir='ltr'><strong><em>vel</em></strong></span> <span class='ocrx_word' id='word_1_381' title='bbox 3156 2313 3222 2367; x_wconf 87' lang='lat' dir='ltr'><strong><em>ad</em></strong></span> <span class='ocrx_word' id='word_1_382' title='bbox 3269 2312 3560 2382; x_wconf 69' lang='lat' dir='ltr'><strong><em>potum‘“,</em></strong></span> 
     </span>
    </p>
   </div>
   <div class='ocr_carea' id='block_1_58' title="bbox 1971 2404 3560 2476">
    <p class='ocr_par' dir='ltr' id='par_1_58' title="bbox 1971 2404 3560 2476">
     <span class='ocr_line' id='line_1_59' title="bbox 1971 2404 3560 2476; baseline 0 -20"><span class='ocrx_word' id='word_1_383' title='bbox 1971 2404 2055 2457; x_wconf 86' lang='lat' dir='ltr'><strong><em>vel</em></strong></span> <span class='ocrx_word' id='word_1_384' title='bbox 2083 2406 2147 2459; x_wconf 91' lang='lat' dir='ltr'><strong><em>ad</em></strong></span> <span class='ocrx_word' id='word_1_385' title='bbox 2181 2419 2394 2476; x_wconf 89' lang='lat' dir='ltr'><strong><em>pastum</em></strong></span> <span class='ocrx_word' id='word_1_386' title='bbox 2419 2447 2434 2470; x_wconf 94' lang='lat'><strong><em>,</em></strong></span> <span class='ocrx_word' id='word_1_387' title='bbox 2462 2411 2606 2461; x_wconf 86' lang='lat' dir='ltr'><strong><em>velut</em></strong></span> <span class='ocrx_word' id='word_1_388' title='bbox 2642 2407 2708 2461; x_wconf 89' lang='lat' dir='ltr'><strong><em>ad</em></strong></span> <span class='ocrx_word' id='word_1_389' title='bbox 2764 2407 3034 2461; x_wconf 88' lang='lat' dir='ltr'><strong><em>stabulum</em></strong></span> <span class='ocrx_word' id='word_1_390' title='bbox 3087 2406 3560 2468; x_wconf 89' lang='lat' dir='ltr'><strong><em>concurrentium,</em></strong></span> 
     </span>
    </p>
   </div>
   <div class='ocr_carea' id='block_1_59' title="bbox 1970 2493 3561 2564">
    <p class='ocr_par' dir='ltr' id='par_1_59' title="bbox 1970 2493 3561 2564">
     <span class='ocr_line' id='line_1_60' title="bbox 1970 2493 3561 2564; baseline -0.001 -16"><span class='ocrx_word' id='word_1_391' title='bbox 1970 2493 2201 2548; x_wconf 88' lang='lat' dir='ltr'><strong><em>inditum</em></strong></span> <span class='ocrx_word' id='word_1_392' title='bbox 2230 2497 2403 2551; x_wconf 88' lang='lat' dir='ltr'><strong><em>eidem</em></strong></span> <span class='ocrx_word' id='word_1_393' title='bbox 2439 2497 2558 2551; x_wconf 87' lang='lat' dir='ltr'><strong><em>loco</em></strong></span> <span class='ocrx_word' id='word_1_394' title='bbox 2599 2496 2893 2558; x_wconf 83' lang='lat' dir='ltr'><strong><em>Stabulaus</em></strong></span> <span class='ocrx_word' id='word_1_395' title='bbox 2925 2495 3224 2564; x_wconf 85' lang='lat' dir='ltr'><strong><em>antiquitus</em></strong></span> <span class='ocrx_word' id='word_1_396' title='bbox 3251 2503 3370 2549; x_wconf 89' lang='lat' dir='ltr'><strong><em>erat</em></strong></span> <span class='ocrx_word' id='word_1_397' title='bbox 3404 2507 3561 2548; x_wconf 84' lang='lat' dir='ltr'><strong><em>voca-</em></strong></span> 
     </span>
    </p>
   </div>
   <div class='ocr_carea' id='block_1_60' title="bbox 1968 2583 3556 2659">
    <p class='ocr_par' dir='ltr' id='par_1_60' title="bbox 1968 2583 3556 2659">
     <span class='ocr_line' id='line_1_61' title="bbox 1968 2583 3556 2659; baseline -0.003 -19"><span class='ocrx_word' id='word_1_398' title='bbox 1968 2585 2174 2652; x_wconf 88' lang='lat' dir='ltr'><strong><em>bulum,</em></strong></span> <span class='ocrx_word' id='word_1_399' title='bbox 2202 2603 2306 2642; x_wconf 90' lang='lat' dir='ltr'><strong><em>uon</em></strong></span> <span class='ocrx_word' id='word_1_400' title='bbox 2343 2589 2561 2659; x_wconf 81' lang='lat' dir='ltr'><strong><em>dignum</em></strong></span> <span class='ocrx_word' id='word_1_401' title='bbox 2584 2587 2734 2641; x_wconf 87' lang='lat' dir='ltr'><strong><em>duxit</em></strong></span> <span class='ocrx_word' id='word_1_402' title='bbox 2761 2588 2878 2640; x_wconf 90' lang='lat' dir='ltr'><strong><em>illut</em></strong></span> <span class='ocrx_word' id='word_1_403' title='bbox 2913 2587 3223 2649; x_wconf 85' lang='lat' dir='ltr'><strong><em>immutare,</em></strong></span> <span class='ocrx_word' id='word_1_404' title='bbox 3250 2584 3343 2640; x_wconf 84' lang='lat' dir='ltr'><strong><em>sed</em></strong></span> <span class='ocrx_word' id='word_1_405' title='bbox 3369 2583 3556 2638; x_wconf 63' lang='lat' dir='ltr'><strong><em>stabtto</em></strong></span> 
     </span>
    </p>
   </div>
   <div class='ocr_carea' id='block_1_61' title="bbox 1968 2671 3559 2742">
    <p class='ocr_par' dir='ltr' id='par_1_61' title="bbox 1968 2671 3559 2742">
     <span class='ocr_line' id='line_1_62' title="bbox 1968 2671 3559 2742; baseline -0.002 -13"><span class='ocrx_word' id='word_1_406' title='bbox 1968 2677 2077 2731; x_wconf 91' lang='lat' dir='ltr'><strong><em>lum</em></strong></span> <span class='ocrx_word' id='word_1_407' title='bbox 2108 2677 2341 2731; x_wconf 80' lang='lat' dir='ltr'><strong><em>fidelium</em></strong></span> <span class='ocrx_word' id='word_1_408' title='bbox 2389 2679 2691 2742; x_wconf 86' lang='lat' dir='ltr'><strong><em>animarum</em></strong></span> <span class='ocrx_word' id='word_1_409' title='bbox 2725 2677 2850 2730; x_wconf 91' lang='lat' dir='ltr'><strong><em>illuc</em></strong></span> <span class='ocrx_word' id='word_1_410' title='bbox 2878 2675 3023 2729; x_wconf 88' lang='lat' dir='ltr'><strong><em>velut</em></strong></span> <span class='ocrx_word' id='word_1_411' title='bbox 3071 2673 3138 2728; x_wconf 88' lang='lat' dir='ltr'><strong><em>ad</em></strong></span> <span class='ocrx_word' id='word_1_412' title='bbox 3192 2688 3391 2742; x_wconf 88' lang='lat' dir='ltr'><strong><em>pascua</em></strong></span> <span class='ocrx_word' id='word_1_413' title='bbox 3436 2671 3559 2726; x_wconf 73' lang='lat' dir='ltr'><strong><em>vitce</em></strong></span> 
     </span>
    </p>
   </div>
   <div class='ocr_carea' id='block_1_62' title="bbox 1968 2764 3559 2839">
    <p class='ocr_par' dir='ltr' id='par_1_62' title="bbox 1968 2764 3559 2839">
     <span class='ocr_line' id='line_1_63' title="bbox 1968 2764 3559 2839; baseline -0.003 -16"><span class='ocrx_word' id='word_1_414' title='bbox 1968 2769 2262 2839; x_wconf 85' lang='lat' dir='ltr'><strong><em>perhennis</em></strong></span> <span class='ocrx_word' id='word_1_415' title='bbox 2288 2769 2548 2838; x_wconf 89' lang='lat' dir='ltr'><strong><em>deinceps</em></strong></span> <span class='ocrx_word' id='word_1_416' title='bbox 2585 2778 3060 2838; x_wconf 87' lang='lat' dir='ltr'><strong><em>properaturarum</em></strong></span> <span class='ocrx_word' id='word_1_417' title='bbox 3110 2780 3324 2834; x_wconf 84' lang='lat' dir='ltr'><strong><em>semper</em></strong></span> <span class='ocrx_word' id='word_1_418' title='bbox 3369 2764 3474 2819; x_wconf 90' lang='lat' dir='ltr'><strong><em>dici</em></strong></span> <span class='ocrx_word' id='word_1_419' title='bbox 3503 2772 3559 2818; x_wconf 86' lang='lat' dir='ltr'><strong><em>et</em></strong></span> 
     </span>
    </p>
   </div>
   <div class='ocr_carea' id='block_1_63' title="bbox 1965 2854 3560 2928">
    <p class='ocr_par' dir='ltr' id='par_1_63' title="bbox 1965 2854 3560 2928">
     <span class='ocr_line' id='line_1_64' title="bbox 1965 2854 3560 2928; baseline -0.002 -15"><span class='ocrx_word' id='word_1_420' title='bbox 1965 2874 2105 2914; x_wconf 87' lang='lat' dir='ltr'><strong><em>esse.</em></strong></span> <span class='ocrx_word' id='word_1_421' title='bbox 2162 2857 2295 2912; x_wconf 78' lang='lat' dir='ltr'><strong><em>Nam</em></strong></span> <span class='ocrx_word' id='word_1_422' title='bbox 2352 2859 2644 2924; x_wconf 86' lang='lat' dir='ltr'><strong><em>fratribus,</em></strong></span> <span class='ocrx_word' id='word_1_423' title='bbox 2677 2875 2813 2928; x_wconf 86' lang='lat' dir='ltr'><strong><em>quos</em></strong></span> <span class='ocrx_word' id='word_1_424' title='bbox 2858 2858 3053 2912; x_wconf 88' lang='lat' dir='ltr'><strong><em>ibidem</em></strong></span> <span class='ocrx_word' id='word_1_425' title='bbox 3104 2864 3324 2910; x_wconf 88' lang='lat' dir='ltr'><strong><em>sanctus</em></strong></span> <span class='ocrx_word' id='word_1_426' title='bbox 3358 2855 3441 2908; x_wconf 92' lang='lat' dir='ltr'><strong><em>vir</em></strong></span> <span class='ocrx_word' id='word_1_427' title='bbox 3491 2854 3560 2910; x_wconf 84' lang='lat' dir='ltr'><strong><em>ad</em></strong></span> 
     </span>
    </p>
   </div>
   <div class='ocr_carea' id='block_1_64' title="bbox 265 2940 3557 3030">
    <p class='ocr_par' dir='ltr' id='par_1_64' title="bbox 265 2940 3557 3030">
     <span class='ocr_line' id='line_1_65' title="bbox 265 2940 3557 3030; baseline -0 -29"><span class='ocrx_word' id='word_1_428' title='bbox 265 2948 595 3018; x_wconf 74' lang='lat' dir='ltr'><strong><em>aggreditur</em></strong></span> <span class='ocrx_word' id='word_1_429' title='bbox 621 2989 634 3013; x_wconf 94' lang='lat'><strong><em>,</em></strong></span> <span class='ocrx_word' id='word_1_430' title='bbox 700 2950 894 3006; x_wconf 80' lang='lat' dir='ltr'><strong><em>Fanias</em></strong></span> <span class='ocrx_word' id='word_1_431' title='bbox 942 2953 1088 3022; x_wconf 74' lang='lat'><strong><em>(5.17)</em></strong></span> <span class='ocrx_word' id='word_1_432' title='bbox 1129 2956 1342 3020; x_wconf 73' lang='lat' dir='ltr'><strong><em>transit,</em></strong></span> <span class='ocrx_word' id='word_1_433' title='bbox 1377 2955 1859 3030; x_wconf 59' lang='grc' dir='ltr'><strong><em>ὶνποιιίηῃεβᾼδ)</em></strong></span> <span class='ocrx_word' id='word_1_434' title='bbox 1890 2940 1934 3002; x_wconf 89' lang='lat' dir='ltr'><strong>C</strong></span> <span class='ocrx_word' id='word_1_435' title='bbox 1966 2965 2204 3020; x_wconf 70' lang='lat' dir='ltr'><strong><em>prmsens</em></strong></span> <span class='ocrx_word' id='word_1_436' title='bbox 2226 2959 2634 3020; x_wconf 77' lang='lat' dir='ltr'><strong><em>aggregaverat,</em></strong></span> <span class='ocrx_word' id='word_1_437' title='bbox 2665 2966 2770 3004; x_wconf 89' lang='lat' dir='ltr'><strong><em>non</em></strong></span> <span class='ocrx_word' id='word_1_438' title='bbox 2799 2963 3021 3018; x_wconf 86' lang='lat' dir='ltr'><strong><em>parvum</em></strong></span> <span class='ocrx_word' id='word_1_439' title='bbox 3054 2963 3178 3018; x_wconf 89' lang='lat' dir='ltr'><strong><em>sepe</em></strong></span> <span class='ocrx_word' id='word_1_440' title='bbox 3220 2947 3557 3001; x_wconf 87' lang='lat' dir='ltr'><strong><em>diversarum</em></strong></span> 
     </span>
    </p>
   </div>
   <div class='ocr_carea' id='block_1_65' title="bbox 265 3035 1861 3127">
    <p class='ocr_par' dir='ltr' id='par_1_65' title="bbox 265 3035 1861 3127">
     <span class='ocr_line' id='line_1_66' title="bbox 265 3035 1861 3127; baseline 0.008 -37"><span class='ocrx_word' id='word_1_441' title='bbox 265 3035 516 3127; x_wconf 81' lang='lat' dir='ltr'><strong><em>rivulum</em></strong></span> <span class='ocrx_word' id='word_1_442' title='bbox 538 3039 843 3106; x_wconf 83' lang='lat' dir='ltr'><strong><em>peraccedit</em></strong></span> <span class='ocrx_word' id='word_1_443' title='bbox 864 3042 955 3097; x_wconf 69' lang='lat'><strong><em>&#39;9‘.</em></strong></span> <span class='ocrx_word' id='word_1_444' title='bbox 981 3042 1237 3113; x_wconf 80' lang='lat' dir='ltr'><strong><em>Repperit</em></strong></span> <span class='ocrx_word' id='word_1_445' title='bbox 1289 3045 1359 3099; x_wconf 91' lang='lat' dir='ltr'><strong><em>ibi</em></strong></span> <span class='ocrx_word' id='word_1_446' title='bbox 1392 3046 1603 3111; x_wconf 86' lang='lat' dir='ltr'><strong><em>inditia,</em></strong></span> <span class='ocrx_word' id='word_1_447' title='bbox 1632 3047 1746 3103; x_wconf 86' lang='lat' dir='ltr'><strong><em>loca</em></strong></span> <span class='ocrx_word' id='word_1_448' title='bbox 1771 3047 1861 3102; x_wconf 90' lang='lat' dir='ltr'><strong><em>illa</em></strong></span> 
     </span>
    </p>
   </div>
   <div class='ocr_carea' id='block_1_66' title="bbox 267 3125 1861 3207">
    <p class='ocr_par' dir='ltr' id='par_1_66' title="bbox 267 3125 1861 3207">
     <span class='ocr_line' id='line_1_67' title="bbox 267 3125 1861 3207; baseline 0.008 -27"><span class='ocrx_word' id='word_1_449' title='bbox 267 3125 596 3183; x_wconf 65' lang='lat' dir='ltr'><strong><em>idololatriae</em></strong></span> <span class='ocrx_word' id='word_1_450' title='bbox 616 3132 885 3199; x_wconf 90' lang='lat' dir='ltr'><strong><em>quondam</em></strong></span> <span class='ocrx_word' id='word_1_451' title='bbox 901 3135 1220 3203; x_wconf 87' lang='lat' dir='ltr'><strong><em>mancipata,</em></strong></span> <span class='ocrx_word' id='word_1_452' title='bbox 1239 3135 1439 3204; x_wconf 89' lang='lat' dir='ltr'><strong><em>lapides</em></strong></span> <span class='ocrx_word' id='word_1_453' title='bbox 1459 3136 1642 3191; x_wconf 65' lang='lat' dir='ltr'><strong><em>Diana?</em></strong></span> <span class='ocrx_word' id='word_1_454' title='bbox 1661 3146 1714 3192; x_wconf 87' lang='lat' dir='ltr'><strong><em>et</em></strong></span> <span class='ocrx_word' id='word_1_455' title='bbox 1735 3153 1861 3207; x_wconf 87' lang='lat' dir='ltr'><strong><em>por-</em></strong></span> 
     </span>
    </p>
   </div>
   <div class='ocr_carea' id='block_1_67' title="bbox 267 3221 1861 3297">
    <p class='ocr_par' dir='ltr' id='par_1_67' title="bbox 267 3221 1861 3297">
     <span class='ocr_line' id='line_1_68' title="bbox 267 3221 1861 3297; baseline 0.008 -24"><span class='ocrx_word' id='word_1_456' title='bbox 267 3221 546 3276; x_wconf 86' lang='lat' dir='ltr'><strong><em>tentuosis</em></strong></span> <span class='ocrx_word' id='word_1_457' title='bbox 575 3225 883 3281; x_wconf 90' lang='lat' dir='ltr'><strong><em>nominibus</em></strong></span> <span class='ocrx_word' id='word_1_458' title='bbox 904 3227 973 3260; x_wconf 83' lang='grc'><strong><em>⁸⁹³</em></strong></span> <span class='ocrx_word' id='word_1_459' title='bbox 1023 3227 1305 3297; x_wconf 76' lang='lat' dir='ltr'><strong><em>efﬁgiatos,</em></strong></span> <span class='ocrx_word' id='word_1_460' title='bbox 1355 3228 1534 3284; x_wconf 83' lang='lat' dir='ltr'><strong><em>fontes</em></strong></span> <span class='ocrx_word' id='word_1_461' title='bbox 1584 3229 1861 3285; x_wconf 89' lang='lat' dir='ltr'><strong><em>hominum</em></strong></span> 
     </span>
    </p>
   </div>
   <div class='ocr_carea' id='block_1_68' title="bbox 266 3316 1860 3394">
    <p class='ocr_par' dir='ltr' id='par_1_68' title="bbox 266 3316 1860 3394">
     <span class='ocr_line' id='line_1_69' title="bbox 266 3316 1860 3394; baseline 0.005 -22"><span class='ocrx_word' id='word_1_462' title='bbox 266 3316 497 3386; x_wconf 90' lang='lat' dir='ltr'><strong><em>quidem</em></strong></span> <span class='ocrx_word' id='word_1_463' title='bbox 522 3319 708 3375; x_wconf 87' lang='lat' dir='ltr'><strong><em>usibus</em></strong></span> <span class='ocrx_word' id='word_1_464' title='bbox 730 3329 904 3390; x_wconf 86' lang='lat' dir='ltr'><strong><em>aptos,</em></strong></span> <span class='ocrx_word' id='word_1_465' title='bbox 935 3325 1026 3377; x_wconf 88' lang='lat' dir='ltr'><strong><em>sed</em></strong></span> <span class='ocrx_word' id='word_1_466' title='bbox 1057 3323 1332 3394; x_wconf 80' lang='lat' dir='ltr'><strong><em>gentilium</em></strong></span> <span class='ocrx_word' id='word_1_467' title='bbox 1375 3338 1561 3379; x_wconf 87' lang='lat' dir='ltr'><strong><em>errore</em></strong></span> <span class='ocrx_word' id='word_1_468' title='bbox 1610 3324 1860 3394; x_wconf 88' lang='lat' dir='ltr'><strong><em>pollutos,</em></strong></span> 
     </span>
    </p>
   </div>
   <div class='ocr_carea' id='block_1_69' title="bbox 267 3407 1860 3474">
    <p class='ocr_par' dir='ltr' id='par_1_69' title="bbox 267 3407 1860 3474">
     <span class='ocr_line' id='line_1_70' title="bbox 267 3407 1860 3474; baseline 0.007 -15"><span class='ocrx_word' id='word_1_469' title='bbox 267 3420 340 3460; x_wconf 85' lang='lat' dir='ltr'><strong><em>ac</em></strong></span> <span class='ocrx_word' id='word_1_470' title='bbox 371 3419 472 3474; x_wconf 87' lang='lat' dir='ltr'><strong><em>per</em></strong></span> <span class='ocrx_word' id='word_1_471' title='bbox 498 3407 600 3462; x_wconf 86' lang='lat' dir='ltr'><strong><em>hoc</em></strong></span> <span class='ocrx_word' id='word_1_472' title='bbox 622 3409 908 3464; x_wconf 83' lang='lat' dir='ltr'><strong><em>demonum</em></strong></span> <span class='ocrx_word' id='word_1_473' title='bbox 953 3414 1128 3468; x_wconf 84' lang='lat' dir='ltr'><strong><em>adhuc</em></strong></span> <span class='ocrx_word' id='word_1_474' title='bbox 1182 3413 1527 3469; x_wconf 86' lang='lat' dir='ltr'><strong><em>infestatione</em></strong></span> <span class='ocrx_word' id='word_1_475' title='bbox 1579 3416 1860 3470; x_wconf 76' lang='lat' dir='ltr'><strong><em>obnoxios.</em></strong></span> 
     </span>
    </p>
   </div>
   <div class='ocr_carea' id='block_1_70' title="bbox 266 3496 1862 3576">
    <p class='ocr_par' dir='ltr' id='par_1_70' title="bbox 266 3496 1862 3576">
     <span class='ocr_line' id='line_1_71' title="bbox 266 3496 1862 3576; baseline 0.004 -24"><span class='ocrx_word' id='word_1_476' title='bbox 266 3496 447 3553; x_wconf 87' lang='lat' dir='ltr'><strong><em>Facta</em></strong></span> <span class='ocrx_word' id='word_1_477' title='bbox 485 3499 667 3568; x_wconf 88' lang='lat' dir='ltr'><strong><em>itaque</em></strong></span> <span class='ocrx_word' id='word_1_478' title='bbox 715 3500 918 3557; x_wconf 89' lang='lat' dir='ltr'><strong><em>Christi</em></strong></span> <span class='ocrx_word' id='word_1_479' title='bbox 952 3502 1184 3558; x_wconf 88' lang='lat' dir='ltr'><strong><em>nominis</em></strong></span> <span class='ocrx_word' id='word_1_480' title='bbox 1229 3504 1566 3573; x_wconf 88' lang='lat' dir='ltr'><strong><em>adjnratione</em></strong></span> <span class='ocrx_word' id='word_1_481' title='bbox 1619 3513 1674 3560; x_wconf 88' lang='lat' dir='ltr'><strong><em>et</em></strong></span> <span class='ocrx_word' id='word_1_482' title='bbox 1721 3505 1862 3576; x_wconf 77' lang='lat' dir='ltr'><strong><em>signi</em></strong></span> 
     </span>
    </p>
   </div>
   <div class='ocr_carea' id='block_1_71' title="bbox 266 3591 1859 3659">
    <p class='ocr_par' dir='ltr' id='par_1_71' title="bbox 266 3591 1859 3659">
     <span class='ocr_line' id='line_1_72' title="bbox 266 3591 1859 3659; baseline 0.003 -17"><span class='ocrx_word' id='word_1_483' title='bbox 266 3596 480 3642; x_wconf 51' lang='lat' dir='ltr'><strong><em>sanetur.</em></strong></span> <span class='ocrx_word' id='word_1_484' title='bbox 510 3591 686 3645; x_wconf 87' lang='lat' dir='ltr'><strong><em>crucis</em></strong></span> <span class='ocrx_word' id='word_1_485' title='bbox 715 3591 1078 3659; x_wconf 88' lang='lat' dir='ltr'><strong><em>protensione,</em></strong></span> <span class='ocrx_word' id='word_1_486' title='bbox 1110 3593 1285 3647; x_wconf 90' lang='lat' dir='ltr'><strong><em>locum</em></strong></span> <span class='ocrx_word' id='word_1_487' title='bbox 1334 3593 1483 3647; x_wconf 89' lang='lat' dir='ltr'><strong><em>illum</em></strong></span> <span class='ocrx_word' id='word_1_488' title='bbox 1520 3609 1549 3646; x_wconf 91' lang='lat' dir='ltr'><strong><em>a</em></strong></span> <span class='ocrx_word' id='word_1_489' title='bbox 1575 3592 1859 3646; x_wconf 89' lang='lat' dir='ltr'><strong><em>demonum</em></strong></span> 
     </span>
    </p>
   </div>
   <div class='ocr_carea' id='block_1_72' title="bbox 266 3679 1862 3754">
    <p class='ocr_par' dir='ltr' id='par_1_72' title="bbox 266 3679 1862 3754">
     <span class='ocr_line' id='line_1_73' title="bbox 266 3679 1862 3754; baseline 0.003 -20"><span class='ocrx_word' id='word_1_490' title='bbox 266 3679 649 3734; x_wconf 87' lang='lat' dir='ltr'><strong><em>incursatione</em></strong></span> <span class='ocrx_word' id='word_1_491' title='bbox 701 3683 889 3750; x_wconf 87' lang='lat' dir='ltr'><strong><em>piavit,</em></strong></span> <span class='ocrx_word' id='word_1_492' title='bbox 949 3691 1004 3739; x_wconf 86' lang='lat' dir='ltr'><strong><em>et</em></strong></span> <span class='ocrx_word' id='word_1_493' title='bbox 1051 3683 1233 3738; x_wconf 89' lang='lat' dir='ltr'><strong><em>statim</em></strong></span> <span class='ocrx_word' id='word_1_494' title='bbox 1290 3699 1426 3754; x_wconf 89' lang='lat' dir='ltr'><strong><em>aqua</em></strong></span> <span class='ocrx_word' id='word_1_495' title='bbox 1471 3684 1537 3738; x_wconf 91' lang='lat' dir='ltr'><strong><em>ab</em></strong></span> <span class='ocrx_word' id='word_1_496' title='bbox 1604 3685 1718 3752; x_wconf 88' lang='lat' dir='ltr'><strong><em>ipso</em></strong></span> <span class='ocrx_word' id='word_1_497' title='bbox 1766 3698 1862 3738; x_wconf 90' lang='lat' dir='ltr'><strong><em>suo</em></strong></span> 
     </span>
    </p>
   </div>
   <div class='ocr_carea' id='block_1_73' title="bbox 265 3773 1861 3846">
    <p class='ocr_par' dir='ltr' id='par_1_73' title="bbox 265 3773 1861 3846">
     <span class='ocr_line' id='line_1_74' title="bbox 265 3773 1861 3846; baseline 0.001 -20"><span class='ocrx_word' id='word_1_498' title='bbox 265 3778 458 3826; x_wconf 83' lang='lat' dir='ltr'><strong><em>meatu</em></strong></span> <span class='ocrx_word' id='word_1_499' title='bbox 485 3773 732 3842; x_wconf 81' lang='lat' dir='ltr'><strong><em>guttatim</em></strong></span> <span class='ocrx_word' id='word_1_500' title='bbox 765 3774 968 3844; x_wconf 87' lang='lat' dir='ltr'><strong><em>dilapsa</em></strong></span> <span class='ocrx_word' id='word_1_501' title='bbox 992 3775 1275 3846; x_wconf 86' lang='lat' dir='ltr'><strong><em>disparuit.</em></strong></span> <span class='ocrx_word' id='word_1_502' title='bbox 1313 3775 1512 3831; x_wconf 76' lang='lat' dir='ltr'><strong><em>Videas</em></strong></span> <span class='ocrx_word' id='word_1_503' title='bbox 1537 3790 1664 3846; x_wconf 83' lang='lat' dir='ltr'><strong><em>ergo</em></strong></span> <span class='ocrx_word' id='word_1_504' title='bbox 1686 3775 1861 3829; x_wconf 88' lang='lat' dir='ltr'><strong><em>locum</em></strong></span> 
     </span>
    </p>
   </div>
   <div class='ocr_carea' id='block_1_74' title="bbox 263 3859 1864 3934">
    <p class='ocr_par' dir='ltr' id='par_1_74' title="bbox 263 3859 1864 3934">
     <span class='ocr_line' id='line_1_75' title="bbox 263 3859 1864 3934; baseline 0.003 -22"><span class='ocrx_word' id='word_1_505' title='bbox 263 3859 424 3913; x_wconf 88' lang='lat' dir='ltr'><strong><em>illum</em></strong></span> <span class='ocrx_word' id='word_1_506' title='bbox 455 3869 566 3915; x_wconf 92' lang='lat' dir='ltr'><strong><em>tum</em></strong></span> <span class='ocrx_word' id='word_1_507' title='bbox 596 3863 750 3932; x_wconf 89' lang='lat' dir='ltr'><strong><em>aquis</em></strong></span> <span class='ocrx_word' id='word_1_508' title='bbox 775 3864 1018 3932; x_wconf 90' lang='lat' dir='ltr'><strong><em>piscosis,</em></strong></span> <span class='ocrx_word' id='word_1_509' title='bbox 1049 3874 1159 3919; x_wconf 90' lang='lat' dir='ltr'><strong><em>tum</em></strong></span> <span class='ocrx_word' id='word_1_510' title='bbox 1184 3865 1400 3934; x_wconf 88' lang='lat' dir='ltr'><strong><em>pascuis</em></strong></span> <span class='ocrx_word' id='word_1_511' title='bbox 1425 3864 1712 3920; x_wconf 88' lang='lat' dir='ltr'><strong><em>uberrimis</em></strong></span> <span class='ocrx_word' id='word_1_512' title='bbox 1767 3864 1864 3917; x_wconf 86' lang='lat' dir='ltr'><strong><em>ha-</em></strong></span> 
     </span>
    </p>
   </div>
   <div class='ocr_carea' id='block_1_75' title="bbox 264 3948 1861 4025">
    <p class='ocr_par' dir='ltr' id='par_1_75' title="bbox 264 3948 1861 4025">
     <span class='ocr_line' id='line_1_76' title="bbox 264 3948 1861 4025; baseline 0.003 -24"><span class='ocrx_word' id='word_1_513' title='bbox 264 3948 483 4002; x_wconf 89' lang='lat' dir='ltr'><strong><em>bitandi</em></strong></span> <span class='ocrx_word' id='word_1_514' title='bbox 509 3952 803 4006; x_wconf 90' lang='lat' dir='ltr'><strong><em>commodis</em></strong></span> <span class='ocrx_word' id='word_1_515' title='bbox 835 3953 1094 4019; x_wconf 89' lang='lat' dir='ltr'><strong><em>habilem,</em></strong></span> <span class='ocrx_word' id='word_1_516' title='bbox 1143 3954 1420 4023; x_wconf 86' lang='lat' dir='ltr'><strong><em>copiosam</em></strong></span> <span class='ocrx_word' id='word_1_517' title='bbox 1477 3968 1638 4025; x_wconf 89' lang='lat' dir='ltr'><strong><em>super</em></strong></span> <span class='ocrx_word' id='word_1_518' title='bbox 1682 3951 1861 4007; x_wconf 87' lang='lat' dir='ltr'><strong><em>fontes</em></strong></span> 
     </span>
    </p>
   </div>
   <div class='ocr_carea' id='block_1_76' title="bbox 262 4039 1860 4117">
    <p class='ocr_par' dir='ltr' id='par_1_76' title="bbox 262 4039 1860 4117">
     <span class='ocr_line' id='line_1_77' title="bbox 262 4039 1860 4117; baseline 0.004 -24"><span class='ocrx_word' id='word_1_519' title='bbox 262 4039 537 4095; x_wconf 83' lang='lat' dir='ltr'><strong><em>orationis</em></strong></span> <span class='ocrx_word' id='word_1_520' title='bbox 564 4043 716 4096; x_wconf 80' lang='lat' dir='ltr'><strong><em>auxit</em></strong></span> <span class='ocrx_word' id='word_1_521' title='bbox 749 4043 1202 4112; x_wconf 88' lang='lat' dir='ltr'><strong><em>benedictionem,</em></strong></span> <span class='ocrx_word' id='word_1_522' title='bbox 1228 4046 1392 4116; x_wconf 85' lang='lat' dir='ltr'><strong><em>lapidi</em></strong></span> <span class='ocrx_word' id='word_1_523' title='bbox 1417 4046 1629 4117; x_wconf 81' lang='lat' dir='ltr'><strong><em>signum</em></strong></span> <span class='ocrx_word' id='word_1_524' title='bbox 1682 4046 1860 4101; x_wconf 88' lang='lat' dir='ltr'><strong><em>crucis</em></strong></span> 
     </span>
    </p>
   </div>
   <div class='ocr_carea' id='block_1_77' title="bbox 262 4129 1861 4208">
    <p class='ocr_par' dir='ltr' id='par_1_77' title="bbox 262 4129 1861 4208">
     <span class='ocr_line' id='line_1_78' title="bbox 262 4129 1861 4208; baseline 0.006 -24"><span class='ocrx_word' id='word_1_525' title='bbox 262 4129 578 4200; x_wconf 87' lang='lat' dir='ltr'><strong><em>insculpsit,</em></strong></span> <span class='ocrx_word' id='word_1_526' title='bbox 624 4132 1011 4205; x_wconf 89' lang='lat' dir='ltr'><strong><em>plumbumque</em></strong></span> <span class='ocrx_word' id='word_1_527' title='bbox 1054 4137 1127 4168; x_wconf 71' lang='lat' dir='ltr'><strong><em>m</em></strong></span> <span class='ocrx_word' id='word_1_528' title='bbox 1169 4136 1552 4208; x_wconf 83' lang='lat' dir='ltr'><strong><em>superinfudit.</em></strong></span> <span class='ocrx_word' id='word_1_529' title='bbox 1607 4136 1861 4193; x_wconf 85' lang='lat' dir='ltr'><strong><em>Protinus</em></strong></span> 
     </span>
    </p>
   </div>
   <div class='ocr_carea' id='block_1_78' title="bbox 262 4217 1860 4298">
    <p class='ocr_par' dir='ltr' id='par_1_78' title="bbox 262 4217 1860 4298">
     <span class='ocr_line' id='line_1_79' title="bbox 262 4217 1860 4298; baseline 0.006 -25"><span class='ocrx_word' id='word_1_530' title='bbox 262 4217 608 4278; x_wconf 82' lang='lat' dir='ltr'><strong><em>reﬂuxerunt</em></strong></span> <span class='ocrx_word' id='word_1_531' title='bbox 630 4226 1262 4298; x_wconf 70' lang='lat' dir='ltr'><strong><em>aqutelargissimte,qu:n</em></strong></span> <span class='ocrx_word' id='word_1_532' title='bbox 1287 4228 1448 4283; x_wconf 88' lang='lat' dir='ltr'><strong><em>dictis</em></strong></span> <span class='ocrx_word' id='word_1_533' title='bbox 1475 4227 1632 4284; x_wconf 83' lang='lat' dir='ltr'><strong><em>ﬁdem</em></strong></span> <span class='ocrx_word' id='word_1_534' title='bbox 1657 4226 1860 4282; x_wconf 84' lang='lat' dir='ltr'><strong><em>faciunt</em></strong></span> 
     </span>
    </p>
   </div>
   <div class='ocr_carea' id='block_1_79' title="bbox 1967 3040 3560 3111">
    <p class='ocr_par' dir='ltr' id='par_1_79' title="bbox 1967 3040 3560 3111">
     <span class='ocr_line' id='line_1_80' title="bbox 1967 3040 3560 3111; baseline -0.002 -14"><span class='ocrx_word' id='word_1_535' title='bbox 1967 3052 2183 3098; x_wconf 85' lang='lat' dir='ltr'><strong><em>caterva</em></strong></span> <span class='ocrx_word' id='word_1_536' title='bbox 2217 3042 2453 3096; x_wconf 90' lang='lat' dir='ltr'><strong><em>ferarum</em></strong></span> <span class='ocrx_word' id='word_1_537' title='bbox 2502 3043 2611 3097; x_wconf 89' lang='lat' dir='ltr'><strong><em>illic</em></strong></span> <span class='ocrx_word' id='word_1_538' title='bbox 2655 3051 3005 3111; x_wconf 79' lang='lat' dir='ltr'><strong><em>perstrepens</em></strong></span> <span class='ocrx_word' id='word_1_539' title='bbox 3026 3040 3095 3070; x_wconf 76' lang='grc'><strong><em>⁶⁰⁶</em></strong></span> <span class='ocrx_word' id='word_1_540' title='bbox 3125 3040 3352 3094; x_wconf 85' lang='lat' dir='ltr'><strong><em>incussit</em></strong></span> <span class='ocrx_word' id='word_1_541' title='bbox 3384 3048 3560 3094; x_wconf 83' lang='lat' dir='ltr'><strong><em>terro-</em></strong></span> 
     </span>
    </p>
   </div>
   <div class='ocr_carea' id='block_1_80' title="bbox 1967 3132 3560 3202">
    <p class='ocr_par' dir='ltr' id='par_1_80' title="bbox 1967 3132 3560 3202">
     <span class='ocr_line' id='line_1_81' title="bbox 1967 3132 3560 3202; baseline -0.003 -13"><span class='ocrx_word' id='word_1_542' title='bbox 1967 3150 2113 3200; x_wconf 86' lang='lat' dir='ltr'><strong><em>rem,</em></strong></span> <span class='ocrx_word' id='word_1_543' title='bbox 2147 3136 2218 3188; x_wconf 89' lang='lat' dir='ltr'><strong><em>ita</em></strong></span> <span class='ocrx_word' id='word_1_544' title='bbox 2247 3143 2306 3188; x_wconf 87' lang='lat' dir='ltr'><strong><em>ut</em></strong></span> <span class='ocrx_word' id='word_1_545' title='bbox 2339 3135 2404 3189; x_wconf 90' lang='lat' dir='ltr'><strong><em>ad</em></strong></span> <span class='ocrx_word' id='word_1_546' title='bbox 2440 3136 2656 3189; x_wconf 82' lang='lat' dir='ltr'><strong><em>beatum</em></strong></span> <span class='ocrx_word' id='word_1_547' title='bbox 2691 3134 3001 3189; x_wconf 68' lang='lat' dir='ltr'><strong><em>[ternarium</em></strong></span> <span class='ocrx_word' id='word_1_548' title='bbox 3031 3132 3080 3187; x_wconf 85' lang='lat' dir='ltr'><strong><em>ci</em></strong></span> <span class='ocrx_word' id='word_1_549' title='bbox 3108 3133 3256 3202; x_wconf 89' lang='lat' dir='ltr'><strong><em>operi</em></strong></span> <span class='ocrx_word' id='word_1_550' title='bbox 3307 3133 3560 3187; x_wconf 86' lang='lat' dir='ltr'><strong><em>insisten-</em></strong></span> 
     </span>
    </p>
   </div>
   <div class='ocr_carea' id='block_1_81' title="bbox 1967 3224 3557 3294">
    <p class='ocr_par' dir='ltr' id='par_1_81' title="bbox 1967 3224 3557 3294">
     <span class='ocr_line' id='line_1_82' title="bbox 1967 3224 3557 3294; baseline -0.001 -14"><span class='ocrx_word' id='word_1_551' title='bbox 1967 3235 2074 3281; x_wconf 88' lang='lat' dir='ltr'><strong><em>tem</em></strong></span> <span class='ocrx_word' id='word_1_552' title='bbox 2102 3242 2223 3281; x_wconf 88' lang='lat' dir='ltr'><strong><em>cutn</em></strong></span> <span class='ocrx_word' id='word_1_553' title='bbox 2277 3227 2506 3282; x_wconf 86' lang='lat' dir='ltr'><strong><em>horrore</em></strong></span> <span class='ocrx_word' id='word_1_554' title='bbox 2556 3236 2924 3291; x_wconf 85' lang='lat' dir='ltr'><strong><em>recurrerent,</em></strong></span> <span class='ocrx_word' id='word_1_555' title='bbox 2959 3234 3013 3280; x_wconf 89' lang='lat' dir='ltr'><strong><em>et</em></strong></span> <span class='ocrx_word' id='word_1_556' title='bbox 3040 3225 3169 3294; x_wconf 88' lang='lat' dir='ltr'><strong><em>quid</em></strong></span> <span class='ocrx_word' id='word_1_557' title='bbox 3211 3224 3557 3290; x_wconf 89' lang='lat' dir='ltr'><strong><em>muniminis,</em></strong></span> 
     </span>
    </p>
   </div>
   <div class='ocr_carea' id='block_1_82' title="bbox 1965 3315 3560 3389">
    <p class='ocr_par' dir='ltr' id='par_1_82' title="bbox 1965 3315 3560 3389">
     <span class='ocr_line' id='line_1_83' title="bbox 1965 3315 3560 3389; baseline -0.001 -18"><span class='ocrx_word' id='word_1_558' title='bbox 1965 3321 2159 3389; x_wconf 80' lang='lat' dir='ltr'><strong><em>quidve</em></strong></span> <span class='ocrx_word' id='word_1_559' title='bbox 2182 3318 2512 3374; x_wconf 78' lang='lat' dir='ltr'><strong><em>defensionis</em></strong></span> <span class='ocrx_word' id='word_1_560' title='bbox 2551 3327 2808 3388; x_wconf 88' lang='lat' dir='ltr'><strong><em>caperent</em></strong></span> <span class='ocrx_word' id='word_1_561' title='bbox 2864 3327 3048 3372; x_wconf 89' lang='lat' dir='ltr'><strong><em>contra</em></strong></span> <span class='ocrx_word' id='word_1_562' title='bbox 3095 3318 3193 3372; x_wconf 87' lang='lat' dir='ltr'><strong><em>has</em></strong></span> <span class='ocrx_word' id='word_1_563' title='bbox 3233 3316 3430 3372; x_wconf 89' lang='lat' dir='ltr'><strong><em>diaboli</em></strong></span> <span class='ocrx_word' id='word_1_564' title='bbox 3479 3315 3560 3370; x_wconf 86' lang='lat' dir='ltr'><strong><em>in-</em></strong></span> 
     </span>
    </p>
   </div>
   <div class='ocr_carea' id='block_1_83' title="bbox 1965 3406 3558 3480">
    <p class='ocr_par' dir='ltr' id='par_1_83' title="bbox 1965 3406 3558 3480">
     <span class='ocr_line' id='line_1_84' title="bbox 1965 3406 3558 3480; baseline -0.001 -16"><span class='ocrx_word' id='word_1_565' title='bbox 1965 3410 2128 3464; x_wconf 85' lang='lat' dir='ltr'><strong><em>sidias</em></strong></span> <span class='ocrx_word' id='word_1_566' title='bbox 2166 3409 2541 3480; x_wconf 82' lang='lat' dir='ltr'><strong><em>eﬂlagitarent.</em></strong></span> <span class='ocrx_word' id='word_1_567' title='bbox 2574 3410 2718 3476; x_wconf 85' lang='lat' dir='ltr'><strong><em>Quos</em></strong></span> <span class='ocrx_word' id='word_1_568' title='bbox 2761 3409 2987 3478; x_wconf 75' lang='lat' dir='ltr'><strong><em>benigne</em></strong></span> <span class='ocrx_word' id='word_1_569' title='bbox 3026 3407 3370 3470; x_wconf 83' lang='lat' dir='ltr'><strong><em>consulatus,</em></strong></span> <span class='ocrx_word' id='word_1_570' title='bbox 3399 3415 3454 3460; x_wconf 89' lang='lat' dir='ltr'><strong><em>et</em></strong></span> <span class='ocrx_word' id='word_1_571' title='bbox 3503 3406 3558 3462; x_wconf 87' lang='lat' dir='ltr'><strong><em>in</em></strong></span> 
     </span>
    </p>
   </div>
   <div class='ocr_carea' id='block_1_84' title="bbox 1965 3497 3557 3568">
    <p class='ocr_par' dir='ltr' id='par_1_84' title="bbox 1965 3497 3557 3568">
     <span class='ocr_line' id='line_1_85' title="bbox 1965 3497 3557 3568; baseline -0.004 -12"><span class='ocrx_word' id='word_1_572' title='bbox 1965 3517 2253 3556; x_wconf 89' lang='lat' dir='ltr'><strong><em>commune</em></strong></span> <span class='ocrx_word' id='word_1_573' title='bbox 2304 3501 2621 3557; x_wconf 82' lang='lat' dir='ltr'><strong><em>confortans</em></strong></span> <span class='ocrx_word' id='word_1_574' title='bbox 2660 3520 2671 3554; x_wconf 90' lang='lat'>:</span> <span class='ocrx_word' id='word_1_575' title='bbox 2707 3501 2936 3564; x_wconf 85' lang='lat' dir='ltr'><strong><em>Credite,</em></strong></span> <span class='ocrx_word' id='word_1_576' title='bbox 2991 3499 3187 3568; x_wconf 88' lang='lat' dir='ltr'><strong><em>inquit,</em></strong></span> <span class='ocrx_word' id='word_1_577' title='bbox 3224 3500 3278 3550; x_wconf 88' lang='lat' dir='ltr'><strong><em>in</em></strong></span> <span class='ocrx_word' id='word_1_578' title='bbox 3335 3497 3557 3550; x_wconf 88' lang='lat' dir='ltr'><strong><em>Domino</em></strong></span> 
     </span>
    </p>
   </div>
   <div class='ocr_carea' id='block_1_85' title="bbox 1963 3587 3559 3662">
    <p class='ocr_par' dir='ltr' id='par_1_85' title="bbox 1963 3587 3559 3662">
     <span class='ocr_line' id='line_1_86' title="bbox 1963 3587 3559 3662; baseline -0.004 -18"><span class='ocrx_word' id='word_1_579' title='bbox 1963 3593 2115 3662; x_wconf 82' lang='lat' dir='ltr'><strong><em>ﬁlioli</em></strong></span> <span class='ocrx_word' id='word_1_580' title='bbox 2143 3594 2396 3662; x_wconf 79' lang='lat' dir='ltr'><strong><em>ﬁdeliter,</em></strong></span> <span class='ocrx_word' id='word_1_581' title='bbox 2442 3594 2556 3662; x_wconf 90' lang='lat' dir='ltr'><strong><em>ejus</em></strong></span> <span class='ocrx_word' id='word_1_582' title='bbox 2611 3593 2863 3646; x_wconf 87' lang='lat' dir='ltr'><strong><em>mandata</em></strong></span> <span class='ocrx_word' id='word_1_583' title='bbox 2918 3589 3292 3658; x_wconf 78' lang='lat' dir='ltr'><strong><em>antplectimini</em></strong></span> <span class='ocrx_word' id='word_1_584' title='bbox 3337 3587 3559 3642; x_wconf 83' lang='lat' dir='ltr'><strong><em>inviola-</em></strong></span> 
     </span>
    </p>
   </div>
   <div class='ocr_carea' id='block_1_86' title="bbox 1966 3678 3556 3754">
    <p class='ocr_par' dir='ltr' id='par_1_86' title="bbox 1966 3678 3556 3754">
     <span class='ocr_line' id='line_1_87' title="bbox 1966 3678 3556 3754; baseline -0.005 -16"><span class='ocrx_word' id='word_1_585' title='bbox 1966 3685 2154 3738; x_wconf 86' lang='lat' dir='ltr'><strong><em>biliter.</em></strong></span> <span class='ocrx_word' id='word_1_586' title='bbox 2185 3685 2412 3739; x_wconf 72' lang='lat' dir='ltr'><strong><em>Mentem</em></strong></span> <span class='ocrx_word' id='word_1_587' title='bbox 2433 3703 2464 3738; x_wconf 79' lang='grc' dir='ltr'><em>α</em></span> <span class='ocrx_word' id='word_1_588' title='bbox 2496 3684 2918 3754; x_wconf 83' lang='lat' dir='ltr'><strong><em>cogitationibus,</em></strong></span> <span class='ocrx_word' id='word_1_589' title='bbox 2939 3699 3056 3753; x_wconf 74' lang='lat' dir='ltr'><strong><em>qua:</em></strong></span> <span class='ocrx_word' id='word_1_590' title='bbox 3099 3691 3219 3737; x_wconf 84' lang='lat' dir='ltr'><strong><em>sunt</em></strong></span> <span class='ocrx_word' id='word_1_591' title='bbox 3259 3683 3372 3735; x_wconf 89' lang='lat' dir='ltr'><strong><em>sine</em></strong></span> <span class='ocrx_word' id='word_1_592' title='bbox 3401 3678 3556 3733; x_wconf 84' lang='lat' dir='ltr'><strong><em>intel-</em></strong></span> 
     </span>
    </p>
   </div>
   <div class='ocr_carea' id='block_1_87' title="bbox 1965 3772 3552 3840">
    <p class='ocr_par' dir='ltr' id='par_1_87' title="bbox 1965 3772 3552 3840">
     <span class='ocr_line' id='line_1_88' title="bbox 1965 3772 3552 3840; baseline -0.003 -13"><span class='ocrx_word' id='word_1_593' title='bbox 1965 3773 2096 3827; x_wconf 86' lang='lat' dir='ltr'><strong><em>lectu</em></strong></span> <span class='ocrx_word' id='word_1_594' title='bbox 2118 3814 2131 3840; x_wconf 94' lang='lat'><strong><em>,</em></strong></span> <span class='ocrx_word' id='word_1_595' title='bbox 2155 3785 2354 3828; x_wconf 84' lang='lat' dir='ltr'><strong><em>servate</em></strong></span> <span class='ocrx_word' id='word_1_596' title='bbox 2381 3774 2676 3837; x_wconf 77' lang='lat' dir='ltr'><strong><em>innoxiam,</em></strong></span> <span class='ocrx_word' id='word_1_597' title='bbox 2704 3773 2910 3826; x_wconf 90' lang='lat' dir='ltr'><strong><em>animas</em></strong></span> <span class='ocrx_word' id='word_1_598' title='bbox 2957 3783 3151 3827; x_wconf 84' lang='lat' dir='ltr'><strong><em>vestras</em></strong></span> <span class='ocrx_word' id='word_1_599' title='bbox 3177 3772 3552 3840; x_wconf 76' lang='lat' dir='ltr'><strong><em>castiﬁcantes,</em></strong></span> 
     </span>
    </p>
   </div>
   <div class='ocr_carea' id='block_1_88' title="bbox 1963 3859 3557 3933">
    <p class='ocr_par' dir='ltr' id='par_1_88' title="bbox 1963 3859 3557 3933">
     <span class='ocr_line' id='line_1_89' title="bbox 1963 3859 3557 3933; baseline -0.004 -15"><span class='ocrx_word' id='word_1_600' title='bbox 1963 3865 2258 3918; x_wconf 84' lang='lat' dir='ltr'><strong><em>servitutem</em></strong></span> <span class='ocrx_word' id='word_1_601' title='bbox 2290 3865 2515 3918; x_wconf 88' lang='lat' dir='ltr'><strong><em>Domino</em></strong></span> <span class='ocrx_word' id='word_1_602' title='bbox 2559 3864 2839 3933; x_wconf 86' lang='lat' dir='ltr'><strong><em>impendite</em></strong></span> <span class='ocrx_word' id='word_1_603' title='bbox 2867 3880 3079 3932; x_wconf 88' lang='lat' dir='ltr'><strong><em>puram.</em></strong></span> <span class='ocrx_word' id='word_1_604' title='bbox 3115 3861 3242 3916; x_wconf 87' lang='lat' dir='ltr'><strong><em>Sine</em></strong></span> <span class='ocrx_word' id='word_1_605' title='bbox 3294 3859 3557 3914; x_wconf 81' lang='lat' dir='ltr'><strong><em>intermis-</em></strong></span> 
     </span>
    </p>
   </div>
   <div class='ocr_carea' id='block_1_89' title="bbox 1963 3951 3554 4026">
    <p class='ocr_par' dir='ltr' id='par_1_89' title="bbox 1963 3951 3554 4026">
     <span class='ocr_line' id='line_1_90' title="bbox 1963 3951 3554 4026; baseline -0.005 -16"><span class='ocrx_word' id='word_1_606' title='bbox 1963 3957 2108 4010; x_wconf 88' lang='lat' dir='ltr'><strong><em>sione</em></strong></span> <span class='ocrx_word' id='word_1_607' title='bbox 2159 3968 2322 4021; x_wconf 89' lang='lat' dir='ltr'><strong><em>orate,</em></strong></span> <span class='ocrx_word' id='word_1_608' title='bbox 2377 3973 2582 4026; x_wconf 83' lang='lat' dir='ltr'><strong><em>vespere</em></strong></span> <span class='ocrx_word' id='word_1_609' title='bbox 2635 3965 2682 4010; x_wconf 88' lang='lat' dir='ltr'><strong><em>et</em></strong></span> <span class='ocrx_word' id='word_1_610' title='bbox 2739 3973 2892 4009; x_wconf 89' lang='lat' dir='ltr'><strong><em>mane</em></strong></span> <span class='ocrx_word' id='word_1_611' title='bbox 2939 3965 2986 4009; x_wconf 87' lang='lat' dir='ltr'><strong><em>et</em></strong></span> <span class='ocrx_word' id='word_1_612' title='bbox 3035 3955 3250 4009; x_wconf 85' lang='lat' dir='ltr'><strong><em>meridie</em></strong></span> <span class='ocrx_word' id='word_1_613' title='bbox 3302 3951 3554 4023; x_wconf 83' lang='lat' dir='ltr'><strong><em>psallite,</em></strong></span> 
     </span>
    </p>
   </div>
   <div class='ocr_carea' id='block_1_90' title="bbox 1963 4042 3556 4120">
    <p class='ocr_par' dir='ltr' id='par_1_90' title="bbox 1963 4042 3556 4120">
     <span class='ocr_line' id='line_1_91' title="bbox 1963 4042 3556 4120; baseline -0.002 -24"><span class='ocrx_word' id='word_1_614' title='bbox 1963 4044 2170 4098; x_wconf 83' lang='lat' dir='ltr'><strong><em>lectioni</em></strong></span> <span class='ocrx_word' id='word_1_615' title='bbox 2195 4062 2354 4115; x_wconf 89' lang='lat' dir='ltr'><strong><em>quam</em></strong></span> <span class='ocrx_word' id='word_1_616' title='bbox 2375 4047 2644 4115; x_wconf 78' lang='lat' dir='ltr'><strong><em>sepissime</em></strong></span> <span class='ocrx_word' id='word_1_617' title='bbox 2665 4042 3102 4098; x_wconf 79' lang='lat' dir='ltr'><strong><em>vacate.Frontes</em></strong></span> <span class='ocrx_word' id='word_1_618' title='bbox 3133 4054 3327 4098; x_wconf 85' lang='lat' dir='ltr'><strong><em>vestras</em></strong></span> <span class='ocrx_word' id='word_1_619' title='bbox 3359 4043 3556 4120; x_wconf 71' lang='lat' dir='ltr'><strong><em>munita</em></strong></span> 
     </span>
    </p>
   </div>
   <div class='ocr_carea' id='block_1_91' title="bbox 1962 4133 3556 4206">
    <p class='ocr_par' dir='ltr' id='par_1_91' title="bbox 1962 4133 3556 4206">
     <span class='ocr_line' id='line_1_92' title="bbox 1962 4133 3556 4206; baseline 0 -19"><span class='ocrx_word' id='word_1_620' title='bbox 1962 4135 2131 4189; x_wconf 86' lang='lat' dir='ltr'><strong><em>crucis</em></strong></span> <span class='ocrx_word' id='word_1_621' title='bbox 2185 4135 2498 4204; x_wconf 88' lang='lat' dir='ltr'><strong><em>signaculo,</em></strong></span> <span class='ocrx_word' id='word_1_622' title='bbox 2551 4136 2667 4206; x_wconf 87' lang='lat' dir='ltr'><strong><em>ejus</em></strong></span> <span class='ocrx_word' id='word_1_623' title='bbox 2722 4136 2962 4189; x_wconf 85' lang='lat' dir='ltr'><strong><em>virtutem</em></strong></span> <span class='ocrx_word' id='word_1_624' title='bbox 3027 4133 3290 4187; x_wconf 77' lang='lat' dir='ltr'><strong><em>recondita</em></strong></span> <span class='ocrx_word' id='word_1_625' title='bbox 3343 4133 3398 4185; x_wconf 85' lang='lat' dir='ltr'><strong><em>in</em></strong></span> <span class='ocrx_word' id='word_1_626' title='bbox 3451 4133 3556 4187; x_wconf 88' lang='lat' dir='ltr'><strong><em>imo</em></strong></span> 
     </span>
    </p>
   </div>
   <div class='ocr_carea' id='block_1_92' title="bbox 1970 4225 3558 4295">
    <p class='ocr_par' dir='ltr' id='par_1_92' title="bbox 1970 4225 3558 4295">
     <span class='ocr_line' id='line_1_93' title="bbox 1970 4225 3558 4295; baseline 0.001 -17"><span class='ocrx_word' id='word_1_627' title='bbox 1970 4227 2204 4280; x_wconf 89' lang='lat' dir='ltr'><strong><em>cordium</em></strong></span> <span class='ocrx_word' id='word_1_628' title='bbox 2230 4239 2402 4292; x_wconf 90' lang='lat' dir='ltr'><strong><em>antro,</em></strong></span> <span class='ocrx_word' id='word_1_629' title='bbox 2432 4238 2480 4282; x_wconf 88' lang='lat' dir='ltr'><strong><em>et</em></strong></span> <span class='ocrx_word' id='word_1_630' title='bbox 2524 4228 2798 4295; x_wconf 80' lang='lat' dir='ltr'><strong><em>confestim</em></strong></span> <span class='ocrx_word' id='word_1_631' title='bbox 2831 4227 3038 4281; x_wconf 66' lang='lat' dir='ltr'><strong><em>insidia</em></strong></span> <span class='ocrx_word' id='word_1_632' title='bbox 3068 4227 3230 4280; x_wconf 84' lang='lat' dir='ltr'><strong><em>hostis</em></strong></span> <span class='ocrx_word' id='word_1_633' title='bbox 3281 4225 3558 4281; x_wconf 86' lang='lat' dir='ltr'><strong><em>invisibilis</em></strong></span> 
     </span>
    </p>
   </div>
   <div class='ocr_carea' id='block_1_93' title="bbox 261 4300 3556 4391">
    <p class='ocr_par' dir='ltr' id='par_1_93' title="bbox 261 4300 3556 4391">
     <span class='ocr_line' id='line_1_94' title="bbox 261 4300 3556 4391; baseline 0.002 -25"><span class='ocrx_word' id='word_1_634' title='bbox 261 4304 623 4369; x_wconf 83' lang='lat' dir='ltr'><strong><em>cernentibus</em></strong></span> <span class='ocrx_word' id='word_1_635' title='bbox 651 4316 830 4372; x_wconf 87' lang='lat' dir='ltr'><strong><em>hodie.</em></strong></span> <span class='ocrx_word' id='word_1_636' title='bbox 850 4316 916 4372; x_wconf 89' lang='lat' dir='ltr'><strong><em>Et</em></strong></span> <span class='ocrx_word' id='word_1_637' title='bbox 936 4318 1063 4389; x_wconf 88' lang='lat' dir='ltr'><strong><em>quia</em></strong></span> <span class='ocrx_word' id='word_1_638' title='bbox 1089 4319 1319 4374; x_wconf 88' lang='lat' dir='ltr'><strong><em>eundem</em></strong></span> <span class='ocrx_word' id='word_1_639' title='bbox 1342 4319 1514 4375; x_wconf 90' lang='lat' dir='ltr'><strong><em>locum</em></strong></span> <span class='ocrx_word' id='word_1_640' title='bbox 1545 4334 1572 4373; x_wconf 88' lang='lat' dir='ltr'><strong><em>a</em></strong></span> <span class='ocrx_word' id='word_1_641' title='bbox 1601 4318 1864 4372; x_wconf 88' lang='lat' dir='ltr'><strong><em>malorum</em></strong></span> <span class='ocrx_word' id='word_1_642' title='bbox 1899 4300 1944 4359; x_wconf 80' lang='lat' dir='ltr'><strong>D</strong></span> <span class='ocrx_word' id='word_1_643' title='bbox 1970 4327 2018 4370; x_wconf 90' lang='lat' dir='ltr'><strong><em>et</em></strong></span> <span class='ocrx_word' id='word_1_644' title='bbox 2047 4319 2317 4373; x_wconf 78' lang='lat' dir='ltr'><strong><em>molimina</em></strong></span> <span class='ocrx_word' id='word_1_645' title='bbox 2363 4321 2662 4391; x_wconf 84' lang='lat' dir='ltr'><strong><em>redigentur</em></strong></span> <span class='ocrx_word' id='word_1_646' title='bbox 2684 4320 2737 4373; x_wconf 93' lang='lat' dir='ltr'><strong><em>in</em></strong></span> <span class='ocrx_word' id='word_1_647' title='bbox 2785 4320 3036 4374; x_wconf 85' lang='lat' dir='ltr'><strong><em>nichilum</em></strong></span> <span class='ocrx_word' id='word_1_648' title='bbox 3061 4335 3082 4384; x_wconf 87' lang='lat'><strong><em>;</em></strong></span> <span class='ocrx_word' id='word_1_649' title='bbox 3125 4321 3448 4389; x_wconf 86' lang='lat' dir='ltr'><strong><em>istarumque</em></strong></span> <span class='ocrx_word' id='word_1_650' title='bbox 3476 4318 3556 4388; x_wconf 79' lang='lat' dir='ltr'><strong><em>fe-</em></strong></span> 
     </span>
    </p>
   </div>
   <div class='ocr_carea' id='block_1_94' title="bbox 1365 4409 2212 4480">
    <p class='ocr_par' dir='ltr' id='par_1_94' title="bbox 1365 4409 2212 4480">
     <span class='ocr_line' id='line_1_95' title="bbox 1365 4409 2212 4480; baseline -0.001 -15"><span class='ocrx_word' id='word_1_651' title='bbox 1365 4454 1376 4480; x_wconf 86' lang='lat'><strong><em>,</em></strong></span> <span class='ocrx_word' id='word_1_652' title='bbox 1542 4409 1772 4465; x_wconf 74' lang='lat' dir='ltr'><strong>VARle</strong></span> <span class='ocrx_word' id='word_1_653' title='bbox 1803 4409 2212 4466; x_wconf 68' lang='lat' dir='ltr'><strong><em>LECTIONES.</em></strong></span> 
     </span>
    </p>
   </div>
   <div class='ocr_carea' id='block_1_95' title="bbox 337 4490 1356 4557">
    <p class='ocr_par' dir='ltr' id='par_1_95' title="bbox 337 4490 1356 4557">
     <span class='ocr_line' id='line_1_96' title="bbox 337 4490 1356 4557; baseline 0.006 -9"><span class='ocrx_word' id='word_1_654' title='bbox 337 4490 416 4528; x_wconf 85' lang='grc'><strong><em>⁸⁸³</em></strong></span> <span class='ocrx_word' id='word_1_655' title='bbox 437 4493 587 4552; x_wconf 82' lang='lat' dir='ltr'><strong><em>Tunc</em></strong></span> <span class='ocrx_word' id='word_1_656' title='bbox 607 4497 661 4552; x_wconf 88' lang='grc'><strong><em>5.</em></strong></span> <span class='ocrx_word' id='word_1_657' title='bbox 738 4497 1034 4554; x_wconf 66' lang='lat' dir='ltr'><strong><em>&#39;“uestraa</em></strong></span> <span class='ocrx_word' id='word_1_658' title='bbox 1085 4502 1135 4555; x_wconf 96' lang='lat'><strong><em>1.</em></strong></span> <span class='ocrx_word' id='word_1_659' title='bbox 1184 4501 1241 4556; x_wconf 94' lang='lat'><strong><em>2.</em></strong></span> <span class='ocrx_word' id='word_1_660' title='bbox 1303 4502 1356 4557; x_wconf 89' lang='grc'><strong>5.</strong></span> 
     </span>
    </p>
   </div>
   <div class='ocr_carea' id='block_1_96' title="bbox 262 4563 1710 4636">
    <p class='ocr_par' dir='ltr' id='par_1_96' title="bbox 262 4563 1710 4636">
     <span class='ocr_line' id='line_1_97' title="bbox 262 4563 1710 4636; baseline 0.003 -18"><span class='ocrx_word' id='word_1_661' title='bbox 262 4563 449 4636; x_wconf 84' lang='lat' dir='ltr'><strong><em>Sigeb.</em></strong></span> <span class='ocrx_word' id='word_1_662' title='bbox 479 4566 762 4624; x_wconf 87' lang='lat' dir='ltr'><strong><em>Chlodulfo</em></strong></span> <span class='ocrx_word' id='word_1_663' title='bbox 790 4570 900 4624; x_wconf 91' lang='lat' dir='ltr'><strong><em>tab.</em></strong></span> <span class='ocrx_word' id='word_1_664' title='bbox 951 4570 1252 4625; x_wconf 75' lang='lat' dir='ltr'><strong><em>Childerici.</em></strong></span> <span class='ocrx_word' id='word_1_665' title='bbox 1330 4571 1399 4604; x_wconf 82' lang='grc'><strong><em>⁸⁸⁷</em></strong></span> <span class='ocrx_word' id='word_1_666' title='bbox 1434 4581 1601 4627; x_wconf 89' lang='lat' dir='ltr'><strong><em>vestr.</em></strong></span> <span class='ocrx_word' id='word_1_667' title='bbox 1656 4563 1710 4624; x_wconf 68' lang='lat'><strong><em>1.</em></strong></span> 
     </span>
    </p>
   </div>
   <div class='ocr_carea' id='block_1_97' title="bbox 262 4635 1832 4712">
    <p class='ocr_par' dir='ltr' id='par_1_97' title="bbox 262 4635 1832 4712">
     <span class='ocr_line' id='line_1_98' title="bbox 262 4635 1832 4712; baseline 0.005 -24"><span class='ocrx_word' id='word_1_668' title='bbox 262 4635 345 4712; x_wconf 44' lang='lat' dir='ltr'><strong><em>{is</em></strong></span> <span class='ocrx_word' id='word_1_669' title='bbox 389 4636 474 4712; x_wconf 80' lang='lat'><strong><em>_&quot;°</em></strong></span> <span class='ocrx_word' id='word_1_670' title='bbox 513 4637 819 4712; x_wconf 68' lang='lat' dir='ltr'><strong><em>ministrum</em></strong></span> <span class='ocrx_word' id='word_1_671' title='bbox 868 4639 922 4692; x_wconf 89' lang='lat'><strong><em>2.</em></strong></span> <span class='ocrx_word' id='word_1_672' title='bbox 959 4639 1046 4712; x_wconf 24' lang='lat'><strong><em>_5.‘_</em></strong></span> <span class='ocrx_word' id='word_1_673' title='bbox 1093 4641 1161 4674; x_wconf 74' lang='grc'><strong><em>⁸⁹¹</em></strong></span> <span class='ocrx_word' id='word_1_674' title='bbox 1198 4641 1534 4712; x_wconf 76' lang='lat' dir='ltr'><strong><em>confrogasis</em></strong></span> <span class='ocrx_word' id='word_1_675' title='bbox 1594 4642 1646 4695; x_wconf 91' lang='lat'><strong><em>1.</em></strong></span> <span class='ocrx_word' id='word_1_676' title='bbox 1691 4640 1832 4712; x_wconf 15' lang='lat'><strong><em>2.75.</em></strong></span> 
     </span>
    </p>
   </div>
   <div class='ocr_carea' id='block_1_98' title="bbox 263 4705 1624 4767">
    <p class='ocr_par' dir='ltr' id='par_1_98' title="bbox 263 4705 1624 4767">
     <span class='ocr_line' id='line_1_99' title="bbox 263 4705 1624 4767; baseline 0.003 -9"><span class='ocrx_word' id='word_1_677' title='bbox 263 4706 345 4758; x_wconf 76' lang='lat'><strong><em>1‘.</em></strong></span> <span class='ocrx_word' id='word_1_678' title='bbox 384 4705 439 4759; x_wconf 91' lang='lat'><strong><em>2.</em></strong></span> <span class='ocrx_word' id='word_1_679' title='bbox 515 4707 585 4739; x_wconf 69' lang='lat' dir='ltr'><strong><em>m</em></strong></span> <span class='ocrx_word' id='word_1_680' title='bbox 621 4724 743 4764; x_wconf 89' lang='lat' dir='ltr'><strong><em>cum</em></strong></span> <span class='ocrx_word' id='word_1_681' title='bbox 779 4708 1132 4767; x_wconf 88' lang='lat' dir='ltr'><strong><em>foraminibus</em></strong></span> <span class='ocrx_word' id='word_1_682' title='bbox 1160 4713 1308 4766; x_wconf 86' lang='lat' dir='ltr'><strong><em>addit</em></strong></span> <span class='ocrx_word' id='word_1_683' title='bbox 1358 4705 1450 4766; x_wconf 71' lang='lat' dir='ltr'><strong><em>vit.</em></strong></span> <span class='ocrx_word' id='word_1_684' title='bbox 1479 4711 1624 4765; x_wconf 84' lang='lat' dir='ltr'><strong><em>Rem.</em></strong></span> 
     </span>
    </p>
   </div>
   <div class='ocr_carea' id='block_1_99' title="bbox 1433 4501 2102 4572">
    <p class='ocr_par' dir='ltr' id='par_1_99' title="bbox 1433 4501 2102 4572">
     <span class='ocr_line' id='line_1_100' title="bbox 1433 4501 2102 4572; baseline 0.004 -17"><span class='ocrx_word' id='word_1_685' title='bbox 1433 4502 1502 4534; x_wconf 82' lang='grc'><strong><em>⁸⁸⁸</em></strong></span> <span class='ocrx_word' id='word_1_686' title='bbox 1547 4501 1843 4572; x_wconf 77' lang='lat' dir='ltr'><strong><em>indigneris</em></strong></span> <span class='ocrx_word' id='word_1_687' title='bbox 1889 4503 1939 4556; x_wconf 90' lang='lat'><strong><em>1.</em></strong></span> <span class='ocrx_word' id='word_1_688' title='bbox 1970 4503 2024 4557; x_wconf 75' lang='lat'><strong><em>2.</em></strong></span> <span class='ocrx_word' id='word_1_689' title='bbox 2048 4504 2102 4558; x_wconf 92' lang='grc'><strong><em>5.</em></strong></span> 
     </span>
    </p>
   </div>
   <div class='ocr_carea' id='block_1_100' title="bbox 1771 4572 2441 4630">
    <p class='ocr_par' dir='ltr' id='par_1_100' title="bbox 1771 4572 2441 4630">
     <span class='ocr_line' id='line_1_101' title="bbox 1771 4572 2441 4630; baseline 0.009 -6"><span class='ocrx_word' id='word_1_690' title='bbox 1771 4572 1827 4627; x_wconf 87' lang='lat'><strong><em>2.</em></strong></span> <span class='ocrx_word' id='word_1_691' title='bbox 1876 4572 2108 4627; x_wconf 78' lang='lat' dir='ltr'><strong><em>3.nostr.</em></strong></span> <span class='ocrx_word' id='word_1_692' title='bbox 2152 4576 2241 4628; x_wconf 74' lang='lat' dir='ltr'><strong><em>rit.</em></strong></span> <span class='ocrx_word' id='word_1_693' title='bbox 2292 4574 2441 4630; x_wconf 77' lang='lat' dir='ltr'><strong><em>Rem.</em></strong></span> 
     </span>
    </p>
   </div>
   <div class='ocr_carea' id='block_1_101' title="bbox 1909 4643 2448 4714">
    <p class='ocr_par' dir='ltr' id='par_1_101' title="bbox 1909 4643 2448 4714">
     <span class='ocr_line' id='line_1_102' title="bbox 1909 4643 2448 4714; baseline 0.006 -17"><span class='ocrx_word' id='word_1_694' title='bbox 1909 4643 1980 4677; x_wconf 72' lang='grc' dir='ltr'><strong><em>δ”</em></strong></span> <span class='ocrx_word' id='word_1_695' title='bbox 2015 4646 2345 4714; x_wconf 86' lang='lat' dir='ltr'><strong><em>peraccessit</em></strong></span> <span class='ocrx_word' id='word_1_696' title='bbox 2394 4647 2448 4700; x_wconf 93' lang='grc'><strong><em>5.</em></strong></span> 
     </span>
    </p>
   </div>
   <div class='ocr_carea' id='block_1_102' title="bbox 1702 4711 2172 4770">
    <p class='ocr_par' dir='ltr' id='par_1_102' title="bbox 1702 4711 2172 4770">
     <span class='ocr_line' id='line_1_103' title="bbox 1702 4711 2172 4770; baseline 0.004 -6"><span class='ocrx_word' id='word_1_697' title='bbox 1702 4711 1772 4742; x_wconf 74' lang='grc'><strong><em>⁸³⁸</em></strong></span> <span class='ocrx_word' id='word_1_698' title='bbox 1823 4711 2082 4770; x_wconf 81' lang='lat' dir='ltr'><strong><em>adversus</em></strong></span> <span class='ocrx_word' id='word_1_699' title='bbox 2125 4715 2172 4767; x_wconf 86' lang='lat'><strong><em>1.</em></strong></span> 
     </span>
    </p>
   </div>
   <div class='ocr_carea' id='block_1_103' title="bbox 2179 4502 3554 4608">
    <p class='ocr_par' dir='ltr' id='par_1_103' title="bbox 2179 4502 3554 4608">
     <span class='ocr_line' id='line_1_104' title="bbox 2179 4502 3554 4576; baseline 0.001 -18"><span class='ocrx_word' id='word_1_700' title='bbox 2179 4504 2249 4536; x_wconf 80' lang='grc'><strong><em>⁸⁸⁸</em></strong></span> <span class='ocrx_word' id='word_1_701' title='bbox 2278 4505 2552 4559; x_wconf 89' lang='lat' dir='ltr'><strong><em>choldulfo</em></strong></span> <span class='ocrx_word' id='word_1_702' title='bbox 2608 4507 2656 4559; x_wconf 92' lang='lat'><strong><em>1.</em></strong></span> <span class='ocrx_word' id='word_1_703' title='bbox 2690 4506 2741 4560; x_wconf 82' lang='lat'><strong><em>2.</em></strong></span> <span class='ocrx_word' id='word_1_704' title='bbox 2767 4505 3051 4576; x_wconf 88' lang='lat' dir='ltr'><strong><em>clodulpho</em></strong></span> <span class='ocrx_word' id='word_1_705' title='bbox 3081 4506 3136 4558; x_wconf 91' lang='grc'><strong>5.</strong></span> <span class='ocrx_word' id='word_1_706' title='bbox 3167 4502 3416 4559; x_wconf 84' lang='lat' dir='ltr'><strong><em>Flodulfo</em></strong></span> <span class='ocrx_word' id='word_1_707' title='bbox 3444 4507 3554 4560; x_wconf 87' lang='lat' dir='ltr'><strong><em>tab.</em></strong></span> 
     </span>
     <span class='ocr_line' id='line_1_105' title="bbox 2184 4574 3554 4608; baseline 0 0"><span class='ocrx_word' id='word_1_708' title='bbox 2184 4576 2221 4608; x_wconf 72' lang='lat' dir='ltr'><strong><em>is</em></strong></span> <span class='ocrx_word' id='word_1_709' title='bbox 2298 4574 2418 4608; x_wconf 67' lang='lat' dir='ltr'><strong><em>&quot;non</em></strong></span> <span class='ocrx_word' id='word_1_710' title='bbox 2520 4577 2590 4608; x_wconf 70' lang='lat'><strong><em>588</em></strong></span> <span class='ocrx_word' id='word_1_711' title='bbox 2621 4578 2888 4608; x_wconf 69' lang='grc' dir='ltr'><strong><em>ΙΑι-ηηοηηι</em></strong></span> <span class='ocrx_word' id='word_1_712' title='bbox 2921 4575 2954 4608; x_wconf 66' lang='grc' dir='ltr'>κ</span> <span class='ocrx_word' id='word_1_713' title='bbox 3051 4576 3121 4607; x_wconf 72' lang='grc'><strong><em>889</em></strong></span> <span class='ocrx_word' id='word_1_714' title='bbox 3146 4575 3554 4608; x_wconf 69' lang='lat' dir='ltr'><strong><em>nhcnrnnnlinm</em></strong></span> 
     </span>
    </p>
   </div>
   <div class='ocr_carea' id='block_1_104' title="bbox 2526 4575 3559 4714">
    <p class='ocr_par' dir='ltr' id='par_1_104' title="bbox 2526 4575 3559 4714">
     <span class='ocr_line' id='line_1_106' title="bbox 2526 4575 3554 4631; baseline 0 -3"><span class='ocrx_word' id='word_1_715' title='bbox 2526 4577 2590 4608; x_wconf 81' lang='grc'><strong><em>⁵³⁸</em></strong></span> <span class='ocrx_word' id='word_1_716' title='bbox 2619 4578 2889 4631; x_wconf 81' lang='lat' dir='ltr'><strong><em>forensem</em></strong></span> <span class='ocrx_word' id='word_1_717' title='bbox 2920 4575 2974 4629; x_wconf 77' lang='lat'><strong><em>5.</em></strong></span> <span class='ocrx_word' id='word_1_718' title='bbox 3051 4576 3121 4607; x_wconf 78' lang='grc'><strong><em>⁸⁸⁹</em></strong></span> <span class='ocrx_word' id='word_1_719' title='bbox 3145 4575 3554 4629; x_wconf 85' lang='lat' dir='ltr'><strong><em>obseruantium</em></strong></span> 
     </span>
     <span class='ocr_line' id='line_1_107' title="bbox 2526 4642 3559 4714; baseline -0.003 -13"><span class='ocrx_word' id='word_1_720' title='bbox 2526 4646 2597 4678; x_wconf 76' lang='grc'><strong><em>⁸⁸³</em></strong></span> <span class='ocrx_word' id='word_1_721' title='bbox 2624 4647 2968 4701; x_wconf 65' lang='grc' dir='ltr'><strong><em>όωιιιοιιὶοείε</em></strong></span> <span class='ocrx_word' id='word_1_722' title='bbox 3006 4645 3276 4714; x_wconf 85' lang='lat' dir='ltr'><strong><em>portentis</em></strong></span> <span class='ocrx_word' id='word_1_723' title='bbox 3295 4643 3356 4696; x_wconf 88' lang='lat' dir='ltr'><strong><em>C.</em></strong></span> <span class='ocrx_word' id='word_1_724' title='bbox 3388 4642 3451 4696; x_wconf 91' lang='lat' dir='ltr'><strong><em>D.</em></strong></span> <span class='ocrx_word' id='word_1_725' title='bbox 3498 4645 3559 4714; x_wconf 77' lang='lat'><strong><em>1.</em></strong></span> 
     </span>
    </p>
   </div>
   <div class='ocr_carea' id='block_1_105' title="bbox 2249 4712 3556 4771">
    <p class='ocr_par' dir='ltr' id='par_1_105' title="bbox 2249 4712 3556 4771">
     <span class='ocr_line' id='line_1_108' title="bbox 2249 4712 3556 4771; baseline -0.005 -1"><span class='ocrx_word' id='word_1_726' title='bbox 2249 4713 2322 4746; x_wconf 78' lang='grc'><strong><em>³⁹⁶</em></strong></span> <span class='ocrx_word' id='word_1_727' title='bbox 2353 4718 2544 4771; x_wconf 83' lang='lat' dir='ltr'><strong><em>statuit</em></strong></span> <span class='ocrx_word' id='word_1_728' title='bbox 2602 4717 2655 4768; x_wconf 86' lang='lat'><strong><em>1.</em></strong></span> <span class='ocrx_word' id='word_1_729' title='bbox 2707 4718 2812 4769; x_wconf 89' lang='lat' dir='ltr'><strong><em>alio</em></strong></span> <span class='ocrx_word' id='word_1_730' title='bbox 2839 4712 3130 4768; x_wconf 80' lang='lat' dir='ltr'><strong><em>atramento</em></strong></span> <span class='ocrx_word' id='word_1_731' title='bbox 3163 4727 3302 4765; x_wconf 86' lang='lat' dir='ltr'><strong><em>corr.</em></strong></span> <span class='ocrx_word' id='word_1_732' title='bbox 3327 4712 3556 4765; x_wconf 79' lang='lat' dir='ltr'><strong><em>studuit.</em></strong></span> 
     </span>
    </p>
   </div>
   <div class='ocr_carea' id='block_1_106' title="bbox 261 4744 3567 4852">
    <p class='ocr_par' dir='ltr' id='par_1_106' title="bbox 261 4744 3567 4852">
     <span class='ocr_line' id='line_1_109' title="bbox 270 4744 3556 4771; baseline 0.002 -9"><span class='ocrx_word' id='word_1_733' title='bbox 270 4744 290 4758; x_wconf 84' lang='lat' dir='ltr'><strong>I</strong></span> <span class='ocrx_word' id='word_1_734' title='bbox 329 4744 345 4758; x_wconf 76' lang='grc' dir='ltr'><strong><em>ο</em></strong></span> <span class='ocrx_word' id='word_1_735' title='bbox 390 4744 439 4759; x_wconf 76' lang='grc' dir='ltr'><strong><em>-ο</em></strong></span> <span class='ocrx_word' id='word_1_736' title='bbox 621 4744 743 4764; x_wconf 64' lang='grc' dir='ltr'><strong><em>ιυυι</em></strong></span> <span class='ocrx_word' id='word_1_737' title='bbox 779 4744 848 4763; x_wconf 87' lang='grc' dir='ltr'><strong><em>Ιυι</em></strong></span> <span class='ocrx_word' id='word_1_738' title='bbox 865 4744 1132 4767; x_wconf 69' lang='grc' dir='ltr'><strong><em>αιιιηιιυιιδ</em></strong></span> <span class='ocrx_word' id='word_1_739' title='bbox 1160 4744 1305 4766; x_wconf 72' lang='grc' dir='ltr'><strong><em>αινιιιι</em></strong></span> <span class='ocrx_word' id='word_1_740' title='bbox 1360 4744 1450 4766; x_wconf 72' lang='lat' dir='ltr'><strong><em>UH.</em></strong></span> <span class='ocrx_word' id='word_1_741' title='bbox 1479 4744 1624 4765; x_wconf 66' lang='lat' dir='ltr'><strong><em>llum-</em></strong></span> <span class='ocrx_word' id='word_1_742' title='bbox 1823 4744 1975 4767; x_wconf 68' lang='lat' dir='ltr'><strong><em>dUVCI</em></strong></span> <span class='ocrx_word' id='word_1_743' title='bbox 1991 4744 2082 4770; x_wconf 64' lang='lat' dir='ltr'><strong><em>au:</em></strong></span> <span class='ocrx_word' id='word_1_744' title='bbox 2128 4744 2172 4767; x_wconf 77' lang='grc' dir='ltr'><strong>ι.</strong></span> <span class='ocrx_word' id='word_1_745' title='bbox 2253 4744 2265 4746; x_wconf 84' lang='grc'><strong><em>“</em></strong></span> <span class='ocrx_word' id='word_1_746' title='bbox 2308 4744 2317 4746; x_wconf 60' lang='lat'><strong><em>&#39;</em></strong></span> <span class='ocrx_word' id='word_1_747' title='bbox 2353 4744 2544 4771; x_wconf 70' lang='grc' dir='ltr'><strong><em>διυιυιι</em></strong></span> <span class='ocrx_word' id='word_1_748' title='bbox 2608 4744 2655 4768; x_wconf 76' lang='grc'><strong>1.</strong></span> <span class='ocrx_word' id='word_1_749' title='bbox 2707 4744 2812 4769; x_wconf 81' lang='grc' dir='ltr'><strong><em>αηυ</em></strong></span> <span class='ocrx_word' id='word_1_750' title='bbox 2839 4744 3130 4768; x_wconf 70' lang='grc' dir='ltr'><strong><em>αισιιηιεηιυ</em></strong></span> <span class='ocrx_word' id='word_1_751' title='bbox 3163 4744 3302 4765; x_wconf 75' lang='grc' dir='ltr'><strong><em>ιυ¹¹·</em></strong></span> <span class='ocrx_word' id='word_1_752' title='bbox 3327 4744 3556 4765; x_wconf 66' lang='grc' dir='ltr'><strong><em>διυυυιιο</em></strong></span> 
     </span>
     <span class='ocr_line' id='line_1_110' title="bbox 261 4775 3567 4852; baseline 0.001 -22"><span class='ocrx_word' id='word_1_753' title='bbox 261 4775 335 4808; x_wconf 75' lang='grc'><strong><em>⁵⁸⁷</em></strong></span> <span class='ocrx_word' id='word_1_754' title='bbox 389 4776 691 4852; x_wconf 83' lang='lat' dir='ltr'><strong><em>Procedens</em></strong></span> <span class='ocrx_word' id='word_1_755' title='bbox 717 4809 787 4819; x_wconf 94' lang='lat'><strong>—</strong></span> <span class='ocrx_word' id='word_1_756' title='bbox 832 4781 1330 4852; x_wconf 17' lang='lat' dir='ltr'><strong><em>prospexitidesunt</em></strong></span> <span class='ocrx_word' id='word_1_757' title='bbox 1373 4781 1470 4834; x_wconf 80' lang='lat' dir='ltr'><strong><em>Ch.</em></strong></span> <span class='ocrx_word' id='word_1_758' title='bbox 1547 4781 1668 4852; x_wconf 13' lang='grc' dir='ltr'><strong><em>μ⁸ν⁸ί</em></strong></span> <span class='ocrx_word' id='word_1_759' title='bbox 1691 4781 1951 4838; x_wconf 75' lang='lat' dir='ltr'><strong><em>militibus</em></strong></span> <span class='ocrx_word' id='word_1_760' title='bbox 1989 4785 2038 4839; x_wconf 81' lang='lat'><strong><em>1.</em></strong></span> <span class='ocrx_word' id='word_1_761' title='bbox 2146 4783 2216 4815; x_wconf 76' lang='lat' dir='ltr'><strong><em>m</em></strong></span> <span class='ocrx_word' id='word_1_762' title='bbox 2253 4785 2394 4841; x_wconf 83' lang='lat' dir='ltr'><strong><em>deest</em></strong></span> <span class='ocrx_word' id='word_1_763' title='bbox 2441 4787 2494 4841; x_wconf 88' lang='grc'><strong><em>5.</em></strong></span> <span class='ocrx_word' id='word_1_764' title='bbox 2592 4787 2660 4817; x_wconf 80' lang='grc'><strong><em>⁶⁰⁰</em></strong></span> <span class='ocrx_word' id='word_1_765' title='bbox 2702 4786 2850 4840; x_wconf 70' lang='lat' dir='ltr'><strong><em>verba</em></strong></span> <span class='ocrx_word' id='word_1_766' title='bbox 2910 4781 3339 4852; x_wconf 77' lang='lat' dir='ltr'><strong><em>qni—ﬂuvium</em></strong></span> <span class='ocrx_word' id='word_1_767' title='bbox 3368 4781 3567 4834; x_wconf 76' lang='lat' dir='ltr'><strong><em>inserta</em></strong></span> 
     </span>
    </p>
   </div>
   <div class='ocr_carea' id='block_1_107' title="bbox 262 4847 3569 4924">
    <p class='ocr_par' dir='ltr' id='par_1_107' title="bbox 262 4847 3569 4924">
     <span class='ocr_line' id='line_1_111' title="bbox 262 4847 3569 4924; baseline 0.002 -24"><span class='ocrx_word' id='word_1_768' title='bbox 262 4855 391 4900; x_wconf 84' lang='lat' dir='ltr'><strong><em>sunt</em></strong></span> <span class='ocrx_word' id='word_1_769' title='bbox 421 4847 855 4924; x_wconf 59' lang='lat' dir='ltr'><strong><em>eademmanuin</em></strong></span> <span class='ocrx_word' id='word_1_770' title='bbox 883 4850 936 4902; x_wconf 91' lang='lat'><strong><em>1.</em></strong></span> <span class='ocrx_word' id='word_1_771' title='bbox 1014 4850 1079 4881; x_wconf 81' lang='grc'><strong><em>⁶⁰¹</em></strong></span> <span class='ocrx_word' id='word_1_772' title='bbox 1111 4851 1237 4907; x_wconf 89' lang='lat' dir='ltr'><strong><em>licet</em></strong></span> <span class='ocrx_word' id='word_1_773' title='bbox 1260 4850 1778 4924; x_wconf 68' lang='lat' dir='ltr'><strong><em>aﬂltIeI&#39;et_fontibtts</em></strong></span> <span class='ocrx_word' id='word_1_774' title='bbox 1841 4853 1987 4908; x_wconf 87' lang='lat' dir='ltr'><strong><em>addit</em></strong></span> <span class='ocrx_word' id='word_1_775' title='bbox 2033 4857 2122 4910; x_wconf 83' lang='lat' dir='ltr'><strong><em>uit.</em></strong></span> <span class='ocrx_word' id='word_1_776' title='bbox 2179 4853 2329 4910; x_wconf 83' lang='lat' dir='ltr'><strong><em>Rem.</em></strong></span> <span class='ocrx_word' id='word_1_777' title='bbox 2407 4859 2476 4890; x_wconf 73' lang='grc' dir='ltr'><strong><em>’θ’</em></strong></span> <span class='ocrx_word' id='word_1_778' title='bbox 2510 4867 2774 4924; x_wconf 77' lang='lat' dir='ltr'><strong><em>angustus</em></strong></span> <span class='ocrx_word' id='word_1_779' title='bbox 2819 4855 2869 4906; x_wconf 89' lang='lat'><strong><em>1.</em></strong></span> <span class='ocrx_word' id='word_1_780' title='bbox 2926 4847 3016 4924; x_wconf 61' lang='grc' dir='ltr'><strong><em>’Ψ</em></strong></span> <span class='ocrx_word' id='word_1_781' title='bbox 3046 4867 3216 4924; x_wconf 85' lang='lat' dir='ltr'><strong><em>__corr.</em></strong></span> <span class='ocrx_word' id='word_1_782' title='bbox 3266 4847 3375 4901; x_wconf 68' lang='lat' dir='ltr'><strong><em>alio</em></strong></span> <span class='ocrx_word' id='word_1_783' title='bbox 3422 4861 3569 4920; x_wconf 72' lang='lat' dir='ltr'><strong><em>atra-</em></strong></span> 
     </span>
    </p>
   </div>
   <div class='ocr_carea' id='block_1_108' title="bbox 233 4917 3188 4999">
    <p class='ocr_par' dir='ltr' id='par_1_108' title="bbox 233 4917 3188 4999">
     <span class='ocr_line' id='line_1_112' title="bbox 233 4917 3188 4999; baseline 0.001 -31"><span class='ocrx_word' id='word_1_784' title='bbox 233 4922 440 4999; x_wconf 58' lang='lat' dir='ltr'><strong><em>:mento</em></strong></span> <span class='ocrx_word' id='word_1_785' title='bbox 480 4917 530 4971; x_wconf 90' lang='lat'><strong><em>1.</em></strong></span> <span class='ocrx_word' id='word_1_786' title='bbox 605 4919 674 4950; x_wconf 72' lang='grc' dir='ltr'><strong><em>⁶⁰δ</em></strong></span> <span class='ocrx_word' id='word_1_787' title='bbox 701 4921 811 4974; x_wconf 80' lang='lat' dir='ltr'><strong><em>ride</em></strong></span> <span class='ocrx_word' id='word_1_788' title='bbox 837 4935 1000 4988; x_wconf 81' lang='lat' dir='ltr'><strong><em>supra</em></strong></span> <span class='ocrx_word' id='word_1_789' title='bbox 1037 4930 1142 4974; x_wconf 88' lang='lat' dir='ltr'><strong><em>not.</em></strong></span> <span class='ocrx_word' id='word_1_790' title='bbox 1176 4939 1288 4976; x_wconf 82' lang='lat' dir='ltr'><strong><em>var.</em></strong></span> <span class='ocrx_word' id='word_1_791' title='bbox 1329 4920 1420 4976; x_wconf 78' lang='lat'><strong><em>&quot;’.</em></strong></span> <span class='ocrx_word' id='word_1_792' title='bbox 1497 4922 1566 4954; x_wconf 83' lang='lat'><strong><em>‘°&#39;</em></strong></span> <span class='ocrx_word' id='word_1_793' title='bbox 1605 4930 1823 4991; x_wconf 89' lang='lat' dir='ltr'><strong><em>portum</em></strong></span> <span class='ocrx_word' id='word_1_794' title='bbox 1857 4925 1908 4977; x_wconf 86' lang='lat'><strong><em>1.</em></strong></span> <span class='ocrx_word' id='word_1_795' title='bbox 1939 4924 1993 4981; x_wconf 90' lang='grc'><strong>5.</strong></span> <span class='ocrx_word' id='word_1_796' title='bbox 2021 4943 2158 4982; x_wconf 87' lang='lat' dir='ltr'><strong><em>corr.</em></strong></span> <span class='ocrx_word' id='word_1_797' title='bbox 2192 4936 2378 4995; x_wconf 87' lang='lat' dir='ltr'><strong><em>potum</em></strong></span> <span class='ocrx_word' id='word_1_798' title='bbox 2399 4927 2454 4982; x_wconf 86' lang='lat'><strong><em>2.</em></strong></span> <span class='ocrx_word' id='word_1_799' title='bbox 2534 4917 2614 4957; x_wconf 56' lang='grc' dir='ltr'><strong><em>ηδ</em></strong></span> <span class='ocrx_word' id='word_1_800' title='bbox 2631 4927 2888 4993; x_wconf 81' lang='lat' dir='ltr'><strong><em>strepitus</em></strong></span> <span class='ocrx_word' id='word_1_801' title='bbox 2913 4923 3000 4975; x_wconf 77' lang='lat' dir='ltr'><strong><em>cit.</em></strong></span> <span class='ocrx_word' id='word_1_802' title='bbox 3037 4918 3188 4972; x_wconf 80' lang='lat' dir='ltr'><strong><em>Rem.</em></strong></span> 
     </span>
    </p>
   </div>
   <div class='ocr_carea' id='block_1_109' title="bbox 1769 5032 2006 5096">
    <p class='ocr_par' dir='ltr' id='par_1_109' title="bbox 1769 5032 2006 5096">
     <span class='ocr_line' id='line_1_113' title="bbox 1769 5032 2006 5096; baseline 0.042 -10"><span class='ocrx_word' id='word_1_803' title='bbox 1769 5032 2006 5096; x_wconf 66' lang='lat' dir='ltr'><strong><em>NOTAE.</em></strong></span> 
     </span>
    </p>
   </div>
   <div class='ocr_carea' id='block_1_110' title="bbox 2029 5117 3294 5204">
    <p class='ocr_par' dir='ltr' id='par_1_110' title="bbox 2029 5117 3294 5204">
     <span class='ocr_line' id='line_1_114' title="bbox 2029 5117 3294 5204; baseline -0.016 -15"><span class='ocrx_word' id='word_1_804' title='bbox 2029 5131 2183 5204; x_wconf 67' lang='grc'>(547)</span> <span class='ocrx_word' id='word_1_805' title='bbox 2221 5129 2326 5204; x_wconf 65' lang='lat' dir='ltr'><strong><em>Lcs</em></strong></span> <span class='ocrx_word' id='word_1_806' title='bbox 2363 5131 2555 5204; x_wconf 85' lang='lat' dir='ltr'><strong><em>hautes</em></strong></span> <span class='ocrx_word' id='word_1_807' title='bbox 2580 5126 2810 5204; x_wconf 76' lang='lat' dir='ltr'><strong><em>Fagnes,</em></strong></span> <span class='ocrx_word' id='word_1_808' title='bbox 2833 5122 2918 5175; x_wconf 87' lang='lat' dir='ltr'><strong><em>die</em></strong></span> <span class='ocrx_word' id='word_1_809' title='bbox 2936 5117 3294 5204; x_wconf 47' lang='lat' dir='ltr'><strong><em>hohenyc‘en.</em></strong></span> 
     </span>
    </p>
   </div>
   <div class='ocr_carea' id='block_1_111' title="bbox 338 5118 3014 5199">
    <p class='ocr_par' dir='ltr' id='par_1_111' title="bbox 338 5118 3014 5199">
     <span class='ocr_line' id='line_1_115' title="bbox 338 5118 3014 5199; baseline -0.011 1"><span class='ocrx_word' id='word_1_810' title='bbox 521 5119 853 5199; x_wconf 59' lang='grc' dir='ltr'><strong><em>βοιοβίεηιδίῑ</em></strong></span> <span class='ocrx_word' id='word_1_811' title='bbox 2029 5131 2183 5199; x_wconf 67' lang='grc'>(547)</span> <span class='ocrx_word' id='word_1_812' title='bbox 2221 5129 2326 5186; x_wconf 88' lang='lat' dir='ltr'><strong><em>Lcs</em></strong></span> <span class='ocrx_word' id='word_1_813' title='bbox 2363 5131 2555 5186; x_wconf 85' lang='lat' dir='ltr'><strong><em>hautes</em></strong></span> <span class='ocrx_word' id='word_1_814' title='bbox 2580 5126 2810 5199; x_wconf 79' lang='lat' dir='ltr'><strong><em>Fagnes,</em></strong></span> <span class='ocrx_word' id='word_1_815' title='bbox 2833 5122 2918 5175; x_wconf 88' lang='lat' dir='ltr'><strong><em>die</em></strong></span> <span class='ocrx_word' id='word_1_816' title='bbox 2936 5119 3014 5199; x_wconf 70' lang='lat' dir='ltr'><strong><em>ho</em></strong></span> 
     </span>
    </p>
   </div>
   <div class='ocr_carea' id='block_1_112' title="bbox 2029 5185 3580 5252">
    <p class='ocr_par' dir='ltr' id='par_1_112' title="bbox 2029 5185 3580 5252">
     <span class='ocr_line' id='line_1_116' title="bbox 2029 5185 3580 5252; baseline -0.012 0"><span class='ocrx_word' id='word_1_817' title='bbox 2029 5185 2186 5252; x_wconf 52' lang='grc'>1558)</span> <span class='ocrx_word' id='word_1_818' title='bbox 2231 5185 2602 5252; x_wconf 79' lang='lat' dir='ltr'><strong><em>warehienne</em></strong></span> <span class='ocrx_word' id='word_1_819' title='bbox 2631 5185 2855 5252; x_wconf 68' lang='lat' dir='ltr'><strong><em>rivulus,</em></strong></span> <span class='ocrx_word' id='word_1_820' title='bbox 2881 5190 2971 5252; x_wconf 88' lang='lat' dir='ltr'><strong><em>qui</em></strong></span> <span class='ocrx_word' id='word_1_821' title='bbox 3003 5188 3054 5240; x_wconf 91' lang='lat' dir='ltr'><strong><em>in</em></strong></span> <span class='ocrx_word' id='word_1_822' title='bbox 3078 5185 3388 5240; x_wconf 68' lang='lat' dir='ltr'><strong><em>“’archam</em></strong></span> <span class='ocrx_word' id='word_1_823' title='bbox 3411 5195 3580 5235; x_wconf 77' lang='lat' dir='ltr'><strong><em>exun-</em></strong></span> 
     </span>
    </p>
   </div>
   <div class='ocr_carea' id='block_1_113' title="bbox 337 5189 876 5252">
    <p class='ocr_par' dir='ltr' id='par_1_113' title="bbox 337 5189 876 5252">
     <span class='ocr_line' id='line_1_117' title="bbox 337 5189 876 5252; baseline 0.007 -10"><span class='ocrx_word' id='word_1_824' title='bbox 337 5189 485 5252; x_wconf 66' lang='grc'>(545)</span> <span class='ocrx_word' id='word_1_825' title='bbox 520 5190 876 5246; x_wconf 87' lang='lat' dir='ltr'><strong><em>Laudunensi.</em></strong></span> 
     </span>
    </p>
   </div>
  </div>
