4094 5252
546 224 687 285 1⁵055

538 429 764 505 aditum,
795 432 987 489 horror
1023 437 1122 491 erit
1150 439 1435 495 incassum.
1478 440 1674 499 Taliter
1695 445 1766 478 ⁸⁸⁷
1795 446 1932 501 enim
1970 447 2125 517 inpu-

537 502 731 589 g'nabat
756 515 826 555 ⁸⁸⁸
853 534 1054 578 vastam
1080 525 1480 599 'rEgyutiorum,
1529 534 1808 592 Thebaida:
1837 548 1886 592 et
1933 502 2125 597 Nitriae

537 610 804 667 heremum
851 614 1133 671 incolentes
1160 660 1175 683 ,
1219 637 1441 691 quorum
1500 641 1594 681 nos
1645 629 1800 684 donet
1856 631 1996 687 Deus
2045 632 2125 691 uel

537 706 761 759 tenuiter
782 706 904 775 ﬁeri
929 710 1242 772 imitatores.
1270 715 1406 772 Sunt
1442 719 1524 774 illi
1546 722 1688 777 mille
1710 729 1934 783 nocendi
1959 741 2121 799 artes,

533 802 655 845 sunt
695 792 981 850 innumera,-
1012 799 1326 858 insidiarum
1357 808 1592 877 fraudes.
1632 810 1736 867 Sed
1766 831 1869 871 non
1914 818 2124 889 ignora-

533 888 649 935 mus
672 880 952 942 uersutiam
983 890 1119 959 ejus,
1145 894 1239 961 qui
1276 899 1435 951 etiam
1474 917 1568 970 per
1596 919 1803 960 muscas
1847 925 1969 964 suos
2023 911 2123 965 ali-

532 967 742 1041 q'uando
773 976 870 1030 init
898 995 1226 1050 congressus.
1275 988 1343 1040 At
1390 967 1485 1045 nos
1526 993 1719 1062 [amuli
1770 998 1965 1056 Christi
2021 1020 2123 1075 quo

530 1062 648 1130 plus
670 1066 988 1127 incursando
1015 1079 1325 1148 premimur,
1355 1099 1414 1137 eo
1441 1088 1608 1156 magis
1644 1094 1971 1160 assurgimus
2003 1114 2121 1153 cum

532 1152 869 1216 feluctamur.
902 1162 1162 1234 Expertus
1190 1181 1405 1228 satanas
1431 1175 1499 1209 ‘°’
1519 1152 1835 1249 pertimescit
1859 1187 2121 1260 principia

530 1250 666 1300 recte
706 1251 870 1306 vivere
912 1256 1266 1325 iniciantium,
1297 1265 1524 1335 uigilias,
1574 1275 1857 1343 orationes,
1881 1279 2119 1351 jejunio,

1348 1332 1361 1335 _
1512 1332 1515 1333 ν
1845 1332 1857 1343 .
1881 1332 1904 1349 .,
1922 1332 2115 1351 τμη-ι

527 1332 805 1393 mansuem
824 1340 1002 1408 linem,
1047 1350 1351 1417 patientiam
1383 1395 1399 1422 ,
1430 1359 1779 1418 voluntariam
1829 1381 2115 1440 pauperta-

1383 1418 1394 1422 ν
1829 1418 1852 1438 r
1869 1418 2017 1440 ""r"
2033 1418 2086 1427 "'

527 1418 651 1490 tem,
686 1444 834 1485 vana:
857 1433 1042 1502 gloria:
1063 1450 1409 1512 contemptum
1427 1489 1441 1511 ,
1470 1450 1817 1512 humilitatem
1845 1500 1858 1525 ,
1912 1463 2119 1518 miseri-

527 1518 765 1600 cordiam
804 1532 852 1576 et
889 1530 1154 1598 prmcipue
1177 1551 1367 1603 purum
1396 1547 1519 1610 erga
1548 1543 1810 1601 Chris'um
1840 1568 2067 1610 amorem
2096 1574 2116 1623 ,°

525 1616 577 1661 et
606 1610 722 1665 ideo
750 1616 885 1670 sicut
920 1618 1003 1673 leo
1038 1622 1089 1676 in
1131 1625 1378 1694 spelunca
1415 1632 1698 1692 insidiatur
1720 1657 1786 1695 ea:
1820 1645 2019 1712 oculto,
2057 1659 2114 1703 ut

527 1704 622 1757 nos
641 1704 710 1736 ⁸⁸⁸
736 1706 993 1765 deterreat
1042 1732 1074 1767 a
1108 1720 1372 1787 proposito
1398 1721 1488 1776 ⁶⁰⁷.
1522 1724 1648 1782 II;ec
1695 1740 1750 1785 et
1789 1730 1875 1787 his
1913 1735 2112 1793 similia
2150 1728 2189 1786 Β

525 1794 620 1851 eos
648 1799 942 1875 exhortans
967 1805 1054 1872 '“,
1092 1823 1280 1867 eorum
1332 1816 1543 1874 animos
1609 1822 1660 1875 in
1710 1823 1803 1880 Dei
1851 1827 2114 1899 obsequio

523 1893 851 1959 promtiores
880 1899 1057 1959 ell'ecit
1083 1914 1137 1959 et
1167 1916 1353 1962 contra
1396 1924 1590 1968 Ollllcla
1619 1920 1971 1985 temptamina
1998 1924 2115 1979 ani-

523 1980 833 2051 mequiores
887 1989 1136 2048 reddidit.
1176 1994 1307 2051 Post
1362 2000 1477 2056 haec
1520 1980 1830 2075 praepositis
1885 2025 2112 2081 operum

522 2068 820 2143 dispositis,
852 2094 1079 2154 quaeque
1112 2096 1292 2143 essent
1332 2068 1539 2163 agenda
1568 2068 1853 2168 delegavit,
1886 2068 1942 2157 ei
1967 2103 2114 2160 Tun-

523 2161 650 2229 'gros
674 2166 758 2221 vel
797 2167 1104 2242 Traiectum
1150 2161 1389 2245 rediens,
1408 2181 1584 2240 ollicio
1632 2189 1886 2256 pastorali
1921 2192 2115 2266 invigi-

523 2247 739 2311 landum
770 2273 830 2313 se
856 2262 1233 2332 reimplicavit.
1265 2269 1382 2326 Non
1416 2247 1646 2330 multum
1672 2277 1869 2336 deinde
1901 2247 2112 2358 templis

519 2352 641 2398 erat
665 2342 927 2419 elapsum,
962 2362 1017 2410 et
1052 2371 1145 2412 rex
1195 2358 1247 2415 in
1295 2360 1498 2419 loreste
1525 2382 1621 2423 sua
1655 2378 1982 2434 monasteria
2008 2342 2108 2439 sua

519 2440 831 2494 constructa
876 2443 1104 2513 audivit,
1154 2447 1430 2508 inmensas
1471 2458 1828 2530 omnipotenti
1880 2466 2110 2529 Domino

517 2524 723 2594 gratias
745 2530 946 2590 retulit.
966 2533 1033 2590 Et
1056 2538 1181 2607 quia
1210 2542 1471 2601 ascclesite
1496 2524 1639 2606 nova
1660 2556 1885 2613 materia
1901 2572 2111 2619 ornatte

520 2613 818 2714 episcopali
867 2621 1177 2697 indigebant
1211 2631 1588 2698 benedictione
1611 2684 1627 2710 ,
1668 2647 1852 2714 misit,
1886 2613 2110 2713 beatum

519 2702 831 2793 Bemaclum
894 2722 1278 2790 accersivit,et
1326 2739 1432 2786 tam
1471 2748 1590 2789 eam
1632 2753 1752 2807 quae
1799 2741 2107 2804 Coloniensi

519 2799 833 2896 subiacebat
887 2814 1207 2883 parrochiae,
1273 2835 1396 2877 cum
1463 2842 1728 2885 consensu
1784 2839 2109 2896 venerabilis

517 2885 797 2950 Cuniberti
869 2898 1109 2967 ejusdem
1158 2908 1307 2966 urbis
1357 2920 1743 2987 metropolitze,
1776 2940 1938 2995 quam
1985 2945 2107 2987 eam

517 2990 638 3048 qua:
666 2994 864 3043 nostra:
891 2989 1101 3061 adiacet
1129 2996 1331 3057 diocesi
1350 3044 1364 3068 ,
1391 3019 1421 3059 a
1449 3006 1608 3064 beato
1647 2989 1903 3071 Remaclo
1949 3035 2107 3076 man-

517 3071 669 3128 davit
692 3076 1064 3151 sollempuiter
1085 3094 1415 3163 consecrari,
1440 3107 1496 3152 ut
1519 3100 1671 3169 cujus
1697 3108 2107 3177 expositionem
2136 3105 2180 3169 C
2213 3143 2262 3189 ω

516 3171 575 3218 et
626 3170 865 3228 maximo
917 3178 1098 3233 studio
1151 3180 1367 3241 fuerant
1424 3189 1724 3261 :edilicatze,
1768 3170 1900 3272 'ejus
1941 3205 2104 3262 etiam

515 3255 799 3363 diligentia
822 3267 1113 3335 pontiﬁcali
1156 3273 1491 3336 donarentur
1520 3255 1915 3349 benedictidne.
1954 3294 2107 3363 Quod

514 3344 602 3400 vir
624 3360 848 3410 sanctus
872 3357 997 3414 ilico
1024 3361 1365 3436 ’adimplevit,
1390 3380 1574 3443 utpote
1608 3379 1698 3448 qni
1725 3382 1836 3452 regi
1888 3393 1941 3440 et
1961 3344 2107 3457 “pro-

515 3438 733 3543 ceribus
759 3449 895 3503 adeo
918 3461 1034 3506 erat
1063 3470 1243 3522 caras,
1271 3469 1328 3527 ut
1364 3438 1529 3524 nicliil
1575 3438 1901 3543 praecipuum
1952 3438 2107 3536 ﬂleret

514 3526 722 3636 :bsque
747 3539 997 3596 consulto
1031 3542 1215 3615 ipsius.
1248 3550 1401 3609 Unde
1438 3526 1663 3631 contigit
1694 3526 1771 3629 ιιί,
1806 3568 1929 3636 quia
1970 3572 2104 3629 tanti

515 3614 743 3679 honoris
769 3636 824 3680 et
866 3614 1144 3702 dignitatis
1182 3642 1323 3711 apud
1351 3659 1443 3701 eos
1473 3614 1859 3721 eratuliabitus,
1908 3646 2105 3718 inissa-

515 3723 638 3817 tum
668 3720 906 3785 peractis
935 3726 1277 3800 solempniis,
1314 3739 1551 3796 traderet
1578 3754 1805 3817 utraque.
1856 3755 2100 3810 ctettobia

513 3799 857 3902 (frimoaldus
922 3816 1094 3887 major
1145 3823 1335 3883 domus
1392 3831 1565 3888 eidem
1619 3835 1779 3894 beato
1829 3843 1946 3899 viro
2006 3862 2102 3902 sua

512 3890 769 3970 deinceps
791 3904 1024 3965 sollertia
1054 3914 1431 3988 gubernanda,
1460 3933 1513 3979 et
1536 3943 1763 4002 qumque
1807 3939 2103 3993 mouastico

512 3989 693 4048 ordini
741 4005 1048 4061 necessaria
1096 4008 1212 4078 eius
1256 4019 1603 4087 suggestione
1650 4033 1703 4078 et
1743 4027 2103 4089 sollicitudine

510 4090 546 4135 tt
575 4085 723 4156 regia
757 4090 1092 4153 sublimitate
1129 4085 1580 4167 administranda.

508 4176 511 4180 ’
571 4181 660 4240 49.
704 4189 858 4254 Quod
881 4193 1149 4266 designato
1179 4220 1473 4262 successore
1500 4211 1851 4270 heremiticam
1882 4220 2037 4276 vitam

1162 4297 1459 4354 exuecierit.

584 4385 753 4457 Igitur
793 4406 1013 4455 sanctus
1039 4407 1314 4472 sacerdos,
1343 4410 1488 4479 quod
1546 4428 1759 4486 semper
1805 4418 1994 4477 habuit
2043 4424 2098 4481 in

509 4487 660 4545 voto,
694 4488 1005 4547 remotioris
1043 4495 1249 4552 scilicet
1296 4502 1420 4557 vita:
1466 4504 1833 4577 solitudinem,
1860 4515 1941 4570 sic
1988 4516 2098 4572 Deo

510 4582 798 4682 inridente
811 4590 1002 4637 nactus
1028 4598 1110 4641 est
1132 4592 1492 4650 occasionem.
1509 4596 1554 4670 ί(
1569 4597 1685 4655 Vita
1716 4601 1845 4658 Rem
1874 4622 1957 4673 ,c.
1982 4609 2094 4682 12.)

506 4657 754 4719 r'l'altdem
783 4666 908 4725 licet
953 4671 1265 4736 dillicillime
1318 4657 1629 4755 impetravit
1656 4698 1834 4748 tamen
1946 4657 2091 4767 rege:

502 4760 571 4810 ut
616 4755 754 4816 alius
809 4762 912 4820 sibi
957 4774 1289 4838 succederet,
1341 4787 1398 4831 et
1432 4778 1536 4834 sibi
1591 4780 1682 4835 diu
1728 4755 2091 4845 desideraui";

506 4847 788 4909 heremum
816 4857 967 4913 adire
995 4859 1202 4930 liceret,
1232 4867 1322 4925 ubi
1348 4880 1588 4945 remotus
1610 4873 1680 4906 ⁸⁸³
1708 4892 1738 4931 a
1764 4878 1912 4933 curis
1940 4896 2097 4937 secu-

497 4937 713 5000 laribus
753 4945 979 5007 liberius
1019 4953 1255 5014 inbiaret
1294 4940 1646 5039 caelestibus]
1696 4966 1887 5025 Sancti
1916 4969 2095 5027 Theo-

1115 228 1447 294 HERIGERI
1477 238 1903 298 ET'ANSELMI
1926 240 2154 299 GESTA
2179 241 2397 300 EPlSC.
2429 243 2690 302 TUNGR.
2725 246 2920 304 TRAJ.
2950 246 3041 307 ET
3072 248 3278 309 LEOD.

539 336 745 408 rarum,
775 334 869 414 per
891 360 1024 415 quas
1058 361 1152 401 nos
1200 347 1543 420 impugnandi
1575 362 1746 422 sperat
1793 370 1849 410 se
1877 351 2131 413 invenisse
2157 366 2202 424 Α

2233 372 2386 430 dardi
2426 375 2592 430 vitam
2644 378 2778 433 satis
2824 379 3158 449 probabilem
3197 380 3309 451 regi
3367 389 3423 436 et
3459 381 3813 473 obtimatibus

2226 469 2558 535 Ostentavil,
2590 484 2824 540 eumque
2870 472 3042 528 vicem
3095 488 3249 529 suam
3296 474 3549 545 supplere
3595 483 3653 531 et

2225 572 2284 611 se
2305 558 2576 614 cathedrae
2601 575 2711 616 suas
2757 562 3154 633 subrogandum
3198 580 3265 619 ex
3306 564 3522 621 nomine
3563 566 3812 637 designa-

2225 650 2300 704 vit
2339 650 2487 721 (551)
2534 651 2644 723 (an.
2672 652 2818 723 66!).
2868 654 2935 727 [0
2987 665 3219 726 quantus
3263 657 3330 712 de
3388 657 3505 728 ejus
3554 660 3811 716 abscessu

2223 748 2444 797 exortus
2469 752 2554 799 est
2590 742 2787 799 luctus!
2817 760 2850 799 ο
2898 760 3059 815 quam
3111 756 3311 802 mestos
3362 745 3583 818 reliquit
3618 749 3815 819 quibus

2223 830 2428 886 semina
2455 834 2758 889 contulerat
2789 835 2934 901 vitae,
2965 852 3086 892 cum
3119 837 3361 892 viderent
3400 853 3460 895 se
3489 839 3602 904 jtali
3631 850 3809 911 patre,

2225 928 2375 975 tanto
2436 923 2658 979 doctore
2725 925 2943 982 orbatos
3004 926 3373 1000 remanerel]
3427 928 3624 985 Omnis
3678 938 3812 986 aetas

2222 1009 2505 1081 utriusque
2548 1028 2711 1069 sexus
2762 1016 3000 1073 dolorem
3050 1019 3232 1073 cordis
3283 1016 3522 1075 lacrimis
3570 1022 3809 1089 testari,

2221 1109 2384 1172 atque
2433 1118 2556 1159 eum
2611 1111 2990 1179 prosequendo
3045 1112 3162 1167 btec
3228 1111 3425 1168 validis
3479 1113 3813 1173 clamoribus

2219 1193 2462 1263 proﬁteri
2497 1195 2586 1250 ἰδ.
2617 1196 2776 1270 [Heu
2829 1204 3006 1258 miseri
3054 1207 3181 1278 quid
3231 1212 3405 1265 acturi
3451 1226 3667 1277 sumus,
3721 1213 3811 1284 qui

2221 1292 2425 1340 tantum
2478 1299 2742 1358 pastorem
2795 1295 3125 1353 amittimus?
3158 1297 3308 1355 Unde
3340 1304 3652 1374 recipiemus
3688 1323 3809 1361 con—

2218 1377 2565 1448 solationem,
2621 1398 2738 1438 cum
2794 1387 2903 1457 ipse
2946 1400 3077 1445 esset
3136 1395 3457 1465 pra'cipuum
3505 1410 3807 1457 nostrarum

2219 1486 2595 1541 erumpnarum
2637 1476 2868 1534 leratnen
2897 1481 2923 1536 γ
2952 1482 3082 1548 Quis
3132 1486 3424 1542 ntedebitur
3466 1491 3637 1558 ultra,
3690 1512 3806 1549 cum

2219 1561 2325 1631 ipse
2381 1562 2540 1631 fuerit
2602 1568 2745 1623 solus
2803 1571 3101 1630 nostrorum
3166 1578 3408 1634 dolarunt
3483 1584 3810 1663 medicina?

2219 1650 2324 1720 Qui
2352 1655 2423 1693 ⁸³⁵
2452 1658 2595 1713 nobis
2620 1659 2739 1729 jam
2789 1665 3010 1737 denique
3057 1679 3216 1723 restat
3269 1670 3414 1726 locus
3464 1675 3681 1743 salutis,
3718 1654 3808 1749 qui

2217 1751 2352 1804 tanti
2375 1753 2710 1809 destitnimur
2738 1759 3019 1825 prtesentia
3043 1762 3209 1829 patris
3238 1762 3306 1793 ⁶¹⁵
3330 1761 3384 1837 ?]
3413 1762 3656 1831 Quorum
3688 1767 3807 1845 ejuf

2217 1836 2327 1893 latu
2368 1853 2588 1899 sanctus
2627 1846 2711 1900 vir
2738 1859 3047 1918 permotus,
3074 1852 3155 1906 sic
3197 1868 3291 1908 eos
3327 1864 3411 1910 est
3448 1858 3804 1917 consolatus:

2220 1928 2399 1986 Nolite
2430 1934 2519 2000 θη,
2549 1954 2730 2007 queso,
2754 1939 2928 2007 ﬁlioli,
2956 1944 3281 2011 propositum
3311 1946 3620 2005 intentionis
3642 1952 3809 2007 animi

2216 2022 2318 2075 mei
2352 2025 2511 2080 tantis
2558 2031 3000 2099 persecutionibus
3048 2034 3315 2090 insectari.
3363 2037 3585 2096 Habetis
3636 2042 3805 2119 Deum

2215 2129 2371 2178 super
2396 2118 2571 2173 omnia
2598 2130 2862 2189 pastorem
2903 2134 2952 2178 et
2975 2135 3198 2194 patrem,
3237 2128 3294 2183 in
3323 2139 3577 2187 a'ternum
3621 2138 3805 2192 uestris

2213 2204 2556 2264 incommodis
2585 2210 2858 2284 benignum
2881 2216 3278 2274 consolatorem.
3296 2216 3632 2281 Proeidimus
3657 2226 3806 2283 nam;

2212 2312 2312 2367 quc
2371 2302 2713 2358 exterioribus
2780 2308 2960 2363 uestris
3018 2312 3301 2367 commodis
3342 2313 3410 2347 ⁶¹⁷
3469 2316 3649 2385 ﬁlium
3709 2337 3806 2395 ποτ

2212 2396 2353 2443 trum
2381 2390 2451 2425 ⁸η
2489 2393 2543 2447 in
2575 2398 2814 2453 omnibus
2833 2400 3109 2471 probatum
3139 2404 3506 2464 Theodardunr
3526 2452 3541 2478 ,
3569 2392 3806 2485 sagacis?

2211 2480 2402 2537 simum
2435 2485 2840 2559 invigilatorem,
2879 2503 2927 2548 et
2957 2511 3052 2565 pro
3079 2507 3235 2567 captu
3255 2502 3507 2572 erogandi
3538 2480 3802 2583 consertis

2211 2571 2266 2626 in
2293 2583 2521 2647 tempore
2546 2581 2708 2637 tritici
2733 2584 3096 2654 ﬁdelissimum
3120 2571 3553 2662 dispensatorem.
3588 2596 3659 2653 Et
3677 2576 3799 2671 quia

2210 2663 2327 2734 ejus
2377 2671 2720 2737 provisionem
2769 2676 2908 2733 vobis
2961 2681 3191 2751 sufﬁcere
3235 2699 3338 2739 non
3387 2685 3589 2758 diﬁ'ido,
3629 2663 3807 2747 locum.

2212 2756 2417 2814 dilectis
2462 2762 2762 2821 solitudinis
2788 2767 2936 2823 adire
2970 2769 3217 2840 delibero,
3256 2783 3308 2828 et
3334 2756 3479 2832 solus
3504 2779 3563 2833 in
3586 2782 3809 2852 superui-

2210 2856 2518 2919 spectatoris
2547 2858 2712 2914 oculis
2741 2876 2939 2915 mecum
2974 2864 3213 2922 habitare
3237 2870 3512 2927 contendo.

2208 2939 2278 2997 50
2294 2944 2383 3000 ⁸³⁵.
2417 2945 2707 3020 Responsio
2730 2953 2961 3021 ﬁliorum
2992 2974 3054 3012 ne
3081 2959 3180 3014 hoc
3208 2961 3359 3031 ﬁeret
3391 2963 3796 3036 refragantium.

2284 3041 2434 3099 Tunc
2480 3045 2620 3102 forte
2649 3052 2741 3117 qui
2793 3049 3023 3108 aderant
3076 3055 3456 3125 prudentiores
3507 3058 3800 3125 intendunt

2268 3133 2336 3190 lia
2374 3151 2762 3223 prosequentes
2783 3141 2823 3214 ξι
2833 3142 2982 3212 Vide,
3011 3158 3161 3217 pater
3180 3148 3474 3207 beatissime
3497 3193 3513 3218 ,
3538 3155 3659 3210 uide
3676 3157 3799 3227 quid

2210 3243 2358 3299 agas,
2408 3216 2632 3287 adtende
2680 3236 2765 3289 cui
2795 3253 2888 3292 nos
2932 3238 3235 3309 ignominia:
3275 3244 3493 3314 prodas.
3551 3244 3797 3321 (ἕτεραι,

2209 3329 2265 3373 ut
2300 3331 2509 3391 patrum
2543 3334 2741 3380 statuta
2786 3329 3098 3399 decernunt,
3125 3350 3274 3402 quem
3296 3336 3455 3391 semel
3510 3341 3805 3408 regendum

2206 3416 2493 3482 susceperis
2517 3454 2533 3481 ,
2585 3417 2686 3472 nisi
2731 3421 3035 3490 inﬁrmitate
3063 3436 3303 3496 cogente,
3330 3437 3378 3481 et
3412 3427 3689 3487 ultroneus
3712 3449 3794 3487 reo

2209 3509 2450 3562 nuntiare
2501 3527 2605 3565 non
2646 3513 2977 3581 permitteris.
3013 3515 3279 3582 Quamdiu
3321 3519 3457 3573 enim
3505 3522 3628 3577 uiuit
3684 3526 3793 3593 cpi.

2205 3614 2230 3653 s
2263 3614 2413 3666 opus.
2445 3617 2596 3670 quem
2627 3604 2691 3657 ab
2732 3606 2897 3675 oﬁicio
2950 3624 3048 3662 suo
3094 3609 3373 3664 necessitas
3420 3612 3795 3695 inﬁrmitatis,

2206 3704 2309 3744 non
2329 3693 2523 3748 crimen
2549 3695 2955 3762 abducit,alium
2977 3700 3090 3755 loco
3112 3701 3225 3771 ejus
3258 3702 3359 3755 nisi
3378 3703 3491 3772 ipso
3520 3718 3795 3762 recusante

2203 3791 2253 3834 et
2280 3784 2472 3853 scripto
2496 3786 2798 3855 peticionem
2844 3790 3116 3860 probante,
3145 3793 3409 3847 ordinatio
3440 3795 3592 3850 nulla
3638 3798 3789 3855 sinit.

2207 3869 2384 3928 Etiam
2420 3886 2590 3932 mente
2630 3890 2813 3945 capto,
2842 3882 2890 3935 si
2933 3883 3207 3939 interualla
3257 3885 3568 3954 egritudinis
3602 3888 3795 3944 habere

2203 3975 2276 4018 est
2303 3965 2509 4032 solitus,
2558 3969 2893 4025 nihilominus
2928 3972 3028 4026 nisi
3078 3974 3333 4038 peticione
3380 3975 3508 4030 data
3551 3989 3788 4046 annuat,

2204 4071 2309 4110 non
2334 4057 2479 4113 debet
2506 4062 2783 4118 succedere
2820 4062 2977 4118 alius.
3004 4064 3282 4120 Enimvero
3302 4066 3349 4138 si
3371 4066 3518 4121 nullo
3559 4080 3791 4141 tempore

2201 4148 2273 4201 ad
2319 4166 2465 4205 sana:
2515 4154 2700 4207 mentis
2751 4154 2882 4208 redit
2937 4156 3178 4226 ofﬁcium,
3226 4172 3448 4227 persona
3498 4158 3681 4228 ﬁdelis
3727 4179 3788 4217 ac

2201 4238 2319 4292 rita:
2358 4242 2640 4310 probabilis
2666 4254 2742 4298 est
2770 4245 3028 4315 eligenda,
3057 4248 3147 4312 qui
3189 4248 3321 4301 vices
3348 4246 3463 4313 eius
3500 4265 3562 4303 eo
3595 4252 3789 4307 vivente

2200 4337 2402 4384 tantum
2428 4333 2686 4403 suppleat,
2713 4344 2761 4390 et
2799 4334 3043 4405 defuncto
3069 4337 3304 4392 ordinari
3327 4337 3483 4408 digne
3505 4356 3779 4397 successor

2201 4420 2388 4475 ualeat.
2433 4422 2551 4477 (lac
2602 4426 2683 4479 via
2725 4426 3055 4496 promulgata
3092 4432 3345 4496 patrum,’
3370 4430 3417 4482 si
3463 4446 3615 4485 secus
3668 4434 3786 4503 quis

2201 4513 2383 4579 egerit,
2413 4524 2462 4567 et
2491 4531 2708 4568 uxorem
2754 4517 3026 4571 dimissam
3076 4519 3319 4572 mter/iuri
3345 4518 3495 4587 facit,
3523 4531 3572 4574 et
3600 4523 3651 4575 ei
3695 4524 3789 4594 qui

2201 4602 2472 4657 dimissam
2500 4605 2731 4669 duxerit,
2761 4623 2947 4661 nomen
2971 4609 3154 4663 mtechi
3173 4609 3359 4678 procul
3383 4610 3544 4666 dubio
3586 4614 3782 4680 impar.

2198 4695 2349 4748 tabit.
2383 4695 2502 4750 Hac
2527 4700 2761 4761 ratione,
2792 4709 2947 4768 pater
2977 4702 3327 4767 sanctissime,
3360 4704 3496 4769 side,
3526 4718 3779 4778 quantum

2169 4799 2446 4859 .gravelur
2490 4792 2755 4862 judicium
2800 4804 2990 4861 tuum,
3041 4798 3265 4852 adtende
3320 4809 3578 4869 quantum
3636 4801 3795 4870 {amor

2199 4892 2379 4937 nostra
2398 4885 2579 4941 subeat
2604 4888 2955 4956 dispendium.
2981 4889 3187 4947 Crimen
3208 4892 3302 4947 tibi
3328 4909 3433 4948 non
3456 4895 3776 4956 intenditur,

2197 4990 2301 5044 quo
2339 4976 2603 5033 convictus
2620 4979 2689 5012 “°
2726 4981 3005 5052 deponaris
3021 4999 3045 5048 ;
3080 4983 3403 5052 inﬁrmitatis
3424 4985 3656 5043 conditio
3676 5000 3779 5041 non

1747 5076 1984 5134 VARUE
2026 5080 2427 5139 LECTIONES.

582 5141 653 5175 ⁶θτ
691 5145 879 5204 desunt
903 5151 1000 5207 Ch.
1075 5140 1145 5187 ⁸⁵⁸
1181 5169 1304 5208 ante
1331 5177 1428 5208 nne
1472 5166 1620 5208 mlius
1682 5171 1752 5208 ..ει
1804 5169 1944 5225 ηοω,
2022 5174 2090 5206 cos
2116 5176 2191 5228 5m
2237 5177 2323 5229 ιοῑι,
2366 5175 2405 5208 υ
2454 5179 2658 5208 and-~-
2696 5184 2716 5208 ι
2767 5184 2801 5208 α
2850 5185 2883 5208 η
2977 5184 3162 5241 mm:
3344 5186 3382 5208 "
3480 5186 3546 5208 "'
3584 5187 3744 5242 :‘t,‘“
