4094 5252
253 221 391 278 1057

1280 211 1612 269 HERIGERI
1641 210 1867 266 GESTA
1903 207 2117 263 EPISC.
2152 203 2354 263 LEOD.

3382 196 3524 253 1058

244 342 521 408 aggrawt,
551 345 655 396 quo
694 329 968 399 repudium
1014 333 1279 382 ostentans
1321 325 1386 379 ab
1414 325 1579 395 ofﬁcio
1624 340 1840 393 suspen-
1867 326 1916 387 Α
1948 336 2047 374 non
2078 336 2190 373 meo
2205 317 2450 408 judicio.
2480 314 2821 408 perfectorum
2850 321 2924 408 est
2958 320 3006 408 et
3056 311 3119 366 ab
3160 310 3375 381 inceptis
3400 326 3530 408 -non

246 428 418 480 duris.
449 424 577 478 Ideo
622 423 923 491 peticionem
974 416 1449 473 abrenunciationis
1481 426 1604 481 tute,
1634 417 1839 470 etiamsi

248 520 445 587 scripto
480 515 743 585 probetur,
774 512 1075 565 abdicamus
1100 527 1117 575 ;
1145 510 1234 580 qui
1272 510 1405 563 vices
1445 518 1561 561 tuas
1582 507 1840 575 suppleat,

246 602 444 663 nedum
471 608 562 677 qui
605 620 872 660 successor
894 614 942 657 te
977 604 1090 657 vivo
1122 604 1347 665 existat,
1386 602 1527 655 omni
1567 601 1719 652 modo
1762 602 1844 652 in-

248 680 553 772 probamus.
596 697 808 751 Patrem
848 704 896 747 te
936 695 1085 764 justa
1133 694 1455 748 successione
1484 694 1793 745 admisimus
1826 732 1841 757 ,

250 789 355 859 filii
379 799 423 843 et
456 805 557 842 non
587 786 815 840 adulteri
850 786 953 838 dici
983 796 1031 838 et
1058 802 1167 838 esse
1191 786 1537 853 percnpimus.
1568 784 1845 837 Advertieti

244 882 368 952 jam
418 880 505 933 ubi
533 888 868 949 pergravetur
898 876 1153 945 juditium
1185 886 1353 937 tuum,
1392 877 1602 940 audias,
1640 893 1847 945 (μιανθη-

254 988 374 1023 mus
405 971 494 1035 ⁸⁸⁸,
546 970 632 1023 ubi
681 968 965 1038 ignominia
1024 968 1362 1037 subsequente
1429 978 1606 1020 nostra
1676 970 1847 1035 capiat

258 1062 405 1129 fama
440 1060 789 1130 dispendium.
825 1059 940 1124 Quo
982 1060 1191 1112 obtentu
1241 1077 1333 1112 nos
1379 1060 1611 1123 deseras,
1660 1077 1848 1114 cau.~as

258 1174 366 1210 non
393 1157 569 1221 habes,
599 1157 767 1225 primo
810 1156 931 1225 quia
968 1169 1069 1207 non
1106 1169 1293 1205 sumus
1326 1152 1623 1221 fornicarii,
1654 1152 1785 1220 utju
1800 1170 1853 1205 re

258 1250 537 1302 debeamus
570 1258 678 1301 ate
728 1246 970 1314 relinqui.
1004 1244 1071 1298 In
1112 1244 1382 1296 catholica:
1422 1245 1604 1295 matris
1654 1245 1850 1311 gremio

260 1362 294 1395 a
332 1354 380 1396 te
417 1360 597 1395 sumus
628 1343 844 1410 excepti,
875 1338 1055 1409 faciles
1112 1356 1262 1392 aures
1291 1354 1573 1406 numquam
1627 1339 1855 1405 prcvbui-

260 1452 379 1488 mus
429 1451 671 1505 perverso
716 1433 974 1497 docmati,
1028 1444 1074 1486 et
1116 1435 1161 1487 si
1218 1445 1346 1488 esset
1405 1432 1643 1500 fortassis
1680 1435 1856 1487 taliter

240 1528 520 1601 erratum,
546 1526 791 1579 debuerat
830 1535 965 1576 certe
994 1544 1023 1577 a
1058 1536 1106 1577 te
1145 1542 1254 1578 esse
1304 1529 1628 1585 subventum.
1658 1528 1856 1583 Deinde

263 1632 318 1669 ut
347 1627 392 1670 te
418 1617 658 1686 conferas
688 1616 824 1680 alio,
860 1633 959 1669 non
988 1618 1107 1670 hinc
1149 1631 1325 1672 nostra
1369 1630 1416 1674 te
1442 1623 1709 1690 perturbat
1733 1640 1855 1693 per-

1944 393 2230 473 aeclinare‘,
2256 421 2303 465 et
2338 427 2390 463 in
2420 407 2668 461 ulteriora
2700 406 3031 476 perfectionis
3075 420 3186 458 sese
3223 403 3530 470 extendere,

1944 506 2123 558 actis-te
2148 506 2264 559 vita:
2291 521 2407 557 cum
2436 502 2646 556 Martha
2678 501 2937 563 insistere,
2973 498 3040 551 ad
3077 496 3534 565 contemplativam

1944 613 2061 650 vero
2101 614 2219 649 cum
2270 595 2444 649 Maria
2500 593 2809 648 anhelanter
2855 592 3159 661 suspirare,
3188 599 3237 644 et
3287 591 3333 644 si
3384 590 3537 645 detur

1946 688 2198 751 conditio,
2238 687 2301 739 ab
2353 688 2521 739 activa
2574 686 2744 754 potius
2786 683 3076 751 refragari,
3113 698 3267 750 quasn
3307 689 3539 734 contem-

1947 779 2153 847 ;lativa:
2212 779 2554 849 speculationi
2617 794 2720 830 non
2797 776 3178 829 inhiantissime
3245 773 3535 843 equuari.

1951 868 2167 940 Gregem
2215 871 2342 923 mihi
2407 872 2461 923 in
2524 869 2665 922 vobis
2717 868 3051 921 commissum
3112 867 3259 931 rexi,
3314 866 3538 921 Domino

1952 973 2301 1028 coeperante,
2356 972 2409 1013 ut
2472 960 2639 1030 potui,
2689 959 2918 1011 laborem
2970 973 3140 1010 meum
3191 957 3541 1027 fructificasse

1952 1067 2067 1107 rota
2126 1054 2254 1106 votis
2305 1052 2656 1106 accumulavi.
2712 1048 2833 1104 Non
2879 1066 2958 1103 me
3013 1059 3146 1103 tenet
3196 1050 3417 1102 societas
3471 1046 3541 1079 “°

1952 1145 2246 1199 studiorum
2292 1155 2609 1205 vestrorum,
2637 1159 2728 1195 nec
2763 1159 2843 1195 me
2897 1142 3111 1209 offendit
3157 1140 3388 1209 pravitas
3426 1155 3544 1209 quae

1954 1236 2100 1290 nulla
2144 1246 2217 1288 est
2264 1237 2525 1288 actionum
2568 1244 2873 1286 vestrarum.
2908 1232 3151 1301 Superest
3206 1241 3259 1284 ut
3291 1232 3546 1286 talentum

1953 1328 2092 1397 quod
2123 1328 2250 1380 votis
2295 1328 2420 1379 meis
2452 1330 2507 1378 in
2538 1325 2676 1378 vobis
2719 1326 2921 1393 gaudeo
2972 1322 3380 1389 aceum‘ulatum,
3411 1323 3546 1377 alias

1957 1418 2220 1487 conferam
2288 1416 2759 1481 accumulandum,
2828 1426 2882 1469 ut
2948 1425 3114 1469 vestra
3184 1406 3548 1470 habundantia

1958 1510 2187 1578 tnopiam
2248 1509 2482 1578 suppleat
2547 1508 2795 1561 aliorum.
2856 1505 3116 1561 Fecerunt
3177 1508 3355 1561 itidem
3426 1508 3549 1564 ante

1961 1610 2191 1669 tempora
2246 1611 2411 1653 vestra
2476 1600 2667 1662 sancti,
2715 1616 2937 1669 quarunt
2992 1617 3084 1653 nos
3132 1616 3382 1668 suppares
3441 1616 3551 1655 esse

262 1710 483 1773 secutio,
514 1709 652 1779 quod
682 1709 775 1761 etsi
818 1707 1135 1761 concedatur
1159 1726 1191 1763 a
1228 1710 1483 1776 Domino,
1526 1692 1854 1780 infirmorum
1888 1705 1928 1761 Β
1961 1693 2130 1744 meriti
2158 1692 2355 1745 utinam
2388 1693 2707 1760 contingeret
2738 1692 2757 1743 .'
2785 1692 2863 1744 vel
2899 1692 3136 1757 extremi,
3158 1709 3378 1763 quorum
3420 1710 3553 1749 non-

266 1817 371 1852 non
400 1802 530 1852 satis
554 1799 897 1869 perfectorutn
936 1808 1009 1852 est
1050 1802 1361 1855 consultatio
1392 1804 1514 1857 ista.
1560 1804 1714 1856 Multi
1743 1822 1865 1857 san-

266 1903 474 1945 ctorum
544 1893 796 1960 patienter
852 1891 935 1943 usi
987 1902 1106 1944 sunt
1162 1894 1416 1961 pravitate
1471 1896 1767 1961 malorum,
1813 1905 1861 1949 et

267 2000 451 2037 eorum
520 1983 824 2051 suﬂ'erentia
887 1981 994 2035 illis
1060 1984 1228 2036 extitit
1278 1985 1579 2055 disciplina.
1631 1986 1862 2059 Denique

266 2076 458 2127 exinde
495 2074 748 2142 fachndi,
789 2090 890 2126 non
920 2075 1263 2142 equanimiter
1289 2078 1534 2145 portandi
1570 2089 1689 2131 sunt
1714 2078 1861 2145 mali,

269 2168 361 2220 ubi
407 2166 536 2220 nulli
572 2175 843 2235 supersunt
869 2168 957 2235 qui
1012 2167 1188 2235 aliquo
1224 2169 1377 2222 modo
1407 2168 1677 2225 lucrentur
1717 2172 1860 2225 boni.

272 2257 383 2311 Sed
416 2274 471 2311 ve
506 2257 673 2322 nobis,
722 2257 810 2325 qui
863 2273 981 2309 cum
1025 2268 1138 2322 tua,
1192 2274 1343 2329 quem
1399 2278 1507 2315 esse
1539 2261 1606 2293 ⁶²¹
1660 2271 1862 2316 constat

259 2350 731 2421 ~perfectissimum,
760 2352 1036 2418 praesentia
1064 2352 1417 2421 destituirnur,
1448 2365 1608 2411 tanta:
1631 2359 1865 2428 infamis:

275 2448 580 2516 objicimur,
604 2459 660 2503 ut
689 2467 790 2504 non
817 2450 972 2503 modo
997 2458 1044 2501 te
1071 2464 1226 2517 super
1255 2451 1431 2502 studia
1460 2460 1637 2503 nostra
1668 2452 1865 2518 ledere,

274 2559 456 2597 verum
482 2543 669 2596 nostris
696 2544 868 2611 pravis
891 2540 1181 2594 actionibus
1210 2550 1257 2592 te
1286 2540 1527 2594 dicantur
1549 2541 1753 2612 fugare,
1781 2544 1868 2597 ubi

276 2639 472 2691 bonum
516 2640 766 2692 neminem
797 2651 1060 2706 superesse
1108 2634 1239 2687 tanti
1277 2632 1367 2686 viri
1411 2650 1641 2687 recessus
1684 2650 1870 2703 appro-

274 2730 432 2784 betur
466 2730 713 2783 clamare.
755 2729 849 2783 Nil
882 2729 1022 2798 jam,
1052 2725 1125 2780 nil
1172 2724 1400 2793 amplius
1435 2734 1623 2789 restat,
1664 2725 1867 2778 calum-

270 2825 530 2891 pnientur
557 2821 939 2893 maliloqui‘”,
972 2828 1296 2888 augurentur
1351 2816 1620 2879 maledici,
1668 2833 1871 2870 succes-

277 2930 429 2967 sores
468 2914 707 2983 fortassis
749 2923 865 2965 tuos
910 2927 1011 2965 non
1060 2910 1216 2962 modo
1255 2908 1536 2978 fugandos,
1578 2908 1668 2962 sed
1714 2908 1870 2962 morti

276 3007 614 3075 objitiendos,
657 3005 781 3057 dum
811 3013 857 3056 et
902 3012 957 3055 tu
998 3008 1229 3053 nostrum
1260 3000 1484 3068 regimen
1529 2998 1868 3068 subterfugis,

276 3106 327 3149 et
361 3096 541 3151 beatus
582 3095 849 3149 Amandus
871 3094 959 3164 qui
990 3101 1037 3145 te
1070 3091 1331 3160 prteeessit
1374 3090 1636 3160 pulverem
1676 3092 1869 3160 pedum

276 3190 528 3243 recedens
564 3190 616 3242 in
672 3187 817 3240 nobis
858 3185 1102 3239 excussit.
1145 3182 1333 3236 Verum
1361 3182 1502 3237 Deus
1548 3184 1872 3253 omnipotens

280 3280 353 3333 ad
406 3276 878 3349 propitiandum‘“
930 3274 1104 3344 facilis
1158 3285 1207 3329 et
1255 3273 1515 3339 clemens,
1570 3275 1871 3344 prophetam

279 3386 447 3439 super
484 3370 635 3423 edera
674 3370 881 3441 (Jonas,
926 3384 998 3432 IV,
1034 3368 1121 3436 10)
1173 3376 1377 3435 repente
1415 3366 1651 3419 marcida
1687 3366 1756 3397 ⁸³⁵
1788 3366 1870 3420 in-

281 3478 509 3531 crepans
539 3463 918 3525 contristatum,
942 3460 1193 3528 approbat
1228 3476 1281 3512 se
1310 3475 1467 3527 super
1494 3475 1621 3528 opus
1651 3460 1874 3513 creatio—

283 3557 369 3609 nis
410 3572 521 3609 sua:
575 3556 619 3607 si
674 3564 847 3623 pereat
880 3553 1043 3607 multo
1092 3553 1257 3621 magis
1292 3551 1735 3606 constristandum
1764 3593 1777 3619 ,
1825 3560 1876 3607 et

282 3645 450 3699 malle
481 3646 831 3715 ptenitentiam
855 3661 1011 3714 quam
1035 3654 1250 3695 mortem
1273 3652 1620 3711 peccatorum.

452 3724 516 3777 ὄὶ
551 3724 639 3776 “⁶.
681 3721 814 3776 Item
847 3722 1112 3775 excusatio
1137 3721 1367 3789 ejusdem
1410 3723 1575 3774 sancti
1598 3721 1713 3775 riri.

362 3796 606 3856 Tandem
653 3801 1010 3855 insectatione
1048 3799 1459 3853 reclamantium
1506 3808 1728 3853 sanctus
1764 3799 1876 3855 Re-

285 3892 501 3948 maclus
531 3904 843 3954 concussus,
859 3898 1093 3943 mentem
1116 3887 1329 3942 interim
1358 3885 1637 3940 moderato
1663 3887 1878 3941 silentio

284 3983 553 4047 librabat,
589 3990 643 4037 et
675 3984 752 4038 sic
784 3983 834 4037 in
874 3983 990 4036 hanc
1024 3980 1187 4035 verba
1225 3978 1514 4049 prorupit:
1566 3975 1763 4048 Nolite,
1809 3981 1880 4033 mi

290 4076 513 4147 fratres,
538 4076 696 4128 nolite
741 4075 815 4128 sic
869 4074 1112 4128 incusare
1170 4088 1271 4137 me,
1334 4082 1525 4141 patres.
1589 4069 1879 4127 Utilitatem
1930 4071 1935 4075 ’

288 4177 517 4223 vestram
554 4174 679 4236 aput
723 4182 803 4220 me
832 4164 1122 4234 deplorare,
1170 4179 1273 4217 non
1319 4172 1393 4216 est
1442 4172 1496 4215 ut
1547 4163 1835 4218 deterream
1864 4205 1879 4231 ,
1934 4182 1937 4183 '

289 4258 552 4329 injuriam
575 4273 695 4312 vero
732 4258 865 4311 hanc
901 4257 977 4311 sic
1005 4254 1354 4323 expostulare,
1388 4271 1491 4309 non
1523 4265 1597 4309 est
1639 4265 1692 4308 ut
1720 4257 1882 4326 suffe-

292 4368 437 4405 ram.
470 4347 589 4405 Non
612 4350 681 4385 ⁶²⁴¹
714 4366 821 4404 esse
863 4365 953 4403 vos
1010 4348 1187 4401 devoto
1236 4346 1383 4418 (352)
1433 4346 1747 4416 fornicarios
1772 4388 1786 4414 ,
1827 4360 1880 4402 ut

294 4444 379 4498 sic
408 4444 553 4496 cordi
600 4443 847 4496 insederit
877 4440 1260 4510 relinquendos,
1286 4456 1389 4493 non
1416 4440 1469 4493 in
1508 4456 1779 4494 commune
1808 4441 1882 4494 sic

295 4552 485 4589 censeo
519 4535 891 4603 inprobandas,
924 4543 979 4587 ut
1021 4548 1197 4586 omnes
1224 4549 1331 4585 esse
1369 4548 1570 4586 necesse
1617 4534 1683 4586 sit
1713 4532 1885 4601 infru~

295 4637 535 4693 ctuosas,
565 4639 617 4681 ut
642 4639 689 4681 et
718 4643 834 4681 cum
871 4626 939 4660 ⁶²⁸
979 4624 1295 4678 considerem
1341 4624 1425 4677 hic
1458 4640 1626 4678 meum
1652 4624 1885 4678 laborem

296 4720 419 4773 sine
442 4717 612 4787 fructu
644 4735 773 4781 esse,
799 4717 931 4771 alias
954 4716 1104 4771 velim
1130 4732 1245 4769 cum
1273 4716 1448 4785 fructu
1474 4719 1719 4786 migrare.
1738 4715 1882 4783 Non,

295 4808 537 4876 inquam,
567 4808 847 4879 perfectum
875 4823 956 4861 me
988 4822 1097 4860 esse
1128 4815 1351 4872 cons:at,
1376 4807 1803 4877 perfectissimum
1854 4822 1888 4859 a

297 4916 426 4955 vero
448 4900 664 4954 multum
697 4899 959 4953 abhorret.
975 4896 1079 4953 Sed
1110 4907 1163 4952 ut
1195 4901 1441 4956 vestram
1465 4910 1587 4953 utar
1610 4898 1886 4963 sententia,

1912 4403 1959 4462 ῦ

1964 1783 2096 1835 nulli
2121 1783 2339 1852 majoris
2362 1783 2534 1851 gratia
2565 1782 2807 1835 utilitatis
2839 1784 2906 1836 ad
2935 1783 3070 1837 alias
3097 1785 3238 1854 passi
3277 1795 3398 1841 sunt
3446 1804 3552 1841 ανε-

1977 1873 2162 1926 clesias
2188 1890 2241 1926 se
2271 1874 2517 1942 conferri,
2538 1873 2777 1926 nonnulli
2807 1876 3024 1943 potioris
3046 1876 3360 1944 conﬁdentia
3384 1880 3555 1934 meriti

1965 1965 2371 2032 commigravere
2418 1964 2666 2019 ultronei.
2719 1964 2927 2019 Exinde
2966 1967 3054 2019 ubi
3089 1984 3144 2021 se
3194 1969 3553 2037 advertebant,

1967 2064 2056 2107 aut
2104 2070 2289 2124 parum
2340 2056 2604 2124 prodesse,
2656 2064 2748 2109 aut
2781 2073 2884 2111 non
2944 2057 3164 2111 multum
3212 2064 3556 2128 necessarios,

1964 2161 2075 2199 sese
2101 2137 2471 2200 subtrahebant
2507 2157 2570 2227 .et
2615 2148 2903 2216 majoribus
2946 2148 3212 2204 laboribus
3248 2154 3556 2222 offerebant,

1966 2246 2014 2291 et
2054 2247 2111 2289 ut
2140 2237 2417 2306 fortissimi
2454 2242 2780 2307 proeliatores
2818 2242 2914 2297 Dei
2954 2246 3117 2299 teneri
3146 2246 3286 2301 intra
3324 2249 3558 2307 claustra

1968 2333 2303 2402 requietionis
2358 2332 2645 2400 nolebant,
2694 2337 2784 2391 sed
2839 2339 2894 2392 in
2958 2349 3198 2409 apertum
3257 2344 3559 2401 certaminis

1969 2440 2209 2491 campum
2241 2435 2421 2493 sponte
2459 2426 2814 2495 prosiliebant,
2833 2447 2934 2484 non
2965 2433 3251 2487 desertores
3277 2452 3467 2504 pugna:
3489 2436 3558 2468 ‘“

1969 2516 2261 2584 spiritualis
2283 2517 2474 2585 effecti,
2504 2534 2595 2571 nec
2623 2522 2960 2575 mercenariis
2991 2523 3055 2575 ab
3083 2537 3292 2593 aspectu
3314 2525 3562 2596 luporum

1970 2606 2469 2677 subterfugientibus
2521 2614 2898 2679 comparandi,
2952 2615 3043 2667 sed
3098 2617 3186 2668 ubi
3242 2627 3333 2670 aut
3388 2618 3563 2672 minus

1969 2697 2268 2765 pra'liantes
2339 2700 2653 2769 aspiciebant
2700 2742 2714 2766 ,
2776 2717 2867 2758 aut
2926 2706 3097 2760 hostes
3160 2709 3216 2763 in
3273 2711 3565 2766 comminus

1970 2789 2263 2843 insistentes
2291 2791 2673 2857 incumbebant,
2705 2796 2814 2849 illic
2848 2814 2902 2851 se
2948 2799 3157 2867 fortiter
3196 2804 3566 2873 congressurbs

1971 2880 2292 2950 ingerebant.
2326 2880 2392 2935 Et
2422 2898 2536 2952 ego,
2558 2884 2734 2951 filioli,
2768 2904 2871 2942 non
2897 2892 3082 2945 horum
3120 2910 3200 2947 me
3224 2897 3568 2952 ostentatione

1974 2971 2235 3038 sustollo,
2302 2990 2404 3027 non
2473 2977 2672 3030 meritis
2734 2978 2947 3035 illorum
3014 3000 3178 3040 vanus
3247 2968 3569 3056 conjectator

1975 3064 2254 3132 cquipero.
2294 3062 2354 3118 Si
2383 3069 2697 3120 successoris
2717 3081 3029 3138 prattensum
3070 3092 3255 3130 nomen
3298 3080 3569 3147 abhorret,

1973 3162 2325 3228 cooperatoris
2387 3170 2435 3216 et
2481 3165 2877 3233 comprorisoris
2921 3170 3302 3223 commendatio
3342 3176 3568 3226 roboret.

1977 3248 2089 3304 Nec
2116 3254 2396 3320 praesentia
2431 3271 2544 3307 mea
2582 3272 2669 3309 vos
2710 3259 2903 3326 putetis
2947 3260 3216 3325 constitui,
3263 3279 3412 3332 quem
3452 3263 3572 3332 licet

1975 3346 2045 3399 ad
2075 3346 2206 3400 alios
2235 3348 2587 3412 instruendus,
2606 3351 2865 3403 nostra”
2906 3369 3007 3405 mn
3039 3356 3299 3423 continget
3330 3326 3571 3411 excedere

1976 3434 2191 3487 diocesi.
2228 3434 2407 3490 Aderit
2436 3437 2489 3491 in
2528 3440 2767 3507 proximo
2800 3441 2997 3504 aditus,
3049 3443 3343 3510 consulere,
3383 3448 3428 3498 si
3456 3448 3571 3515 quis

1977 3541 2065 3578 vos
2103 3524 2290 3595 excipit
2335 3540 2564 3595 eventus,
2606 3530 2695 3582 ubi
2736 3541 2784 3583 et
2829 3548 2923 3599 pro
2957 3533 3135 3586 vestris
3158 3534 3230 3565 ⁸³⁸
3278 3536 3573 3605 excessibus

1977 3616 2371 3670 intercessorem
2421 3622 2753 3690 omniumque
2782 3622 2851 3653 ⁸³⁸
2877 3633 3162 3677 vestrarum
3205 3629 3572 3683 necessitatum

1980 3723 2060 3760 me
2090 3716 2234 3762 tanto
2275 3711 2552 3765 sollicitius
2577 3713 2829 3767 habebitis
2868 3732 3169 3784 memorem,
3213 3730 3407 3791 quanto
3448 3714 3575 3777 con-

1979 3800 2167 3851 stiterit
2202 3802 2342 3854 curis
2364 3818 2441 3855 me
2461 3801 2802 3871 popularibus
2831 3809 3176 3874 remotiorem,
3196 3811 3265 3864 ad
3285 3811 3574 3868 divinitatis

1981 3889 2466 3958 contemplationem
2518 3896 2819 3963 suspensius
2864 3899 3217 3954 anhelantem.
3250 3902 3318 3955 Et
3367 3901 3575 3974 Moyses

1981 3978 2039 4031 in
2082 3990 2255 4035 monte
2292 3986 2487 4047 stabat,
2520 4001 2611 4039 nec
2657 3987 2821 4042 armis
2867 3990 2959 4043 sed
3006 3992 3248 4061 precibus
3282 3986 3573 4067 pugnabat,

1982 4079 2031 4124 et
2072 4069 2245 4125 Israel
2296 4088 2415 4126 cum
2460 4075 2709 4130 Amalech
2757 4081 3064 4151 confligebat
3106 4081 3305 4154 (Exod.
3336 4102 3467 4154 xm,
3494 4086 3575 4161 9),

1986 4171 2133 4216 tanto
2159 4165 2293 4218 inter
2330 4164 2678 4235 prwliandum
2710 4172 2968 4240 superior,
3001 4183 3196 4244 quanto
3229 4175 3435 4248 Moyses
3462 4179 3574 4235 Deo

1986 4254 2041 4308 in
2063 4256 2298 4309 oratione
2338 4260 2700 4327 prapinquior,
2730 4271 2777 4315 et
2809 4279 2841 4314 a
2890 4266 3107 4334 strepitu
3157 4248 3573 4338 conﬂictantium

1988 4346 2213 4400 hostium
2236 4358 2345 4401 erat
2389 4351 2654 4404 remotior.
2687 4350 2755 4404 Et
2792 4363 2917 4422 aput
2940 4371 3039 4417 me,
3066 4355 3329 4413 karissimi
3362 4391 3380 4425 ι,
3404 4361 3571 4429 ﬁxum

1985 4449 2083 4503 est,
2120 4440 2190 4493 ibi
2235 4441 2426 4494 divinis
2470 4441 2730 4496 obtutibus
2764 4448 3071 4512 prtesentius
3101 4448 3312 4515 herere,
3354 4454 3443 4505 ubi
3487 4446 3575 4507 tu-

1987 4531 2178 4586 multus
2205 4534 2521 4587 secularium
2552 4550 2653 4587 non
2690 4535 2904 4589 debeam
2933 4537 3178 4594 tollerare
3199 4541 3292 4595 "'.
3333 4542 3414 4595 Ad
3443 4544 3579 4599 haue

1990 4639 2130 4692 spem
2161 4623 2339 4677 beatus
2371 4640 2451 4678 me
2493 4624 2763 4680 Iohannes
2807 4624 3048 4682 Babtista
3083 4631 3333 4685 animavit
3362 4632 3578 4702 (Matth.

1989 4728 2071 4777 ιιι,
2100 4716 2174 4785 1),
2202 4715 2289 4785 qui
2320 4714 2371 4769 in
2398 4715 2512 4786 ipsa
2542 4717 2889 4771 teneritudine
2918 4737 3179 4773 annorum
3220 4720 3297 4774 ele
3333 4726 3385 4773 tt.
3423 4723 3582 4775 etiam

1987 4806 2043 4862 in
2071 4809 2417 4863 convescendo
2470 4809 2753 4864 bestiarum
2798 4811 2972 4881 potius
3025 4812 3207 4865 accola
3247 4826 3375 4874 esse,
3422 4829 3585 4881 quam

1992 4901 2127 4953 inter
2154 4901 2284 4955 cives
2315 4902 2416 4955 leni
2445 4901 2515 4933 ω
2535 4900 2720 4955 saltem
2744 4902 2982 4956 sermOne
3013 4903 3169 4957 vitam
3201 4903 3591 4961 contaminare.

1582 5070 1818 5127 VARIE
1862 5073 2259 5132 LECTIONES.

378 5214 447 5252 I“
477 5230 534 5252 nc
569 5220 585 5252 I
645 5217 681 5252 ο
734 5219 767 5252 ’κ
862 5215 931 5249 οη
960 5231 1080 5252 ,ιΛνοο
1137 5216 1159 5252 Ι
1266 5220 1335 5252 sss
1361 5213 1588 5252 malivnli
1614 5214 1646 5252 Ἃ

1743 5213 1813 5245 δ”δ
1842 5217 2010 5252 nrnnil
2024 5218 2240 5252 :nnrlnm
2286 5218 2304 5252 Ι

2412 5218 2481 5252 οη
2510 5230 2630 5252 “uno
2683 5213 2706 5252 Ι
2765 5212 3177 5252 nlinntmmenla.
3286 5204 3360 5238 ⁸³⁸
3401 5223 3587 5252 rerum-
