4094 5252
598 283 736 340 1059

1159 279 1484 338 llERlGERl
1516 282 1605 337 ET
1633 278 1934 336 ANSELMI
1986 279 2211 337 GESTA
2243 278 2454 335 EPISC.
2495 275 2753 336 TUNGR.
2797 277 2986 334 TRAJ.
3019 279 3103 334 ET
3135 279 3338 336 LEOD.

3733 280 3870 339 l0“

597 397 666 452 Et
720 395 927 467 Moyses
963 397 1120 450 vitam
1179 397 1314 449 hanc
1375 393 1679 466 approbavit
1707 433 1723 456 ,
1775 393 1864 463 qui
1909 393 1963 447 in
2024 403 2184 447 uasta:
2212 399 2262 459 Α
2291 404 2395 444 non
2421 389 2486 444 ad
2509 388 2622 458 ejus
2647 388 2964 458 temperavit
2986 391 3306 458 aspectum?
3363 389 3494 457 Quis
3522 405 3630 446 non
3663 407 3871 446 merere

595 487 895 542 solitudinis
944 486 1148 540 deserto
1206 485 1302 539 Dei
1361 485 1618 555 colloquio
1685 483 1870 537 maluit
1935 483 2182 553 perfrui,

595 597 754 651 quam
803 578 1151 648 Egyptiorum
1203 577 1392 631 divinis
1447 576 1681 630 enervari
1710 576 1776 606 ⁸³⁷
1818 575 2013 644 (Exod.
2067 575 2182 644 tu).

602 668 782 724 Helias
819 678 867 722 et
920 667 1159 722 Heliseus
1207 665 1314 735 (IV
1363 665 1486 734 Reg.
1513 665 1573 734 ιι)
1607 666 1879 734 catcrique
1924 663 2186 731 propheta:

596 760 984 823 dedicaverunt,
1018 759 1105 825 qni
1153 757 1313 828 hujus
1360 742 1596 809 tlteorim
1626 753 2059 818 contemplatione
2105 753 2187 806 in-

595 853 767 922 signes
789 851 1370 920 ipsossubjugaverunt,
1387 847 1697 901 [labra/tam
1721 847 1950 900 omnium
1975 845 2187 899 creden-

595 942 726 994 tium
745 949 894 1010 pater
920 939 1025 1008 [ide
1049 936 1427 1007 e/fectus(Gen.
1447 953 1521 990 xu
1549 953 1562 1002 ;
1591 935 1745 988 Rom.
1777 951 1848 994 IV,
1876 932 2070 1004 16),αά
2092 935 2185 988 Iros

596 1049 679 1087 me
707 1033 938 1087 incitavit
984 1033 1224 1100 effectus,
1249 1031 1401 1099 cujus
1428 1039 1474 1084 et
1509 1027 1800 1096 exemplum
1832 1026 1900 1058 ⁸³⁸
1919 1027 2183 1089 imitatus,

597 1123 768 1176 natali
803 1123 913 1177 solo
940 1137 1196 1192 egressus,
1237 1121 1468 1174 omnium
1507 1117 1796 1172 renuntiavi
1841 1116 2185 1186 cupiditatum

596 1212 946 1281 proventibus.
990 1211 1166 1280 Ipsius
1209 1211 1486 1264 salvatoris
1518 1208 1726 1262 Domini
1768 1207 1969 1276 factum
2006 1222 2087 1261 me
2117 1206 2184 1259 ad

598 1311 696 1355 hoc
725 1301 974 1366 adduxit,
1001 1303 1089 1371 qui
1117 1300 1384 1353 diabolum
1417 1297 1767 1352 debellaturus
1797 1295 2066 1350 solitarius
2097 1296 2187 1349 Ite-

598 1412 798 1450 remum
844 1395 1143 1449 adeundum
1175 1393 1392 1447 decrevit
1426 1391 1639 1461 (.llattlt.
1672 1391 1770 1458 1v),
1801 1389 1951 1457 cujus
1984 1389 2186 1441 miseri-

598 1487 780 1540 cordia
821 1486 1089 1550 concedat,
1141 1484 1307 1553 pietas
1344 1491 1564 1546 annuat,
1600 1490 1654 1533 ut
1704 1489 1750 1532 et
1790 1495 1881 1546 ego
1932 1467 2186 1530 t'ersutias

597 1575 709 1628 illic
756 1574 956 1645 antiqui
1003 1575 1165 1627 hostis
1201 1571 1504 1642 proculcare
1534 1579 1578 1622 et
1623 1568 1684 1621 de
1714 1567 1820 1620 illic
1869 1565 2185 1619 instruendis

599 1663 748 1720 lucra
777 1665 1047 1720 cumulare
1074 1675 1120 1718 et
1159 1664 1336 1717 vestris
1367 1663 1449 1715 Itic
1487 1659 1770 1713 commodis
1807 1674 1922 1711 mea
1953 1657 2187 1710 oratione

2286 480 2618 550 paupertatis
2657 495 2764 550 quo
2811 481 3156 549 premebatur
3190 481 3260 512 W‘
3293 481 3495 547 oblito,
3545 493 3602 537 et
3643 482 3866 536 divitum

2286 572 2533 640 despexit
2560 572 2921 640 opulentiam,
2975 582 3031 626 et
3060 572 3112 625 in
3147 588 3242 626 sua
3287 572 3493 626 lmtatus
3521 581 3604 627 est
3639 587 3869 643 panper-

2288 665 2426 718 tate?
2481 662 2612 728 Quis
2665 664 2912 717 lahorum
2959 679 3126 717 onere
3175 680 3423 734 pressus,
3459 663 3576 734 ejus
3630 680 3741 718 non
3791 675 3872 720 est

2273 752 2643 812 hortamentis
2681 755 2997 832 relevatus?
3054 755 3185 823 Quis
3235 757 3548 812 adolescens
3584 758 3872 814 iucentivis

2285 848 2539 902 vitiorum
2582 861 2874 904 succensus
2913 848 2982 880 “°
3023 857 3077 903 et
3122 848 3303 902 carnis
3357 849 3711 913 titillatione,
3759 847 3872 916 ejus

2286 939 2641 994 saluberrima
2681 940 3068 995 ammonitione
3109 957 3215 994 non
3269 941 3451 995 statim
3484 941 3664 996 cultor
3691 942 3870 995 extitit

2285 1032 2601 1101 pudicitiaa?
2633 1032 2675 1085 A
2708 1030 2921 1086 diabolo
2960 1041 3186 1086 vexatos
3211 1032 3456 1098 curabat,
3486 1033 3871 1088 nichilominus

2287 1124 2702 1195 cogitationibus
2729 1123 2929 1177 illicitis
2975 1123 3262 1178 distractos
3282 1124 3348 1176 ad
3368 1133 3574 1193 petram
3598 1122 3871 1178 Christum

2287 1215 2472 1270 allisos
2500 1215 2567 1269 ab
2597 1215 2850 1285 operibus
2871 1215 3174 1269 cohibebat.
3205 1214 3421 1270 Sciebat
3449 1231 3556 1284 quo
3578 1216 3703 1284 quis
3729 1215 3870 1270 laboo

2287 1317 2434 1360 taret
2461 1306 2833 1369 incommodo,
2872 1316 2926 1360 et
2957 1321 3022 1360 ex
3053 1306 3173 1359 vita:
3201 1307 3408 1360 meritis
3437 1306 3644 1360 faciens
3674 1307 3874 1362 discre-

2289 1398 2489 1452 tionem
2508 1438 2522 1461 ,
2569 1412 2668 1466 pro
2697 1397 3006 1450 morborum
3050 1397 3310 1466 qualitate
3339 1398 3632 1452 adhibebat
3659 1398 3729 1430 ⁸³⁷
3761 1413 3871 1453 cor-

2288 1490 2609 1558 reptiouem.
2637 1488 2926 1544 Crescebat
2945 1487 3012 1519 "‘3
3041 1489 3240 1544 ibidem
3257 1489 3423 1543 divini
3441 1488 3674 1544 fervoris
3688 1489 3867 1554 ardor,

2288 1591 2342 1633 et
2380 1581 2688 1634 monasticae
2711 1579 3005 1648 disciplina:
3029 1580 3336 1635 inflexibilis
3356 1582 3522 1650 rigor.
3551 1581 3616 1634 Et
3641 1580 3870 1651 qualiter

2288 1687 2504 1741 quoque
2553 1673 2610 1731 in
2657 1670 2879 1738 reliquis
2935 1671 3162 1726 olIicinis
3215 1682 3490 1742 septorum
3525 1672 3756 1726 inhibita
3803 1673 3870 1726 sit

599 1755 798 1810 valeam
838 1757 1102 1810 inservire.
1139 1754 1228 1809 Sic
1265 1771 1294 1807 a
1327 1753 1485 1807 beato
1534 1751 1788 1804 Ret'naclo
1836 1757 2166 1816 peroratum.

2293 1762 2520 1817 laettltas
2542 1763 2798 1834 peccandi
2815 1804 2829 1826 ,
2863 1765 3017 1818 testis
3040 1775 3121 1818 est
3143 1763 3276 1818 cella
3295 1764 3611 1818 dormitoria
3634 1763 3868 1831 ejusdem

598 1848 678 1903 sic
729 1849 1106 1904 inscctantinm
1158 1846 1432 1900 doloribus
1479 1843 1807 1906 consultum,
1863 1841 1940 1894 sic
1999 1837 2183 1908 queri-

599 1940 798 1994 moniis
857 1949 941 1996 est
989 1938 1375 2001 satisfactum,
1441 1936 1637 1992 deinde
1706 1948 1815 2003 quo
1882 1930 2186 1985 intenderat

598 2032 962 2089 acceleratum
995 2032 1200 2102 pariter
1243 2040 1298 2085 et
1343 2039 1685 2100 perventum.

715 2148 900 2203 52°”.
943 2148 1094 2214 Quod
1161 2146 1311 2200 multi
1367 2146 1480 2214 ejus
1532 2141 1779 2212 exemplis
1829 2137 2062 2193 seculum

1171 2219 1486 2286 refiquerunt
1511 2215 1603 2266 5W.
2105 2261 2109 2266 .

673 2311 968 2366 Audientes
1004 2311 1122 2365 lucc
1155 2310 1238 2364 vel
1271 2324 1300 2363 e
1330 2306 1528 2362 vicinia
1567 2304 1649 2359 vel
1675 2319 1738 2359 ex
1771 2303 1992 2358 semotis
2019 2300 2187 2372 parti-

599 2405 703 2460 bus
768 2404 870 2458 viri
922 2403 1137 2468 devoti,
1187 2399 1355 2474 [(l’it.
1414 2397 1647 2452 Remacli
1701 2411 1750 2450 c.
1789 2396 1899 2465 l5.)
1956 2408 2186 2464 quorum

598 2495 742 2550 Deus
775 2495 1026 2566 dignatus
1065 2504 1148 2550 est
1179 2495 1341 2550 corda
1373 2488 1650 2561 taugere,]
1719 2496 1997 2558 cer-perunt
2035 2475 2186 2540 undi-

600 2602 708 2657 que
739 2586 805 2641 ad
837 2601 959 2642 eum
990 2587 1138 2641 velut
1178 2601 1305 2656 apes
1343 2585 1410 2639 ad
1449 2583 1680 2638 alvearia
1715 2581 2018 2644 conﬂuere,
2051 2592 2187 2631 nou-

595 2679 725 2733 nulli
757 2694 817 2734 se
859 2679 924 2710 ⁸⁵⁸
960 2677 1365 2749 Omnipotcntis
1409 2674 1655 2731 servituti
1695 2673 1926 2735 addere,
1984 2677 2037 2725 ct
2078 2668 2184 2722 leni

591 2768 718 2842 iugo
758 2770 958 2827 Christi
998 2771 1140 2826 colla
1184 2772 1535 2833 subnectere,
1590 2767 1755 2836 aliqui
1812 2779 1939 2820 vero
1988 2761 2184 2816 liberos

595 2878 726 2918 suos
748 2861 1062 2918 liberalibus
1093 2864 1146 2918 in
1172 2862 1487 2918 monasticis
1511 2859 1856 2914 instruendos
1884 2853 2184 2924 disciplinis

596 2963 654 3009 et
678 2955 786 3010 illic
806 2963 1064 3024 perpetuo
1086 2956 1442 3011 inservituros
1463 2951 1805 3015 contradere,
1834 2947 1987 3003 multi
2018 2946 2182 3002 etiam

595 3046 663 3102 de
694 3047 1040 3103 facultatibus
1081 3057 1137 3102 et
1170 3047 1433 3102 reditibus
1461 3045 1573 3099 suis
1600 3052 1913 3098 sanctormn
1943 3036 2181 3093 necessi-

595 3140 800 3194 tatibus
841 3139 1270 3206 communicare,
1321 3139 1463 3193 inter
1515 3151 1651 3207 quos
1679 3135 1909 3190 domnus
1940 3139 1996 3186 et
2028 3137 2184 3201 pater

595 3229 898 3298 Papolenus
927 3230 1133 3284 visendi
1159 3245 1282 3284 eum
1313 3229 1485 3300 gratia
1524 3226 1703 3288 venit,
1759 3224 1851 3278 sed
1877 3222 1992 3292 ejus
2018 3221 2186 3292 magi-

595 3308 766 3374 slerio
798 3319 1064 3375 adherere
1107 3335 1268 3388 quam
1328 3317 1508 3372 redire
1555 3315 1848 3372 contendit.
1889 3313 2185 3382 Susceptus

609 3410 794 3480 itaque
823 3425 852 3463 a
881 3411 1038 3465 beato
1058 3409 1310 3466 Remaclo
1333 3407 1744 3472 olliciosissime,
1768 3415 1821 3462 et
1837 3414 2185 3461 conversatus

596 3501 711 3558 illic
735 3503 939 3572 absque
964 3501 1295 3568 oﬂ‘ensione,
1335 3509 1389 3556 et
1427 3501 1518 3571 qui
1550 3499 1898 3556 instruendus
1925 3507 2182 3564 venerat,

594 3593 780 3664 plures
815 3595 881 3650 ad
921 3595 1277 3650 imitationem
1333 3593 1414 3649 sui
1458 3592 1781 3648 tedilicabat.
1825 3589 2056 3646 Sanctus
2105 3591 2186 3644 vir

595 3685 738 3757 apud
770 3702 828 3743 se
853 3697 1186 3752 retractans,
1238 3701 1302 3741 ne
1340 3685 1480 3741 forte
1521 3700 1620 3754 pro
1656 3684 1761 3739 hoc
1787 3683 1902 3752 ipso
1931 3698 2053 3737 eum
2082 3683 2186 3737 Do-

598 3777 778 3833 minus
806 3779 1036 3845 direxit,
1087 3794 1192 3833 non
1224 3779 1384 3833 modo
1415 3793 1482 3832 ne
1511 3779 1578 3830 ab
1609 3791 1673 3830 eo
1695 3775 1996 3830 discederet
2028 3791 2188 3844 roga-

594 3870 700 3936 vit,
743 3887 932 3927 verum
982 3881 1203 3941 propter
1249 3869 1590 3940 disciplinam
1643 3867 1898 3922 fratribus
1929 3866 2186 3921 Malmun-

597 3960 732 4017 darii
757 3962 946 4032 positis
969 3961 1036 3995 ⁶⁴²
1057 3961 1202 4017 salva
1228 3962 1279 4016 in
1314 3963 1568 4016 omnibus
1590 3959 1908 4014 auctoritate
1923 3959 2182 4029 prmiecit.

593 4052 713 4123 Ipse
751 4051 1042 4109 Stabulaus
1077 4068 1330 4109 reversus
1375 4053 1442 4107 ad
1485 4051 1688 4121 majora
1751 4065 1810 4106 se
1851 4051 2047 4106 deinde
2076 4051 2188 4104 vir-

595 4153 775 4200 tutum
823 4161 989 4218 opera
1043 4137 1318 4212 accinxit,
1375 4144 1564 4214 suique
1609 4142 1856 4214 exemplo
1904 4142 2087 4212 plures
2117 4145 2184 4198 ad

597 4246 971 4292 consectatum
996 4253 1216 4293 suorum
1239 4251 1462 4308 operum
1479 4236 1760 4290 animavit.
1791 4234 1924 4302 Quis
1950 4234 2020 4266 ⁸⁸³
2044 4237 2184 4304 apud

599 4325 748 4381 illum
781 4329 1066 4384 tristiciam
1095 4344 1201 4384 non
1233 4328 1460 4384 mutavit
1483 4328 1535 4382 in
1559 4327 1854 4398 gaudium?
1889 4325 2020 4394 Quis
2048 4327 2184 4382 iram

2291 1854 2412 1919 loci,
2443 1856 2593 1908 testis
2619 1865 2703 1909 est
2730 1867 2946 1912 sanctus
2971 1865 3176 1926 martyr
3200 1855 3544 1918 Lambertus,
3567 1855 3661 1924 qui
3689 1855 3870 1924 pulsus

2287 1945 2354 1998 ab
2396 1946 2665 2016 cpiscopio
2699 1949 2840 2002 hunc
2865 1949 3169 2018 specialiter
3197 1947 3554 2016 expetendum
3611 1947 3867 2008 decrevit,

2287 2037 2413 2106 quia
2437 2036 2630 2092 ibidem
2647 2050 2845 2094 sancta:
2872 2040 3144 2108 religionis
3159 2039 3424 2093 tramitem
3451 2038 3675 2107 rigidius
3689 2040 3872 2093 obser-

2289 2129 2402 2181 vari
2433 2130 2646 2199 agnovit
2675 2130 2845 2201 (355),
2879 2133 3027 2186 testis
3054 2140 3108 2186 ct
3155 2147 3287 2185 crux
3319 2130 3459 2199 apud
3483 2145 3646 2198 quam
3673 2127 3869 2200 [tSn-

2287 2236 2441 2275 PIIANI
2487 2220 2586 2276 Vit.
2623 2222 2832 2289 Lamb.,
2880 2241 2930 2278 c.
2964 2223 3040 2292 6.)
3080 2239 3200 2277 cum
3246 2223 3312 2276 ad
3363 2222 3666 2276 orationem
3699 2222 3870 2275 medio

2287 2314 2460 2368 noctis
2481 2324 2716 2384 tempore
2737 2317 3002 2379 surrexit,
3027 2315 3150 2384 quia
3179 2315 3327 2384 lapsu
3353 2313 3421 2345 “’
3438 2313 3604 2368 calcei
3636 2313 3868 2382 quietem

2288 2403 2358 2435 "°
2413 2406 2638 2460 fratrum
2691 2408 2866 2461 sonitu
2904 2407 2970 2438 ⁶⁵¹
3020 2407 3274 2468 incussit,
3321 2403 3662 2472 adiudicatus
3701 2418 3870 2471 usque

2288 2498 2659 2568 crepusculum
2717 2501 2896 2565 stetit,
2949 2499 3258 2569 psalmodim
3286 2505 3338 2552 et
3372 2495 3606 2552 orationi
3637 2494 3864 2556 vacavit,

2287 2587 2457 2660 frigus
2524 2589 2789 2660 reppulit,
2853 2590 3029 2646 nivem
3086 2589 3414 2652 restrinxit,
3479 2593 3705 2642 sanctus
3751 2598 3867 2639 esse

2285 2681 2537 2735 onmihus
2564 2681 2838 2753 innoluit.]
2891 2673 3084 2736 Verum
3116 2682 3227 2736 hazc
3257 2681 3412 2736 alias.

2395 2795 2484 2850 54.
2526 2795 2679 2862 Quod
2706 2806 2961 2850 crescente
3001 2797 3246 2865 religione
3285 2803 3554 2850 creverunt
3587 2794 3658 2825 “'
3686 2810 3766 2848 res

2947 2867 3216 2920 a'cclesiaz.

2360 2955 2456 3028 [(V
2460 2958 2518 3011 it.
2565 2957 2814 3023 Remacli,
2865 2973 2915 3013 c.
2954 2957 3068 3028 14.)
3101 2956 3389 3012 Crescente
3427 2955 3688 3026 religione
3711 2995 3724 3018 ,
3757 2969 3866 3009 cre-

2291 3051 2478 3105 scebat
2501 3058 2555 3104 et
2583 3065 2777 3106 census
2811 3049 3084 3105 aecclesiae.
3119 3047 3252 3103 Nam
3283 3049 3506 3102 audiens
3535 3047 3754 3102 inclitus
3779 3062 3859 3101 rex

2290 3142 2604 3212 Sigebertus
2633 3141 2936 3210 huiusmodi
2967 3157 3094 3214 erga
3125 3141 3324 3196 Christi
3348 3140 3551 3195 cultum
3579 3139 3862 3200 fervorem.

2289 3235 2472 3300 misit,
2511 3235 2729 3289 beatum
2769 3235 3086 3290 Remaclum
3119 3231 3462 3304 accersivit,]
3513 3241 3566 3286 et
3616 3246 3777 3302 supra
3816 3230 3863 3283 id

2286 3325 2431 3396 quod
2460 3326 2607 3396 prius
2629 3327 2884 3392 dederat,
2918 3327 3166 3395 quodque
3203 3325 3288 3378 vir
3313 3323 3715 3378 illustrissimus
3744 3319 3859 3376 Gri-

2289 3418 2532 3473 moaldus
2556 3419 2886 3486 adquisierat
2913 3417 3060 3489 (554)
3087 3456 3101 3481 ,
3133 3417 3274 3470 unde
3296 3423 3348 3468 et
3383 3424 3612 3468 eatenus
3655 3413 3864 3466 victita-

2289 3517 2511 3572 verant,
2546 3524 2669 3563 cum
2696 3523 2962 3564 consensu
3007 3507 3243 3562 ﬁdelium
3275 3521 3494 3560 suorum
3526 3514 3634 3558 tam
3663 3505 3867 3573 episco-

2287 3613 2478 3672 porum
2503 3615 2665 3669 quam
2682 3609 2737 3654 et
2759 3615 3040 3670 procerum
3067 3598 3496 3667 supradictornm
3521 3595 3587 3648 ad
3610 3596 3866 3648 honorem

2287 3699 2343 3746 ct
2373 3691 2576 3745 cultum
2625 3700 2931 3746 sanctorum
2968 3688 3329 3760 apostolorum
3361 3687 3504 3742 Petri
3534 3697 3588 3740 et
3632 3685 3784 3738 Pauli
3820 3693 3870 3738 et

2287 3783 2460 3837 sancti
2490 3781 2738 3847 Martini,
2782 3783 2977 3852 quibus
3023 3782 3134 3850 ipsa
3169 3781 3283 3834 loca
3307 3790 3460 3834 erant
3489 3779 3668 3832 dicata
3691 3817 3707 3841 ,
3743 3794 3870 3832 con-

2287 3874 2454 3927 cessit
2479 3874 2638 3928 beato
2662 3873 2918 3928 Remaclo
2943 3882 2997 3928 et
3021 3873 3088 3936 ad
3111 3887 3240 3926 usus
3268 3885 3546 3925 servorum
3581 3868 3716 3931 Dei,
3743 3882 3870 3937 qua-

2288 3963 2431 4018 tinus
2460 3963 2697 4032 quietius
2723 3963 2978 4032 deinceps
3009 3963 3284 4026 viverent,
3320 3959 3396 4031 [et
3421 3961 3640 4029 absque
3671 3959 3870 4028 inpres-

2289 4056 2442 4110 sione
2465 4056 2763 4110 vicinorum
2797 4055 3018 4111 liberius
3040 4053 3138 4108 soli
3168 4053 3276 4107 Deo
3302 4059 3600 4113 vacarent,
3657 4064 3870 4104 mensu-

2288 4154 2541 4202 rarentur
2585 4147 2637 4200 in
2680 4147 2856 4214 girum
2902 4147 3184 4214 utriusque
3232 4141 3547 4198 monasterii
3590 4140 3867 4196 duodecim

2289 4237 2454 4308 leuga:
2482 4237 2628 4310 (555)
2647 4237 2686 4310 ,]
2723 4239 2862 4292 inter
2883 4238 2953 4269 ⁸⁵³
2980 4251 3208 4307 quarum
3233 4235 3434 4290 limites
3457 4232 3718 4304 quicquid
3745 4247 3866 4285 con-

2289 4330 2581 4396 tineretur,
2622 4331 2692 4387 ab
2721 4331 2848 4386 solis
2876 4331 3156 4399 utriusque
3191 4325 3426 4383 emnobii
3463 4324 3675 4380 colonis
3708 4337 3867 4378 exco-

600 4433 705 4473 non
747 4421 1012 4476 convertit
1053 4422 1104 4490 in
1147 4420 1381 4491 pacem?
1429 4407 1560 4487 Quis
1605 4417 1856 4474 orbitatis
1885 4417 1953 4450 ⁸⁸*
1981 4417 2183 4473 luctum
2211 4435 2262 4495 ι)
2289 4421 2508 4477 leretur.
2537 4419 2741 4478 Dicitur
2769 4430 2950 4478 autem
2995 4421 3152 4494 leuga
3192 4418 3467 4476 Gallorum
3495 4414 3866 4470 tantummodo

1794 4655 1798 4661 ,
1871 4593 2106 4652 VARle
2139 4595 2521 4656 LECTIONES

673 4790 748 4861 '3"
781 4805 919 4861 corr.
957 4789 1008 4843 1.
1083 4788 1157 4861 “ﬂ
1179 4787 1323 4861 esti.
1350 4785 1478 4861 1.5.
1507 4801 1714 4861 erasum
1739 4775 1797 4839 Ξ.
1821 4853 1852 4861 _
1875 4783 1952 4861 "1
1974 4801 2219 4861 numerus
2238 4786 2366 4861 Llll.
2399 4789 2673 4861 recentiori
2689 4807 2846 4844 manu
2863 4790 3130 4861 appositus
3156 4790 3206 4843 l.
3238 4788 3374 4861 deest
3398 4787 3452 4841 2.
3469 4786 3600 4861 -..⁸⁸⁸
3631 4773 3864 4861 reliquEr

599 4859 655 4914 2.
732 4859 797 4894 “’
828 4860 965 4914 deest
992 4861 1045 4914 5.
1123 4859 1192 4890 ⁶⁸²
1218 4860 1371 4928 juxta
1395 4856 1788 4910 institutionem
1819 4853 1876 4910 S.
1918 4854 2190 4911 Benedicti
2217 4858 2366 4912 addit
2403 4860 2490 4910 vit.
2531 4859 2676 4915 Rem.

601 4929 674 4964 ⁸⁵⁸
703 4947 758 4982 u.
787 4945 871 4982 ur.
908 4931 1096 4982 desunt
1127 4929 1219 4982 vit.
1253 4927 1405 4982 Rem.
1481 4926 1550 4957 “°
1593 4941 1845 4981 sucessus
1877 4925 1926 4978 1.
2002 4925 2070 4958 ⁸³⁷
2124 4929 2415 4982 abhibehat
2452 4929 2501 4982 1.
2579 4930 2651 4962 ⁸⁵⁸

2124 4937 2415 4982 abhibehat
2452 4937 2501 4982 1.

1936 5003 2005 5035 ⁸⁸³
2031 4997 2224 5062 crevi;
2247 5007 2300 5061 2.

547 4968 552 4972 ς
601 4929 674 4964 ⁸η
703 4947 758 4999 q.
787 4945 871 4999 pr.
908 4931 1096 4984 desunt
1127 4925 1405 4983 vitJBem.
1481 4926 1550 4957 “°
1593 4941 1845 4981 sucessus
1877 4925 1926 4978 1.
2002 4925 2070 4958 ⁸³⁷

601 5003 672 5040 ⁸⁵⁸
705 5009 945 5078 quietum
970 5009 1021 5063 1.
1053 5008 1108 5062 9...
1140 5009 1192 5063 5.
1268 5007 1336 5038 ⁸⁵⁸
1369 5005 1607 5062 sonitum
1633 5005 1682 5060 1.
1714 5006 1766 5061 2.
1805 5007 1859 5060 5.

3465 4857 3533 4887 ⁸⁵³
3563 4857 3784 4908 orbatus
3808 4854 3857 4905 5.

2755 4861 2823 4892 ⁸³³
2850 4858 3048 4931 reliqua
3078 4862 3262 4914 desunt
3289 4858 3385 4912 Ch.
3465 4858 3533 4887 ‘“
3563 4858 3784 4908 orbatus
3808 4858 3834 4905 5

2763 4941 2907 4978 terea
2956 4931 3103 4978 addit
3153 4931 3245 4978 rit.
3300 4926 3460 4978 Nota.
3536 4925 3608 4956 “'
3644 4924 3776 4978 lalsu
3815 4923 3834 4976 1

3665 4941 3776 4979 atsu
3815 4941 3834 4976 Ι
3849 4962 3860 4976 α

2579 4930 2651 4962 ⁸⁵⁸
2703 4931 2908 4986 interea
2956 4926 3103 4984 addit
3153 4931 3245 4982 cit.
3300 4926 3460 4996 Notg.

2379 5008 2448 5040 ⁸⁸³
2494 5009 2692 5081 reliqua
2737 5013 2918 5082 paucis
2962 5011 3184 5080 exceptis
3223 5009 3406 5062 desunt
3438 5006 3534 5060 Ch.

2098 5160 2332 5218 NOTE.
