4094 5252
246 173 379 228 1061

1316 170 1642 227 llERlGERl
1673 169 1895 225 GESTA
1927 165 2137 224 EPISC.
2180 166 2384 224 LEOD.

3389 168 3529 224 1062

244 287 427 357 lingua
452 286 639 342 haberi
663 286 768 342 duo
798 285 944 341 milia
979 286 1050 326 ⁸⁸⁸
1077 300 1330 355 passuum
1350 285 1429 339 vel
1461 284 1523 338 16
1549 284 1617 318 ⁸⁸⁸
1642 283 1836 339 stadia.
1867 288 1915 345 Α
1946 280 2039 335 sed
2071 280 2310 333 moribus
2348 293 2510 346 quam
2562 279 2719 332 annis
2775 276 3041 331 maturior
3061 317 3074 337 ,
3122 275 3266 331 diem
3332 275 3434 332 sibi
3457 263 3530 309 ⁸⁷⁸

244 376 422 449 [Quod
447 386 767 432 testamento
792 377 1167 433 conﬁrmatum
1200 384 1253 431 et
1281 376 1426 430 anuli
1468 376 1596 446 regii
1629 377 1836 444 inpres-

242 469 396 522 sione
433 469 702 537 signatum
732 479 953 523 sanctus
984 470 1064 523 vir
1091 468 1326 537 suscepit
1359 468 1615 530 libenter,
1666 466 1837 521 tenuit

242 570 580 613 reverenter.
626 560 956 614 Procedente
986 575 1203 627 quoque
1244 569 1510 628 tempore,
1545 573 1686 611 anno
1731 558 1837 612 sci-

242 650 368 704 licet
397 663 592 719 quarto
622 651 835 705 decimo
880 651 1031 721 regni
1081 650 1195 712 sui,
1247 650 1451 703 addidit
1492 650 1628 703 idem
1662 665 1751 703 rex
1781 658 1837 703 et

244 751 573 796 testamento
598 742 939 796 conﬁrmavit
987 742 1139 805 (536i
1181 743 1339 795 beato
1371 742 1625 795 ltcmaclo
1674 757 1836 811 quas-

242 833 363 886 dam
405 848 491 887 res
538 833 590 886 in
618 834 908 903 Aquitania
948 833 1095 901 (557)
1121 874 1134 895 ,
1200 833 1494 886 tbelouium
1550 832 1834 896 videlicet,

243 923 382 991 quod
413 932 496 977 est
522 923 588 978 ad
616 933 830 993 portum
866 922 1109 977 Vetraria
1150 940 1314 993 super
1351 923 1543 977 fluvios
1572 924 1830 979 'l‘aunaco

244 1014 313 1046 '“
329 1024 383 1067 et
408 1014 536 1081 ltta,
561 1024 775 1084 portum
797 1030 1011 1085 quoque
1028 1015 1116 1083 qui
1144 1016 1338 1068 dicitur
1358 1014 1536 1079 Scllis,
1566 1017 1837 1084 imumque

246 1116 299 1162 et
323 1106 553 1177 Vogatio
593 1123 756 1177 super
785 1106 1005 1161 ﬂuvium
1040 1106 1247 1176 Ligeris
1278 1122 1398 1160 cum
1445 1108 1698 1160 omnibus
1728 1108 1837 1161 illic

245 1198 780 1266 appendentibus‘",
810 1199 1045 1253 decimas
1070 1199 1233 1251 etiam
1250 1198 1395 1251 dedit
1424 1214 1489 1251 ex
1521 1197 1665 1252 ﬁscis
1687 1199 1835 1253 circa

244 1290 574 1343 monasteria
601 1288 1014 1359 adjacentibus.]
1041 1288 1163 1343 Post
1181 1291 1292 1343 lucc
1321 1290 1457 1344 idem
1492 1307 1579 1343 rex
1605 1291 1835 1361 gloriose

244 1380 549 1451 gubernans
566 1381 860 1435 Austrasite
883 1397 1131 1450 regnum,
1160 1381 1300 1434 diem
1324 1381 1833 1435 clausitextremum

244 1471 353 1539 (an.
378 1470 522 1540 655).
557 1470 691 1541 (Cfr.
723 1471 864 1525 Gest.
901 1470 1127 1534 Frena,
1156 1472 1269 1535 45.)
1304 1471 1645 1526 Grimoaldus
1667 1474 1837 1542 major

244 1561 433 1615 domus
454 1562 554 1615 sub
574 1571 799 1630 optentu
814 1562 1128 1617 uiunerandi
1156 1578 1185 1615 a
1220 1562 1491 1618 Clodoveo
1520 1561 1688 1618 fratre
1712 1566 1832 1634 ejus

244 1649 482 1705 Parisius
514 1663 801 1715 evocatus,
833 1653 1041 1722 regredi
1068 1668 1174 1707 non
1200 1665 1283 1708 est
1306 1655 1630 1722 permissus;
1663 1654 1828 1708 ﬁlium
1862 1627 1904 1685 Β

248 1758 480 1813 namque
492 1744 699 1798 domini
720 1746 801 1799 sui
819 1743 1106 1814 Sigeberti,
1129 1761 1287 1814 quem
1305 1745 1354 1798 in
1380 1744 1480 1799 ﬁde
1495 1757 1830 1813 susceperat,

246 1843 302 1888 ut
325 1850 446 1888 eum
472 1837 826 1890 substitueret
847 1836 981 1890 min
1001 1851 1166 1906 regno
1190 1837 1377 1905 patris,
1402 1836 1659 1891 clericum
1680 1838 1834 1891 fece-

249 1936 349 1994 rat,
376 1928 653 1998 liliumque
680 1945 1077 1999 sunmregnarc
1110 1929 1438 1983 instituerat.
1467 1928 1734 1983 (llodovcn
1759 1930 1830 1961 ⁵⁸³

246 2032 457 2088 quoque
509 2019 579 2051 '“
620 2020 901 2081 defuncto,
959 2019 1248 2074 Lotliarius
1297 2020 1363 2049 ⁶⁶¹
1431 2019 1571 2073 ﬁlius
1606 2018 1723 2087 ejus
1780 2022 1832 2075 iu

245 2110 520 2164 occidente
551 2150 568 2175 ,
624 2109 791 2165 frater
822 2110 936 2178 ejus
968 2111 1241 2165 Hildrieus
1290 2110 1360 2144 "“
1398 2108 1598 2182 [(Gest.
1633 2110 1830 2168 Franc.

246 2197 343 2261 Η,
382 2199 473 2270 45)
507 2201 790 2271 iuperabat
816 2216 980 2271 regno
1016 2202 1312 2257 Austrasize
1340 2202 1448 2271 (an.
1483 2201 1631 2265 656).
1660 2203 1830 2270 Quem

248 2298 464 2345 sanctus
497 2293 581 2345 vir
608 2293 768 2356 adiit,
806 2294 948 2360 quod
998 2302 1222 2363 patruus
1257 2294 1596 2357 contulerat,
1632 2299 1833 2349 contir-

246 2381 376 2435 mari
417 2384 649 2451 rogavit.
682 2384 794 2439 Rex
820 2384 993 2439 libens
1019 2384 1471 2451 aunuil,etjuxta
1508 2386 1830 2454 peticionem

246 2471 343 2526 viri
396 2473 495 2528 Dei
544 2490 573 2529 a
625 2491 941 2530 successore
986 2478 1129 2531 illius
1186 2486 1375 2531 sancto
1418 2476 1737 2549 Tbcobardo
1778 2488 1833 2532 et

244 2560 423 2619 Olone
481 2565 779 2622 domestico
838 2567 1078 2634 ejusdem
1150 2584 1417 2622 mensura:
1487 2569 1828 2629 procinctum

245 2656 467 2724 regirari
499 2650 792 2713 mandavit.
844 2658 1011 2727 Cujus
1050 2658 1396 2712 medietatem
1450 2675 1547 2713 suo
1590 2659 1832 2713 dominio

246 2751 574 2814 reservavit,
643 2750 786 2805 aliud
831 2750 1069 2805 medium
1136 2751 1324 2804 usibus
1383 2765 1666 2803 servorum
1736 2751 1828 2803 Dei

248 2844 562 2893 testamento
607 2842 1011 2898 reconlirmavit
1059 2841 1255 2912 (538).]
1295 2841 1447 2907 Quod
1496 2842 1668 2895 virum
1735 2842 1827 2896 Dei

245 2932 512 2989 sagaciter
544 2933 874 2989 nrovidcaue
904 2944 1118 2989 constat
1148 2934 1373 2989 fecisse.
1414 2943 1471 2987 ut
1518 2935 1562 2988 si
1610 2950 1825 2988 succes-

306 2943 512 2997 gacucr
543 2943 874 3003 pronaeque
904 2944 1118 2989 constat
1148 2943 1373 2998 fecisse,
1414 2943 1471 2987 ιιι
1518 2943 1562 2988 si
1610 2950 1825 2988 succes-
1856 2967 1902 3028 C
1934 2943 2173 2993 lt‘aatlw,
2203 2943 2251 2982 et
2298 2943 2677 2998 scripturarum
2718 2943 3021 2983 sanctarum
3064 2943 3303 2997 lectione,
3356 2943 3446 2987 sed
3475 2944 3524 2987 et

311 3032 392 3073 res
416 3036 546 3074 suos
568 3024 745 3079 minus
774 3025 1110 3089 contingeret
1142 3024 1433 3089 aliquando
1457 3039 1643 3089 posse,
1701 3040 1823 3079 cum
1898 3030 1905 3050 ’
1939 3036 2063 3073 mem
2113 3020 2454 3089 inrigilantia:
2497 3021 2755 3074 didicistis
2791 3022 3180 3075 ammonitione.
3231 3021 3299 3074 Et
3341 3026 3525 3077 vestris

248 3031 392 3073 seres
416 3036 546 3074 suos
568 3024 745 3079 minus
774 3025 1110 3095 contingeret
1142 3024 1433 3095 aliquando
1457 3039 1643 3092 posse,
1701 3040 1823 3079 cum

248 3107 434 3163 minori
488 3111 798 3171 difﬁcultate
828 3118 973 3187 quod
1016 3119 1191 3173 minus
1236 3129 1381 3174 esset
1403 3120 1520 3173 sine
1546 3119 1743 3172 invidia
1775 3127 1830 3172 et

247 3200 539 3269 imluictate
558 3206 627 3238 ⁸⁸³
655 3210 956 3266 vicinorum
978 3212 1047 3243 ⁸⁸³
1071 3212 1551 3266 valerentliberius
1569 3212 1825 3266 retinere.

250 3291 374 3361 (Cir.
405 3296 548 3352 ϐεδε.
592 3299 790 3355 Franc.
823 3303 937 3373 45.)
972 3304 1037 3357 Et
1064 3304 1353 3359 Lotbarius
1378 3304 1446 3335 ⁸⁸⁵
1472 3318 1567 3357 rex
1595 3313 1825 3358 mortem

242 3386 375 3441 obiit
399 3390 511 3457 (an.
542 3391 697 3458 670),
726 3394 995 3449 llildricus
1018 3395 1089 3427 ⁸⁸⁸
1120 3395 1287 3449 frater
1312 3394 1429 3462 ejus
1457 3395 1827 3449 monarchium

250 3478 533 3549 singularis
560 3483 812 3538 obtinuit.
843 3486 969 3541 Post
1001 3487 1115 3542 [nec
1137 3496 1191 3541 et
1216 3488 1330 3555 ipse
1358 3498 1577 3555 propter
1596 3485 1831 3539 insolen-

251 3570 373 3624 tiam
396 3588 609 3628 morum
642 3576 955 3632 interfectus
984 3588 1210 3632 mortem
1239 3578 1494 3633 occubuit
1523 3577 1633 3645 (an.
1668 3575 1793 3646 675)
1813 3614 1827 3639 ,

252 3659 521 3733 fraterque
577 3666 786 3721 illorum
846 3668 1212 3724 Theodericus
1277 3683 1399 3721 cum
1468 3667 1709 3720 Ebruino
1762 3666 1828 3698 ⁸⁸⁷

250 3753 672 3813 occidentalibus
696 3768 1014 3829 regnaturus
1047 3762 1334 3815 successit.
1366 3759 1605 3827 Quorum
1651 3766 1835 3826 tyran-

252 3840 424 3897 nidem
458 3848 772 3906 abdicantes
791 3852 1084 3916 Austrasii,
1126 3854 1195 3923 (c.
1226 3851 1315 3916 47)
1377 3851 1568 3919 Pipino
1599 3848 1668 3880 ⁶⁶⁸
1700 3849 1833 3903 satis

252 3933 475 4000 agebant
510 3938 742 4012 principi
772 3942 863 3997 “°.

320 4046 402 4103 55.
432 4048 718 4108 Exortacio
740 4058 1204 4112 sanctisacerdotis
1229 4059 1298 4111 ad
1320 4057 1508 4127 fratres
1538 4056 1761 4109 instante

824 4128 910 4181 die
938 4130 1248 4183 vocationis.

322 4207 395 4265 Eo
424 4219 665 4285 tempore
687 4226 741 4272 et
782 4219 851 4249 ⁶⁷⁰
884 4218 1074 4275 beatus
1104 4218 1392 4276 Remaclus
1435 4218 1549 4288 jam
1598 4214 1782 4270 senior
1811 4253 1825 4279 ,
1858 4226 1909 4286 ι)

1937 372 2240 425 vocationis
2273 370 2575 439 intelligens
2608 368 2924 432 imminere,
2977 382 3083 437 quo
3110 379 3530 438 reconpensaret

1935 465 2111 518 honor
2144 462 2195 515 iu
2226 461 2373 516 cmlis
2400 461 2540 531 quod
2576 462 2802 515 triverat
2830 460 2982 514 labor
3013 459 3064 513 in
3093 460 3250 515 terris
3271 500 3285 523 ,
3320 476 3526 515 morem

1938 570 2127 625 gerere
2164 553 2404 607 decrevit
2436 552 2715 619 subjectis.
2772 554 2919 618 Quos
2963 551 3256 605 accersitos
3287 552 3355 585 ⁸⁷⁸
3390 553 3534 607 etde

1937 648 2160 701 abcessu
2193 646 2363 714 patris
2386 659 2589 713 suaque
2610 643 2945 699 desolatione
2964 654 3184 705 mestos,
3210 642 3296 697 his
3320 643 3530 697 ultimis

1936 737 2140 791 solatus
2182 744 2259 789 est
2319 734 2539 789 verbis:
2592 733 2752 799 Ecce,
2782 747 2958 803 patres
3010 736 3360 799 sanctissimi,
3414 752 3533 790 ecce

1936 828 2123 898 fratres
2158 828 2449 887 karissimi,
2479 827 2887 895 prwcordiorum
2927 844 3157 881 meorum
3188 830 3530 884 conviscerati

1936 935 2208 987 compage,
2240 935 2363 987 pars
2395 920 2585 971 anima:
2613 918 2832 972 dimidia
2865 936 2991 973 mea:
3016 919 3165 991 (559)
3191 961 3205 983 ,
3249 922 3384 974 viam
3415 924 3534 975 uni-

1936 1026 2094 1063 rersrv
2118 1020 2269 1062 terra:
2310 1025 2426 1062 sum
2464 1010 2822 1079 ingressurus,
2873 1021 2919 1065 et
2954 1012 3023 1064 ad
3050 1029 3134 1066 vos
3161 1014 3399 1082 deinceps
3427 1032 3529 1069 non

1937 1119 2251 1155 rcrersnrns.
2301 1100 2479 1154 Vestra
2523 1117 2644 1163 me,
2691 1112 2854 1155 vestra
2893 1120 3023 1171 quos
3071 1105 3249 1159 desero
3295 1104 3528 1159 solitudo

1943 1192 2189 1245 sollicitat
2209 1234 2222 1253 ,
2256 1209 2356 1245 non
2386 1209 2497 1244 mea
2527 1192 2717 1254 abicio,
2749 1194 2838 1261 qui
2869 1193 2977 1247 Deo
2995 1195 3223 1249 solatore
3241 1198 3530 1266 confortor,

1935 1285 2229 1337 contristat.
2266 1282 2388 1335 Non
2428 1299 2507 1335 me
2536 1292 2690 1335 terret
2736 1296 3011 1353 proventus
3038 1287 3352 1343 conditionis
3388 1291 3531 1343 omni

1936 1376 2145 1427 mortali
2194 1374 2514 1436 communis,
2568 1389 2684 1426 cum
2734 1384 2842 1427 tota
2901 1377 3054 1429 etiam
3102 1379 3415 1445 sapientium
3459 1379 3528 1411 ""

1937 1468 2036 1519 vita
2069 1467 2445 1519 commendatio
2477 1465 2545 1495 "3
2576 1483 2685 1519 esse
2721 1468 2902 1521 debeat
2938 1470 3140 1521 mortis.
3199 1468 3320 1523 Non
3358 1472 3527 1539 turpis

1936 1574 2073 1610 mors
2126 1567 2286 1624 po'cst
2327 1557 2563 1609 accidere
2614 1556 2683 1587 ⁸⁷³
2730 1558 2840 1609 viro
2885 1558 3052 1626 forti,
3106 1576 3207 1612 non
3262 1561 3527 1613 inmatura

1935 1650 2230 1713 consulari,
2264 1666 2367 1701 non
2409 1650 2595 1702 misera
2636 1650 2969 1719 prospicienti
3000 1651 3188 1723 (560),
3234 1661 3523 1706 vestrarum

1936 1760 2016 1796 me
2044 1744 2208 1812 magis
2237 1753 2522 1797 vestrarum
2571 1746 2858 1809 mentium,
2898 1764 3029 1815 quas
3073 1747 3140 1777 ⁶⁷⁵
3177 1747 3528 1815 asperioribus

1934 1836 2106 1888 adhuc
2154 1846 2285 1889 esset
2336 1853 2540 1889 necesse
2590 1837 2784 1890 studiis
2836 1839 3117 1907 informari
3149 1878 3164 1903 ,
3234 1838 3527 1891 teneritudo

1936 1937 2186 1993 retentat;
2216 1929 2375 1994 vobis,
2401 1929 2470 1960 ⁸⁷⁸
2497 1931 2731 1999 inquam,
2765 1931 2939 1995 timeo,
2967 1938 3019 1982 ut
3048 1930 3094 1983 si
3126 1930 3368 1998 luporum
3408 1930 3528 1982 adi-

1933 2021 2060 2086 gerit
2091 2021 2287 2083 rabies,
2315 2037 2374 2073 ne
2411 2036 2559 2073 nemo
2597 2021 2662 2072 sit
2693 2020 2758 2051 ⁸⁷⁷
2798 2020 2888 2090 qui
2915 2020 3110 2089 abigat.
3166 2018 3295 2073 [hec
3341 2036 3527 2073 mona-

1934 2112 2091 2163 steria
2120 2109 2213 2162 Dei
2234 2121 2279 2164 et
2310 2121 2609 2164 sanctorum
2633 2112 2819 2174 dicavi,
2853 2112 3035 2165 vestris
3057 2127 3258 2181 quoque
3280 2110 3527 2165 ancillari

1936 2200 2003 2231 ⁸⁷⁸
2036 2203 2211 2254 usibus
2256 2202 2509 2271 delegavi.
2558 2201 2737 2256 l'estra
2786 2203 2854 2255 ad
2896 2203 2992 2255 ltoc
3034 2220 3157 2256 usus
3210 2220 3326 2255 sum
3368 2219 3525 2271 opera

1935 2292 2060 2360 forti
2090 2305 2135 2345 et
2170 2292 2352 2360 ﬁdeli;
2382 2310 2562 2346 vereor
2588 2311 2705 2347 cum
2730 2311 2845 2363 sepe
2872 2294 3095 2363 pendere
3125 2295 3307 2348 debeat
3334 2294 3520 2347 animi.

1936 2383 2053 2448 Quo
2079 2383 2190 2436 loco
2222 2396 2410 2437 nostra:
2434 2385 2546 2437 sittv
2568 2394 2686 2437 sunt
2712 2402 2813 2449 res,
2852 2386 2904 2437 in
2931 2402 3203 2438 commune
3225 2384 3294 2416 ⁸⁷⁸
3321 2386 3523 2452 videtis,

1934 2485 1979 2525 et
2011 2473 2132 2543 quia
2163 2473 2245 2525 hic
2275 2474 2500 2527 mundus
2532 2476 2584 2526 in
2614 2474 2842 2543 maligno
2864 2477 3064 2543 positus
3098 2477 3162 2528 sit
3204 2474 3255 2543 (1
3277 2475 3436 2528 Joan.
3470 2492 3524 2541 γ,

1937 2563 2052 2634 19),
2081 2564 2239 2632 juxta
2266 2580 2463 2616 mecum
2503 2581 2678 2617 omnes
2705 2565 2993 2617 attenditis.
3024 2564 3082 2618 Si
3103 2582 3223 2634 ergo
3245 2556 3522 2635 quicqu-im

1932 2657 2077 2723 pensi
2102 2664 2175 2708 est
2193 2696 2205 2715 ,
2233 2656 2395 2709 ridete
2417 2673 2479 2710 ne
2509 2657 2571 2708 ab
2597 2656 2891 2724 integritate
2917 2696 2931 2719 ,
2960 2672 3117 2726 quam
3140 2658 3192 2708 in
3226 2674 3309 2709 vos
3333 2658 3522 2720 locari,

1934 2746 2042 2799 ullo
2095 2763 2322 2817 unquam
2367 2746 2435 2777 "°
2490 2764 2665 2801 errore
2716 2748 3233 2814 seducamini,'sed
3285 2752 3525 2804 unanimi

1933 2838 2132 2907 glutino
2161 2840 2305 2907 pacis
2339 2840 2390 2892 in
2427 2839 2664 2901 Christo,
2696 2838 2852 2906 juxta
2881 2840 3019 2909 quod
3053 2849 3101 2893 et
3134 2852 3339 2908 patrum
3372 2842 3525 2895 habet

1934 2930 2173 2993 traditio,
2203 2939 2251 2982 et
2298 2931 2677 2998 scripturarum
2718 2941 3021 2983 sanctarum
3064 2930 3303 2997 lectione,
3356 2934 3446 2987 sed
3475 2944 3524 2987 et

1937 3112 2109 3181 itaque
2141 3113 2378 3165 manibus
2416 3111 2481 3143 ⁸⁸⁸
2514 3130 2666 3166 sacra
2693 3130 2959 3182 nunquam
3004 3115 3210 3167 recedat
3239 3114 3390 3168 lectio
3416 3156 3430 3178 ,
3472 3124 3523 3168 et

1937 3205 2069 3255 inea
2099 3202 2237 3255 vobis
2256 3202 2403 3273 jugis
2432 3204 2495 3256 sit
2519 3204 2805 3258 meditatio.
2840 3202 2907 3257 Ut
2938 3206 3075 3257 enim
3109 3220 3254 3270 ager,
3288 3207 3524 3275 quamvis

1938 3292 2126 3361 fertilis
2163 3294 2275 3347 sine
2310 3295 2538 3359 cultura,
2586 3311 2689 3347 non
2739 3304 2903 3364 potest
2941 3312 3051 3348 esse
3080 3296 3401 3363 fructuosus,
3427 3284 3529 3349 ’τε

1931 3387 2042 3440 sine
2096 3386 2334 3439 doctrina
2388 3388 2596 3441 animus
2662 3388 2843 3457 (561),
2904 3390 3158 3459 doctoque
3219 3390 3417 3443 homini
3474 3400 3523 3443 et

1932 3480 2135 3532 erudito
2163 3479 2325 3532 virere
2361 3488 2437 3532 est
2474 3481 2701 3548 cogitare
2742 3480 2921 3550 (562),
2962 3482 3187 3536 orationi
3227 3482 3528 3551 frequen'er

1932 3567 2362 3629 incumbendum,
2431 3586 2525 3637 pro
2579 3571 2869 3623 excessibus
2932 3572 3163 3624 humana
3228 3571 3521 3639 ['rag'litate

1933 3659 2213 3710 contractis
2236 3659 2561 3711 exorandum
2584 3699 2598 3723 ,
2630 3668 2676 3711 et
2712 3662 2777 3713 de
2805 3670 2990 3713 cwtero
3015 3660 3385 3712 centra/tendis
3417 3676 3521 3713 non

1943 3751 2095 3801 modo
2123 3749 2523 3818 supplicandum
2550 3790 2564 3814 ,
2596 3767 2770 3803 verum
2801 3760 2956 3804 cauta
2980 3750 3212 3804 sollertia
3245 3750 3525 3819 invigilan-

1940 3840 2085 3893 dum.
2128 3839 2228 3893 Ubi
2284 3858 2507 3910 namque
2549 3842 2803 3895 socordia:
2845 3858 2900 3897 se
2928 3842 2996 3873 ⁶⁸²
3041 3843 3158 3911 quis
3204 3842 3525 3911 ignavia'que

1941 3931 2255 3997 tradiderit,
2326 3933 2667 4003 nequicquam
2719 3933 2788 3964 ⁸⁸³
2850 3932 3012 3986 Deum
3067 3932 3286 4002 inploret
3351 3930 3521 4000 (565‘.

1951 4021 2202 4077 Vobisaue

2132 4115 2301 4168 Virtus
2322 4126 2387 4169 sit
2412 4128 2591 4170 vumm
2618 4134 2798 4187 jngere
2820 4158 2837 4182 ,
2868 4130 2917 4171 et
2944 4114 3201 4188 sapientia
3226 4126 3397 4185 prima

2116 4208 2363 4264 Stulticia
2387 4212 2615 4267 caruisse
2646 4212 2794 4285 (564)
2819 4229 2834 4278 ;

1526 4326 1763 4385 VARUE
1806 4320 2217 4379 LECTIONES.

324 4421 393 4497 ‘_”
422 4422 915 4497 mille_quingentos
938 4426 1106 4497 vit_.R.
1165 4422 1389 4497 ΨΧΥΙ]
1414 4423 1468 4475 2.
1498 4420 1715 4497 5.__corr.
1742 4417 1880 4497 ιω.
1910 4416 1962 4471 2.
1990 4416 2273 4497 duodecim
2306 4415 2479 4497 stadia
2516 4419 2607 4497 vit.
2645 4417 2713 4470 Β.
2773 4418 2939 4497 fi‘jta
2970 4419 3059 4473 vit.
3096 4417 3165 4497 R._
3184 4416 3439 4497 Tannaco

257 4488 415 4566 2.5.“
450 4492 515 4566 ⁸⁵⁷
550 4486 846 4566 Sequuntur
876 4498 931 4550 in
960 4495 1181 4566 Notgeri
1210 4496 1314 4566 vita
1344 4488 2047 4566 Retna_c_l_i__ipsa‘diplomatis
2072 4486 2244 4566 verba.
2323 4486 2731 4566 ‘fis‘ustitueret
2766 4490 2817 4542 1.
2839 4490 2892 4543 2.
2919 4506 3056 4566 corr.
3082 4488 3519 4566 substitueret}:

352 4558 642 4635 .Cliodoveo
676 4565 725 4618 1.
803 4567 872 4597 “°
896 4566 950 4619 2.
979 4558 1157 4635 posiea
1186 4564 1311 4635 add.

260 4626 513 4685 bildricus
536 4650 671 4687 corr.
705 4626 1031 4690 childcricus
1056 4637 1113 4689 2.

262 4713 391 4751 corr.
420 4701 709 4757 clotbarius
738 4706 791 4759 2.
824 4707 915 4775 qui
938 4717 1053 4772 post
1084 4704 1209 4758 add.
1243 4699 1509 4774 Regnavit
1554 4699 1711 4753 annis
1747 4706 1995 4766 quatuor.
2077 4699 2151 4776 '6‘.
2188 4699 2200 4775 l

264 4764 521 4823 bebruinu
546 4788 682 4823 corr.
718 4775 1034 4823 lmhminoa
1057 4784 1105 4823 et
1132 4776 1206 4823 ita
1241 4773 1295 4823 5.
1372 4773 1441 4804 ⁸⁸⁸
1469 4774 1522 4823 2.
1554 4783 1817 4823 superscr.
1856 4768 1966 4821 ﬁlio
1986 4766 2200 4823 Anstttst

1512 4811 1522 4822 .
1554 4783 1817 4822 superscr.
1856 4782 1966 4821 ιιιιο
1986 4782 2224 4822 Αηὸίζιὸι.

1554 4783 1817 4837 superscr.
1856 4780 2224 4834 tttIOAItsgIst.
2302 4780 2370 4797 π’
2406 4780 2461 4820 ‘z.
2504 4780 2619 4835 post
2668 4785 2698 4819 a

1554 4851 1582 4891 ll
1610 4838 1708 4892 ϐΙι.
1786 4839 1854 4869 ⁸⁷⁸
1878 4854 2015 4890 corr.
2049 4838 2099 4889 1.
2180 4835 2250 4865 ⁸⁷³
2271 4837 2698 4890 commentatio?

1554 4911 1599 4959 Ι.
1682 4907 1749 4938 ⁸⁷⁷
1780 4908 1852 4959 ita
1878 4909 1968 4959 rit.
2004 4905 2155 4959 Rem.
2189 4920 2348 4959 nemo
2383 4907 2473 4959 aui
2510 4908 2556 4958 l.
2584 4906 2638 4958 2.
2669 4907 2698 4959 5

1894 4920 1968 4958 'tl.
2004 4920 2155 4958 Item.
2189 4920 2348 4958 nemo
2383 4921 2473 4958 (NII
2510 4920 2556 4958 1.
2584 4920 2638 4958 ‘Z.
2669 4920 2722 4958 ἔ).

1780 4920 1852 4960 ita
1878 4919 1968 4961 t‘tl.
2004 4919 2155 4960 Item.
2189 4920 2348 4959 nemo
2383 4921 2473 4975 qui
2510 4919 2556 4958 l.
2584 4919 2638 4958 2.
2669 4919 2722 4959 o.
2797 4919 2865 4937 ου’
2892 4921 3021 4957 auct

1814 4979 1882 5010 ⁶⁸¹
1915 4986 1969 5032 et
1999 4976 2225 5031 auribus
2252 4975 2436 5045 itaque
2467 4984 2523 5029 et
2559 4976 2805 5029 manibus
2828 4974 2915 5026 vit.
2956 4972 3021 5023 lt.

264 4764 521 4825 bebruino
546 4788 682 4825 corr.
718 4764 982 4831 ltebroino
1000 4775 1034 4829 2
1057 4784 1105 4828 et
1132 4776 1206 4828 ita
1241 4773 1295 4827 5.

264 4838 592 4912 9"“i§_}{AVll.
670 4842 739 4875 ⁶⁷⁰
765 4846 909 4899 deest
939 4846 993 4899 5.
1070 4845 1137 4875 ⁶⁷¹
1167 4843 1367 4912 reliqua
1396 4842 1582 4912 desunt
1610 4838 1708 4912 (llr.

265 4902 314 4956 1.
362 4907 456 4985 ."5
476 4910 545 4985 ita
582 4914 670 4985 vit.
702 4914 764 4969 Β.
787 4929 950 4985 quam
979 4915 1029 4967 1.
1052 4914 1104 4985 2.
1131 4914 1193 4985 ὃς
1262 4902 1331 4985 έ⁷⁶
1367 4911 1527 4985 11οδῙὲ
1552 4911 1599 4985 ¹ς

266 4986 312 5050 (Ξ-
343 4975 478 5050 ρεεξι
501 4982 582 5034 vit.
618 4983 767 5037 Rem.
803 4975 820 4985 ’
844 4984 914 5017 ⁸⁸⁸
938 4985 1011 5036 ita
1043 4984 1130 5036 vit.
1156 4982 1219 5036 Β.
1258 4980 1557 5050 inquam].
1585 4979 1639 5031 2.
1680 4976 1733 5030 '5.

1350 4571 1473 4633 post
1503 4560 1613 4633 V111
1652 4558 1750 4633 (e_t)
1785 4557 1837 4633 ξ(
1870 4572 2040 4633 anuth
2084 4556 2259 4633 regni.

1191 4635 1261 4667 ⁸⁸³
1290 4625 1745 4702 inquietudincl2.
1784 4628 1836 4680 5.
1870 4628 1958 4681 vit.
1986 4625 2051 4681 Ii.
2221 4628 2294 4702 ita
2319 4627 2406 4702 vit.
2451 4627 2514 4681 Ii.
2568 4630 2915 4702 viciorum_1.
2943 4632 2995 4682 2.
3016 4629 3077 4702 5.

2336 4556 2403 4587 ⁶⁰¹
2462 4558 2725 4611 lotbarius
2775 4577 2912 4612 corr.
2969 4559 3266 4613 elotharius
3313 4557 3370 4609 2.
3450 4558 3518 4588 ⁸⁵⁸

3157 4628 3224 4657 ⁸⁸⁸
3259 4626 3522 4678 Iotltarius

2077 4694 2148 4727 ⁸⁸⁸
2188 4696 2449 4750 bildrieus
2475 4714 2613 4751 corr.
2669 4700 2961 4752 liildericus
3005 4699 3058 4749 2.
3107 4707 3158 4749 et
3201 4699 3273 4747 ita
3319 4694 3371 4745 5.
3454 4696 3521 4726 ⁸⁵⁷

2302 4766 2370 4797 ⁶⁶⁹
2406 4766 2461 4820 2.
2504 4780 2619 4835 post
2668 4770 2793 4819 add.
2842 4768 3105 4837 Regnavit
3152 4763 3524 4837 Theoderiru‘

2180 4835 2250 4865 ⁸⁷³
2271 4834 2657 4889 commentatio
2677 4838 2731 4890 2.
2757 4838 2810 4890 5.
2838 4834 3089 4889 τσὶίξηωη.
3172 4836 3239 4865 ⁵⁷³
3264 4834 3523 4885 accedere

2797 4908 2865 4937 ⁶⁷⁸
2892 4904 3212 4957 ancillarum
3244 4902 3288 4952 Ι.
3369 4899 3438 4931 ⁸⁷³
3471 4903 3523 4955 in

3100 4971 3175 5005 ⁶⁸¹
3225 4991 3311 5022 tm.
3365 4967 3436 5024 Β.
3480 4972 3525 5026 si

270 5041 315 5093 1.
341 5044 390 5097 Ξ.
426 5047 479 5101 5.
553 5052 623 5084 ⁸⁸³
653 5054 903 5121 ne'qlqm
932 5082 1002 5093 -—-
1028 5041 1353 5123 nequiquam
1384 5052 1440 5106 2.
1469 5049 1525 5103 5.
1551 5063 1895 5116 neouaquam
1926 5049 1973 5103 1.

1747 5137 1979 5196 ΝΟΤᾹΞ.

2017 5240 2157 5252 ι-Αιι
2205 5238 2258 5252 no
2417 5237 2459 5252 IIII
2541 5248 2553 5252 -
2612 5231 2653 5252 ΙΙ
2726 5230 2753 5252 Ρ
