4094 5252
269 248 407 305 1065
1116 245 1441 304 llERlGERl
1479 244 1705 303 GESTA
1732 243 2214 303 EPISCOPORUM
2250 246 2737 308 LEODIENSIUM.
3380 250 3519 307 ιοδε

727 356 815 413 56.
851 358 922 390 ’θ’
959 356 1147 412 Obitus
1194 360 1377 429 ipsius.
1868 366 1914 422 Α
1945 358 2084 427 quod
2111 358 2223 425 ipse
2243 358 2575 420 condiderat,
2600 357 2978 426 estsepultum.
3006 354 3103 412 Ubi
3124 366 3180 413 et
3196 358 3514 425 aliquandiu

338 451 469 506 Post
494 450 591 503 has
622 449 803 504 dulces
830 459 1068 520 paterna:
1099 452 1316 520 pietatis
1346 450 1763 505 ammonitiones
1789 458 1844 501 et
1939 449 2131 514 jacuit,
2163 459 2217 501 et
2247 462 2303 501 se
2334 464 2455 501 cum
2488 449 2710 501 Domino
2742 450 2921 501 vivere
2957 449 3222 503 miraculis
3257 452 3519 505 at'testan-

263 549 507 595 extrema
524 538 770 592 caritatis
792 540 951 592 verba
980 554 1166 593 cormn
1197 555 1359 609 super
1379 540 1449 570 ⁷⁸³
1480 555 1577 593 suo
1602 540 1842 593 discessu
1948 540 2089 592 tibus
2111 538 2389 592 indicavit.
2426 537 2695 592 Successit
2722 538 2799 591 illi
2828 539 3057 594 domnus
3086 540 3412 609 apostolicus
3443 542 3524 595 vir

266 644 532 683 tnerorem
570 628 793 688 Sedavit.
837 640 892 681 et
923 644 951 681 a
990 630 1354 683 contionando
1382 628 1606 698 quievit.
1643 629 1843 682 Deinde
1947 629 2264 697 l’apolenns.
2311 630 2463 696 cnjus
2504 629 2574 659 ⁷⁸⁸
2620 629 2866 697 superius
2908 631 3234 684 mentionem
3276 632 3523 686 fecimus.

265 718 476 771 modica
525 716 675 771 febre
727 718 989 786 pulsatus,
1036 730 1090 772 et
1128 719 1464 773 sacrosancti
1507 719 1752 786 corporis
1790 727 1845 771 et
1948 718 2149 771 Deinde
2178 717 2436 785 Sigilinus
2464 717 2537 748 7“
2565 717 2705 770 beati
2735 720 2903 787 patris
2923 734 3076 789 teque
3098 719 3302 787 judicio
3332 737 3525 789 appro-

267 810 546 879 sai:gninis
588 810 785 862 viatico
824 810 1198 874 confirmatus,
1246 812 1384 863 inter
1429 810 1839 863 karissimorum
1947 810 2121 863 batur.
2155 808 2394 863 Subinde
2422 808 2698 863 Goduinus
2722 811 2877 864 annis
2899 819 2954 863 et
2974 826 3183 864 tuorum
3209 812 3524 864 maturitate

267 899 499 951 filiorum
530 915 723 952 manus
758 900 897 951 unde
927 899 1160 952 animam
1187 915 1285 953 suo
1326 900 1557 954 reddidit
1584 900 1655 930 ὀδ
1686 914 1841 952 crea-
1949 900 2251 970 graudevus
2274 898 2446 968 (591),
2466 899 2554 966 qui
2580 899 2741 952 etiam
2764 900 2937 954 sancti
2962 902 3062 954 viri
3080 916 3275 970 corpus
3295 910 3526 955 transtu-

270 988 371 1040 tori
408 989 569 1057 (circa
601 1004 688 1040 an.
724 988 875 1055 667),
910 989 996 1042 tibi
1036 988 1125 1041 Dei
1164 989 1454 1056 plurimum
1498 990 1843 1041 insudaverat
1949 990 2027 1050 lit.
2058 999 2111 1043 et
2148 991 2200 1042 in
2237 988 2477 1042 {ecclesia
2528 988 2668 1042 beati
2711 989 2853 1044 Pe:ri
2896 990 3111 1054 locavit,
3147 991 3343 1045 lectum
3385 992 3527 1045 illius

268 1080 545 1142 servituti;
585 1094 742 1133 verus
769 1079 1051 1133 lsrahelita
1078 1094 1328 1149 egressus
1369 1081 1433 1133 de
1462 1079 1696 1149 .IEgynto
1728 1094 1843 1147 spo-
1949 1096 2081 1133 auro
2132 1090 2466 1149 argentoque
2520 1078 2813 1132 decoravit.
2865 1079 2964 1135 Ubi
3013 1094 3111 1149 per
3162 1082 3278 1150 ejus
3331 1083 3522 1135 merita

268 1167 419 1221 liavit
444 1168 639 1235 (Exod.
670 1182 750 1227 tit,
783 1167 874 1237 22)
907 1168 1140 1222 vicinum
1169 1169 1437 1221 conditori
1480 1184 1576 1220 suo
1607 1166 1842 1219 fwtiera-
1950 1168 2113 1222 multa
2145 1169 2404 1222 Dominus
2436 1182 2606 1236 usque
2645 1168 2696 1220 in
2734 1182 2971 1235 pricsens
3007 1178 3263 1237 operatur
3288 1170 3522 1224 miracu-

270 1265 383 1309 lum
416 1266 696 1325 reportans
722 1256 1003 1309 talentum.
1039 1253 1237 1327 [(Vita.
1268 1257 1327 1310 S.
1367 1255 1619 1318 lfemacli,
1650 1270 1698 1309 c.
1737 1253 1847 1322 16.)
1948 1260 2121 1313 lorum
2175 1259 2459 1320 beneficia,
2511 1274 2739 1327 quorum
2783 1258 2977 1312 ibidetu
3025 1268 3279 1330 congesta
3325 1268 3380 1315 et.
3428 1260 3525 1315 de-

268 1345 478 1416 Corpus
505 1347 620 1415 ejus
651 1348 945 1402 honoriﬁce
966 1357 1237 1412 curatum,
1267 1364 1388 1401 cum
1420 1348 1585 1399 multa
1621 1347 1847 1400 melodia
1946 1350 2145 1416 scripta
2198 1342 2553 1401 conservatur
2608 1347 2761 1415 copia
2818 1348 2884 1402 ad
2938 1349 3149 1402 laudem
3200 1359 3255 1404 et
3294 1349 3520 1418 gloriam

267 1438 597 1507 psalmorum
623 1448 677 1492 et
706 1424 1055 1509 hymnorum]
1086 1440 1137 1490 in
1161 1440 1404 1491 oratorio
1433 1438 1571 1489 beati
1604 1436 1839 1499 Martini,
1948 1434 2181 1488 nominis
2204 1436 2303 1495 sui,
2330 1435 2470 1490 quod
2492 1442 2575 1485 est
2601 1432 3005 1485 benedictumtn
3021 1433 3405 1487 secula.Atnen
3428 1434 3522 1490 ⁷⁸⁷.

434 1611 775 1668 CAPITULA
800 1611 979 1665 LIBRI
1013 1610 1306 1666 SECUNDI
1329 1608 1710 1664 GESTORUM
1739 1605 2157 1663 PONTIFICUM
2199 1602 2659 1670 TUNGRENSIS,
2693 1602 3197 1660 'fRAJECTENSlS
3226 1604 3380 1662 SIVE

1389 1697 1791 1753 LEODIENSIS
1816 1694 2197 1751 ASCCLESUE
2230 1694 2319 1749 7“.

380 1874 427 1927 1.
471 1871 799 1929 Prooemium
822 1871 1061 1942 opusculi
1093 1874 1386 1941 Sequentis.
1879 1869 1925 1926 Β
2021 1868 2111 1921 25.
2156 1868 2230 1921 De
2261 1867 2471 1922 Nokero
2506 1867 2779 1935 episcopo,
2813 1875 2869 1921 et
2896 1877 3156 1937 quantum
3183 1872 3364 1927 omnia
3390 1876 3530 1946 apud

378 1965 437 2018 2.
478 1965 551 2018 De
577 1973 765 2017 sancto
794 1962 1132 2017 Theodardo.
1955 1972 2052 2009 nos
2082 1957 2471 2011 melioraverit.

372 2062 433 2114 δ,
474 2059 549 2113 De
578 2067 767 2112 εαηοιο
784 2057 1098 2113 umbem),
2021 2044 2112 2098 26.
2140 2046 2309 2113 Quam
2333 2047 2607 2115 sapienter
2624 2046 2903 2116 cujusdam
2924 2052 3162 2120 potentis
3176 2053 3529 2123 cupiditatem

378 2152 436 2203 ι.
479 2150 631 2218 Quod
654 2150 843 2220 pulsus
866 2151 934 2204 ab
964 2151 1272 2220 episcopatu
1301 2147 1689 2203 monasterium
1710 2147 1853 2200 adic-
1952 2136 2209 2191 alliserit.

264 2243 366 2295 ﬁt.
2022 2228 2109 2281 27.
2153 2229 2228 2284 De
2249 2229 2506 2285 :ecclesiis
2535 2233 2708 2287 sancti
2736 2233 2961 2289 Dionisii
2990 2245 3043 2288 et
3069 2239 3247 2293 sancti
3269 2236 3535 2297 Johannis

378 2330 431 2382 5.
473 2328 715 2395 Qualiter
747 2328 818 2383 ibi
845 2329 1104 2398 probatus
1137 2327 1323 2383 fuerit.
1952 2320 2330 2389 mvangelistze.

376 2420 433 2473 6,
476 2420 717 2485 Qualiter
764 2420 939 2473 deum
981 2421 1049 2473 ad
1080 2422 1449 2490 cpgscopalum
1480 2426 1663 2487 raptus
1706 2417 1758 2471 in
1781 2431 1853 2472 eo
2024 2405 2112 2461 28.
2154 2407 2365 2473 Quanta
2396 2408 2469 2463 illi
2494 2424 2623 2464 cura
2650 2426 2776 2480 erga
2803 2412 3110 2469 educandos
3130 2431 3326 2484 pueros
3350 2418 3533 2473 fuerit.

263 2512 339 2542 "'
372 2511 591 2574 vixerit,
622 2520 676 2565 et
704 2509 1023 2565 Texandrice
1056 2510 1452 2579 praedicarem.
2024 2498 2115 2551 29ο
2157 2498 2255 2563 Qlli
2289 2508 2345 2553 Θι
2372 2501 2561 2568 quales
2584 2502 2684 2556 Sub
2712 2517 2776 2555 eo
2802 2504 3123 2559 coaluerint.

384 2602 434 2653 7.
475 2599 717 2668 Qualiter
738 2617 767 2656 a
795 2602 1015 2670 perﬁdis
1045 2603 1113 2657 sit
1153 2602 1532 2670 interemptus.

2026 2588 2115 2643 50.
2158 2591 2310 2655 Quod
2363 2592 2508 2644 tnitis
2563 2592 2876 2660 humilibus,
2932 2597 3187 2652 terribilis
3234 2598 3397 2654 tuerit
3443 2616 3533 2653 su-

384 2695 440 2747 8.
476 2694 609 2748 Item
635 2693 737 2748 alia
767 2696 831 2748 de
858 2694 1045 2749 eodem
1075 2694 1279 2762 opinio.
1957 2680 2156 2747 perbis.

383 2786 436 2840 9.
481 2785 635 2852 Quod
659 2785 711 2839 in
735 2786 972 2839 Bawarri
996 2794 1051 2839 et
1069 2786 1141 2816 '”°
1166 2800 1304 2855 pago
1326 2780 1762 2850 Wirzeburgensi
1786 2782 1853 2835 ad

1190 2800 1304 2853 ,τιςο
1326 2780 1762 2850 Wineburgensi
1786 2782 1853 2835 ad
2027 2769 2114 2822 51.
2159 2769 2233 2821 De
2252 2768 2498 2823 Baldrico
2534 2769 2807 2839 episcopo.

260 2879 593 2933 memoriam
615 2877 729 2945 ejus
760 2878 1066 2946 frequenter
1091 2877 1224 2931 fiunt
1253 2873 1534 2928 miracula.
1982 2874 1987 2879 ’
2029 2858 2116 2913 52-
2163 2860 2234 2913 De
2267 2858 2598 2914 Ψηίὺοάοηθ
2626 2862 2898 2933 ερῑδεοροο

344 2972 434 3024 10.
472 2970 613 3036 Quid
644 2972 783 3041 apud
810 2969 1070 3024 Loviuiou
1108 2969 1175 3023 ad
1218 2966 1534 3021 memoriam
1571 2962 1685 3032 ejus
1722 2978 1854 3017 oon-

1507 2979 1534 3018 η
1571 2962 1685 3032 eius
1722 2978 1854 3017 οοη-
2029 2948 2117 3003 55.
2160 2949 2400 3016 Qualiter
2421 2949 2706 3019 episcopus
2736 2952 2914 3008 factus
2944 2953 3124 3010 fuerit.

264 3064 478 3129 ligor“.
686 3040 691 3041 ⁷
2028 3040 2117 3094 54.
2158 3040 2296 3107 Quid
2323 3041 2631 3109 plaeaturus
2658 3043 3040 3114 imperatorem
3066 3048 3363 3107 Henricum
3389 3053 3539 3111 fece-

348 3156 435 3207 ll.
480 3155 553 3208 De
584 3168 723 3224 equo
752 3153 803 3207 in
836 3153 1038 3208 rabiem
1061 3167 1218 3206 verso
1246 3158 1299 3205 ct
1324 3157 1554 3204 mortuo.
1963 3133 2096 3224 “Eu
2161 3222 2181 3224 _
2339 3219 2343 3223 δ

344 3246 435 3299 l2.
481 3246 554 3300 De
584 3220 815 3314 quodam
856 3228 946 3315 qui
974 3246 1165 3315 pedem
1204 3243 1410 3298 foribus
1437 3239 1696 3295 accelcsia:
1739 3238 1855 3307 ejus
1884 3233 1927 3293 C
2158 3222 2235 3315 pc
2270 3220 2553 3315 ξὀέθιίοηθ
2578 3225 2712 3293 ejus-

268 3340 427 3394 illisit
456 3348 509 3393 et
538 3313 894 3407 putrefactum
934 3313 1135 3391 amisit.

2033 3314 2121 3367 56.
2162 3313 2237 3367 De
2275 3314 2525 3368 Durando
2549 3316 2822 3387 episcopo.

348 3430 436 3483 15.
482 3406 554 3482 De
584 3444 649 3483 eo
671 3429 759 3498 qui
792 3430 995 3483 vomitu
1028 3427 1230 3481 furtum
1257 3424 1513 3496 prodidit.
2033 3406 2121 3460 37-
2160 3406 2235 3459 De
2266 3406 2573 3498 ιίθεὶηθΐάο
2595 3410 2870 3480 episcopo.

346 3521 437 3574 14.
483 3520 553 3573 De
574 3497 853 3574 contracto
882 3519 1170 3573 manifeste
1193 3526 1398 3572 erecto.

1206 3526 1398 3572 "eam,
2032 3498 2119 3552 58.
2158 3499 2231 3552 De
2262 3497 2524 3553 Nithardo
2548 3502 2823 3572 episcopo.

348 3613 438 3666 15.
475 3612 666 3667 Oratio
687 3612 753 3667 ad
780 3620 1023 3666 sanctum
1057 3610 1404 3663 Lambertum
2032 3590 2120 3644 59°
2162 3590 2237 3643 De
2258 3590 2454 3644 άοίηηο
2478 3589 2716 3646 wazone
2748 3594 3023 3667 episcopo-

352 3706 438 3759 15.
482 3705 555 3758 De
579 3712 766 3758 sancto
796 3703 1055 3757 lluberto.

2032 3682 2121 3735 40.
2174 3682 2417 3747 Qualiter
2474 3684 2529 3736 in
2596 3686 2866 3740 scalarum
2932 3690 3248 3759 magisterio
3315 3711 3374 3750 se
3440 3697 3540 3753 ba-

350 3799 436 3853 17.
482 3798 557 3850 De
584 3804 769 3849 sancto
789 3794 1133 3849 Floreberto.
1964 3774 2155 3829 buerit.

352 3891 435 3944 ts.
480 3890 556 3943 De
582 3887 703 3941 aliis
725 3896 933 3955 septem
972 3881 1261 3952 episcopis.
2036 3866 2121 3919 il.
2172 3865 2552 3921 Contr0versia
2600 3867 2768 3936 ipsius
2818 3870 2873 3925 in
2921 3870 3223 3930 Johannem
3277 3882 3542 3948 praeposi-

347 3983 436 4035 19.
483 3979 554 4033 De
586 3977 865 4032 Francone
892 3976 1165 4044 episcopo,
1206 3980 1262 4026 et
1302 3970 1432 4040 quid
1462 3966 1576 4036 ejus
1617 3974 1856 4034 tempore
1966 3968 2099 4011 tum.
2444 3985 2470 4007 ι

267 4071 566 4124 “(ﬁdem
1507 4117 1543 4145 .
2164 4048 2354 4145 Quida
2379 4050 2593 4145 rusticis
2618 4052 2686 4106 sit
2711 4068 3014 4124 perpessus.

346 4163 440 4217 20.
482 4164 556 4216 De
576 4159 849 4229 Stephano
878 4166 933 4211 et
962 4156 1216 4211 Richario
1245 4141 1534 4224 episcopis.
2034 4141 2121 4195 45.
2162 4141 2311 4208 Quod
2333 4141 2639 4212 capellanus
2660 4146 3005 4215 imperatoris
3028 4148 3300 4207 Cuouradi
3317 4154 3389 4207 sit
3412 4155 3540 4208 εσυ.

345 4255 442 4308 2l.
481 4251 765 4321 Exemplar
804 4248 1111 4304 testamenti
1148 4247 1199 4300 in
1239 4262 1346 4313 quo
1384 4252 1612 4297 testatur
1656 4239 1856 4294 Richa-
1960 4242 2105 4288 ictus.

275 4348 396 4399 rius
443 4342 771 4414 Stephanum
818 4340 1124 4396 condidisse
1172 4334 1518 4405 reSponsoria
1557 4332 1624 4386 de
1666 4339 1851 4385 saneta
2036 4326 2122 4379 44.
2164 4325 2317 4393 Quod
2366 4325 2600 4382 Judeum
2649 4332 2920 4387 sententia
2974 4336 3172 4391 veteris
3208 4335 3540 4394 Testamemi

266 4437 550 4491 trinitate.
1967 4418 2176 4472 revicit.

347 4525 439 4578 22.
481 4526 550 4556 ⁷¹¹
580 4523 709 4578 ltem
735 4524 799 4578 de
827 4522 1099 4577 Richario.
2036 4508 2125 4562 45.
2163 4510 2344 4577 Quod,
2373 4511 2643 4569 defunctis
2683 4517 2990 4584 prmpositis
3019 4516 3260 4575 Iohanne
3280 4529 3337 4576 et
3376 4521 3542 4577 Lant-

345 4617 442 4669 23.
485 4617 559 4670 De
586 4616 705 4670 aliis
733 4625 963 4685 quatuor
987 4612 1276 4681 episcopis.
1890 4592 1939 4651 Ι)
1966 4600 2140 4666 berto,
2172 4604 2497 4672 pra-positus
2522 4604 2774 4661 edicitur.

350 4704 443 4758 24.
485 4704 559 4759 De
600 4705 910 4759 Everhardo
941 4704 1211 4774 episcopo,
1260 4710 1316 4755 et
1361 4698 1491 4767 quid
1546 4696 1645 4751 sub
1690 4710 1756 4750 eo
1807 4695 1860 4748 in
2036 4692 2122 4747 46.
2162 4691 2489 4764 Prmpositus
2517 4696 2691 4752 factus
2710 4709 2848 4753 utse
2873 4702 3141 4769 habuerit,
3170 4712 3225 4758 et
3244 4704 3389 4773 quod
3412 4720 3547 4773 prrc'

277 4796 530 4852 Calabria
562 4796 865 4865 contigerit.
1965 4784 2194 4838 bendam
2225 4785 2455 4843 fratrum
2478 4789 2867 4844 melioraverit.

1508 4950 1742 5006 VAlll/E
1782 4944 2186 5003 LECTIONES.

354 5102 428 5132 ’θ’
466 5102 603 5155 deest
628 5114 875 5154 numerus
904 5098 955 5150 ’1.
986 5097 1044 5151 2.
1116 5094 1190 5126 ⁷⁸⁵³
1228 5094 1369 5147 deest
1399 5109 1451 5143 ι.
1567 5088 1637 5120 τοι
1677 5083 1877 5139 redidit
1904 5084 1958 5138 2.
2056 5082 2127 5115 7°“
2150 5083 2247 5188 lsui
2282 5084 2333 5137 1.
2359 5086 2416 5140 2.
2440 5089 2493 5143 5.
2606 5084 2677 5188 ’δι’
2716 5081 2996 5176 εἰξρῐίηιιδ
3020 5084 3116 5137 vit.
3145 5078 3211 5131 R.
3322 5078 3399 5109 "°"
3436 5084 3583 5130 deos!

393 5172 407 5188 ι
442 5173 452 5188 ι
477 5174 525 5188 ιι.
570 5172 602 5188 .-
683 5175 693 5188 ι
842 5186 845 5187 ν
1068 5185 1077 5188 -
1108 5165 1121 5188 l
1149 5164 1248 5188 :t...:
1304 5165 1356 5188 ιε.
1413 5160 1568 5188 ...νάηέ
1628 5157 1749 5188 (ιι-ῖς
1781 5171 1924 5188 ...ιη-ο
1970 5168 2122 5188 cqm-n
2199 5159 2387 5188 ..ι-...ηις
2442 5161 2471 5188 ’χ
2524 5157 2644 5188 Ir-..
2672 5155 2755 5188 ἶρί·
2804 5169 2811 5174 -
2838 5168 2882 5176 η-
3012 5156 3022 5164 ⁶

1413 5160 1568 5188 ..ν-Ζ.ηέ
1628 5157 1749 5188 ηιιῖο
1781 5171 1924 5188 Innrc
1970 5168 2122 5188 cant"!
2150 5152 2387 5188 ιιιηιι-ιηΙῖ
2442 5161 2471 5188 ’ζ
2524 5154 2755 5188 ΙΤνηΙῖΡλ
2785 5154 2850 5176 ¹⁸¹⁴
