4094 5252
605 294 741 352 1067

669 410 755 464 47.
803 407 1046 476 Qualiter
1078 405 1346 461 exteriora
1389 402 1890 457 amministraverit.

671 503 764 556 48.
807 500 992 568 Qualis
1019 498 1248 553 interius
1280 496 1464 551 fuerit.

669 593 762 648 49.
805 591 959 659 Quod
987 589 1243 645 defuncto
1265 587 1574 658 Reginardo
1605 587 1904 656 imperator
1933 585 2181 641 Cuonra-

601 684 702 738 dus
734 684 880 738 illum
907 682 1219 752 episcopatu
1247 680 1318 712 7“
1347 680 1548 733 donare
1571 678 1825 732 voluerit.

668 775 758 829 50.
796 775 866 808 ⁷⁸³
899 773 1142 840 Qualiter
1167 773 1218 826 in
1247 772 1614 841 episcopatum
1643 769 1849 824 electus
1874 767 2056 822 fuerit.

669 867 758 920 iii.
798 865 868 898 ἠδ
905 865 1058 932 Quod
1087 865 1376 933 episcopus
1418 862 1590 916 factus
1619 861 1908 931 vigilanter
1936 869 2180 914 sanctam

599 957 912 1025 religionem
947 957 1332 1024 exequebatur.
2026 1023 2035 1028 .

669 1049 759 1101 52.
800 1047 973 1114 Quam
1001 1047 1185 1118 largus
1212 1046 1475 1116 cujusque
1503 1044 1715 1116 generis
1738 1044 2044 1099 hominibus
2071 1043 2180 1099 fue-

597 1140 670 1193 rit
703 1150 944 1208 tempore
970 1137 1295 1194 sterilitatis.

667 1229 755 1283 55.
795 1228 866 1261 ἰ’
904 1229 980 1284 De
1033 1228 1176 1283 bello
1219 1236 1274 1282 et
1321 1226 1552 1282 karitate
1592 1226 2044 1284 Wirdunensibus
2100 1229 2178 1281 in-

594 1335 784 1389 pensa.
1343 1385 1354 1389 _
1729 1392 1736 1398 ι

667 1411 754 1466 54.
797 1411 950 1478 Quod
976 1410 1104 1466 belli
1141 1417 1516 1480 tempestatem
1551 1412 1786 1464 maxima
1818 1427 1883 1466 ex
1912 1420 2064 1480 parte
2087 1427 2176 1467 se-

594 1503 741 1557 davit
763 1501 860 1555 m.

663 1591 754 1646 55.
787 1591 938 1657 Quod
972 1590 1190 1647 castella
1217 1591 1530 1662 praedonum
1559 1592 1838 1648 everterit.

665 1684 755 1738 56.
798 1683 875 1737 De
905 1683 1169 1737 divisione
1216 1685 1518 1753 gratiarum
1568 1685 1694 1738 huic
1719 1683 2167 1738 hominieollata.

666 1774 762 1830 57.
804 1773 876 1828 Ut
905 1774 1218 1844 imperatori
1239 1774 1434 1843 injuste
1465 1787 1746 1846 suspectus
1777 1776 1960 1830 fuerit.

667 1865 755 1920 58.
797 1865 1016 1933 Quidin
1045 1881 1210 1921 causa
1249 1867 1581 1922 Ravennatis
1633 1870 1869 1939 episcopi
1922 1871 2172 1925 senserit.

666 1955 756 2011 59.
800 1945 1044 2023 Qualiter
1071 1971 1099 2009 a
1127 1957 1409 2013 comitissa
1457 1957 1653 2012 Montis
1704 1970 2013 2014 castrorum
2041 1970 2175 2014 tem-

592 2056 775 2117 ptatus
811 2048 994 2103 fuerit.

662 2139 750 2194 60.
792 2140 945 2209 Quod
976 2141 1298 2199 sollicitatus
1325 2143 1396 2200 sit
1450 2159 1549 2214 per
1610 2143 1821 2199 litteras
1851 2153 1910 2198 ut
1939 2145 2177 2214 impera-

593 2231 697 2287 tori
729 2232 1030 2289 resisteret.

1171 286 1497 347 HERIGERI
1527 288 1614 344 ET
1636 287 1939 345 ANSELMI
1965 287 2192 346 GESTA
2232 287 2446 347 EPISC.
2480 287 2734 345 TANGR.
2763 286 2956 345 TRAJ.
2996 287 3084 343 ET
3115 286 3295 344 LEOD

2205 413 2256 470 Α
2353 401 2441 456 61.
2481 400 2633 469 Quod
2699 417 2879 472 regem
2961 402 3317 464 Francorum,
3385 415 3452 454 ne
3517 398 3866 469 Aquasgrani

3723 283 3860 339 1068

2289 493 2569 548 invaderet
2598 508 2695 564 per
2735 494 2944 549 litteras
2983 492 3362 547 absterruerit.

2359 583 2448 638 62.
2502 585 2570 615 ⁷¹⁷
2601 566 2899 653 Episcopus
2944 583 3358 638 Catalauncnsis
3394 597 3517 636 eum
3581 596 3684 650 per
3723 580 3872 634 litte-

2289 689 2376 728 ras
2399 675 2654 738 consulit,
2683 675 2812 744 qnid
2843 676 2908 728 de
2948 675 3202 729 hereticis
3225 683 3444 728 censeat
3469 675 3763 742 agendum.

2357 766 2444 818 6'5.
2487 765 2558 798 ⁷¹⁸
2590 766 2888 835 Responsio
2907 765 3044 834 ejus,
3078 782 3199 835 qua:
3226 766 3328 819 sibi
3358 779 3520 834 super
3550 765 3657 817 hoc
3684 763 3871 816 sedeat

2286 859 2578 912 sententia.

2355 948 2441 1001 64.
2487 950 2560 1002 De
2600 951 3224 1019 hereticisneqnaquam
3257 946 3678 1003 iuterﬁciendis.

2353 1040 2440 1094 65.
2487 1041 2561 1094 De
2627 1043 2925 1111 apostolico
2980 1042 3227 1113 eligendo
3286 1041 3412 1110 quid
3468 1042 3570 1096 sibi
3619 1040 3871 1095 videatur

2285 1146 2383 1200 per
2413 1135 2658 1186 nuntium
2692 1133 3004 1202 imperatori
3028 1134 3339 1203 respondet.

2353 1223 2442 1277 66.
2477 1225 2808 1278 lnsimilatus
2834 1225 2901 1278 ab
2924 1226 3230 1295 inperatore
3267 1225 3395 1294 quid
3417 1223 3632 1286 fecerit,
3668 1225 3864 1294 quidve

2277 1315 2635 1383 responderit.

2348 1405 2436 1459 07.
2479 1406 2550 1443 τ¹⁹
2597 1405 2745 1472 Quos
2772 1407 2854 1461 vel
2889 1407 3081 1478 quales
3117 1407 3532 1477 prmbendarios
3567 1407 3866 1461 constitue-

2277 1495 2367 1548 rit.

2346 1585 2431 1642 68.
2472 1587 2548 1641 De
2600 1589 2864 1658 inpendiis
2899 1588 2967 1644 ab
3002 1603 3066 1643 eo
3096 1588 3183 1651 ad
3209 1588 3438 1644 :ndifieia
3468 1587 3618 1643 datis
3659 1596 3714 1642 et
3743 1587 3865 1641 vita:

2275 1675 2391 1745 ejus
2435 1663 2784 1745 perfectione.

2205 1750 2251 1808 Β
2353 1768 2441 1823 69.
2484 1769 2560 1823 Dc
2596 1770 2911 1826 imminente
2932 1774 3176 1842 corporis
3211 1772 3328 1842 ejus
3353 1773 3736 1828 dissolutione.

2354 1861 2442 1912 70.
2485 1861 2559 1912 De
2589 1861 2934 1917 confessione
2966 1863 3084 1933 ejus
3126 1873 3180 1918 et
3208 1866 3486 1919 unctione.

2350 1953 2436 2005 7t.
2478 1951 2630 2018 Quod
2680 1955 2847 2008 abbas
2905 1955 3183 2022 Olbertus,
3213 1973 3282 2011 ne
3316 1957 3348 2010 7
3374 1957 3490 2011 dies
3542 1970 3715 2027 super
3741 1969 3861 2010 eum

2280 2045 2504 2107 faceret,
2537 2047 2806 2098 exoravit.

2349 2136 2437 2188 72.
2467 2135 2620 2202 Quod
2658 2135 2885 2208 Lethgia
2915 2146 3068 2193 tanto
3095 2147 3314 2207 pastore
3340 2138 3589 2193 orhatur.

2351 2227 2438 2303 Ἰξ).
2479 2228 2829 2298 Apostropha
2885 2227 2952 2282 ad
2999 2229 3305 2300 Lethgiam,
3331 2239 3392 2282 ut
3421 2229 3750 2300 religionem
3780 2234 3857 2284 te-

2279 2327 2405 2372 neat
2435 2326 2794 2388 sanetamquc
2821 2319 3100 2375 Coloniam
3140 2320 3405 2376 imitetur.

1813 2468 2226 2527 EXPLICIUNT
2248 2471 2612 2528 CAPITUL'A.

1245 2698 1247 2702 '
1313 2668 1857 2783 INCIPIT
1920 2673 2334 2786 LIBER
2389 2673 3162 2792 SECUNDUS

1889 2903 2526 3043 GESTORUM
2586 2968 2588 2970 τ

939 3093 1367 3152 PONTIFICUM
1399 3092 1862 3161 TUNGRENSIS,
1888 3091 2396 3192 TRAJECTEl‘iSlS
2437 3093 2590 3151 SIVE
2617 3094 3066 3155 LEODICENSIS
3092 3098 3503 3158 IECCLESIE.

1145 3264 1211 3340 Ι.
1257 3248 1362 3302 τεο
1436 3263 2012 3349 PROtEMIUM
2089 3264 2154 3338 o

2266 3262 2605 3342 ISCULI
2687 3267 3286 3358 SEQUENTIS.

658 3459 941 3531 Superiori
972 3459 1249 3515 volumine
1294 3468 1444 3531 gesta
1497 3461 1895 3530 Tungrensium
1949 3461 2158 3532 pontiﬁ-
2199 3455 2242 3514 C
2275 3461 2377 3516 Idae
2405 3464 2729 3520 venerabilis
2756 3464 3066 3532 abbatissae,
3106 3483 3226 3538 quce
3283 3471 3509 3541 regebat
3579 3483 3856 3529 monaste-

589 3567 711 3608 cum
739 3561 866 3607 sunt
902 3552 1134 3623 digesta,
1189 3567 1310 3622 quae
1365 3551 1596 3606 fideliter
1649 3562 1871 3608 servant
1917 3555 2163 3609 ordinem

587 3663 775 3703 eorum
805 3664 926 3717 qua:
979 3647 1152 3703 relatu
1199 3648 1362 3719 digna
1413 3657 1573 3702 erant
1628 3658 1901 3719 gestorum
1955 3647 2070 3702 sive
2095 3648 2163 3679 ⁷²¹

587 3741 757 3804 dictu,
791 3757 820 3795 a
841 3741 908 3794 27
936 3750 1252 3795 memoratae
1291 3740 1437 3794 sedis
1466 3741 1760 3810 episc0pis,
1793 3755 2025 3808 quorum
2051 3740 2170 3808 pri-

586 3850 708 3888 mus
761 3834 952 3888 heatus
1002 3833 1277 3887 Maternus
1331 3834 1400 3865 7”
1451 3832 1502 3885 in
1551 3832 1811 3886 cathedra
1865 3830 2168 3898 Tungrensi

583 3923 701 3981 fere
732 3925 802 3978 20
833 3923 1026 3978 habuit
1056 3935 1421 3979 successores.
1476 3923 1581 3978 Sed
1642 3923 1832 3976 beatus
1872 3920 2163 3983 Munulfus,

584 4015 676 4084 qui
715 4015 804 4068 2|.
837 4014 1042 4077 extitit,
1099 4027 1165 4067 ex
1220 4013 1547 4066 auctoritate
1604 4027 1871 4065 canonum
1900 4026 1930 4064 a
1959 4011 2165 4080 Tungri

583 4105 769 4159 sedem
793 4103 1055 4173 episcopii
1077 4102 1147 4134 7"
1174 4103 1400 4167 amovit,
1431 4111 1487 4157 et
1517 4103 1744 4158 eandem
1776 4101 2032 4170 Trajecti,
2064 4101 2156 4155 ubi

587 4204 716 4247 tunc
768 4194 1029 4262 temporis
1089 4193 1267 4260 aptior
1326 4193 1478 4247 locus
1525 4204 1664 4254 erat,
1715 4193 2037 4256 constituit;
2071 4192 2163 4261 qui

585 4286 738 4339 locus
774 4283 992 4339 tandem
1041 4284 1304 4353 episc0pii
1363 4285 1544 4338 sedem
1587 4299 1757 4352 usque
1813 4285 1878 4337 ad
1917 4295 2165 4338 sanctum

583 4373 888 4428 llubertum
914 4375 1176 4428 servavit.
1212 4373 1371 4444 Isque
1410 4383 1632 4444 prepter
1660 4375 1962 4444 patrocinia
1990 4373 2165 4427 sancti

584 4464 831 4518 martiris
850 4464 1150 4528 Lamberti,
1192 4464 1608 4533 apIIthodium
1641 4467 1817 4517 vicum
1867 4461 2162 4532 publicum,

584 4555 674 4609 ubi
707 4555 778 4586 ἠδ
806 4568 977 4623 usque
1023 4555 1182 4609 hodie
1227 4564 1565 4624 perseverat,
1614 4554 1784 4607 voluit
1818 4549 1965 4608 esse
1993 4561 2158 4622 caput

583 4649 867 4719 episc0pii.
906 4649 1166 4718 Deinceps
1215 4666 1334 4719 qum
1381 4657 1685 4718 sequuntur
1723 4648 1878 4716 jussu
1916 4646 2158 4714 priorum

582 4741 688 4796 loci
743 4742 906 4796 istius
952 4756 1096 4797 anno
1130 4742 1425 4797 Dominicaa
1477 4739 1872 4796 incarnationis
1928 4737 2065 4792 l056
2095 4753 2161 4791 ex

2278 3554 2414 3607 rium
2447 3565 2648 3610 sancta)
2685 3556 2902 3612 Ceciliae
2930 3560 3152 3631 virginis
3176 3562 3229 3616 in
3257 3561 3500 3628 Colenia,
3537 3554 3664 3619 huic
3704 3566 3847 3636 operi

2274 3653 2399 3698 sunt
2449 3660 2661 3701 annexa
2694 3663 2708 3713 ;
2739 3649 2897 3717 cujus
2938 3652 3031 3715 "7,
3092 3661 3151 3706 ut
3179 3655 3292 3722 ipse
3325 3655 3396 3686 ⁷⁸⁸
3423 3665 3681 3720 testatur,
3729 3675 3841 3713 sus-

2271 3739 2410 3805 copti
2441 3737 2643 3793 laboris
2678 3757 2842 3796 causa
2876 3743 3000 3798 talis
3050 3743 3170 3799 fuit.
3230 3748 3544 3816 Requiescit
3570 3751 3623 3802 in
3659 3751 3843 3804 eodem

2273 3836 2477 3882 sancta:
2510 3828 2735 3898 virginis
2766 3833 3099 3892 monasterio
3155 3848 3356 3904 corpus
3412 3837 3558 3890 beati
3583 3837 3655 3869 ⁷²⁹
3683 3839 3847 3893 Eber-

2271 3915 2393 3984 gisi,
2447 3917 2538 3984 qui
2586 3918 2888 3988 Tungrcnsi
2945 3921 3203 3977 aecclesiae
3253 3924 3467 3993 praefuit
3510 3927 3843 3995 24;quoda

2272 4005 2526 4061 Brunone
2576 4008 3010 4079 archiepiscopo,
3072 4013 3163 4081 qui
3215 4015 3324 4067 dux
3375 4015 3542 4069 fuisse
3599 4015 3844 4079 fertur,a

2271 4099 2968 4194 TrutmonitLLeodicensis
2993 4105 3255 4174 episc0pii
3308 4107 3455 4171 villa,
3507 4109 3602 4162 ubi
3656 4110 3838 4178 sepul-

2271 4190 2461 4244 chrum
2495 4190 2614 4261 ejus
2665 4193 2844 4248 adhuc
2893 4197 3156 4262 cernitur,
3202 4195 3328 4252 illuc
3359 4199 3686 4254 translatum
3728 4217 3843 4255 esse

2268 4279 2542 4334 afﬁrmant
2578 4282 2753 4354 (592).
2813 4285 2885 4339 De
2909 4283 3065 4353 cujus
3098 4287 3207 4340 vita
3255 4287 3381 4354 quia
3436 4288 3605 4342 nichil
3640 4291 3842 4345 ibidem

2270 4369 2598 4431 habebatur.
2629 4375 2817 4428 eadem
2850 4376 3180 4432 venerabilis
3207 4378 3483 4432 abbatissa
3517 4379 3607 4433 Ida
3640 4396 3840 4434 memo-

2269 4471 2443 4514 ratum
2484 4463 2830 4519 Leodicensis
2883 4467 3141 4522 accclesia:
3203 4469 3528 4524 canonicum
3575 4471 3825 4539 pudicum

2268 4553 2557 4607 admodum
2620 4553 3010 4621 fmuiliaritate,
3065 4558 3264 4628 quippe
3288 4574 3408 4627 qua:
3427 4575 3552 4615 eum
3586 4577 3654 4615 ex
3689 4579 3838 4617 sacro

2269 4643 2415 4696 fonte
2467 4644 2766 4712 spiritualis
2815 4657 2989 4700 mater
3042 4659 3373 4718 susceperat.
3422 4661 3506 4705 est
3561 4667 3832 4722 aggressa,

2269 4742 2328 4786 ut
2363 4733 2408 4786 si
2450 4735 2577 4803 quid
2613 4736 2664 4788 in
2689 4735 3003 4792 Leodicensi
3035 4737 3278 4793 aecclesia
3320 4740 3386 4793 de
3429 4740 3620 4794 eodem
3653 4752 3835 4795 sancto

581 4832 808 4888 alterius
845 4818 1093 4903 bpusculi
1155 4833 1362 4900 libello,
1401 4849 1561 4904 quem
1590 4833 1808 4902 quidam
1840 4847 1905 4886 ex
1939 4829 2162 4884 canoni-
2194 4796 2242 4854 D
2273 4823 2584 4886 haberetur,
2625 4825 2996 4879 conscriberet
3024 4832 3081 4878 et
3117 4826 3166 4878 ei
3210 4826 3431 4881 mittere
3483 4827 3554 4858 "°
3588 4844 3696 4882 non
3732 4840 3834 4882 tar-

582 4925 662 4980 cis
685 4926 857 4981 sancti
875 4924 1152 4981 Lamberti
1173 4926 1247 4957 ⁷³⁸
1270 4926 1490 4980 nomine
1515 4924 1824 4994 composuit
1847 4923 1919 4954 7"
1945 4920 2156 4975 monitu

2272 4916 2443 4970 daret.
2472 4914 2602 4982 Quae
2630 4914 2795 4968 etiam
2843 4930 2969 4986 sepe
2995 4925 3050 4970 et
3083 4915 3308 4971 multum
3340 4919 3406 4972 de
3445 4919 3557 4975 vita
3600 4929 3656 4975 et
3677 4922 3834 4975 mori-

1860 5057 2093 5113 VARl/E
2128 5049 2527 5109 LECTIONES.
2581 5041 2584 5046 ⁷
