4094 5252
266 187 408 241 ιυω

1153 189 1453 248 ANSELMI
1485 191 1708 250 GESTA
1754 189 2230 250 EPZSCOPORUM
2271 190 2754 252 ιεοωεκεηςδι.

3399 192 3542 250 ιοτυ

264 295 382 350 Las
413 295 594 352 domui
621 297 907 362 Wazonis.
942 313 1130 359 nostra
1165 305 1235 341 "t
1271 307 1532 361 memoria
1586 305 1853 376 episcopi.
1881 307 1930 364 Λ
1967 305 2392 377 circumquaque
2441 309 2750 370 comitibus.
2831 309 2948 380 ipse
3007 309 3270 365 innocens
3333 308 3536 364 ibidem

264 409 755 467 percunctabatur,
805 413 860 458 et
887 419 1273 474 nonnunquam
1339 405 1480 458 inter
1527 405 1854 458 audiendum

265 491 447 560 aliqua
487 492 572 546 vel
612 502 860 548 extrema
897 496 962 548 de
987 495 1176 549 eodem
1219 496 1380 548 beato
1408 495 1525 548 viro
1564 493 1854 564 religiosos

265 584 501 650 gemitus
524 593 578 638 et
608 585 711 654 piae
733 586 1129 641 recordationis
1157 579 1414 640 lacrimas
1433 587 1595 641 edere
1621 585 1852 642 solebat.

269 675 384 729 Hac
406 677 666 732 nimirum
684 678 966 747 splendida
991 679 1201 733 ancilla:
1227 678 1434 733 Christi
1462 679 1856 748 inportunitate

261 768 625 824 sollicitatum
672 785 731 824 se
767 771 924 834 dicit,
972 780 1032 825 ut
1074 773 1218 841 quod
1268 771 1410 825 ultra
1453 772 1598 827 vires
1639 772 1853 834 fuisset,

270 861 373 916 hoc
416 876 554 931 opus
586 863 748 916 nimis
793 864 1054 918 audacter
1103 863 1347 933 arripere
1391 865 1758 940 temptaverit.
1792 864 1858 917 Et

266 952 505 1021 priorem
545 953 763 1022 quidem
820 952 1062 1020 ejusdem
1116 955 1362 1023 opusculi
1413 956 1495 1008 sui
1548 965 1761 1024 partem
1789 971 1858 1010 ex

265 1044 630 1110 praesentibus
661 1045 733 1098 27
782 1047 1160 1115 episcoporum
1223 1047 1390 1116 gestis
1419 1062 1478 1102 se
1532 1049 1857 1117 compilasse

272 1149 392 1187 non
423 1143 506 1187 est
525 1134 783 1189 confusus
814 1137 1082 1194 confiteri.
1157 1138 1232 1192 ita
1263 1139 1490 1192 dicendo
1517 1155 1531 1191 τ
1567 1138 1650 1192 Ex.
1682 1141 1856 1208 ponti-

265 1225 430 1292 ﬁcum
463 1225 844 1295 Tungrensium
896 1233 1074 1299 gestis,
1131 1247 1248 1299 qua'
1293 1249 1324 1284 (ι
1379 1242 1562 1285 sancto
1614 1231 1856 1286 Materno

264 1317 529 1382 usquead
565 1317 774 1370 beatum
825 1317 1131 1372 Remaclum
1180 1331 1300 1374 sunt
1350 1333 1610 1379 porrecta.
1660 1322 1856 1381 placuit

263 1407 420 1472 quasi
459 1422 525 1460 ea:
545 1407 792 1476 ﬂorigera
819 1411 960 1478 prati
983 1414 1261 1464 nmenitate
1281 1412 1581 1481 decerptum
1608 1413 1673 1466 de
1690 1414 1859 1467 diver-

266 1488 346 1548 sis
385 1497 606 1563 ﬂoribus
642 1508 816 1553 texere
855 1511 1073 1554 sertum.
1136 1500 1236 1555 Cui
1284 1503 1524 1572 deinceps
1583 1512 1858 1557 annectere

263 1589 570 1642 studuimus
606 1589 675 1620 ⁷³³
722 1607 842 1660 qua:
864 1593 926 1646 de
953 1593 1327 1660 posterioribus
1356 1595 1580 1664 sparsim
1608 1606 1702 1648 aut
1728 1595 1856 1665 legi-

264 1693 385 1730 mus
434 1689 523 1732 aut
594 1690 736 1734 certa
791 1683 1127 1752 antiquorum
1186 1684 1438 1739 relatione
1469 1686 1774 1751 didicimus,
1804 1699 1852 1741 et

263 1768 527 1822 breviario
551 1771 781 1841 quodam
823 1776 1038 1827 nomina
1097 1775 1426 1846 singulorum
1491 1794 1610 1832 cum
1665 1779 1852 1847 paucis

262 1876 488 1928 quorum
510 1865 613 1916 "am
638 1865 868 1932 ipsorum
903 1868 1058 1934 gestis
1085 1884 1248 1938 usque
1279 1869 1350 1921 ad
1379 1869 1632 1924 domuum
1661 1869 1854 1923 Wazo-

257 1968 384 2004 nem
408 1955 825 2017 perstrinximus.
858 1955 934 2014 De
974 1958 1126 2025 cujus
1149 1961 1252 2013 vita
1289 1969 1336 2014 et
1362 1961 1593 2014 moribus
1612 1971 1850 2016 extrema

262 2045 512 2112 quelibet
565 2047 809 2108 dicendo.
862 2049 1024 2115 paulo
1077 2051 1278 2105 diutius
1329 2052 1598 2106 immorati
1646 2070 1852 2117 sumus,

264 2144 379 2186 tum
416 2146 472 2189 ut
496 2141 740 2203 posteris,
785 2143 831 2194 si
878 2143 996 2212 quis
1046 2145 1158 2198 ha’c
1188 2146 1435 2214 dignetur
1481 2146 1669 2216 legere,
1717 2149 1852 2202 tanti

265 2226 368 2278 viri
418 2243 522 2281 non
579 2243 792 2299 negetur
839 2235 1058 2296 niiticia,
1115 2246 1226 2288 tum
1269 2237 1537 2305 potissime
1588 2238 1714 2308 quia
1759 2239 1856 2291 hoc

264 2316 504 2372 lacrimis
534 2332 713 2376 vestrm
735 2325 944 2392 pietatis
996 2343 1184 2396 negare
1215 2344 1319 2382 non
1346 2329 1492 2398 potui
1519 2346 1537 2394 ;
1567 2331 1756 2400 quibus
1782 2329 1857 2361 ’³³

259 2423 390 2462 cum
422 2410 658 2480 ejusdem
700 2415 1007 2470 renerabilis
1058 2418 1174 2480 viri,
1225 2434 1492 2488 nunquam
1547 2421 1717 2490 fatim.
1765 2423 1856 2476 sed

265 2497 419 2566 fama
471 2513 674 2559 tantum
723 2511 939 2578 cogniti,
981 2509 1346 2564 dulcissimam
1375 2513 1691 2567 mentionem
1721 2513 1858 2568 sole-

266 2590 340 2643 tis
372 2594 689 2663 amplexari.
718 2597 921 2664 Quibus
950 2617 1064 2654 rere
1093 2602 1232 2672 quod
1258 2612 1513 2672 temptare
1537 2605 1679 2658 ultra
1724 2607 1858 2661 vires

266 2680 399 2748 fuit,
436 2687 540 2739 nisi
568 2703 685 2740 cum
721 2691 926 2744 auat-ilio
954 2693 1134 2747 diuino
1179 2693 1421 2748 uoluntas
1465 2699 1858 2764 optemperandi

261 2773 430 2843 foret,
463 2795 494 2830 a
519 2780 664 2833 nobis
693 2792 1003 2850 extorquere
1055 2785 1321 2852 potuistis.
1363 2784 1514 2840 Unde
1545 2791 1760 2858 contigit
1789 2801 1844 2844 ut

265 2869 343 2923 ad
396 2872 716 2939 p'ngeudum
767 2873 1178 2940 pulcherrimum
1225 2877 1486 2930 hominem
1526 2895 1559 2931 a
1596 2882 1736 2933 vobis
1787 2882 1859 2916 ’³³

1959 399 2261 452 trucidatur
2291 402 2456 470 (circa
2486 418 2575 455 an.
2605 401 2754 470 668).
2792 402 2899 458 Nec
2928 418 3098 471 mora,
3125 414 3314 472 quanti
3351 407 3535 459 meriti

1957 489 2098 555 apud
2121 505 2180 543 se
2206 491 2290 544 vir
2319 493 2420 546 iste
2465 494 2645 556 fuerit.
2677 499 3066 568 omnipotentis
3108 503 3199 558 Dei
3231 503 3529 557 clementia

1957 577 2253 633 declaravit
2303 584 2444 653 (εισι.
2495 584 2555 638 S.
2631 585 2949 643 Tlicodardi.
3000 608 3049 644 c..
3094 592 3177 654 l2.
3235 593 3342 661 l5).
3395 592 3530 646 Nam

1958 669 2134 735 puella
2158 673 2403 739 quaedam
2433 677 2558 728 dum
2585 676 2671 744 pia
2704 680 3008 734 temeritate
3031 683 3116 736 fila
3146 683 3532 754 subleg'ninis,

1959 758 2103 811 unde
2127 759 2178 812 in
2217 758 2385 814 frusta
2419 766 2812 821 comminutum
2863 779 3025 838 caput
3051 773 3290 826 martiris
3318 773 3540 842 colliga-

1959 858 2131 912 retur,
2165 850 2395 906 dominre
2418 853 2803 918 subtraxisset.
2859 861 3073 914 rediens
3098 877 3221 916 cum
3250 878 3446 932 pecore
3469 865 3541 896 ἠ’

1962 936 2133 1005 ipsam
2161 939 2439 994 dominam
2485 957 2660 1008 suam.
2694 962 2760 1002 eo
2782 949 2926 1017 quod
2959 965 3187 1019 pensum
3217 970 3322 1007 non
3351 955 3542 1011 redde-

1961 1035 2064 1089 ret.
2092 1028 2446 1085 vehementer
2469 1031 2714 1098 olfendit.
2741 1039 2878 1092 adeo
2909 1047 2990 1103 ttt,
3028 1041 3211 1097 furere
3240 1045 3540 1114 exagitata.

1959 1117 2154 1184 pugnis
2198 1128 2256 1171 et
2314 1122 2635 1190 verberibus
2685 1126 2738 1180 in
2798 1128 2970 1197 ipsam
3043 1132 3371 1204 insurgeret.
3427 1136 3537 1191 Sed

1960 1220 2182 1275 repente.
2209 1211 2334 1265 dum
2359 1216 2612 1282 percutit,
2639 1214 2762 1287 ipsa
2782 1224 3022 1289 graviori
3047 1224 3119 1258 ⁷³⁸
3145 1227 3277 1292 ictu,
3301 1231 3534 1285 cecitate

1961 1299 2239 1361 videlicet.
2310 1304 2576 1362 divinitus
2646 1313 2971 1378 percutitur.
3036 1315 3334 1390 Perstrepit
3416 1323 3540 1377 ilico

1962 1389 2153 1460 lugens
2203 1393 2430 1459 familia,
2465 1401 2666 1455 adsunt
2691 1403 2760 1433 ⁷³³
2788 1406 2946 1459 acciti
2991 1409 3060 1439 ⁷³⁵³
3117 1389 3539 1468 domesticorum

1963 1482 2226 1553 plangore
2282 1489 2467 1544 vicini.
2525 1491 2806 1560 Exquisita
2854 1498 3141 1569 diligenter
3193 1513 3300 1558 tam
3352 1508 3544 1562 subita:

1960 1575 2204 1631 cccitatis
2232 1594 2418 1641 causa.
2451 1583 2517 1636 ad
2556 1586 2792 1641 cadaver
2823 1595 3126 1647 sacerdotis
3155 1597 3309 1650 ocius
3343 1613 3545 1654 cncnr-

1961 1665 2052 1726 rit,
2109 1683 2202 1722 rea
2259 1670 2385 1727 illuc
2435 1689 2558 1728 cum
2610 1677 2715 1732 fide
2762 1688 2816 1733 et
2845 1684 3096 1749 precibus
3156 1686 3542 1744 confluentium

1959 1756 2300 1822 perducitur.
2338 1762 2391 1814 in
2418 1763 2764 1822 confessione
2789 1773 3036 1826 criminis
3060 1777 3213 1829 venia
3242 1780 3547 1844 postulatur

1960 1855 2014 1898 et
2062 1845 2424 1916 impetratur;
2471 1854 2739 1926 discitque
2786 1860 2855 1913 ab
2907 1875 2974 1915 eo
3009 1863 3076 1895 7“
3105 1866 3540 1922 misericordiam

1959 1950 2214 2004 querere.
2239 1941 2396 2011 cujus
2418 1942 2593 2000 funeri
2627 1948 2791 2017 paulo
2831 1963 2958 2005 ante
2989 1954 3240 2011 noluerat
3272 1961 3537 2027 pietatem

1960 2026 2027 2080 ab
2079 2030 2276 2084 ancilla
2329 2032 2501 2090 fuisse
2548 2039 2866 2095 exhibitam.
2944 2043 3095 2099 Unde
3166 2049 3541 2119 indigenarum

1959 2115 2272 2174 sollicitudo
2321 2132 2524 2178 certata
2560 2126 2630 2158 ⁷³⁸
2657 2127 2724 2184 de
2757 2131 3048 2189 virtutibus
3087 2115 3388 2194 sacerdotis
3431 2153 3542 2196 tam

1962 2208 2202 2263 evidenti
2233 2211 2452 2277 indicio.
2478 2217 2594 2287 ejus
2613 2235 2738 2275 ossa
2770 2222 2969 2280 ibidem
2999 2235 3158 2282 terra:
3181 2231 3249 2261 ⁷⁸³
3284 2234 3546 2287 inundare.

1961 2303 2186 2357 student
2213 2304 2283 2337 7“
2317 2322 2440 2362 cum
2473 2326 2683 2367 summa
2741 2321 3065 2374 reverentia.
3102 2321 3439 2379 Procedente
3473 2327 3546 2358 ’⁷⁵⁵

1963 2405 2092 2448 vero
2151 2404 2415 2466 tempore.
2450 2417 2734 2460 successor
2754 2408 2872 2478 ejus
2906 2415 3236 2468 venerabilis
3276 2427 3542 2485 patronus

1961 2494 2151 2540 noster
2208 2487 2552 2558 Lambertns.
2605 2499 2796 2554 eadem
2855 2505 3098 2571 magistri
3147 2521 3273 2560 ossa
3320 2511 3445 2564 inde
3475 2513 3545 2563 ad

1971 2593 2072 2630 nus
2099 2581 2404 2638 transferre
2430 2588 2718 2655 sepissime
2770 2597 3072 2662 temptavit.
3125 2596 3369 2666 Cumque
3407 2605 3546 2658 mul-

1979 2677 2091 2722 tum
2153 2673 2486 2730 reclamante
2542 2679 2866 2736 rusticorum
2911 2701 3096 2748 manu,
3127 2697 3183 2740 et
3236 2689 3306 2720 7“
3350 2693 3454 2747 sui.
3487 2707 3548 2747 ut

1968 2759 2210 2824 aiebant,
2258 2766 2498 2821 martiris
2548 2784 2670 2825 OSsa
2700 2785 2824 2825 cum
2862 2776 3031 2828 armis
3074 2779 3408 2842 vindicante.
3443 2785 3544 2838 hoe.

1965 2851 2055 2905 diu
2117 2853 2316 2910 frustra
2389 2869 2556 2922 esset.
2617 2865 2833 2919 tandem
2910 2867 3094 2922 divina
3169 2873 3542 2932 misericordia

265 2970 484 3011 coactus
512 2961 605 3012 sim
629 2939 796 3028 pictor
829 2963 1065 3032 ignarus,
1098 2966 1188 3033 qui
1216 2967 1338 3020 siin
1365 2967 1545 3035 aliquo
1589 2971 1725 3023 tanti
1754 2972 1853 3024 viri
1884 2994 1931 3055 ο
2206 2962 2319 3055 ,ξῗθ
2375 2950 2427 3003 in
2484 2963 2777 3055 θίξξ³⁵νθ⁶ξ¹¹
2829 2957 3028 3055 “ﬁdem
3077 2969 3540 3021 ⁰⁰¹Π¹¹¹³¹¹θηίί¹¹¹²¹

265 3047 459 3103 larides
486 3053 638 3106 exilis
670 3054 868 3124 ingenii
902 3073 994 3110 seu
1042 3058 1214 3112 tenuis
1247 3058 1359 3111 stili
1393 3060 1516 3112 vitio
1551 3061 1761 3126 detrivi,
1792 3079 1859 3117 ea:

266 3139 585 3194 obmdientia
608 3143 973 3212 favorabiliter
1005 3145 1202 3201 Christi
1235 3165 1441 3219 sponsa:
1462 3151 1680 3219 inpensa
1703 3154 1857 3207 obsc-

263 3232 555 3286 cundantis
607 3235 878 3304 ignoretur
912 3239 1233 3308 ignorantia.
1284 3240 1416 3307 Quae
1467 3257 1592 3297 cum
1627 3244 1696 3298 ita
1727 3247 1858 3306 sint.

272 3338 381 3378 nos
412 3339 626 3394 quoque
676 3345 785 3382 non
827 3330 1281 3387 inconvenienter
1334 3335 1580 3402 ejusdem
1611 3339 1858 3406 opusculi

263 3416 458 3483 capite
499 3418 712 3474 subiato
741 3421 838 3484 ⁷³³,
873 3431 934 3476 ιιι
964 3422 1232 3478 inoffenso
1259 3426 1395 3493 pede
1417 3440 1640 3482 servare
1680 3431 1860 3498 possi-

269 3523 403 3561 mus
439 3511 684 3580 ordinem
709 3525 990 3584 gestorum
1035 3515 1453 3585 pontificalium.
1482 3533 1514 3571 a
1539 3534 1858 3576 successore

259 3601 446 3654 sancti
485 3601 747 3670 Remacli,
789 3607 951 3661 beato
975 3607 1228 3663 videlicet
1277 3607 1624 3676 Theodardo,
1657 3627 1855 3668 novum

242 3691 650 3761 ingrediantur
702 3699 1008 3752 exordium.

696 3789 769 3820 ⁷³⁵
808 3790 884 3844 De
925 3801 1107 3846 sancto
1138 3791 1470 3850 Tlteodardo.

339 3875 522 3946 (Circa
575 3896 664 3933 an.
700 3880 871 3950 661.)
914 3881 1112 3938 Beatus
1153 3884 1316 3955 igitur
1360 3886 1714 3944 Theodardus
1757 3891 1859 3946 arib

256 3969 432 4024 beato
459 3972 714 4028 Remaclo
752 3977 1162 4032 mcclesiasticis
1187 3978 1253 4033 ad
1282 3995 1517 4048 unguem
1555 3981 1859 4052 disciplinis

260 4059 626 4136 informatus.
689 4068 948 4136 magistro
995 4065 1138 4120 ultro
1170 4067 1520 4136 pontiﬁcatus
1584 4070 1846 4125 honorem

260 4154 549 4208 desiderio
577 4158 793 4212 artioris
817 4159 939 4214 vita:
975 4159 1291 4225 declinauti,
1335 4162 1386 4216 in
1415 4163 1670 4217 cathedra
1706 4164 1855 4219 Tun-

255 4250 454 4320 grensi
495 4251 608 4306 sive
636 4252 966 4320 Trajecteusi
1018 4257 1377 4312 successit28
1403 4259 1556 4326 (Acta
1594 4259 1656 4314 S.
1685 4259 1854 4314 Theo-

1914 3033 1931 3055 ‘
1969 3044 2176 3090 tantam
2206 3038 2275 3070 ""
2299 3043 2568 3097 concessit
2599 3047 2852 3114 gratiam,
2903 3059 2960 3104 ut
3015 3053 3137 3108 inde
3185 3057 3544 3116 transferendi

1969 3129 2103 3184 tanti
2130 3130 2374 3186 thesauri
2405 3135 2600 3190 darent
2636 3140 2848 3208 copiam
2881 3146 3174 3200 sacerdoti.
3211 3148 3450 3215 Quorum
3475 3155 3547 3185 ⁷⁸⁸

1964 3219 2210 3290 singulos
2233 3224 2531 3280 uberrimis
2576 3233 2820 3298 pecunia:
2878 3237 3198 3294 muneribus
3238 3243 3544 3300 cumnlatos

1967 3313 2284 3383 relinquens
2314 3316 2412 3381 ⁷⁸³,
2445 3321 2587 3374 sacri
2649 3321 2860 3379 funeris
2903 3327 3097 3398 pignus
3145 3332 3407 3388 :ecclesim
3435 3353 3548 3391 sna-

1965 3416 2192 3460 sanctus
2221 3409 2443 3464 advein
2478 3411 2821 3471 Lambertns-.
2852 3419 3019 3487 Cujus
3071 3424 3252 3478 adhuc
3278 3428 3546 3495 passionis

1964 3496 2107 3552 diem
2129 3498 2369 3565 ejusdem
2401 3505 2685 3570 provintim
2710 3512 3086 3580 compatriotae
3121 3515 3352 3586 singulis
3386 3522 3547 3575 annis

1961 3603 2084 3643 cum
2114 3606 2326 3646 summa
2353 3594 2670 3652 celebritate
2691 3600 2866 3656 solent
2895 3601 3264 3674 frequentare.
3299 3619 3373 3673 et,
3408 3611 3537 3664 licet

1962 3680 2178 3736 ossibus
2249 3683 2550 3751 absentem,
2622 3691 2832 3747 meritis
2878 3703 2935 3748 et
3003 3697 3195 3766 signis,
3246 3716 3366 3771 qua:
3437 3703 3542 3757 ibi-

1961 3771 2085 3827 dem
2129 3771 2444 3844 frequenter
2473 3779 2631 3847 fiunt,
2681 3798 2742 3838 se
2779 3786 3016 3855 gaudent
3061 3790 3262 3847 habere
3306 3809 3544 3863 praesen.

1965 3873 2072 3919 ιριη
2080 3905 2093 3918 .

2013 4013 2026 4024 ,
2346 3961 2402 4016 3.
2439 3963 2514 4019 De
2541 3978 2724 4022 sancto
2765 3968 3043 4028 Lambcrto
3068 3974 3157 4029 η’.

2040 4050 2176 4105 lluie
2201 4055 2467 4109 successit
2518 4072 2734 4128 semper
2785 4068 3172 4121 memorandus
3220 4079 3545 4133 venerabilis

1962 4155 2152 4198 noster
2168 4155 2429 4213 patronus
2452 4147 2772 4206 Lambertus
2797 4154 2848 4207 in
2876 4157 3067 4212 ordine
3087 4159 3157 4213 9.9
3181 4163 3541 4227 (Cauaseum

1975 4234 2076 4291 Vit.
2115 4237 2375 4293 Lamberti
2414 4242 2482 4312 l).
2536 4240 2604 4306 is,
2660 4253 2720 4298 ut
2773 4249 3058 4315 perpaucis
3106 4254 3272 4310 multa
3309 4258 3376 4313 de
3430 4266 3540 4320 vita

257 4342 454 4404 dardi.
488 4356 536 4396 c.
577 4344 652 4414 8).
702 4345 800 4401 llic
851 4361 951 4417 pro
1006 4348 1167 4402 rebus
1207 4349 1466 4404 aecclesite
1498 4349 1600 4405 sibi
1630 4353 1856 4408 creditis

1961 4326 2077 4395 ejus
2099 4332 2558 4402 perstringamus.
2613 4336 2803 4392 beatus
2843 4341 2916 4372 ⁷⁵⁸
2946 4341 3272 4404 Lambcrtus
3295 4365 3359 4406 ex
3391 4359 3548 4412 nobi-

253 4435 403 4486 dnm
454 4435 628 4502 regias
661 4453 824 4492 aures
855 4439 1031 4509 pergit
1055 4440 1404 4509 compellare.
1436 4451 1492 4496 et
1519 4451 1707 4497 contra
1735 4459 1856 4513 per-

260 4541 501 4581 vasores
537 4531 862 4598 praediorum
904 4530 1165 4585 recclesiae
1197 4531 1452 4587 auxilium
1481 4533 1775 4602 postulare.
1801 4536 1854 4590 in

258 4614 417 4667 saltu
468 4618 698 4685 quodam
750 4618 840 4687 qui
896 4618 1097 4673 dicitur
1143 4618 1338 4673 Biwalt
1395 4622 1530 4674 haut
1585 4621 1746 4690 longe
1784 4627 1853 4678 ah

256 4711 410 4761 urbe
436 4709 768 4777 Nemetensi,
798 4727 918 4780 qua:
937 4711 1140 4765 usitato
1168 4713 1390 4768 nomine
1423 4712 1581 4782 Spira
1606 4714 1679 4745 ’³⁸
1709 4732 1854 4772 nunc

261 4802 496 4865 dicitur,
560 4805 626 4857 ah
689 4805 820 4872 ipsis
881 4818 994 4858 sum
1056 4803 1318 4859 aecclcsim
1381 4806 1732 4874 prmdonibns
1784 4824 1850 4864 ex

263 4890 550 4959 inproviso
605 4895 844 4964 undique
894 4893 1149 4957 vallatttr,
1182 4903 1238 4949 et
1277 4893 1686 4966 diffugientibus
1716 4913 1745 4951 a
1788 4915 1847 4953 se

1963 4419 2169 4476 lissima
2206 4431 2332 4480 tunc
2371 4429 2631 4495 temporis
2651 4429 2721 4463 ’δι
2751 4429 3183 4502 Trajeetensium
3241 4444 3408 4514 stirpe
3449 4468 3549 4504 na-

1966 4521 2074 4575 tus.
2107 4530 2134 4567 a
2169 4531 2430 4585 primava
2461 4529 2621 4575 relate
2666 4524 2902 4578 nobilius
2958 4528 3010 4582 in
3066 4540 3254 4586 sancta
3285 4537 3552 4608 religione.

1959 4620 2344 4669 conversatus.
2399 4620 2454 4667 et
2501 4614 2570 4667 ob
2619 4619 2872 4672 meritum
2929 4622 3252 4678 excellentis
3303 4628 3430 4686 vitae
3485 4639 3555 4690 ad

1962 4702 2289 4772 supplendas
2310 4702 2425 4770 jam
2457 4707 2586 4761 dicti
2611 4704 2681 4741 7"
2712 4715 3077 4766 antecesseris
3104 4715 3556 4788 ejusdemque?"

1961 4799 2032 4867 pii
2065 4801 2415 4870 pra-cepturis
2443 4803 2588 4856 vices
2619 4815 2806 4873 raptns
2834 4819 2914 4860 est
2943 4811 3131 4878 potius
3154 4828 3316 4882 quam
3341 4817 3574 4881 ρῐρριη

1959 4899 2252 4956 (ετξ-Πιθεῖ
2295 4891 2402 4948 Vit.
2430 4895 2612 4950 Lamb.
2641 4912 2691 4952 ο.
2719 4900 2796 4968 5).
2828 4901 2882 4955 lu
2907 4919 3014 4972 quo
3045 4905 3298 4959 videlicet
3337 4914 3580 4977 epam“-

1560 5054 1648 5108 VA
1658 5055 1796 5109 RL‘E
1834 5054 1997 5112 LEC‘J
2013 5054 2238 5113 lONES.

345 5187 413 5221 ⁷³¹
431 5175 678 5248 vestra].
703 5190 752 5248 2.
773 5192 824 5248 5.
910 5189 984 5223 ⁷⁸⁸
1006 5191 1118 5244 vide
1132 5205 1242 5248 not.
1265 5193 1393 5250 592.

1472 5193 1546 5227 "’
1566 5195 2068 5252 auibus—sublato
2089 5205 2277 5252 desim!
2306 5199 2402 5252 Ch.

2480 5199 2602 5252 "‘a
2632 5196 2782 5252 vobis
2807 5195 2991 5252 desunt
3017 5198 3069 5252 4.
3148 5199 3223 5232 ’³⁵
3257 5196 3294 5250 Ι.
3329 5195 3363 5247 4
3418 5215 3489 5252 ex
3535 5208 3613 5252 (τε
