4094 5252
540 213 673 268 1οη

1116 208 1440 269 llElllGEl’il
1464 209 1552 265 ET
1591 207 1891 264 ANSELMI
1931 207 2156 264 GESTA
2189 205 2401 270 FPlSC.
2448 203 2704 259 TANGR.
2745 203 2936 260 TRAJ.
2981 203 3070 260 ET
3104 203 3305 261 LEOD.

3680 202 3822 258 f0?!

537 337 700 398 patus
732 325 989 390 culmine,
1019 340 1140 382 cum
1172 322 1675 394 inreprehensibilis
1695 322 1820 376 vitae
1857 322 2033 392 gratia
2065 321 2116 375 in
2151 325 2192 382 Α
2224 335 2354 390 pora
2379 319 2676 391 (Suarum.
2709 319 2818 374 Vit.
2843 319 2904 375 S.
2935 319 3118 374 Lamb.
3142 335 3189 375 c.
3218 319 3333 391 6.);
3367 317 3554 390 sicque
3583 319 3819 377 alterum

536 421 656 490 ipso
681 420 841 476 bonis
863 417 1173 474 hominibus
1194 415 1434 471 elueeret
1464 415 1749 479 imitanda,
1782 416 1918 469 adeo
1943 414 2122 484 pravis

536 511 902 582 quorumdam
929 509 1172 564 moribus
1198 517 1318 563 erat
1344 506 1636 570 invidiosa,
1673 507 1764 575 qui
1797 507 1862 561 ad
1912 516 2119 560 tantam

537 603 867 672 quandoque
909 599 1146 656 devoluti
1191 608 1318 654 sunt
1347 597 1640 662 insaniam,
1665 607 1722 651 ut
1750 614 1930 668 regem
1963 614 2120 652 suum

539 691 844 748 l'lildricum
910 692 982 724 7“
1039 691 1260 746 nomine
1305 690 1652 744 innocentem
1725 692 2122 744 obtruncarent

541 785 656 854 (an.
684 784 834 854 675),
859 791 914 838 et
943 781 1085 837 hunc
1114 792 1365 837 sanctum
1397 783 1570 835 virum
1595 797 1624 835 a
1655 781 1784 836 sede
1811 782 2115 850 pontiticali

545 874 782 944 dejicere
839 892 943 932 non
970 877 1448 948 perhorrescerent
1492 875 1747 946 (Gonssc.
1797 875 1902 930 l’it.
1934 877 2120 930 Lamb.

544 981 596 1022 c.
620 965 701 1038 2).

575 1057 632 1114 ι.
665 1058 818 1124 Quod
841 1057 1026 1128 pulsus
1053 1059 1118 1113 ab
1143 1059 1442 1129 episcopatu
1465 1060 1842 1113 monasterium
1870 1059 2086 1129 adjecit.

613 1149 726 1206 llac
750 1150 839 1205 ille
865 1151 1271 1221 gratantissime
1295 1151 1619 1207 contumelia
1644 1164 1866 1222 accepta
1885 1194 1900 1218 ,
1927 1153 2125 1222 quippe

541 1241 634 1311 qui
667 1241 779 1310 jam
814 1241 1014 1296 dudum
1057 1242 1198 1296 ultro
1237 1243 1580 1298 transitorios
1616 1244 1851 1300 honores
1888 1247 2125 1300 evasisse

540 1333 865 1398 exobtabat,
894 1333 981 1387 tibi
1013 1333 1354 1403 potissimum
1387 1343 1606 1390 sanctos
1634 1337 1779 1390 viros
1807 1339 2126 1392 monastica:

543 1423 980 1478 conversationis
1015 1424 1196 1480 studio
1237 1424 1446 1481 fervere
1481 1428 1796 1491 constabat,
1837 1427 2126 1484 Stabulaus

548 1514 940 1568 monasterium
980 1530 1010 1568 a
1045 1525 1236 1570 sancto
1264 1515 1524 1572 Remaclo
1552 1518 1622 1549 ⁷⁸³
1655 1518 1958 1573 inStitutnm
1992 1520 2126 1574 adiit

543 1603 642 1655 ⁷³⁸.
671 1603 886 1673 Quique
913 1614 1133 1659 strenue
1163 1616 1387 1660 noverat
1412 1621 1632 1677 praesse.
1659 1617 1716 1661 ut
1739 1607 1952 1662 abbatis
1975 1609 2122 1679 (595)

2225 422 2575 479 contemptus
2601 412 2741 483 ignis
2771 411 2902 466 caelo
2935 412 3270 477 transmisit,
3301 411 3524 467 alterius
3547 413 3720 466 vitam
3747 418 3817 469 ad

2226 505 2462 573 majores
2499 505 2858 558 certaminum
2898 505 3116 560 lal‘ores
3149 505 3367 575 frigoris
3395 506 3696 560 inmanitas
3725 507 3815 560 in-

2227 599 2386 651 terim
2420 595 2698 666 parcendo
2732 597 2988 651 servavit.
3031 598 3132 662 Qui
3166 598 3294 652 licet
3323 609 3547 668 propter
3580 599 3820 655 salutem

2230 691 2524 744 multorum
2554 705 2582 742 a
2613 689 2783 758 gloria
2812 689 3009 744 ca'lesti
3039 691 3317 760 paululum
3348 701 3419 744 stt
3444 691 3652 745 dilatus
3711 708 3819 746 non

2229 793 2406 838 tamen
2439 783 2708 836 communi
2743 785 2949 836 sanctis
2982 783 3296 837 marttribus
3327 785 3591 851 prmciosa
3632 795 3813 840 morte

2227 892 2326 929 nec
2359 873 2642 943 multiplici
2671 874 2985 928 certaminis
3017 874 3191 928 fr'ictu
3229 880 3443 929 tantem
3474 886 3559 930 est
3598 873 3818 930 frauda-

2228 977 2332 1021 tus.
2383 965 2606 1035 Tegitur
2660 966 2784 1020 nive
2833 966 3004 1036 magis
3051 964 3214 1036 q'uam
3270 975 3445 1032 veste,
3491 978 3554 1022 ut
3608 969 3815 1023 dictum

2226 1069 2312 1114 est
2341 1059 2436 1123 ⁷⁸³,
2468 1058 2898 1113 sacratissimum
2946 1059 3275 1115 venerabilis
3319 1061 3420 1114 viri
3473 1076 3712 1130 corpus,
3751 1079 3821 1117 eo

2227 1166 2397 1220 usque
2426 1159 2551 1204 ante
2579 1164 2795 1204 crucem
2829 1165 3053 1204 mancus
3084 1150 3249 1205 fixum
3279 1160 3333 1206 ct
3363 1152 3662 1216 immobile,
3689 1155 3814 1207 dum

2227 1244 2424 1298 fratres
2459 1245 2690 1314 expletis
2727 1243 2926 1312 vigiliis
2965 1251 3025 1295 ut
3054 1241 3307 1314 frigentia
3339 1243 3614 1297 caloribus
3645 1260 3805 1298 cura-

2227 1345 2350 1391 rent.
2387 1351 2650 1406 corpora,
2691 1351 2834 1389 nunc
2864 1335 2934 1367 7“
2963 1336 3016 1389 in
3057 1335 3316 1389 conclave
3341 1335 3414 1366 ⁷⁸⁵
3442 1336 3529 1388 his
3569 1344 3812 1404 aptatum

2227 1429 2414 1483 usibus
2461 1443 2580 1483 sese
2629 1427 2956 1490 conferunt,
3005 1427 3476 1496 consideratisqne
3526 1429 3814 1492 omnitns,

2226 1524 2397 1577 solum
2429 1525 2596 1578 abbas
2624 1522 2980 1592 deprehendit
3003 1522 3196 1576 abesse
3223 1521 3438 1576 beatum
3464 1518 3812 1574 Lambertum

2227 1615 2500 1682 (GODESC.
2542 1614 2649 1668 Vit.
2682 1613 2866 1667 Lamb.
2902 1630 2952 1669 c.
2988 1614 3089 1684 '5);
3129 1614 3283 1682 cujus
3321 1614 3582 1668 absentize
3623 1625 3818 1666 (ausas

543 1694 775 1765 imperio
824 1695 1046 1750 subesse
1095 1695 1195 1750 sibi
1247 1695 1436 1750 liceret
1480 1698 1708 1766 expetiit
1755 1707 1810 1752 et
1853 1700 2116 1766 optinuit,
2155 1690 2192 1746 υ
2227 1709 2535 1776 requirens,
2585 1706 2808 1776 agnovit
2861 1721 2890 1759 a
2941 1705 3307 1761 referentibus
3367 1720 3492 1760 cum
3543 1717 3667 1759 esse
3724 1702 3814 1771 qui

545 1794 712 1854 atque
751 1786 946 1840 ibidem
987 1801 1086 1857 per
1123 1795 1326 1854 septem
1370 1802 1542 1842 annos
1581 1798 1823 1842 sanctam
1865 1801 1922 1843 et
1958 1805 2120 1858 ange-

540 1873 702 1928 licam
741 1875 812 1908 "7
846 1877 1314 1931 conversationem
1358 1877 1409 1931 in
1441 1878 1513 1910 ⁷⁵⁸
1546 1878 1851 1943 laboribus,
1897 1879 1946 1932 in
1981 1879 2122 1948 jeju-

543 1965 678 2030 niis,
714 1965 766 2020 in
801 1965 1002 2037 vigiliis
1039 1975 1096 2021 et
1131 1969 1502 2034 orationibus,
1547 1971 1598 2023 in
1639 1971 1898 2036 caritate,
1940 1973 1990 2025 in
2027 1988 2119 2042 pa-

539 2057 778 2124 cientia,
815 2058 981 2113 immo
1019 2060 1092 2099 ⁷³⁸
1132 2061 1185 2113 in
1222 2061 1368 2115 omni
1411 2062 1672 2122 virtutum
1709 2065 1893 2142 exegit
1928 2066 2120 2125 obser-

538 2149 726 2202 vantia
755 2144 1028 2220 (Gonssc.
1068 2148 1175 2203 Vit.
1206 2148 1372 2208 Lamb
1421 2170 1468 2210 c.
1505 2157 1538 2211 5
1560 2157 1600 2227 ).

854 2241 909 2299 5,.
947 2237 1192 2311 Qualiter
1220 2246 1289 2299 ibi
1328 2247 1577 2316 probatus
1616 2247 1794 2317 fuerit.

610 2333 802 2409 (1ωά.)
849 2338 1096 2408 Cumque
1142 2349 1302 2394 nocte
1351 2340 1622 2408 quadam,
1671 2356 1776 2410 qua
1828 2349 2125 2412 tempestas

537 2427 790 2484 hiemalis
827 2429 990 2485 solito
1027 2431 1274 2499 asperior
1310 2429 1529 2501 frigoris
1561 2441 1616 2486 et
1654 2433 1858 2488 nivium
1895 2433 2120 2490 horrore

543 2522 862 2585 incanduit,
899 2523 985 2576 vir
1018 2522 1115 2576 Dei
1156 2539 1223 2578 ex
1261 2523 1551 2579 carissimo
1585 2540 1684 2580 suo
1726 2526 1816 2581 illo
1857 2543 1953 2581 usu
2005 2529 2118 2582 fra-

539 2623 681 2670 trum
723 2614 936 2685 vigilias
977 2615 1028 2669 in
1070 2615 1163 2671 Dei
1201 2615 1453 2671 laudibus
1492 2627 1743 2688 pergeret
1781 2619 2115 2688 anticipare,

541 2720 574 2759 a
612 2720 771 2759 manu
813 2706 900 2775 pie
936 2704 1249 2762 festinantis
1285 2706 1468 2762 subito
1503 2707 1719 2762 calceus
1757 2717 1839 2762 est
1873 2709 2116 2778 elapsus,

536 2805 701 2868 atque
731 2796 1044 2864 aliquantus
1075 2797 1299 2866 perinde
1330 2812 1498 2852 sonus
1538 2812 1568 2850 a
1606 2808 1759 2868 patre
1793 2800 2115 2854 monasterii

533 2897 620 2943 est
669 2889 908 2943 auditus.
954 2887 1114 2957 Isque
1145 2887 1334 2943 statim
1373 2904 1496 2943 eum
1529 2889 1620 2958 qui
1664 2889 1848 2944 taliter
1887 2888 2116 2944 fratrum

535 2977 787 3048 fregisset
838 2978 1153 3044 silentium,
1207 2979 1551 3047 adjudicatus
1581 2980 1652 3012 ⁷⁸⁸
1683 2989 1769 3035 est
1815 2981 1963 3035 cruci
2016 2981 2115 3036 sub

534 3045 660 3124 divo
714 3070 998 3137 positm—
1031 3085 1156 3123 nam
1215 3045 1331 3124 haec
1385 3079 1503 3124 erat
1558 3071 1757 3126 ibidem
1809 3071 2112 3140 lmjusmodi
2143 3045 2188 3106 (ἶ

535 3162 873 3232 corrigendis
901 3161 1216 3217 excessibus
1245 3163 1316 3194 "°
1348 3163 1630 3232 disciplina
1660 3195 1729 3204 —
1760 3165 2009 3220 nesciens
2037 3175 2117 3219 ta-

539 3266 664 3304 men
691 3250 776 3304 cui
803 3251 902 3302 hoc
930 3251 1258 3318 imperaret,
1288 3251 1572 3306 inflexibili
1595 3253 1798 3308 addicit
1827 3255 2113 3309 sententia.

538 3340 656 3404 llle,
693 3338 932 3394 velocius
968 3355 1132 3409 quam
1173 3340 1216 3394 si
1249 3355 1510 3410 prospera
1533 3341 1875 3410 juberentnr,
1907 3343 2118 3397 abbatis

542 3431 722 3488 edicta
793 3431 1055 3498 facessit,
1090 3442 1145 3486 et
1195 3441 1253 3487 ut
1299 3442 1421 3487 erat
1469 3434 1586 3488 solo
1637 3433 1855 3489 indutus
1904 3435 2114 3502 cilicio,

537 3526 769 3596 pedibus
803 3526 960 3580 nudis
999 3541 1183 3582 coram
1224 3543 1387 3582 cruce
1429 3529 1628 3582 mundo
1661 3530 1957 3586 crucifivus
1992 3547 2150 3586 cara

537 3619 730 3687 nisque
776 3619 1098 3685 desideriis,
1143 3635 1308 3674 orans
1354 3629 1409 3674 et
1455 3621 1690 3690 psallens
1727 3626 2114 3693 perseveravit.

537 3709 659 3764 Stat
708 3710 878 3764 instar
923 3711 1102 3766 crucis
1136 3721 1264 3766 ante
1298 3713 1514 3782 positm,
1567 3723 1678 3768 stat
1729 3715 1886 3785 plane
1930 3718 2118 3774 vivens

533 3801 738 3857 Christi
774 3801 982 3858 hostia.
1017 3802 1251 3858 offerens
1284 3804 1418 3859 cmlo
1447 3805 1512 3836 ⁷⁸⁸
1544 3807 1895 3864 suavissimos
1923 3810 2120 3865 odores

532 3891 913 3955 olmdieutize,
963 3892 1085 3945 due:
1124 3904 1179 3948 et
1215 3895 1583 3964 obrigescenti
1625 3913 1736 3967 prae
1772 3899 1956 3970 algore
1994 3915 2121 3955 cor-

534 3979 760 4048 pusculo
802 3980 1176 4036 incmnbentes
1209 3985 1424 4038 fortiter
1453 3989 1806 4057 comlempnit
1848 3991 2028 4045 nives.
2064 4000 2118 4046 et

533 4075 846 4143 pSahnodia:
877 4074 948 4106 ⁷⁶¹
980 4076 1362 4132 nichilominus
1390 4080 1649 4149 persolvit
1675 4098 1897 4149 munus,
1929 4085 2116 4153 procul

535 4164 701 4218 dubio
730 4164 810 4218 sic
837 4164 1069 4219 creatori
1102 4181 1199 4220 suo
1229 4168 1402 4221 multo
1431 4170 1728 4240 acceptius.
1762 4173 1899 4228 Vere
1926 4175 2116 4228 eodem

536 4253 730 4322 spiritu
757 4253 902 4306 hunc
927 4265 1174 4308 nostrum
1197 4263 1253 4308 ct
1277 4271 1341 4309 ex
1367 4257 1469 4312 hoc
1491 4256 1605 4326 jam
1635 4261 1899 4330 supplicio
1928 4266 2118 4319 marti-

543 4357 657 4396 rem
689 4342 1080 4398 inflammatum
1105 4359 1227 4400 esse
1249 4349 1608 4412 crediderim,
1637 4368 1744 4421 quo
1766 4356 2118 4414 craticulalus
2152 4384 2200 4444 υ
2228 4386 2336 4433 Vw,
2393 4342 2783 4440 ρεινῖεέιίοηεηι
2837 4342 3122 4430 issem";
3170 4375 3333 4432 [ιιθτίι
3358 4419 3373 4440 ο

537 4431 626 4487 ille
664 4431 993 4489 Laurencius
1023 4445 1260 4489 aestimas
1291 4438 1519 4492 interius
1547 4445 1845 4500 exteriores
1871 4445 2115 4506 flamutas

543 4522 774 4576 calcavit
820 4524 1014 4578 victor.
1053 4525 1291 4592 Quorum
1331 4544 1428 4596 par
1463 4531 1596 4584 fides
1648 4532 1736 4587 illo
1789 4535 1908 4605 igne
1955 4554 2112 4607 quem

538 4613 788 4669 dominus
821 4614 979 4671 Jesus
1017 4617 1071 4670 in
1109 4626 1280 4674 terras
1332 4621 1509 4684 misit,
1561 4625 1908 4682 vehementer
1947 4631 2113 4701 ignita

536 4707 602 4761 ad
645 4709 891 4778 dispares
929 4723 1122 4778 pcnnas
1158 4713 1308 4780 quasi
1343 4715 1676 4772 insensibilia
1719 4720 1952 4781 reddidit
1989 4743 2110 4782 cor-

2225 1799 2395 1866 ipsius
2437 1797 2594 1867 jussu
2645 1812 2864 1852 crucem
2914 1797 3241 1867 intempesta
3272 1797 3344 1830 ⁷⁸⁸
3373 1806 3536 1856 nocte
3589 1794 3816 1863 adigi-it,

2221 1908 2345 1944 cum
2379 1906 2516 1961 pene
2540 1891 2611 1922 ⁷⁸⁷
2639 1891 2842 1949 nudum
2873 1897 2933 1952 et
2955 1890 3327 1950 discalciatum
3357 1895 3482 1948 nive
3507 1903 3563 1948 ct
3594 1891 3804 1961 frigore

2222 1981 2563 2043 illlollcrabil’t
2611 1981 2683 2018 ⁷⁸⁸
2731 1985 2894 2041 etiam
2940 1987 3187 2053 vestitis,
3231 1985 3552 2056 jamdudum
3615 1999 3813 2038 excru-

2220 2080 2378 2134 ciari.
2417 2079 2669 2134 Curritttr
2693 2079 2852 2133 ocius
2878 2095 2894 2143 ;
2924 2080 3181 2133 sacerdos
3215 2079 3308 2132 Dei
3339 2077 3561 2130 vixdum
3595 2076 3814 2147 agnosci

2180 2191 2184 2198 ·
2225 2171 2408 2225 Valens
2443 2171 2753 2224 extrahitur
2788 2170 2964 2224 media
3003 2169 3090 2224 illa
3133 2171 3337 2224 nivium
3376 2170 3689 2232 densitate,
3721 2183 3808 2221 ar-

2222 2273 2418 2332 Iusque
2443 2263 2514 2295 7"
2539 2262 2680 2318 sacri
2709 2263 2820 2317 acsi
2851 2263 2902 2316 in
2935 2271 3162 2316 mortem
3197 2263 3436 2332 rigentes
3467 2276 3584 2331 pne
3613 2260 3816 2329 frigore

2219 2355 2452 2424 cepiosis
2491 2355 2706 2424 ignibus
2736 2355 3113 2417 admoventur,
3156 2369 3261 2408 non
3308 2355 3426 2410 sine
3471 2353 3647 2408 multa
3700 2353 3811 2406 fra-

2221 2453 2363 2499 trum
2409 2456 2465 2501 ct
2513 2445 2728 2501 abbatis
2773 2446 3007 2501 maxime
3044 2446 3382 2515 penitentia,
3422 2461 3483 2500 se
3517 2461 3676 2500 reum
3702 2485 3716 2509 ,
3755 2460 3813 2500 se

2219 2537 2542 2609 sacrilegum
2583 2538 2968 2610 ingeminantis
3011 2539 3104 2603 ⁷⁷⁸,
3142 2535 3247 2609 ‘qui
3292 2538 3416 2592 talia
3461 2539 3517 2592 in
3562 2548 3810 2593 sanetum

2218 2629 2394 2683 virum
2428 2629 2678 2698 judicare
2726 2631 3177 2701 praesimpsisset.
3234 2629 3343 2686 Nec
3377 2632 3550 2699 prius
3604 2632 3812 2684 abstitit

2218 2721 2479 2774 sedulitas
2511 2721 2764 2776 fraterme
2803 2723 3048 2791 pietatis,
3091 2725 3263 2778 donec
3301 2738 3424 2777 cum
3472 2721 3570 2776 Dei
3612 2723 3810 2776 auxilio

2218 2811 2386 2866 multa
2415 2813 2725 2868 adhibendo
2756 2812 2996 2868 fomenta
3033 2813 3292 2870 amictum
3331 2828 3534 2884 corpus
3576 2815 3809 2869 aristiua

2219 2902 2590 2958 incolumitate
2622 2905 2982 2975 redintegrat.

2219 3013 2252 3068 6
2313 3014 2552 3081 Qualiter
2571 3017 2741 3089 demi_o
2764 3019 2833 3072 ad
2858 3021 3211 3088 episcopatum
3238 3029 3418 3089 raptus
3447 3021 3504 3074 in
3533 3038 3596 3075 eo
3627 3021 3808 3076 vixerit

2601 3099 2649 3141 et
2690 3087 3003 3143 Tcxandria:
3033 3087 3416 3159 pra’dicai'erit.

2290 3176 2406 3232 Non
2435 3177 2603 3232 multo
2627 3189 2749 3248 post
2778 3180 3031 3250 (Goassc.
3069 3180 3172 3235 Vit.
3195 3180 3380 3235 Lamb.
3403 3198 3452 3237 c.
3481 3183 3539 3253 4)
3597 3185 3807 3238 devotio

2223 3267 2452 3323 filiorutn
2504 3268 2872 3337 Trajectensis
2919 3273 3149 3328 teclesiae
3195 3275 3381 3330 amissi
3431 3277 3674 3346 pastoris
3718 3277 3806 3331 sed

2218 3359 2325 3413 vivi
2373 3358 2664 3430 dampntun
2714 3377 2838 3418 sero
2876 3365 2947 3396 τί
2995 3367 3365 3422 reminiscitur
3411 3370 3507 3422 ⁷⁷⁸.
3564 3368 3804 3426 Tandem

2219 3449 2528 3506 detrectans
2557 3453 2742 3522 jugum
2783 3456 3087 3525 impiissinti
3125 3459 3554 3529 supplantatoris
3589 3463 3683 3528 ⁷⁷³,
3714 3465 3802 3532 qui
3884 3475 3888 3479 ‘

2220 3539 2598 3614 indignissime
2629 3561 2756 3602 oves
2795 3546 3106 3605 Dominicas
3135 3566 3232 3620 per
3259 3563 3465 3622 septem
3508 3569 3684 3610 annos
3721 3539 3804 3610 ve;

2226 3643 2478 3700 xaverat,
2513 3635 2770 3693 domuum
2813 3641 3164 3697 Lanibertum
3201 3645 3538 3700 unanimiter
3574 3647 3676 3702 sibi
3717 3664 3799 3703 re-

2218 3739 2450 3797 poscunt
2473 3729 2544 3761 7"
2572 3731 2906 3802 episcopum.
2935 3734 3106 3801 Quem
3135 3735 3226 3790 diu
3258 3737 3601 3807 multumque
3634 3740 3806 3794 recla-

2221 3831 2455 3876 mantem
2476 3862 2493 3888 ,
2518 3823 2708 3893 majori
2739 3824 2992 3880 violentia
3017 3842 3176 3895 quam
3203 3837 3364 3884 antea
3394 3831 3660 3899 expulsus
3687 3831 3800 3886 fue-

2221 3915 2320 3980 rit,
2367 3917 2434 3971 de
2469 3919 2800 3972 monasterio
2841 3929 3146 3974 extractum
3198 3921 3264 3976 ad
3312 3923 3495 3977 sedem
3543 3925 3803 3994 episcopii

2220 4007 2513 4073 reducunt,
2545 4019 2938 4080 exceptumque
2981 4012 3201 4082 egregio
3240 4013 3369 4068 hinc
3408 4015 3520 4070 Deo
3559 4017 3804 4070 servien-

2222 4099 2392 4163 tium,
2423 4100 2550 4154 hinc
2578 4115 2874 4170 pauperum
2915 4103 3115 4158 Christi
3154 4104 3461 4174 triumpho,
3502 4106 3701 4162 iterum
3734 4107 3800 4139 "'

2222 4188 2274 4243 in
2306 4189 2564 4244 cathedra
2593 4191 2892 4260 pontificali
2933 4193 3246 4250 sublimant.
3289 4195 3425 4250 Tum
3465 4211 3598 4251 vero
3636 4214 3801 4267 quau-

2224 4289 2334 4334 tam
2365 4281 2652 4350 utriusque
2695 4298 2818 4338 vna:
2839 4326 2854 4350 ,
2885 4286 3318 4355 contemplativa:
3347 4289 3560 4344 scilicet
3590 4300 3642 4344 et
3674 4291 3799 4344 acti-

3427 4396 3458 4434 a
3509 4381 3800 4449 majoribus

2230 4465 2433 4518 nostris
2463 4465 2774 4533 conscripta
2814 4466 3100 4522 evidenter
3141 4467 3308 4535 ipsius
3353 4468 3596 4522 declarat
3644 4471 3800 4532 Vita;

2223 4571 2386 4626 quam
2438 4555 2526 4610 his
2551 4556 2640 4624 qui
2675 4571 2780 4610 non
2832 4556 3042 4625 legere,
3089 4558 3204 4612 hinc
3244 4560 3567 4627 compendio
3615 4561 3801 4615 scribi-

2222 4662 2341 4700 mus
2363 4687 2376 4710 ,
2408 4645 2569 4699 simul
2603 4661 2670 4699 ne
2709 4645 3157 4714 gloriosissimum
3198 4657 3486 4716 patronum
3523 4660 3799 4712 nostrum,

2221 4736 2308 4790 cui
2359 4736 2530 4792 multo
2576 4735 2837 4805 ampliora
2879 4735 3166 4803 debemus,
3209 4737 3426 4793 silentio
3466 4742 3801 4810 praeterisse

1824 4863 2053 4924 VAIil/E
2086 4871 2484 4930 LECTIONES.

599 4981 672 5017 m
695 4985 750 5038 in
775 4985 811 5039 2
834 4996 1012 5052 postea
1039 5004 1177 5042 corr.
1211 4988 1536 5046 Kildericum
1575 4994 1792 5050 nomine
1824 4997 1988 5052 lilium
2019 5002 2271 5050 Clmlnrni
2301 4987 2460 5050 ma...
2493 5007 2781 5050 Dnnnlmrli
2812 5011 2934 5050 nm.-

3027 5013 3098 5044 νη
3143 5013 3444 5048 ..ηρηιηιιυηι
3499 5029 3707 5048 Arnen-nu
3741 5011 3775 5047 ο
