4094 5252
271 320 410 375 1073

1156 329 1459 386 ΑΝδΕωιι
1497 332 1722 388 GESTA
1764 333 2248 394 EPISCOPORUM
2289 336 2770 394 LEODIENSIUM.

3401 338 3534 393 1οη

279 439 587 493 videamur.
631 439 998 497 Texandriam
1034 453 1264 499 eatenus
1302 446 1566 502 idolatrite
1617 447 1852 502 deditam
1887 459 1930 517 Α
1960 464 2172 516 autem,
2222 454 2584 510 inmanissimi
2625 459 2967 523 perpetrator
3004 448 3230 507 sceleris
3293 435 3579 528 turpiter.-_

277 532 624 588 constantior
676 551 840 604 quam
897 546 1025 591 tunc
1080 553 1203 591 cum
1257 539 1358 594 sub
1408 539 1626 594 nivibus
1681 549 1855 595 staret

274 620 552 693 (Goossc.
590 622 698 677 Vit.
735 623 916 678 Lamb.
951 642 998 680 e.
1031 626 1139 693 6),
1189 627 1345 683 fortis
1389 629 1620 685 bellator
1667 647 1855 700 aggre-

267 713 416 767 ditttr
458 712 755 770 confodere
801 731 867 770 eo
915 719 1080 772 verbo
1136 720 1280 788 quod
1323 730 1406 775 est
1466 723 1855 791 penetrabilius

265 801 418 856 omni
457 802 637 871 glad-0
677 802 878 871 (Hebr.
909 821 998 860 tv.
1032 807 1180 878 l2);
1224 825 1322 863 nec
1361 825 1540 874 mora,
1579 823 1853 866 annuente

270 893 367 948 Dei
394 896 602 965 gratia,
631 896 900 951 silvestris
949 899 1033 952 illa
1083 901 1440 955 humanorum
1486 903 1729 956 cortlium
1776 903 1852 955 l'e-

267 983 406 1036 ritas
455 985 809 1050 mansuescit,
837 995 890 1039 et
941 997 1090 1040 vasta
1142 988 1377 1043 solitudo
1425 1005 1542 1058 quae
1571 990 1642 1021 ⁷⁷⁸
1681 990 1848 1044 nichil

265 1071 417 1125 aliud
450 1085 597 1128 retro
623 1090 784 1144 quam
820 1075 1040 1130 tniricas
1073 1087 1297 1131 noverat
1319 1119 1331 1131 .
1358 1094 1422 1132 ex
1452 1079 1663 1133 Domini
1690 1079 1848 1136 bene-

264 1165 504 1220 dictione
541 1167 778 1220 cmdrum
809 1167 902 1231 ⁷⁷⁷,
933 1169 1162 1222 abietem
1184 1212 1197 1235 ,
1238 1171 1423 1240 pinum
1453 1172 1524 1202 ⁷⁷⁸
1552 1185 1605 1227 ct
1643 1173 1846 1227 buxum

266 1254 428 1322 (lsai.
460 1273 522 1309 Ls
545 1297 559 1320 ,
585 1257 670 1325 13)
697 1273 757 1312 se
779 1259 1052 1328 suscipere
1083 1259 1330 1325 laztatur;
1364 1263 1660 1332 mediisque
1691 1254 1849 1318 inter-

254 1344 452 1414 jacens
493 1349 774 1417 paludibus
801 1364 930 1420 ager
955 1349 1028 1382 ⁷⁷⁸
1054 1353 1141 1405 ditt
1175 1353 1374 1407 sterilis
1403 1367 1455 1408 et
1485 1355 1806 1411 infecundus
1829 1397 1843 1421 ,

260 1435 406 1489 alius
433 1446 709 1501 centenos,
747 1437 883 1491 alius
921 1455 1242 1509 sexagenos.
1276 1441 1414 1496 alius
1457 1445 1717 1512 trigenos,
1751 1446 1847 1499 Do-

261 1529 420 1583 mino
449 1529 704 1584 fertiliter
733 1530 910 1585 reddit
937 1531 1147 1587 fructus
1173 1534 1191 1600 (
1213 1532 1406 1588 .llatth.
1442 1517 1537 1588 stu
1561 1577 1574 1599 ,
1609 1536 1698 1606 8).

489 1623 542 1675 7.
587 1623 831 1688 Qualiter
858 1639 890 1676 a
917 1624 1132 1693 perﬁdis
1163 1626 1228 1677 sit
1261 1626 1622 1694 interemptus.

337 1714 558 1770 Talibus
589 1718 853 1770 virtutum
889 1717 1178 1771 exerciciis
1207 1719 1278 1749 π’
1305 1718 1372 1772 ad
1419 1719 1714 1788 gloriosum
1757 1735 1841 1774 ve-

251 1805 410 1859 nitur
452 1808 791 1870 martiriutn,
823 1822 930 1875 quo
963 1808 1085 1861 vita:
1129 1808 1430 1877 ingressum
1458 1849 1472 1873 ,
1527 1811 1718 1863 mortis
1745 1825 1831 1862 εχ·
1871 1802 1913 1856 Β

258 1900 401 1950 itum
436 1899 606 1951 victor
635 1898 843 1952 invenit
870 1897 1125 1968 (Conesc.
1166 1897 1270 1952 Vit.
1310 1897 1494 1952 Lamb.
1524 1914 1574 1953 c.
1607 1899 1682 1968 7).
1716 1900 1839 1953 Vio-

253 1987 465 2041 latores
515 1996 567 2041 et
619 1993 938 2057 pervasurbs
979 1988 1050 2019 ⁷⁸⁰
1095 2004 1277 2048 rertun
1329 1989 1838 2044 :ccclesiastiearum

246 2078 392 2132 duos
425 2077 623 2133 fratres
663 2079 828 2148 aliqui
868 2093 934 2133 ex
965 2081 1283 2149 propinquis
1310 2081 1483 2134 sancti
1517 2081 1791 2134 Latnberti
1821 2123 1835 2144 ,

248 2167 374 2236 ipso
403 2168 713 2233 nesciente,
747 2169 1075 2222 interfecere
1103 2186 1116 2232 ;
1152 2169 1295 2238 quod
1341 2169 1520 2224 Dodo.
1551 2171 1834 2226 proximus

245 2274 474 2323 eorum,
521 2261 706 2314 eodem
754 2269 995 2330 tempore
1036 2269 1344 2330 praepotens
1372 2261 1423 2314 itt
1455 2263 1614 2316 domo
1656 2265 1834 2332 regia,

244 2368 362 2408 non
409 2353 547 2409 alias
588 2370 752 2422 quam
797 2356 850 2408 itt
897 2355 1070 2424 ipsum
1120 2357 1433 2426 episcopum
1475 2360 1837 2414 censuitesse

243 2443 636 2497 vindicantImu
668 2444 759 2500 ⁷⁸⁸.
789 2444 1151 2514 Collectisque
1179 2462 1284 2500 non
1312 2448 1501 2516 paucis
1530 2449 1596 2502 ad
1629 2449 1730 2502 hoc
1759 2451 1836 2503 fa-

239 2537 406 2590 cinus
446 2537 676 2590 militum
719 2537 927 2606 copiis;
970 2538 1024 2590 in
1071 2538 1381 2607 pontilieem
1410 2556 1532 2592 cum
1566 2556 1687 2593 rara
1734 2544 1831 2595 do-

240 2631 606 2683 mesticorum
637 2645 796 2683 manu
831 2638 959 2684 tunc
986 2626 1127 2684 forte
1158 2629 1340 2685 Lcodii
1369 2644 1795 2687 commorantem
1818 2675 1831 2697 ,

240 2730 304 2773 ut
339 2722 498 2791 lupus
525 2721 574 2775 in
599 2736 727 2775 oves
770 2721 960 2774 insilit.
1009 2721 1075 2774 Et
1118 2721 1296 2790 primo
1337 2722 1574 2777 diluculo
1616 2724 1832 2776 domum

246 2813 505 2880 praesulis
527 2853 540 2876 ,
569 2829 734 2882 quam
762 2813 947 2868 videre
976 2813 1220 2867 nonnulli
1253 2822 1364 2867 tota
1396 2813 1487 2867 illa
1531 2823 1686 2868 nocte
1726 2830 1832 2868 cac-

239 2903 370 2958 lesti
418 2905 617 2958 lttntine
647 2906 817 2958 instar
846 2905 1138 2959 Dominica:
1174 2907 1351 2960 crucis
1380 2907 1646 2977 insigniri,
1674 2908 1834 2960 auda-

248 2996 509 3049 cissimus
525 3006 880 3067 praesumptor
903 3008 1236 3051 armatorum
1263 2999 1742 3054 cinxitobsidioue.
1763 3001 1830 3054 At

239 3084 332 3137 vir
376 3084 468 3138 Dei
503 3085 828 3140 intrinsecus
855 3100 1075 3150 somno,
1107 3087 1192 3140 eui
1223 3096 1342 3156 post
1369 3087 1585 3157 vigilias
1617 3087 1830 3142 defe:.sa

239 3173 490 3227 membra
522 3174 907 3239 reclinaverat,
932 3175 1223 3243 improviso
1250 3177 1692 3231 tutnultuant'um
1720 3178 1798 3232 fra
1861 3163 1901 3217 (ἶ

246 3278 386 3333 gorc
414 3265 843 3334 expergiscitur;
875 3266 1168 3335 statimque
1197 3267 1363 3321 nichil
1392 3269 1554 3322 reniti
1587 3269 1668 3322 vel
1692 3285 1824 3323 con-

242 3355 513 3408 tramoliri
556 3371 823 3425 querens,
851 3373 974 3412 cum
1002 3368 1058 3412 et
1086 3367 1306 3428 posset,
1333 3389 1405 3400 —
1433 3361 1643 3415 sciebat
1683 3364 1828 3415 eniut
1866 3378 1876 3388 ·

246 3446 381 3514 quia
421 3447 492 3478 ⁷³³
531 3450 564 3502 ι›
602 3448 821 3504 llatores
865 3449 1067 3505 Christi
1118 3451 1370 3520 exemplo
1421 3454 1666 3524 magistri
1714 3469 1829 3507 rno-

241 3537 441 3592 riendo
485 3554 647 3608 quant
696 3541 984 3611 pugnando
1029 3551 1228 3595 norunt
1277 3542 1496 3598 vincere
1541 3573 1613 3586 --
1653 3555 1823 3599 totum

236 3644 449 3698 corpus
501 3629 552 3683 in
602 3633 850 3686 oratione
899 3643 1280 3702 prosternens,
1333 3635 1652 3703 pracciosam
1697 3652 1820 3690 con-

237 3721 586 3776 stantissime
615 3733 842 3777 ntortem
876 3725 1144 3793 operitur.
1190 3723 1301 3779 Nec
1346 3742 1528 3790 mora,
1574 3728 1832 3782 adversa-

237 3810 344 3864 riTs
371 3824 440 3862 ex
466 3813 611 3863 omni
656 3821 811 3880 parte
849 3814 1088 3882 parietes
1127 3813 1322 3869 domus
1363 3814 1824 3883 inrumpentibus,

237 3899 401 3952 multi
431 3909 555 3954 ante
581 3901 651 3932 ⁷⁸³
683 3911 954 3971 pastorem
987 3903 1372 3958 trucidantium
1417 3906 1565 3960 ferro
1607 3907 1674 3959 ad
1717 3922 1824 3960 cm-

231 3988 353 4041 lum
412 3989 816 4056 preemittuutur
862 4001 1134 4062 martyres
1185 3992 1294 4057 7“,
1347 3994 1670 4064 tandemque
1715 3997 1826 4064 ipse

231 4088 403 4148 pater
433 4081 771 4135 venerandus
793 4122 807 4146 ,
835 4092 893 4136 ut
921 4092 1042 4137 erat
1071 4084 1188 4138 solo
1219 4085 1385 4150 lixus,
1417 4085 1575 4140 lantali
1605 4087 1828 4143 vulnere

227 4181 318 4224 est
349 4171 672 4235 confectus;
701 4175 1039 4258 sicquqcum
1069 4176 1318 4230 oratione
1349 4178 1600 4246 spiritum
1629 4179 1828 4235 alilavit

228 4264 364 4315 vitce
406 4263 573 4331 (circa
602 4283 690 4318 an.
723 4267 878 4335 709).
922 4265 1032 4322 Nec
1059 4276 1144 4320 est.
1171 4269 1524 4324 dubitandum
1557 4271 1820 4341 (Goossc.

237 4351 355 4406 Vit.
389 4351 574 4406 Lamb.
605 4371 653 4408 e.
687 4357 784 4427 ll)
827 4359 960 4425 quin
1005 4366 1254 4413 sanctam
1300 4361 1543 4415 martiris
1583 4363 1820 4417 animam

223 4443 557 4511 exceperint
585 4443 658 4474 ⁷⁸⁵
685 4444 872 4500 laudes
898 4445 1190 4516 angelicaa,
1219 4447 1375 4516 cujus
1413 4450 1663 4505 cadaveri
1709 4467 1813 4505 non

1955 545 2157 616 egestis
2194 546 2268 577 ⁷⁸⁸
2310 546 2614 610 intestinis,
2666 555 2794 598 ante
2841 543 3115 614 expletum
3166 559 3369 598 annum
3420 552 3532 598 tnta

1954 638 2199 707 privatus
2217 678 2232 701 ,
2260 647 2466 692 aeterna
2500 646 2673 693 morte
2701 645 2788 691 est
2812 636 3100 691 damnatus
3125 652 3140 700 ;
3171 636 3351 690 cteteri
3391 636 3536 690 nihi-

1955 730 2187 784 lominus
2223 745 2444 794 omnes,
2484 729 2574 798 qui
2619 728 2735 783 neci
2771 726 3032 781 antistitis
3069 725 3401 785 interfuere,
3441 724 3531 778 alii

1952 818 2094 873 inter
2133 834 2192 873 se
2230 819 2550 873 dimicantes
2587 833 2645 871 se
2689 818 2834 886 ipsos
2863 816 3217 879 interemere,
3250 809 3342 868 alii
3373 829 3404 867 a
3435 813 3528 868 de-

1951 910 2204 965 monibus
2241 911 2419 964 vexati
2460 910 2766 964 miserabile
2800 907 3168 978 spectaculum
3209 907 3404 960 divinae
3451 905 3533 958 ul-

1953 1002 2118 1056 tionis
2149 1001 2203 1055 in
2233 1017 2292 1055 se
2325 1001 2634 1055 hominibus
2661 1000 2942 1069 prtebuere
2970 998 3054 1068 (ο.
3088 996 3235 1068 LL).
3273 995 3403 1050 Post
3428 995 3531 1049 ali-

1949 1104 2079 1163 quot
2104 1103 2284 1148 autem
2309 1108 2482 1148 annos
2506 1092 2874 1148 sacerdotibus
2902 1091 3190 1160 multisque
3215 1089 3337 1144 aliis
3359 1089 3526 1143 Deum

1951 1185 2265 1239 timentibus
2305 1183 2598 1238 revelatum
2637 1192 2720 1238 est
2749 1199 2779 1237 a
2834 1182 3063 1236 Domino
3103 1197 3298 1249 corpus
3339 1195 3528 1234 sacra-

1948 1275 2216 1329 tissimum
2270 1276 2324 1328 in
2378 1275 2554 1329 locum
2604 1274 2915 1345 passionis,
2965 1273 3174 1328 scilicet
3224 1271 3525 1334 Leodium.

1947 1365 2231 1419 transferri
2266 1366 2486 1421 debere.
2521 1365 2674 1433 Quod
2699 1364 3013 1420 ﬁdelissime
3041 1381 3072 1418 a
3102 1365 3261 1418 beato
3289 1364 3526 1418 llubertu

1945 1469 2261 1510 successore
2299 1455 2418 1524 ejus
2453 1466 2538 1511 est
2575 1454 2949 1525 adimpletum.
2990 1452 3125 1506 Nam
3163 1452 3234 1484 "°
3269 1451 3523 1506 elfossum

1946 1546 2110 1601 humo
2142 1548 2572 1601 sacratissimum
2602 1561 2828 1618 corpus,
2859 1561 2966 1599 non
2998 1552 3313 1613 corruptum
3342 1553 3397 1597 et
3425 1543 3525 1596 mi-

1947 1639 2022 1691 ris
2061 1639 2319 1694 odoribus
2361 1654 2668 1708 respersum
2711 1647 2982 1708 repertum
3016 1646 3139 1702 est;
3177 1636 3524 1704 levatumque

1945 1728 2069 1782 inde
2120 1729 2175 1782 itt
2229 1728 2458 1791 feretro,
2509 1730 2562 1782 in
2611 1729 2787 1782 locum
2827 1743 2934 1796 quo
2969 1743 3108 1782 nunc
3143 1726 3358 1790 colitur,
3399 1740 3522 1780 cum

1941 1819 2085 1872 omni
2120 1819 2326 1874 honore
2356 1828 2439 1874 est
2469 1819 2810 1888 deportatum
2841 1818 2932 1871 ⁷⁸⁸.
2960 1816 3060 1871 Ubi
3119 1817 3258 1870 inter
3285 1817 3521 1870 eundum

1941 1925 2037 1978 per
2061 1909 2510 1965 illuminationcm
2534 1910 2646 1965 ccci
2671 1919 2725 1964 et
2746 1909 2922 1963 claudi
2946 1909 3284 1962 curationem
3302 1946 3316 1970 ,
3341 1905 3523 1958 marti-

1939 2002 2015 2056 ris
2041 2002 2122 2056 sui
2154 2003 2405 2058 virtutem
2435 2002 2692 2056 Dominus
2722 1998 3114 2055 confluentibus
3140 1998 3377 2068 undique
3414 2005 3524 2050 tur-

1939 2093 2023 2148 bis
2049 2094 2302 2163 diguatus
2326 2103 2410 2149 est
2427 2094 2657 2163 amplius
2685 2093 2982 2148 declarare.
3005 2090 3081 2144 Ex
3104 2106 3212 2160 quo
3235 2091 3520 2142 innumera

1939 2185 2004 2238 ad
2031 2185 2294 2238 tumulum
2327 2183 2472 2253 ejus,
2503 2195 2613 2240 tum
2639 2193 2766 2238 ante
2793 2197 2923 2249 nos,
2958 2191 3069 2236 tum
3099 2189 3284 2234 nostra
3315 2191 3518 2232 metuo-

1944 2277 2024 2330 ria
2066 2287 2286 2332 ostensa
2322 2288 2448 2333 sunt
2484 2277 2774 2344 miracula,
2804 2292 2922 2346 qua:
2959 2290 3058 2345 pro
3095 2273 3178 2328 sui
3215 2269 3521 2326 numerosi-

1939 2375 2047 2424 tate
2070 2371 2290 2424 minime
2319 2379 2444 2425 sunt
2470 2370 2794 2440 conscripta.
2819 2369 2937 2435 Quo
2963 2367 3032 2400 ⁷⁵⁸
3063 2367 3222 2421 modo
3251 2363 3382 2418 vivit
3409 2362 3519 2417 illic

1938 2458 2027 2513 ubi
2057 2460 2213 2522 vivit,
2245 2461 2338 2529 qui
2369 2469 2454 2528 tot.
2486 2460 2764 2515 miraculis
2801 2460 2960 2524 vivit,
3001 2458 3090 2512 ubi
3128 2471 3327 2525 corpus
3366 2469 3516 2508 mor-

1938 2558 2087 2603 tuum
2149 2550 2489 2620 requiescit?
2544 2549 2660 2606 Non
2699 2566 2828 2620 ergo
2864 2551 3045 2619 pigeat
3081 2556 3326 2602 sanctam
3361 2543 3518 2599 Colo-

1937 2641 2115 2705 niam,
2153 2641 2339 2694 multis
2379 2642 2664 2695 martirum
2705 2641 2920 2695 milibus
2961 2639 3306 2708 insignitum,
3347 2629 3514 2690 etiam

1934 2732 2077 2785 hunc
2115 2731 2236 2783 lilize
2274 2747 2385 2786 sua:
2420 2730 2666 2784 venerari
2705 2739 3021 2800 patronum,
3063 2735 3121 2781 ut
3180 2733 3402 2781 censeat
3455 2739 3516 2779 se

1934 2821 1984 2874 ei
2015 2821 2309 2875 debitorem
2339 2820 2478 2890 apud
2507 2819 2673 2873 Deum
2706 2821 2756 2872 in
2785 2835 2944 2890 prece
2973 2820 3064 2884 7",
3099 2818 3192 2888 qui
3227 2817 3362 2870 tanti
3396 2815 3514 2869 fuc-

1937 2913 2007 2967 rit
2042 2914 2179 2982 apud
2209 2927 2327 2967 eam
2358 2928 2477 2982 quae
2507 2928 2616 2966 sua:
2645 2913 2715 2943 ⁷⁸³
2749 2912 2867 2966 urbi
2898 2912 3150 2980 praasidet
3181 2909 3509 2966 :zccclesiam.

2236 3002 2289 3056 8.
2322 3001 2452 3055 Item
2475 3002 2580 3056 alia
2605 3002 2668 3056 de
2710 3005 2888 3056 eodem
2917 3001 3089 3070 opinio
3116 2999 3207 3053 ηδ.

2008 3091 2143 3146 Huic
2173 3091 2486 3146 beatissimo
2524 3093 2638 3146 viro
2691 3089 3054 3145 testimonium
3110 3089 3360 3159 perhibet.
3403 3087 3515 3143 Re-

1935 3183 2058 3253 gino
2086 3182 2252 3237 abbas
2266 3181 2618 3246 Prumiensis,
2652 3182 2725 3235 ita
2772 3181 3016 3236 scribens
3047 3180 3188 3234 inter
3211 3186 3405 3234 caetera
3460 3177 3516 3232 in

1935 3273 2210 3329 chronicis
2233 3273 2368 3336 suis,
2397 3288 2556 3341 quaaa
2583 3273 2758 3341 primo
2805 3270 3193 3326 incarnationis
3224 3268 3518 3324 Dominicze

1933 3379 2073 3419 anno
2085 3378 2254 3433 usque
2267 3363 2319 3416 in
2336 3363 2799 3432 nongentesimutn
2813 3371 3064 3416 octavum
3079 3359 3318 3427 ejusdem
3336 3357 3486 3412 Domi
3498 3387 3512 3398 -

1931 3457 1983 3510 ni
2001 3454 2456 3510 annumextendit
2482 3471 2494 3507 :
2525 3452 2824 3517 «Tempore,
2852 3451 3129 3521 inquitm,
3162 3448 3337 3520 l’igilii
3364 3463 3514 3518 papa!

1929 3548 2104 3599 habita
2136 3557 2209 3600 est
2234 3545 2463 3615 synodus
2503 3544 2576 3577 7”
2605 3544 2857 3614 Aquileia:
2877 3554 3059 3597 contra
3101 3542 3387 3605 hereticos,
3422 3539 3515 3603 qui

1931 3639 2129 3691 beatam
2163 3635 2390 3688 Mariam
2423 3634 2591 3688 solum
2615 3635 2685 3666 "7
2715 3634 2998 3698 hominem,
3025 3647 3124 3684 non
3156 3631 3308 3684 deum
3348 3629 3516 3681 homi-

1929 3745 2045 3782 nem
2067 3728 2303 3798 genuisse
2328 3727 2676 3797 afﬁrmabant.
2707 3725 2772 3778 In
2805 3739 2906 3796 qua
2927 3723 3111 3777 sinodo
3147 3719 3400 3775 catholica
3432 3719 3515 3772 in-

1927 3821 2169 3874 stitutum
2196 3829 2268 3871 est
2295 3828 2350 3871 ut
2383 3817 2560 3872 Maria
2586 3833 2786 3886 semper
2813 3817 2955 3886 virgo
2979 3814 3277 3868 Theodocos
3314 3811 3514 3864 dicere-

1929 3921 2034 3975 tur,
2064 3910 2188 3980 quia
2217 3925 2317 3962 non
2369 3908 2540 3963 solum
2574 3908 2858 3971 hominem,
2910 3905 2999 3959 sed
3045 3919 3219 3959 verum
3254 3901 3415 3954 Deum
3461 3907 3508 3952 et

1928 4002 2188 4055 hominem
2217 4000 2389 4070 genuit
2435 4000 2525 4052 7".
2567 3998 2650 4052 Ea
2688 4005 2988 4067 tempestate
3030 3994 3100 4027 ⁷⁹⁹
3131 3993 3321 4048 claruit
3344 3989 3508 4044 Lam-

1929 4092 2101 4144 bertus
2131 4089 2447 4160 Tungrensis
2477 4087 2725 4143 (ecclesia:
2748 4087 3027 4156 episcopus
3046 4083 3214 4156 (394).
3257 4081 3360 4146 Qui
3385 4083 3532 4152 dum]

1929 4183 2122 4252 regiam
2144 4183 2355 4236 domum
2386 4183 2495 4236 zelo
2527 4179 2794 4250 religionis
2829 4193 3075 4231 accensus
3104 4176 3416 4244 increpasset
3439 4197 3507 4210 --

1927 4275 2007 4328 sic
2042 4273 2203 4329 habet
2249 4275 2474 4328 alterius
2502 4274 2678 4336 adhuc
2733 4271 3019 4338 scripturae
3064 4266 3256 4321 relatio
3286 4262 3442 4318 nobis
3472 4276 3504 4314 a

1926 4367 2201 4434 prioribus
2226 4366 2413 4420 relicta
2443 4364 2591 4435 (595)
2617 4377 2794 4415 -—rex
2819 4358 3079 4430 Pippinus
3108 4357 3179 4391 ⁸⁰⁰
3227 4364 3350 4408 tunc
3379 4361 3513 4452 tem:

1926 4455 2067 4523 poris
2119 4455 2477 4508 manare/tiam
2524 4453 2668 4523 regni
2705 4461 2902 4514 tenens,
2952 4463 3184 4502 sororem
3235 4449 3510 4498 memorati

225 4531 529 4588 defuerunt
562 4535 634 4567 ⁷⁸⁸
663 4537 906 4592 οωιεςιες
945 4537 1212 4606 exequie,
1248 4555 1368 4609 quae
1396 4556 1462 4595 eo
1491 4541 1560 4580 ⁷⁸⁷
1593 4542 1693 4597 loci
1725 4544 1814 4598 ubi
1848 4511 1894 4567 υ
1921 4546 2178 4612 Dodonis,
2203 4548 2446 4616 legitimae
2484 4544 2695 4614 coniugi
2727 4543 2940 4613 pet'icem
2982 4540 3284 4602 induxerat,
3315 4544 3362 4588 et
3383 4548 3514 4586 sua-

225 4624 474 4693 primum
515 4627 844 4696 sepulturam
885 4630 1113 4696 habuit,
1152 4631 1405 4687 videlicet
1441 4634 1710 4705 Trajeeti.
1751 4636 1820 4690 ab

225 4714 453 4771 idoneis
503 4709 728 4776 testibus
778 4729 902 4775 sunt
953 4731 1244 4792 comperta:
1285 4726 1358 4795 (c.
1393 4725 1522 4796 15).
1562 4726 1711 4781 Dodo
1751 4727 1822 4759 ⁷⁸⁸

1922 4639 2074 4693 dente
2098 4639 2310 4693 diabolo
2341 4637 2512 4694 licitas
2542 4652 2746 4691 amores
2773 4635 2972 4688 illicitis
2993 4637 3375 4712 postposuerat.
3399 4623 3512 4679 l’ro

1923 4746 2026 4798 qua
2067 4746 2121 4784 re
2173 4730 2257 4786 hic
2302 4730 2447 4784 solus
2505 4728 2818 4783 auctoritate
2859 4721 3175 4777 sacerdotali
3223 4715 3518 4786 princioem

1520 4833 1750 4890 VARUE
1791 4835 2190 4898 LECTlONES.

311 4933 388 5014 7"“
415 4949 532 5014 qua:
557 4965 627 4976 —
653 4952 782 5024 ager
820 4937 1006 5024 desunt
1036 4936 1131 4990 Ch.
1209 4941 1278 4973 ⁷⁷⁷
1307 4941 1560 5024 credituri
1577 4944 1681 5024 .1.“
1717 4947 1787 4977 ⁷⁷⁸
1814 4947 1889 5024 ita
1916 4947 2190 5018 legendum
2217 4969 2281 5006 ea:
2305 4952 2499 5023 vulgat.
2529 4953 2743 5024 spinam
2769 4951 2820 5004 l.
2846 4948 2900 5000 2.
3090 5012 3124 5024 _
3143 4942 3214 4976 m
3234 4935 3544 5024 rggercikls

232 5003 296 5075 1A.
327 5003 479 5058 (ictis
505 5020 532 5056 e
565 5003 708 5058 “corr.
737 5007 791 5060 2.
865 5008 936 5040 τεο
969 5023 1315 5075 pet-suasores
1349 5013 1397 5063 l.

1477 5012 1545 5042 ⁷⁸⁸
1569 5014 1919 5080 judicantlum
1951 5012 2000 5080 1⁷,
2031 5022 2084 5076 2.
2114 5023 2170 5075 '5.

2245 5003 2320 5054 πί
2340 5003 2715 5089 tua
2745 5016 2977 5089 ις
3009 5015 3064 5089 ξ.
3090 5012 3150 5089 5..
3182 5015 3310 5089 me.
3333 5003 3554 5089 eca-

227 5072 309 5156 ’.“
341 5075 747 5156 ".'i‘.'"3.'es€0"‘;
783 5072 1048 5146 martyres
1073 5077 1127 5156 ἒς
1203 5083 1271 5113 ⁷⁸⁵
1301 5072 1705 5156 ρξεορεξεηιὶιιηί.
1783 5085 1855 5116 ηε
1886 5072 2238 5147 aculei-iuta.
2313 5072 2609 5148 etesia].
2638 5091 2691 5142 2.
2722 5089 2776 5140 5.
2848 5083 3076 5156 "ipsa;
3108 5082 3164 5156 t‘.
3239 5073 3564 5156 "misistis
