4094 5252
250 210 388 266 1077
1099 226 1400 286 ANSELMI
1436 230 1664 290 GESTA
1703 232 2189 292 EPISCOPORUM
2228 232 2710 292 LEODIENSIUM.
3365 235 3503 297 £078

244 326 332 382 ille
356 329 578 389 evidens
599 336 854 393 omnibus
911 345 1273 409 spectaculum
1320 349 1486 416 dedit,
1519 367 1672 406 sacra
1707 350 1822 406 loca
1852 358 1899 414 Α
1927 349 2048 416 bat;
2095 349 2317 404 cottidie
2361 363 2428 405 ex
2475 348 2840 405 fraternarum
2890 350 3029 421 stipe
3087 349 3505 409 elemosinarum

245 433 347 472 non
374 423 609 477 revereri
643 439 900 496 quantum
930 432 1002 486 sit
1030 435 1280 502 periculi.

449 513 537 569 13.
571 516 651 570 De
671 536 730 572 eo
761 522 850 590 qui
877 525 1066 578 vomitu
1114 527 1313 595 furtum
1343 532 1599 600 prodidit.

301 601 460 673 Pleps
489 605 728 674 ejusdem
752 615 1074 680 parrochiae,
1098 618 1238 672 sicut
1267 629 1323 674 et
1350 621 1648 677 vicinarum
1671 625 1816 679 circa

237 695 532 762 regionum,
565 699 740 756 solent
795 718 1147 777 quaecumque
1201 721 1427 780 possunt
1466 714 1604 769 alter
1660 715 1814 772 alteri

237 783 537 852 subripere,
572 804 863 857 annonam,
914 807 1120 851 Vestem
1172 814 1267 854 seu
1310 803 1609 871 quamlibet
1655 806 1814 860 aliam

236 874 681 945 subpellectilem;
716 883 804 936 ubi
855 898 1039 955 aperte
1067 903 1363 959 nequeunt,
1393 895 1623 951 latenter
1671 899 1815 954 invo-

238 963 368 1031 lare,
401 971 635 1036 pecudes
683 974 783 1027 sibi
816 977 1071 1046 abigere;
1105 983 1169 1037 de
1205 995 1404 1039 emtero
1431 1003 1530 1042 nec
1577 991 1814 1045 bannum

239 1059 556 1146 sacerdotis,
612 1079 710 1119 nec
769 1076 1036 1125 terrorem
1086 1073 1313 1144 alicujus
1360 1081 1666 1144 potestatis,
1727 1084 1815 1146 uni

238 1143 494 1213 ejusmodi
527 1151 824 1210 sceleribus
859 1143 1233 1230 prohibendis,
1263 1183 1330 1221 ne
1349 1143 1523 1223 dicam
1541 1172 1610 1204 ⁸³¹
1638 1143 1812 1238 rarus,

238 1236 401 1291 immo
431 1240 611 1296 nullus
636 1255 740 1311 est,
773 1247 1258 1327 reformidare”.
1288 1257 1565 1316 Factiosus
1595 1236 1813 1330 quidam

238 1343 372 1381 imus
402 1331 467 1384 de
493 1333 688 1390 talibus
725 1353 949 1406 porcum
997 1346 1179 1400 vicino
1231 1350 1499 1405 sublatum
1533 1369 1653 1408 cum
1694 1357 1815 1412 aliis

235 1418 431 1474 similia
464 1439 646 1480 secum
679 1431 906 1485 actitare
936 1436 1108 1491 solitis
1135 1451 1357 1496 coxerat
1400 1453 1454 1498 et
1482 1447 1810 1503 comederat.

239 1509 458 1609 Postera
502 1517 610 1584 die,
658 1536 779 1590 quae
833 1525 1111 1583 Dominiea
1163 1532 1482 1602 habebatur,
1520 1541 1717 1609 populo
1745 1543 1813 1596 ad

233 1600 532 1699 ecclesiam
561 1623 938 1680 concurrente,
960 1618 1076 1682 iste,
1102 1619 1228 1676 licet
1252 1623 1380 1678 facti
1407 1600 1672 1690 cons-cius,
1686 1647 1815 1699 pro-

235 1689 349 1760 pius
371 1693 532 1750 altari
581 1701 848 1758 cancellos
873 1705 1215 1777 inpudenter,
1245 1715 1384 1768 unde
1409 1721 1648 1774 (minium
1676 1689 1810 1778 ocu-

193 1849 202 1856 ο
234 1782 297 1836 lis
335 1789 622 1881 contiguus
662 1804 828 1861 esset,
883 1800 1074 1854 astitit.
1106 1802 1468 1864 Proclamatio
1501 1812 1567 1864 ad
1598 1816 1809 1881 presbi-

239 1881 409 1967 terum
452 1878 519 1933 de
553 1883 749 1938 sublati
790 1889 940 1955 porci
999 1893 1231 1962 dampno
1260 1899 1554 1967 perfertur;
1598 1878 1727 1960 stati
1755 1930 1812 1956 τ-

235 1978 335 2030 que
363 1966 432 2020 ab
460 1982 546 2033 eo,
587 1971 631 2024 si
657 1975 780 2043 quis
812 1977 928 2047 ejus
957 1982 1032 2035 rei
1073 1983 1126 2037 in
1171 1966 1313 2041 facto
1361 2005 1453 2043 seu
1484 1966 1811 2051 conseicntia

235 2065 357 2154 reus
382 2054 476 2120 sit,
519 2059 798 2154 bannitur.
830 2067 1216 2128 Dissimulante
1273 2077 1364 2132 illo
1390 2080 1641 2138 videlicet
1678 2101 1812 2154 pra:-

234 2142 368 2198 done
398 2156 454 2200 et
486 2148 604 2205 aliis
635 2152 762 2209 facti
816 2161 1066 2224 consciis,
1107 2167 1410 2223 conclamat
1436 2173 1589 2242 pleps
1634 2142 1813 2233 omnis

231 2247 348 2286 cum
378 2241 687 2305 sacerdote,
731 2259 894 2302 orans
949 2260 1006 2304 ut
1034 2255 1423 2324 omnipotentis
1456 2241 1548 2316 Dei
1599 2266 1813 2321 miseri-

231 2324 406 2410 cordia
435 2338 656 2397 propter
686 2346 1006 2400 praesentem
1048 2355 1358 2400 sanctorum
1387 2353 1700 2408 memoriam
1733 2365 1812 2410 ta-

233 2409 356 2463 lium
387 2417 704 2480 prtcdonum
732 2419 960 2482 diu'non
990 2430 1198 2488 sineret
1226 2436 1472 2494 homines
1518 2444 1686 2498 latere
1719 2462 1812 2500 ne-

232 2505 611 2599 q:nti_am_._Vix
626 2512 750 2566 dum
777 2515 890 2572 haec
914 2521 1078 2576 verba
1102 2528 1523 2599 compleverant,
1541 2550 1661 2589 cum
1683 2553 1812 2593 ecce

233 2594 409 2660 pudt)
453 2597 543 2652 ille
598 2608 920 2663 temerarius
958 2594 1262 2682 ahjuratam
1305 2636 1426 2674 cum
1454 2594 1688 2680 obsceno
1718 2644 1812 2682 vo-

235 2683 361 2784 mitu
393 2687 539 2755 cepit
575 2694 812 2760 praedam
842 2699 1064 2757 reicere.
1104 2705 1348 2777 Namque
1393 2710 1573 2768 ferunt
1621 2717 1713 2784 qui
1742 2719 1811 2751 ⁸³⁸

235 2777 437 2844 videre,
470 2785 648 2882 .multa
677 2791 847 2846 suilla:
886 2799 1069 2852 carnis
1112 2799 1286 2858 frusta
1318 2821 1439 2859 cum
1474 2777 1810 2883 parte-pedis
1842 2801 1844 2803 l

231 2871 574 2970 quagpridie
618 2891 960 2952 consumpta,
997 2887 1107 2956 jam
1160 2891 1358 2961 'ligesta
1387 2871 1509 2951 esse
1535 2871 1804 2970 poterant,

230 2975 323 3013 ore
350 2962 470 3031 ejus
497 2965 734 3025 eﬂluere.
766 2970 997 3045 Turpius
1040 2979 1239 3036 factum
1295 2987 1438 3055 turpi
1490 2962 1805 3056 prodentem

233 3067 431 3152 nznrsea
471 3060 746 3127 expellunt
773 3065 841 3121 ab
889 3069 1156 3139 aecclesia,
1196 3090 1297 3130 nec
1327 3077 1596 3136 absistunt
1639 3084 1809 3140 donec

232 3144 532 3244 ev'ii'etttius
561 3149 760 3206 fatetur
780 3156 892 3221 ubi,
919 3162 1152 3229 quando,
1184 3165 1402 3236 quicum
1424 3171 1653 3225 eundem
1685 3190 1814 3244 por-

232 3247 351 3286 cum
385 3238 631 3308 abegerit
656 3245 746 3298 ⁸³⁵.
786 3246 891 3303 Pro
936 3252 1243 3322 hujusmodi
1291 3260 1570 3316 miraculis
1597 3238 1810 3322 Domini

231 3339 332 3426 non
357 3343 521 3395 parva
543 3333 714 3389 eidem
743 3337 860 3420 loco
887 3354 1134 3400 servatur
1180 3353 1504 3418 reverentia,
1537 3355 1810 3426 nichilque

232 3417 508 3516 indecens,
541 3428 682 3493 quod
715 3430 940 3487 inultum
969 3436 1061 3502 sit,
1090 3440 1233 3494 circa
1258 3446 1482 3500 eandem
1506 3447 1811 3502 aecelcsiam

230 3514 582 3606 sive-atrium.
609 3519 728 3588 ejus
751 3524 978 3580 credunt
1005 3544 1164 3598 posse
1211 3535 1526 3606 contingere
1547 3539 1635 3592 ⁸³⁸.
1667 3540 1808 3594 Idem

227 3601 499 3701 pse.sbiter
545 3611 734 3668 ovibus
777 3618 1092 3689 eteterisque
1159 3601 1451 3691 pecudibus
1501 3630 1613 3683 suis
1668 3631 1810 3684 idem

232 3698 706 3788 a.trium,‘pr0pter
753 3706 1000 3762 timorem
1031 3712 1328 3769 vicinorum
1369 3718 1562 3786 praedis
1594 3720 1811 3775 inhian-

233 3785 385 3870 tium,
415 3785 483 3837 ad
510 3801 705 3855 pascua
735 3797 980 3862 pervium
1029 3799 1254 3870 fecerat,
1304 3785 1400 3860 sed
1457 3823 1642 3862 eorum
1690 3810 1811 3864 ani-

231 3869 454 3966 malium
487 3876 704 3947 aliquod
731 3884 822 3939 diu
853 3889 1035 3942 vivere
1064 3869 1245 3959 posse,
1277 3904 1498 3965 prepter
1527 3901 1670 3966 quod
1703 3900 1814 3953 cal-

233 3957 334 4012 lem
359 3962 609 4022 illicitum
635 3975 816 4043 sepius
845 3993 945 4047 per
974 3957 1173 4035 atrium
1207 3957 1507 4053 trivissetit,
1543 3957 1810 4061 Inegabat.

523 4063 602 4115 Η.
640 4064 712 4119 De
737 4079 1000 4124 contracto
1037 4074 1312 4143 manifeste
1337 4088 1526 4132 erecto.

299 4148 488 4206 Liceat
531 4154 604 4189 ⁸³⁸
645 4158 821 4215 adhuc
870 4163 937 4216 ad
964 4165 1196 4230 ,laudem
1242 4177 1296 4223 et
1347 4170 1577 4240 gloriam
1630 4172 1813 4229 Domi-

233 4238 286 4330 ni
313 4242 662 4313 martirisque
726 4247 839 4316 ejus
885 4254 1118 4322 preciosi
1175 4238 1368 4312 unum_
1402 4276 1681 4330 enarrare,
1720 4279 1814 4318 cu-

1921 439 2188 504 alebatur,
2219 453 2318 492 nec
2347 437 2562 494 aliunde
2589 439 2771 494 vivere
2804 446 3048 495 noverat.
3078 437 3231 496 Unde
3259 443 3506 512 contigit,

1920 547 2042 587 cum
2075 529 2217 584 inter
2251 528 2447 583 fratres
2473 543 2654 584 sermo
2681 529 2943 585 incideret
2981 529 3046 584 de
3075 532 3360 602 gyrovagis
3384 533 3510 602 qni-

1919 622 2170 684 busdam,
2204 619 2356 689 signa
2382 619 2435 672 in
2466 633 2584 673 sese
2612 618 2682 650 ⁸³⁹
2713 617 2856 674 facta
2884 612 3270 676 mentie’iitibus
3293 660 3308 685 ,
3351 629 3411 675 ut
3461 621 3509 674 si

1919 713 2021 766 iste
2057 718 2270 764 erectus
2299 707 2458 772 foret,
2487 709 2603 763 sine
2629 709 2790 764 dubio
2821 710 2924 764 hoc
2952 709 3101 765 credi
3131 709 3330 767 debere
3359 724 3508 766 asse-

1917 797 2434 868 veraretur,quippe
2463 799 2552 868 qui
2574 813 2685 869 pra:
2710 800 2874 854 nimia
2908 800 3276 870 simplicitate,
3308 800 3506 857 nedum

1917 891 2120 960 aliquid
2164 889 2414 960 ﬁngeret,
2447 888 2606 959 longe
2650 890 2802 958 prius
2829 889 2940 944 falli
2971 905 3133 958 quam
3164 890 3350 947 fallere
3379 905 3508 962 pos-

1917 996 2017 1041 set.
2050 984 2257 1039 Taliter
2285 983 2428 1053 apud
2475 997 2577 1038 nos
2629 992 2835 1052 septem
2884 983 3046 1053 paulo
3090 983 3210 1053 plus
3257 985 3506 1044 minusve

1916 1083 2267 1129 conversatus
2296 1072 2475 1138 annis,
2499 1073 2732 1143 quadam
2763 1073 2901 1137 vice,
2929 1073 3070 1128 sicut
3089 1083 3209 1128 erat
3231 1075 3420 1130 hilaris
3447 1084 3506 1130 et

1917 1171 1983 1223 ad
2011 1169 2314 1224 exhibenda
2347 1167 2473 1220 talia
2503 1167 2656 1236 agilis
2682 1207 2698 1231 ,
2745 1167 2840 1222 sed
2883 1176 3079 1222 caetera
3105 1169 3326 1226 omnino
3357 1169 3506 1225 clau-

1915 1260 2016 1315 dus
2079 1268 2134 1313 et
2191 1257 2414 1324 debilis,
2471 1258 2538 1311 ad
2592 1272 2834 1312 mensam
2898 1257 3158 1313 fratribus
3218 1275 3506 1315 occurrere

1915 1348 2199 1413 festinans,
2230 1348 2459 1416 criptam
2491 1348 2544 1401 in
2575 1363 2683 1418 qua
2713 1348 2887 1402 sancti
2914 1348 3154 1402 martiris
3183 1359 3265 1404 est
3289 1366 3505 1405 mauso-

1914 1440 2056 1493 leum
2107 1437 2282 1508 pergit
2328 1436 2597 1492 claudere.
2663 1437 2889 1492 Venitur
2937 1437 3004 1491 ad
3058 1438 3265 1494 sinistri
3318 1439 3506 1495 lateris

1914 1531 2148 1585 hostium
2179 1530 2265 1584 cui
2305 1529 2430 1584 dum
2459 1529 2688 1584 summis
2735 1529 2951 1582 innixus
3004 1527 3284 1593 articulis,
3319 1544 3506 1600 pessu-

1913 1621 2022 1676 lum
2074 1621 2275 1676 obdere
2327 1620 2615 1686 tenderet,
2669 1619 2840 1675 sensit
2885 1618 3147 1688 paulatim
3193 1633 3388 1675 nervos
3434 1620 3503 1652 ⁸⁸⁸

1843 1695 1885 1754 Β
1914 1714 2107 1777 laxari,
2159 1712 2332 1784 tybias
2387 1727 2418 1764 a
2449 1711 2600 1767 coxis
2647 1711 2903 1782 disjungi,
2953 1711 3085 1765 adeo
3135 1719 3194 1765 ut
3239 1725 3343 1766 non
3391 1711 3506 1782 jam

1913 1801 2263 1856 articulorum
2313 1799 2660 1856 amminiculo
2711 1799 2913 1868 subrigi
2941 1839 2956 1863 ,
2990 1800 3085 1853 sed
3131 1799 3178 1854 si
3225 1799 3292 1831 ⁸³³
3324 1814 3383 1854 se
3431 1801 3505 1854 ita

1914 1905 2072 1960 posse
2106 1891 2371 1955 crederet,
2422 1898 2568 1944 totus
2627 1889 2682 1944 in
2729 1889 2991 1944 directum
3039 1887 3106 1941 ad
3150 1889 3252 1943 hoc
3300 1889 3506 1944 valeret

1916 1995 2218 2048 assurgere.
2249 1978 2474 2034 Miratur
2516 1993 2581 2034 ac
2621 1987 2803 2048 stupet
2847 1978 3162 2048 simplicitas
3189 1978 3508 2033 adolescen-

1918 2073 2009 2128 tuli
2057 2088 2253 2126 novam
2301 2073 2356 2127 in
2393 2088 2454 2128 se
2499 2081 2647 2128 recte
2694 2072 2978 2127 incedendi
3032 2073 3353 2141 potentiam,
3404 2087 3504 2128 nec

1915 2161 2054 2215 unde
2082 2161 2182 2215 sibi
2208 2161 2311 2216 hoe
2341 2161 2631 2232 contigerit
2658 2158 2726 2192 ⁸³³
2758 2158 3054 2230 intelligere
3084 2161 3292 2222 valens,
3320 2161 3504 2217 nescio

1916 2253 2107 2306 timore
2137 2266 2205 2305 an
2242 2251 2466 2322 pudore,
2500 2266 2614 2306 rem
2659 2249 2790 2304 nulli
2835 2250 3105 2320 puplicat;
3141 2251 3182 2305 it
3220 2249 3290 2281 ⁸⁸³
3322 2251 3504 2320 itaque

1915 2345 2184 2398 incassum
2226 2342 2476 2398 scabellis
2521 2342 2878 2413 aliquamdiu,
2924 2341 3094 2397 multo
3147 2357 3290 2396 nunc
3336 2357 3504 2411 quam

1914 2445 2039 2490 ante
2086 2450 2215 2490 vere
2271 2436 2459 2490 debilis
2524 2435 2875 2506 inpotentior.
2927 2435 2996 2488 At
3049 2435 3121 2466 ⁸⁸⁸
3175 2435 3392 2488 tandem
3434 2450 3504 2489 ex

1915 2525 2296 2580 matriculariis
2327 2526 2615 2594 quemdam
2661 2526 2728 2579 ad
2779 2541 2838 2580 se
2865 2534 3075 2580 secreto
3105 2525 3399 2590 advocans,
3425 2523 3504 2578 ei-

1915 2617 2034 2670 dem
2065 2615 2192 2684 quid
2231 2615 2466 2670 donante
2495 2614 2606 2669 Deo
2640 2624 2819 2685 posset
2848 2614 3103 2669 ostendit.
3149 2614 3238 2666 Ille
3266 2614 3502 2682 primum

1915 2720 2024 2772 pra:
2054 2718 2251 2773 pavore
2286 2704 2361 2757 rei
2413 2701 2685 2783 inusitata:
2720 2702 2951 2773 fugiens,
3000 2701 3093 2756 sed
3137 2701 3364 2756 subinde
3414 2717 3503 2755 re-

1914 2796 2143 2864 sumptis
2182 2795 2385 2850 viribus
2416 2795 2652 2860 rediens,
2687 2803 2898 2864 tempus
2941 2801 2998 2848 et
3047 2793 3294 2848 ordinem
3343 2807 3500 2846 cura-

1915 2886 2075 2940 tionis
2114 2885 2408 2954 inquisivit,
2448 2883 2537 2938 illo
2563 2883 2881 2955 simpliciter
2925 2893 3184 2937 narrante
3227 2883 3499 2951 cognovit,

1913 2977 2069 3031 nobis
2095 2975 2358 3040 narravit,
2406 2984 2460 3030 et
2505 2989 2573 3030 ex
2624 2974 2716 3029 illo
2746 2973 2995 3030 scabellis
3023 2972 3080 3028 in
3110 2971 3326 3027 virtutis
3357 2971 3504 3026 testi-

1915 3068 2094 3121 monio
2125 3076 2250 3121 ante
2295 3065 2536 3121 martiris
2588 3065 2855 3119 tumulum
2894 3063 3170 3120 derelictis
3196 3103 3212 3128 ,
3259 3062 3501 3118 novellos

1913 3155 2106 3212 baculo
2153 3162 2492 3210 sustentante
2529 3154 2717 3209 didicit
2765 3168 2952 3229 regere
2997 3166 3235 3224 gressus.
3269 3150 3500 3206 Contra-

1913 3258 2059 3302 etum
2118 3247 2270 3315 prius
2325 3255 2380 3300 et
2431 3254 2555 3315 post
2604 3253 2846 3298 erectum
2901 3243 3175 3306 vidimus,
3211 3240 3503 3310 aliquantis

1914 3355 2038 3393 eum
2069 3347 2250 3406 postea
2287 3338 2446 3391 annis
2471 3334 2676 3390 vixisse
2705 3333 2960 3396 vidimus,
2993 3331 3223 3386 scabella
3262 3330 3316 3384 in
3350 3330 3504 3385 testi-

1916 3427 2156 3482 monium
2190 3427 2406 3480 virtutis
2432 3425 2747 3480 retinemus.
2789 3423 2914 3478 Hinc
2958 3421 3077 3477 ideo
3109 3437 3214 3475 non
3246 3421 3499 3483 dicimus.
3527 3439 3530 3442 λ

1914 3529 1972 3572 ut
1998 3516 2290 3572 cottidiana
2317 3515 2412 3570 Dei
2440 3516 2492 3569 in
2539 3530 2638 3569 nos
2666 3515 2735 3569 ob
2775 3514 2951 3568 sancti
2979 3512 3220 3566 martiris
3248 3510 3501 3565 meritum

1912 3608 2174 3664 beneficia
2216 3616 2510 3661 extenuare
2554 3605 2798 3669 velimus,
2847 3619 2968 3673 qua:
2997 3611 3072 3657 tot
3101 3619 3165 3658 ac
3197 3612 3341 3658 tanta
3377 3611 3504 3656 sunt

1915 3710 1972 3755 ut
2004 3702 2272 3754 lmmanus
2317 3715 2380 3753 ea
2412 3699 2496 3751 vix
2545 3696 3001 3766 comprehendere
3043 3695 3220 3749 valeat
3266 3693 3500 3754 animus,

1917 3793 2009 3847 sed
2057 3800 2116 3844 ut
2146 3791 2229 3844 his
2261 3805 2350 3859 qut
2384 3804 2522 3845 nova
2563 3797 2619 3842 et
2648 3787 2904 3841 inusitata
2951 3786 3136 3840 mirari
3170 3796 3501 3839 consuevere

1915 3882 2048 3936 satis
2079 3881 2402 3942 faceremus,
2429 3887 2484 3933 et
2509 3887 2567 3932 ut
2605 3891 2742 3932 nova
2783 3875 3132 3932 memoramlo
3172 3877 3237 3929 ad
3283 3875 3502 3942 disque-

1917 3973 2088 4026 renda
2142 3969 2440 4026 cottidiana
2503 3965 2868 4023 studiosorum
2925 3964 3231 4021 sollicitudo
3303 3963 3502 4016 excita-

1915 4071 2083 4117 retur.

2165 4173 2252 4228 15.
2285 4172 2469 4227 Oratio
2504 4170 2572 4225 ad
2623 4180 2860 4225 sanctum
2896 4167 3244 4222 Lumbertum.

1987 4267 2108 4321 Jam
2167 4267 2234 4321 ad
2290 4274 2344 4320 te
2395 4273 2581 4318 uoster
2630 4269 2876 4315 vertatur
2920 4260 2990 4293 ⁸⁵⁵
3047 4273 3258 4317 sermo,
3312 4254 3504 4310 martir

376 4343 559 4388 nostra
627 4343 889 4396 memoria
952 4347 1088 4416 gesti
1115 4347 1169 4401 in
1219 4352 1470 4417 praesenti
1542 4355 1812 4422 :ecelesia,
1841 4375 1891 4435 υ
1917 4356 2118 4410 Christi
2151 4355 2333 4409 inclite
2357 4393 2371 4418 ,
2402 4351 2740 4408 servulorum
2787 4365 2976 4420 preces
3008 4362 3075 4402 ne
3104 4345 3408 4400 advel-seris
3432 4329 3504 4376 '.

231 4422 318 4476 ubi
395 4429 764 4485 venerandum
806 4433 921 4502 ejus
951 4439 1240 4507 requiescit
1284 4457 1499 4511 corpus,
1558 4453 1640 4499 tot
1691 4422 1886 4503 esse"
1919 4451 2167 4503 obsecro.
2201 4446 2279 4501 Tu
2328 4445 2475 4500 fonte
2521 4441 2830 4513 evangelico
2875 4438 3138 4507 majorum
3185 4437 3368 4507 rigans
3415 4435 3524 4506 pe-'

228 4524 457 4578 possunt
513 4529 712 4586 testes,
778 4535 908 4594 quot
958 4528 1050 4596 qui
1117 4530 1219 4585 hoc
1267 4532 1409 4586 idem
1463 4535 1650 4590 videre
1686 4546 1814 4592 sunt

229 4606 568 4696 superstites.
625 4609 1074 4671 Adolescentulus
1117 4619 1334 4687 quidam
1375 4637 1404 4676 a
1465 4624 1654 4693 primis
1680 4642 1812 4696 pue-

231 4693 377 4747 ricia:
455 4700 608 4754 annis
662 4702 882 4759 claudus
935 4706 1001 4737 ⁸³⁷
1059 4699 1362 4766 (ecclesiam
1425 4723 1481 4769 et
1547 4693 1809 4786 quocum-

229 4798 333 4850 que
413 4791 830 4855 procederemus
880 4811 999 4850 cum
1056 4799 1302 4857 scabellis
1351 4818 1665 4875 pet-reptare
1691 4808 1804 4876 ⁸³³,

228 4889 281 4931 et
326 4884 597 4941 continuis
645 4898 854 4958 septem
907 4893 1063 4945 annis
1119 4911 1245 4964 erga
1290 4897 1442 4965 signa
1494 4900 1757 4969 pulsanda
1793 4943 1808 4967 ,

230 4971 406 5028 hostia
455 4981 679 5034 seranda
748 4992 801 5038 et
855 4985 1142 5039 reseranda
1173 5028 1187 5052 ,
1248 4987 1465 5045 sedulus
1519 5007 1640 5047 esse
1678 4992 1814 5047 sole-

1511 5129 1742 5184 V'Aille
1767 5129 2190 5186 .LECTIOAES.

1918 4548 2093 4603 ctera,
2126 4549 2324 4592 terram
2374 4535 2533 4592 simul
2564 4534 2808 4605 precioso
2845 4529 3082 4598 irrigasti
3116 4527 3378 4596 sanguine
3403 4525 3500 4576 ⁸³⁵⁷.

1919 4627 2156 4697 Spiritus
2181 4627 2370 4682 caelum
2410 4625 2670 4695 possidet,
2702 4632 2845 4676 terra
2887 4629 3071 4675 servat
3099 4619 3314 4672 eineres
3334 4655 3348 4676 ,
3399 4631 3501 4669 nos

1914 4719 2131 4772 eosdem
2185 4731 2526 4781 veneramur,
2574 4713 2666 4782 qui
2720 4719 2862 4765 terra
2917 4719 2972 4763 et
3017 4707 3157 4762 cinis
3186 4719 3395 4767 sumus,
3448 4709 3509 4756 ut

1912 4818 2138 4878 peccata
2191 4805 2530 4860 servulorum
2597 4815 2716 4869 quae
2766 4799 2837 4831 ⁸³⁸
2892 4801 3217 4863 exsuperant
3269 4793 3510 4878 harenas

1915 4916 2141 4956 numero
2198 4905 2253 4951 et
2303 4901 2541 4965 pondere
2593 4891 2686 4955 ⁸³⁸,
2739 4899 2829 4941 tuo
2879 4893 3100 4956 precatu
3149 4880 3354 4936 deleas.
3408 4883 3512 4936 Per

1913 5003 2061 5046 mum
2091 4990 2164 5024 δ’δ’
2197 5005 2303 5057 quo
2334 4990 2472 5043 hanc
2498 4983 2798 5041 aeeelesiam
2828 4974 3098 5039 fundasti,
3130 4980 3350 5042 pastor,
3381 4989 3512 5028 san-
