4094 5252
537 176 681 232 1οἷ9

1073 176 1402 237 llERlGERl
1440 178 1529 234 ΕΤ
1556 179 1858 235 ANSELMI
1906 178 2129 236 GESTA
2160 179 2371 236 EPlSC.
2404 179 2657 235 TANGR.
2690 177 2879 235 TRAJ.
2909 178 2994 234 ET
3029 178 3228 237 LEOD.

3667 175 3808 233 1080

530 287 779 359 guinem,
828 286 1026 358 quippe
1056 287 1226 357 ipsam
1277 288 1346 320 ⁶⁹⁰
1394 304 1461 343 ex
1508 289 1732 344 minima
1781 289 1953 346 ferme
1997 304 2121 346 exe»
2147 298 2194 353 Α
2224 294 2404 363 operis
2447 294 2748 350 intentione
2794 296 3010 366 evagati
3051 310 3262 362 sumus,
3317 296 3485 366 petita
3535 294 3693 350 venia
3739 296 3808 349 ad

530 381 707 450 quasti
743 378 1056 449 majoribus.
1087 393 1328 442 oramus,
1352 381 1494 449 quod
1521 382 1793 448 cauit-Isti,
1820 383 1940 451 plus
1963 393 2117 439 tuere

532 471 804 543 precibus.
836 470 951 526 Non
997 470 1066 503 ⁸⁸⁸
1113 471 1348 539 petimus
1394 472 1582 542 augeri
1628 474 1917 530 fundorum
1947 490 2015 530 ex
2044 473 2114 507 ⁸³³

533 563 834 629 reditibus;
882 560 1045 619 fuerit
1074 563 1179 617 hoc
1214 563 1285 595 ⁸⁸³
1322 563 1589 633 majorum
1627 567 1873 623 moribus
1897 567 2116 638 pandi-

535 663 732 720 torum,
759 654 985 710 Scielllia
1028 652 1342 725 pollcntium
1367 696 1384 721 ,
1424 672 1540 714 rem
1583 659 1799 713 auxisse
1829 659 2115 728 publicam.

534 744 643 801 Nos
667 746 904 801 minores
928 743 1161 802 sulliciat
1193 744 1382 802 talium
1416 748 1503 802 Vel
1530 748 1689 819 longe
1714 751 1866 820 sequi
1892 750 2120 819 vestigia

535 838 636 892 sub
666 847 717 893 te
744 847 917 906 patre,
950 846 1001 893 te
1030 846 1209 892 tutore
1256 847 1413 910 tergue
1444 838 1583 894 dulci
1615 841 1865 912 prmsule.
1908 840 2119 898 Nullam

535 941 750 985 tuarum
779 931 959 985 ovium
998 931 1207 1001 peccati
1254 931 1507 1003 contagio
1549 930 1621 963 ⁸⁸³
1647 932 1795 987 sinas
1823 947 1943 988 esse
1970 948 2117 989 mor-

534 1022 738 1086 bidam,
769 1024 865 1078 sed
900 1031 956 1077 et
996 1023 1041 1076 si
1065 1038 1169 1092 qua
1202 1023 1421 1078 mortali
1448 1022 1569 1078 labe
1610 1031 1695 1078 est
1719 1023 1959 1081 ceni'ecta
1980 1066 1995 1090 ,
2026 1040 2123 1095 per

536 1115 773 1170 lamenta
823 1116 1153 1185 paenitentia:
1205 1124 1297 1170 tuo
1342 1115 1470 1171 ovili
1519 1130 1710 1172 rursus
1757 1118 1970 1189 dignam
2001 1134 2122 1175 esse

536 1203 723 1258 facito.
778 1203 995 1275 Depelle
1054 1204 1125 1237 ⁸⁸⁸
1168 1205 1404 1277 primum
1462 1207 1731 1278 turgidam
1794 1222 1919 1262 cum
1961 1208 2121 1264 livida

535 1295 647 1350 tilia
677 1297 1011 1366 superbiam.
1056 1296 1213 1351 Absit
1245 1299 1344 1363 ira,
1377 1297 1556 1354 absint
1603 1299 1725 1355 odia
1754 1340 1767 1363 ,
1809 1300 2015 1355 nullum
2047 1302 2124 1357 Ιοο

538 1400 660 1441 cum
695 1386 748 1441 in
775 1384 1032 1442 iraternis
1074 1386 1330 1443 cordibus
1376 1389 1576 1444 habeat
1622 1389 1917 1446 discordia.
1966 1389 2124 1449 Foris

535 1494 760 1550 pugnae,
784 1478 930 1534 intus
972 1480 1104 1534 rixa:
1152 1479 1263 1547 ⁸⁸³,
1309 1490 1404 1537 tuo
1460 1482 1767 1538 interventu
1797 1484 1978 1539 omnia
2017 1484 2126 1540 sint

537 1582 753 1639 pacata.
819 1571 1035 1643 Fugiat‘
1068 1587 1190 1629 cum
1241 1574 1410 1632 sodali
1457 1575 1580 1647 gula
1648 1579 1823 1648 turpis
1860 1579 2122 1646 ebrietas,

539 1663 738 1717 cedant
792 1672 849 1719 et
907 1663 1136 1720 invicem
1192 1667 1521 1740 pugnantia,
1571 1667 1729 1723 luxus
1776 1679 1831 1724 ct
1875 1673 2127 1738 avaritia,
2159 1640 2201 1697 Β

538 1753 698 1809 cedat
727 1764 782 1810 et
830 1754 1015 1820 libido,
1048 1756 1354 1813 animarum
1399 1760 1545 1814 mille
1593 1758 1776 1816 ferens
1823 1761 2123 1835 naufragia.

541 1845 760 1913 Obtinc,
816 1863 1143 1917 qttzesumus,
1196 1865 1357 1920 prece
1408 1860 1498 1907 tua
1547 1852 1641 1908 tibi
1684 1853 2044 1911 servientibus
2096 1872 2125 1911 a

542 1935 661 1992 Deo
686 1953 870 1994 veram
898 1955 1019 1996 cum
1050 1942 1335 2013 pacientiae
1363 1940 1699 2015 benignitate
1740 1946 2123 2003 humilitatem.

541 2028 759 2086 Karitas
785 2049 892 2087 non
925 2035 1048 2088 licia
1079 2034 1133 2089 in
1164 2035 1318 2091 nobis
1342 2051 1469 2093 cum
1500 2037 1739 2092 fraterna
1771 2048 1962 2107 regnet
2003 2055 2129 2095 cun-

548 2121 756 2185 cordia,
805 2138 909 2193 pax
965 2124 1198 2179 interior
1240 2126 1515 2182 exteriora
1566 2125 1705 2180 bella
1744 2126 1987 2183 derideat
2034 2129 2126 2197 ⁸⁸⁸,

544 2229 668 2267 cum
699 2213 908 2269 sincera
949 2215 1244 2271 sobrietate
1269 2217 1411 2273 adsit
1456 2217 1561 2272 cibi
1597 2219 1954 2284 temperantia
2004 2236 2130 2280 caro

545 2304 642 2360 Dei
706 2305 973 2376 adjutorio
1031 2307 1303 2363 castitatis
1362 2311 1650 2367 edometur
1726 2310 1957 2381 legibus.
2023 2313 2131 2369 Pro

547 2394 755 2449 ambitu
790 2404 1132 2454 terrenarum
1163 2400 1433 2469 appetitus
1466 2402 1648 2457 veniat
1675 2403 1966 2459 caelestium
2032 2418 2132 2479 pro

546 2502 739 2541 antore
758 2489 1043 2557 pnesentls
1088 2492 1259 2546 seculi
1310 2508 1603 2563 numquam
1638 2494 1892 2549 dormitet
1938 2497 2132 2551 horror

544 2576 757 2647 iudicii,
800 2580 1073 2648 praedonis
1120 2581 1327 2637 ferrum
1362 2585 1590 2640 retunde
1621 2586 1689 2618 ⁸⁵⁷
1720 2585 1966 2652 visibilis,
1994 2587 2134 2642 mul-

547 2677 710 2739 tuque
739 2671 909 2742 magis
941 2672 1125 2727 hostes
1150 2690 1337 2743 preme
1379 2675 1450 2707 ⁸⁸⁸
1503 2675 1823 2734 invisibiles.
1865 2677 1959 2734 isti
1986 2678 2131 2734 enim

547 2767 747 2812 necant
790 2760 999 2814 animas
1045 2763 1138 2826 “9,
1191 2763 1267 2817 illi
1320 2764 1425 2818 nisi
1460 2764 1744 2822 exteriora
1796 2768 2009 2835 tollant,
2057 2768 2134 2823 nil

552 2858 721 2918 agunt
748 2851 999 2920 amplius.
1050 2853 1330 2910 Neminem
1381 2858 1447 2912 de
1495 2873 1656 2929 grege
1703 2868 1795 2914 tuo
1835 2857 2138 2915 Veliemolit

552 2937 701 3006 (Ιυὺ.
728 2955 814 3003 χι,
847 2940 932 3011 ιθ)
961 2941 1103 2997 illius
1127 2945 1511 3011 crudelissimi,
1537 2948 1734 3003 obnixe
1758 2949 2132 3017 deprecamur,

550 3026 700 3080 sinas
739 3039 958 3098 gutture
994 3032 1273 3089 absorberi
1329 3036 1446 3101 m;
1498 3038 1592 3092 sed
1639 3039 1682 3092 si
1718 3054 1879 3109 quem
1918 3049 2133 3095 tuorum

553 3118 807 3174 dentions
853 3122 1165 3192 arripuerit,
1195 3139 1318 3180 eum
1344 3142 1441 3196 pro
1490 3128 1596 3183 tuis
1642 3130 1854 3185 meritis
1895 3131 2133 3186 circum-

553 3207 843 3301 plectentis
917 3214 1143 3270 armillae
1207 3218 1384 3285 gratia
1438 3232 1536 3288 per
1590 3220 1824 3275 maxilla:
1890 3219 2138 3283 foramen

556 3297 768 3354 liberet.
813 3298 921 3356 Ora
945 3302 1012 3335 ⁸⁸¹
1040 3320 1138 3374 pro
1184 3306 1462 3376 Spiritibus
1505 3326 1714 3374 eorum,
1745 3325 1880 3379 quos
1911 3312 2008 3366 tibi
2037 3314 2141 3369 liae

555 3388 612 3442 in
644 3390 833 3445 eadem
858 3393 1101 3450 (ecclesia
1121 3396 1383 3454 Dominus
1406 3402 1719 3472 aggregavit
1758 3402 1828 3434 ⁸⁸⁸
1858 3408 2141 3461 retroactis

559 3481 916 3549 temporibus.
971 3483 1078 3541 Ora
1126 3499 1402 3557 postremo
1455 3508 1553 3562 pro
1599 3495 1849 3550 omnibus
1900 3506 1955 3551 et
2000 3497 2140 3553 viam

558 3571 825 3627 universa:
868 3577 1048 3633 carnis
1094 3579 1385 3648 ingressis,
1432 3590 1490 3636 et
1533 3583 1805 3640 modernis
1831 3586 1922 3655 qui
1952 3587 2143 3643 eodem

558 3661 855 3729 tendimus,
875 3674 930 3720 et
959 3671 1237 3738 sequentis
1265 3673 1367 3726 aevi
1399 3673 1649 3743 posteris,
1683 3683 1741 3728 ut
1767 3690 1955 3732 omnes
1984 3678 2147 3732 simul

558 3754 628 3808 ab
655 3756 933 3814 auditione
960 3761 1096 3815 mala
1127 3763 1419 3820 liberemur
1465 3766 1520 3820 in
1566 3768 1799 3823 adventu
1824 3769 2044 3839 judiris.
2078 3770 2149 3827 Ut

558 3844 663 3899 hoc
715 3849 915 3917 possis,
961 3861 1089 3921 aput
1139 3845 1560 3928 primogenitum
1612 3875 1770 3914 suum
1823 3860 2040 3930 adjuvet
2092 3873 2144 3916 te

561 3934 887 3997 Tltcodoelte
908 3945 1132 4014 optima,
1161 3963 1394 4019 namque
1414 3950 1573 4006 debet
1602 3952 1696 4007 tibi
1718 3953 1938 4022 suisque
1965 3964 2140 4010 tecum

564 4031 813 4086 servulis.
847 4033 1119 4092 Concedat
1167 4056 1264 4095 nos
1294 4041 1435 4096 idem
1478 4043 1674 4105 vestris
1701 4056 1909 4099 meritis
1941 4062 2039 4101 nos
2069 4057 2140 4103 tta

563 4119 666 4175 sibi
697 4121 899 4187 virere,
943 4136 1002 4179 ut
1027 4126 1269 4196 placatus
1295 4129 1450 4186 nobis
1476 4141 1733 4201 appareat
1759 4132 1811 4187 in
1852 4133 2147 4191 novissimo

570 4211 800 4268 districti
833 4216 918 4270 die
946 4220 1243 4287 examinis;
1276 4222 1363 4276 cui
1388 4222 1461 4278 sit
1488 4239 1611 4277 cum
1651 4233 1855 4280 mtcrno
1893 4225 2053 4282 Patre
2093 4238 2150 4284 et
2175 4219 2229 4279 D

571 4301 775 4372 Spiritu
809 4318 1000 4365 sancto
1037 4310 1154 4368 laus
1187 4322 1239 4368 et
1284 4313 1449 4385 gloria
1479 4329 1574 4384 per
1604 4315 1811 4371 inﬁnita
1859 4321 2036 4373 secula
2067 4336 2154 4377 se-

572 4393 837 4451 culorum.
872 4400 1043 4456 Amen
1071 4404 1160 4457 ⁸⁶³.
1195 4404 1314 4461 Jam
1353 4406 1550 4461 dudum
1598 4408 1808 4478 longius
1852 4426 1881 4465 a
1919 4416 2153 4483 suscepti

2219 388 2555 458 propositum
2585 389 2872 444 redeamus

2654 481 2741 537 16.
2781 481 2861 537 De
2894 499 3077 538 sancto
3113 482 3374 553 Haperm.

2290 570 2458 644 Igitur
2484 573 2745 629 successit
2774 583 2965 628 sancto
2989 573 3281 628 Lamberto
3305 573 3635 629 venerabilis
3659 584 3817 643 pater

2221 663 2493 736 llupertas
2520 665 2633 737 (an.
2666 664 2793 735 708)
2824 664 2877 723 in
2910 664 3104 719 ordine
3128 665 3423 736 episcopali
3460 665 3808 729 tricesimus;

2220 754 2374 823 cuius
2403 755 2573 809 vitam
2598 754 2689 823 qui
2716 753 2929 824 plenius
2959 755 3118 809 nosse
3139 752 3435 817 volunt,ad
3466 753 3647 807 Vitam
3674 754 3811 819 ejus,

2222 862 2342 917 qua:
2394 847 2688 901 virtutibus
2753 844 2911 915 plena
2984 854 3115 915 aput
3181 860 3282 899 nos
3332 844 3567 899 habetur
3610 845 3813 900 descri-

2223 949 2313 1006 pta
2368 936 2517 1007 (398)
2548 976 2567 1002 ,
2621 943 2928 989 recttn’ant.
2980 932 3088 987 Sed
3138 949 3208 989 ne
3257 934 3532 988 noscunt
3600 934 3817 988 silentio

2222 1029 2533 1099 praeterisse
2579 1022 2881 1090 videamur,
2918 1033 3131 1080 tantum
3159 1025 3226 1081 de
3258 1040 3322 1080 eo
3352 1024 3620 1087 dicamus,
3649 1038 3816 1093 quan-

2223 1128 2340 1175 tum
2399 1117 2699 1173 scientibus
2755 1132 2864 1171 non
2936 1116 3009 1171 sit
3059 1130 3350 1171 onerosum
3380 1155 3396 1181 ,
3445 1131 3549 1171 nec
3598 1116 3825 1171 omnino

2225 1209 2602 1279 ignorantibus
2653 1208 2968 1263 obscurum.
3044 1205 3148 1260 Hic
3201 1221 3325 1261 cum
3401 1207 3621 1263 ossibus
3677 1206 3823 1260 beati

2196 1300 2199 1303 λ
2224 1297 2504 1355 Lamberti
2546 1296 2694 1367 (599)
2727 1297 2989 1351 Leodium
3020 1295 3302 1351 transtulit
3325 1298 3509 1351 sedem
3536 1296 3828 1366 episcopii,

2225 1406 2345 1461 qua:
2404 1398 2633 1443 eatenus
2689 1385 2995 1441 habebatur
3039 1384 3298 1458 Traiecti.
3342 1387 3466 1457 ipse
3502 1386 3741 1455 primum
3770 1385 3825 1439 in

2224 1476 2413 1531 humili
2456 1476 2661 1532 Leodio
2692 1515 2708 1541 ,
2763 1476 2875 1530 Deo
2922 1475 3221 1544 opitulante
3249 1516 3265 1540 ,
3317 1473 3599 1545 religionis
3644 1474 3829 1541 posuit

2228 1568 2663 1631 fundamentum,
2699 1579 2862 1619 unam
2895 1572 3106 1621 tantum
3145 1564 3448 1622 tecetesiam
3495 1564 3834 1629 ordinando,

2229 1656 2562 1725 eandemque
2592 1671 2690 1726 pro
2722 1654 2978 1724 temporis
3007 1655 3376 1725 oportunitate
3410 1652 3641 1709 fabricis
3664 1662 3830 1707 crete-

2230 1748 2413 1816 risque
2457 1745 2757 1817 insignibus
2818 1744 3154 1801 adornando.
3203 1743 3303 1800 Jus
3338 1744 3499 1799 civile
3540 1744 3829 1815 Oppidanis

2232 1837 2442 1901 tribuit,
2490 1837 2663 1890 vitam
2705 1843 2761 1889 et
2809 1848 2993 1890 mores
3037 1834 3277 1904 ipsorum
3328 1832 3629 1900 disciplinae
3679 1830 3837 1886 freno
3882 1822 3892 1830 ’

2230 1925 2555 1994 composuit.
2586 1923 2807 1980 Libram
2835 1924 3015 1995 panis,
3045 1923 3235 1980 libram
3269 1923 3379 1977 vini
3406 1964 3422 1989 ,
3454 1923 3831 1990 mediumque,

2229 2030 2351 2087 quin
2396 2015 2680 2070 nobiscum
2732 2023 3084 2085 perseverant
3119 2028 3290 2085 usque
3320 2014 3499 2075 hodie.
3548 2012 3833 2082 sapienter

2231 2106 2516 2161 constituit
2544 2106 2654 2159 '“.
2688 2104 2929 2160 Tandem
2976 2105 3161 2161 multis
3205 2106 3497 2161 virtutibus
3535 2104 3752 2175 plenus,
3777 2102 3833 2156 in

2231 2204 2508 2252 senectute
2535 2197 2676 2253 bona
2723 2197 2964 2268 migrans
3010 2213 3076 2251 ao
3125 2197 3412 2254 Dominum
3445 2196 3557 2268 (an.
3607 2197 3759 2264 727),
3797 2211 3828 2250 a

2232 2293 2403 2344 semet
2447 2286 2704 2340 dictatam
2734 2286 2787 2341 in
2832 2287 3089 2353 ecclesia,
3119 2303 3240 2357 qua:
3266 2303 3411 2342 nunc
3442 2297 3527 2342 est
3554 2286 3834 2356 apostolo-

2236 2366 2357 2431 tum
2384 2374 2676 2444 principis,
2704 2375 2845 2445 apud
2891 2391 2991 2430 nos
3018 2376 3224 2446 accepit
3255 2376 3614 2446 sepulturam.
3641 2378 3699 2430 lu
3727 2392 3831 2446 qua

2234 2483 2357 2525 cum
2401 2477 2526 2538 post
2572 2465 2914 2536 septuaginta
2984 2482 3158 2522 annos
3205 2482 3433 2537 corpore
3479 2466 3588 2521 iam
3641 2466 3838 2521 futura:

2236 2559 2657 2616 resurrectionis
2695 2558 2862 2628 gloria
2900 2559 3178 2614 demutan
3224 2559 3583 2622 inveniretur,
3609 2557 3834 2613 obtentu

2235 2649 2537 2716 Ludovviei,
2568 2649 2665 2703 filii
2701 2648 2884 2704 Karoli
2914 2647 3115 2719 Magni,
3167 2648 3223 2704 in
3254 2664 3453 2721 pagum
3482 2648 3832 2703 Arduennam

2236 2750 2322 2797 est
2368 2740 2661 2797 translatus
2701 2739 2852 2813 (400)
2884 2739 2998 2811 (an.
3026 2740 3154 2811 825)
3184 2779 3202 2805 ,
3247 2741 3433 2812 ibique
3473 2756 3543 2796 ex
3581 2740 3658 2773 “'
3702 2740 3839 2795 satis

2238 2833 2433 2903 amplis
2491 2833 2758 2889 reditibus
2816 2833 3057 2888 ﬁdelium
3111 2833 3402 2889 devotione
3456 2833 3657 2888 oblatis
3706 2846 3841 2903 pro-7

2237 2926 2415 2996 prium
2471 2919 2550 2982 illi
2608 2925 2886 2982 conditum
2945 2934 3030 2982 est
3076 2925 3466 2982 monasterium
3515 2924 3666 2997 (401)
3721 2926 3832 2995 (ait.

2163 2989 2209 3051 C
2240 2989 2388 3091 sn).

2647 3109 2737 3164 17.
2772 3109 2851 3163 De
2885 3119 3065 3165 sancto
3100 3107 3427 3164 Florzberto.

2310 3200 2442 3257 Post
2472 3199 2618 3255 hunc
2656 3199 2719 3254 '5!
2753 3199 3125 3270 episcopatum
3175 3199 3417 3270 suscepit
3463 3198 3833 3260 Florebcrtus,

2242 3290 2417 3344 dictus
2451 3289 2692 3359 quidem,
2722 3298 2781 3343 ut
2812 3288 3085 3360 vulgatum
3126 3300 3229 3351 est,
3263 3289 3437 3345 sancti
3465 3287 3837 3344 antecesseris

2245 3379 2385 3434 illius
2427 3377 2600 3450 (40%).
2665 3377 2835 3445 Quem
2898 3378 2944 3433 si
3005 3379 3242 3433 carnalis
3305 3379 3445 3432 idem
3505 3387 3664 3448 pater
3714 3384 3835 3429 ante

2246 3476 2449 3523 sancta:
2504 3467 2782 3539 religionis
2859 3469 3142 3539 generavit
3202 3467 3487 3531 habitum,
3555 3464 3728 3519 nichil
3772 3463 3836 3518 de

2247 3558 2510 3629 dignitate
2559 3559 2813 3629 derogari
2859 3568 3037 3628 potest
3083 3557 3364 3624 alterutri;
3403 3556 3488 3612 sin
3517 3571 3650 3611 vero
3681 3554 3839 3625 spiri-

2249 3652 2410 3706 tualis
2457 3652 2596 3705 alter
2644 3650 2800 3706 alteri
2843 3653 2985 3721 patri
3042 3660 3161 3706 erat
3215 3650 3377 3713 illius,
3425 3649 3596 3704 nichil
3650 3649 3832 3711 obest,

2250 3743 2416 3798 immo
2463 3743 2692 3797 mulzum
2744 3743 3004 3813 prodest,
3053 3742 3365 3818 spirituales
3412 3740 3552 3797 lilios
3589 3740 3637 3794 si
3685 3740 3837 3795 bonis

2249 3834 2505 3904 patribus
2539 3831 2828 3904 contigerit
2880 3834 3193 3889 succedere.
3251 3820 3434 3902 llujus
3466 3847 3672 3902 corpus
3710 3845 3833 3884 cum

2248 3926 2412 3981 Petro
2459 3934 2513 3979 et
2544 3925 2818 3981 Audoleco
2846 3924 2939 3993 ⁸⁸⁸,
2988 3926 3080 3996 qui
3123 3926 3289 3980 occisi
3341 3935 3468 3981 sunt
3511 3940 3639 3979 cum
3683 3923 3837 3977 beato

2250 4017 2561 4084 Lamberto,
2622 4032 2729 4073 uno
2780 4016 3141 4087 compositum
3191 4024 3278 4071 est
3330 4013 3623 4086 sepulchro
3689 4010 3834 4083 (403)

2250 4110 2363 4182 (an.
2404 4109 2552 4181 746).

2664 4202 2751 4257 18.
2793 4199 2870 4256 De
2909 4201 3031 4256 aliis
3079 4202 3111 4257 7
3156 4199 3429 4271 episcopis.

2331 4292 2661 4348 Tricesimus
2685 4296 2953 4348 secundus
3002 4294 3144 4349 sedit
3186 4292 3504 4363 Fulgarieus
3559 4288 3631 4321 ⁸⁸⁷
3690 4286 3837 4355 (401)

2260 4387 2375 4457 (an.
2410 4385 2559 4455 769),
2585 4385 2714 4439 55M
2746 4385 3067 4457 Agillridus,
3085 4384 3152 4440 ad
3179 4398 3340 4456 quem
3363 4379 3595 4437 Karolus
3619 4377 3836 4448 ﬂagitas

1865 4541 2094 4631 VARlAE
2132 4540 2536 4598 LECTIO‘NES.

639 4674 710 4751 ﬁ“
750 4675 828 4751 sic
947 4675 1150 4751 ipsa}.
1179 4678 1235 4732 2.
1262 4678 1347 4751 3.“
1392 4677 1459 4751 ⁸ξ¹
1496 4677 1683 4751 ξονι..
1700 4676 1965 4751 nos___l.2.
1996 4679 2048 4751 _5.
2094 4693 2201 4732 non
2230 4708 2299 4751 -έ
2332 4676 2559 4751 praesule
2603 4672 2854 4751 desunt}?
2963 4672 3019 4728 2.
3088 4673 3165 4751 ι⁸ξ²
3202 4689 3230 4727 c
3257 4686 3445 4751 rasura
3476 4668 3554 4751 2.⁹
3580 4668 3681 4751 ’⁸³ξ
3717 4682 3835 4751 pru-

568 4744 742 4816 rigine
777 4745 817 4797 Β
857 4747 908 4800 1.
944 4738 997 4799 Ξ.
1061 4746 1148 4816 7‘“
1185 4746 1383 4816 repelle
1411 4747 1464 4799 2i.
1498 4747 1539 4802 Β
1575 4748 1620 4799 l.
1653 4745 1711 4816 2.
1784 4746 1855 4778 ⁸⁵⁸
1893 4748 2174 4815 sopiantur
2216 4738 2416 4801 addunt
2448 4746 2487 4816 Β
2522 4747 2567 4799 1.
2600 4748 2655 4799 9..
2686 4815 2691 4816 ν
2728 4742 2800 4816 ξ⁵⁶
2828 4742 3027 4816 bellare
3059 4743 3225 4796 rideat
3341 4739 3481 4816 bella
3511 4740 3695 4816 rideat
3717 4742 3754 4786 lt
3783 4738 3834 4816 l.

565 4813 642 4872 2(
698 4813 767 4847 ⁸⁸⁷
802 4817 1033 4870 reconde
1058 4815 1098 4869 Β
1128 4818 1175 4870 l.
1204 4813 1258 4870 ἓξ
1335 4817 1406 4849 ⁸⁸⁸
1436 4819 1576 4871 deest
1603 4818 1656 4871 5.
1690 4815 1743 4869 4.
1820 4816 1891 4848 ⁸⁸⁸
1922 4813 2155 4872 animum
2182 4817 2236 4870 ἆ.
2315 4818 2387 4850 ⁸⁵³
2416 4815 2695 4870 absorberi
2729 4814 2779 4868 1.

668 4885 714 4956 1.
743 4885 796 4939 Εὶ.
823 4887 1317 4956 ῥηὶείάεδὶάετηιην.
1420 4887 1488 4919 ⁸⁶¹
1526 4887 1873 4956 congregavit
1897 4887 1949 4956 5.
1973 4886 2027 4938 ιι.

2855 4813 2922 4844 ⁶⁶¹
2963 4813 3017 4864 in
3047 4810 3374 4882 sequentibus
3404 4808 3558 4882 longe
3586 4807 3829 4882 diligunt:

2129 4887 2199 4920 ⁸⁸³
2237 4885 2424 4941 Passio
2469 4884 2739 4937 Latnbertl
2768 4882 2954 4935 linitur
2982 4875 3226 4951 prtes'ults
3263 4880 3368 4935 alm
3398 4893 3414 4932 :
3442 4875 3759 4948 iu'ruargiue
3778 4875 3826 4928 ἱ.

577 4953 649 4984 ⁸η*
684 4955 916 5010 instituit
944 4955 1003 5009 B.
1049 4958 1096 5011 1.
1130 4958 1183 5011 2.
1259 4957 1331 4989 ⁸ί⁵
1372 4958 1510 5010 deest
1549 4956 1603 5010 4.
1637 4953 1652 4956 ⁷
1680 4956 1751 4988 ⁸⁸⁸
1780 4955 2044 5009 Andoleto
2070 4956 2111 5009 Β
2140 4958 2181 5011 1.
2212 4956 2267 5010 2.

2356 4955 2425 4987 ⁸⁸⁷
2455 4953 2738 5009 Fulcarius
2767 4952 2833 5006 Β.
2861 4953 2918 5006 1.

2108 5109 2312 5165 NOTAE
2321 5109 2364 5177 ,ζ

649 5216 795 5252 ΙἍΩΩΧ
834 5219 935 5252 νη
1002 5219 1041 5252 ς
1107 5219 1328 5252 Νηιηνιῖ

1381 5219 1552 5252 ιἿΙηηὶ
1601 5221 1669 5252 n'ts
1723 5232 1942 5252 ηιιιιίιινη
1971 5238 2148 5252 neum-1..

2258 5221 2359 5252 ατο
