  <div class='ocr_page' id='page_1' title='image "/cluster/home/n/w/nwhite01/storage/ocr_20150623/139/hvd.32044015471782/549.png"; bbox 0 0 4094 5252; ppageno 0'>
   <div class='ocr_carea' id='block_1_1' title="bbox 539 353 675 411">
    <p class='ocr_par' dir='ltr' id='par_1_1' title="bbox 539 353 675 411">
     <span class='ocr_line' id='line_1_1' title="bbox 539 353 675 411; baseline -0.015 -1"><span class='ocrx_word' id='word_1_1' title='bbox 539 353 675 411; x_wconf 66' lang='lat'><strong>{037</strong></span> 
     </span>
    </p>
   </div>
   <div class='ocr_carea' id='block_1_2' title="bbox 1072 360 2123 424">
    <p class='ocr_par' dir='ltr' id='par_1_2' title="bbox 1072 360 2102 419">
     <span class='ocr_line' id='line_1_2' title="bbox 1072 360 2102 419; baseline 0.003 -4"><span class='ocrx_word' id='word_1_2' title='bbox 1072 361 1397 417; x_wconf 67' lang='lat' dir='ltr'><strong>lltiltlcllltl</strong></span> <span class='ocrx_word' id='word_1_3' title='bbox 1440 361 1525 415; x_wconf 81' lang='grc' dir='ltr'><strong>ΕΤ</strong></span> <span class='ocrx_word' id='word_1_4' title='bbox 1550 361 1850 417; x_wconf 75' lang='lat' dir='ltr'><strong>ANSELMI</strong></span> <span class='ocrx_word' id='word_1_5' title='bbox 1877 360 2102 419; x_wconf 80' lang='lat' dir='ltr'><strong>CESTA</strong></span> 
     </span>
    </p>
   </div>
   <div class='ocr_carea' id='block_1_3' title="bbox 2223 360 3227 424">
    <p class='ocr_par' dir='ltr' id='par_1_3' title="bbox 2223 363 3227 424">
     <span class='ocr_line' id='line_1_3' title="bbox 2223 363 3227 424; baseline -0.002 -4"><span class='ocrx_word' id='word_1_6' title='bbox 2223 363 2342 422; x_wconf 87' lang='lat' dir='ltr'><strong>lSC.</strong></span> <span class='ocrx_word' id='word_1_7' title='bbox 2375 366 2629 423; x_wconf 79' lang='lat' dir='ltr'><strong>TANGR.</strong></span> <span class='ocrx_word' id='word_1_8' title='bbox 2672 365 2863 424; x_wconf 75' lang='lat' dir='ltr'><strong>TRAJ.</strong></span> <span class='ocrx_word' id='word_1_9' title='bbox 2901 364 2991 422; x_wconf 77' lang='grc' dir='ltr'><strong>ΕΤ</strong></span> <span class='ocrx_word' id='word_1_10' title='bbox 3025 364 3227 424; x_wconf 70' lang='grc' dir='ltr'><strong>ιεοο.</strong></span> 
     </span>
    </p>
   </div>
   <div class='ocr_carea' id='block_1_4' title="bbox 3660 358 3799 417">
    <p class='ocr_par' dir='ltr' id='par_1_4' title="bbox 3660 358 3799 417">
     <span class='ocr_line' id='line_1_4' title="bbox 3660 358 3799 417; baseline 0.022 -3"><span class='ocrx_word' id='word_1_11' title='bbox 3660 358 3799 417; x_wconf 70' lang='grc'><strong>1038</strong></span> 
     </span>
    </p>
   </div>
   <div class='ocr_carea' id='block_1_5' title="bbox 534 469 3800 549">
    <p class='ocr_par' dir='ltr' id='par_1_5' title="bbox 534 469 3800 549">
     <span class='ocr_line' id='line_1_5' title="bbox 534 469 3800 549; baseline 0.002 -28"><span class='ocrx_word' id='word_1_12' title='bbox 534 469 586 521; x_wconf 90' lang='lat' dir='ltr'><strong>iu</strong></span> <span class='ocrx_word' id='word_1_13' title='bbox 628 484 761 531; x_wconf 58' lang='grc' dir='ltr'><strong>(περ</strong></span> <span class='ocrx_word' id='word_1_14' title='bbox 784 469 1024 525; x_wconf 72' lang='grc' dir='ltr'>ῐίιόηειιι</span> <span class='ocrx_word' id='word_1_15' title='bbox 1055 472 1265 540; x_wconf 67' lang='lat' dir='ltr'><strong>longius</strong></span> <span class='ocrx_word' id='word_1_16' title='bbox 1288 475 1355 528; x_wconf 65' lang='lat' dir='ltr'><strong>ab</strong></span> <span class='ocrx_word' id='word_1_17' title='bbox 1377 473 1479 528; x_wconf 90' lang='lat' dir='ltr'><strong>hac</strong></span> <span class='ocrx_word' id='word_1_18' title='bbox 1501 473 1632 528; x_wconf 86' lang='lat' dir='ltr'>urbe</span> <span class='ocrx_word' id='word_1_19' title='bbox 1658 474 1956 541; x_wconf 89' lang='lat' dir='ltr'><strong>discedere,</strong></span> <span class='ocrx_word' id='word_1_20' title='bbox 1975 489 2113 543; x_wconf 85' lang='lat' dir='ltr'><strong>quos</strong></span> <span class='ocrx_word' id='word_1_21' title='bbox 2145 480 2190 537; x_wconf 80' lang='grc' dir='ltr'><strong>Α</strong></span> <span class='ocrx_word' id='word_1_22' title='bbox 2225 476 2497 540; x_wconf 84' lang='lat' dir='ltr'><strong>cubuerit,</strong></span> <span class='ocrx_word' id='word_1_23' title='bbox 2543 478 2745 549; x_wconf 84' lang='lat' dir='ltr'><strong>quique</strong></span> <span class='ocrx_word' id='word_1_24' title='bbox 2792 477 2892 549; x_wconf 87' lang='lat' dir='ltr'><strong>ipsi</strong></span> <span class='ocrx_word' id='word_1_25' title='bbox 2943 475 3254 532; x_wconf 89' lang='lat' dir='ltr'><strong>durioribus</strong></span> <span class='ocrx_word' id='word_1_26' title='bbox 3299 487 3429 544; x_wconf 87' lang='lat' dir='ltr'><strong>sepe</strong></span> <span class='ocrx_word' id='word_1_27' title='bbox 3474 471 3800 542; x_wconf 87' lang='lat' dir='ltr'><strong>superandis</strong></span> 
     </span>
    </p>
   </div>
   <div class='ocr_carea' id='block_1_6' title="bbox 535 559 2112 634">
    <p class='ocr_par' dir='ltr' id='par_1_6' title="bbox 535 559 2112 634">
     <span class='ocr_line' id='line_1_6' title="bbox 535 559 2112 634; baseline 0.006 -23"><span class='ocrx_word' id='word_1_28' title='bbox 535 559 843 629; x_wconf 73' lang='lat' dir='ltr'><strong>reliquisset</strong></span> <span class='ocrx_word' id='word_1_29' title='bbox 892 562 1158 617; x_wconf 86' lang='lat' dir='ltr'><strong>scalarum</strong></span> <span class='ocrx_word' id='word_1_30' title='bbox 1210 566 1532 634; x_wconf 70' lang='lat' dir='ltr'><strong>magistros,</strong></span> <span class='ocrx_word' id='word_1_31' title='bbox 1580 566 1776 620; x_wconf 73' lang='lat' dir='ltr'><strong>litteris</strong></span> <span class='ocrx_word' id='word_1_32' title='bbox 1827 566 2112 631; x_wconf 86' lang='lat' dir='ltr'><strong>animare,</strong></span> 
     </span>
    </p>
   </div>
   <div class='ocr_carea' id='block_1_7' title="bbox 536 650 2116 721">
    <p class='ocr_par' dir='ltr' id='par_1_7' title="bbox 536 650 2116 721">
     <span class='ocr_line' id='line_1_7' title="bbox 536 650 2116 721; baseline 0.007 -21"><span class='ocrx_word' id='word_1_33' title='bbox 536 650 666 721; x_wconf 75' lang='lat' dir='ltr'><strong>ipsis</strong></span> <span class='ocrx_word' id='word_1_34' title='bbox 695 652 889 705; x_wconf 86' lang='lat' dir='ltr'><strong>crebro</strong></span> <span class='ocrx_word' id='word_1_35' title='bbox 937 653 1078 708; x_wconf 79' lang='lat' dir='ltr'><strong>dulci</strong></span> <span class='ocrx_word' id='word_1_36' title='bbox 1130 657 1373 713; x_wconf 82' lang='lat' dir='ltr'><strong>carmine</strong></span> <span class='ocrx_word' id='word_1_37' title='bbox 1416 655 1661 712; x_wconf 79' lang='lat' dir='ltr'><strong>alludere</strong></span> <span class='ocrx_word' id='word_1_38' title='bbox 1709 656 1939 719; x_wconf 84' lang='lat' dir='ltr'><strong>solebat,</strong></span> <span class='ocrx_word' id='word_1_39' title='bbox 1977 657 2116 711; x_wconf 69' lang='lat' dir='ltr'><strong>aleo</strong></span> 
     </span>
    </p>
   </div>
   <div class='ocr_carea' id='block_1_8' title="bbox 534 742 2117 817">
    <p class='ocr_par' dir='ltr' id='par_1_8' title="bbox 534 742 2117 817">
     <span class='ocr_line' id='line_1_8' title="bbox 534 742 2117 817; baseline 0.004 -24"><span class='ocrx_word' id='word_1_40' title='bbox 534 742 734 808; x_wconf 82' lang='lat' dir='ltr'><strong>quibus</strong></span> <span class='ocrx_word' id='word_1_41' title='bbox 787 757 1026 809; x_wconf 67' lang='lat' dir='ltr'><strong>priesens</strong></span> <span class='ocrx_word' id='word_1_42' title='bbox 1081 748 1423 816; x_wconf 65' lang='lat' dir='ltr'><strong>congiulere</strong></span> <span class='ocrx_word' id='word_1_43' title='bbox 1470 763 1575 801; x_wconf 88' lang='lat' dir='ltr'><strong>non</strong></span> <span class='ocrx_word' id='word_1_44' title='bbox 1613 756 1846 817; x_wconf 83' lang='lat' dir='ltr'><strong>poterat,</strong></span> <span class='ocrx_word' id='word_1_45' title='bbox 1875 748 1949 800; x_wconf 93' lang='lat' dir='ltr'><strong>uti</strong></span> <span class='ocrx_word' id='word_1_46' title='bbox 1996 758 2117 802; x_wconf 79' lang='lat' dir='ltr'><strong>erat</strong></span> 
     </span>
    </p>
   </div>
   <div class='ocr_carea' id='block_1_9' title="bbox 535 830 2114 907">
    <p class='ocr_par' dir='ltr' id='par_1_9' title="bbox 535 830 2114 907">
     <span class='ocr_line' id='line_1_9' title="bbox 535 830 2114 907; baseline 0.004 -21"><span class='ocrx_word' id='word_1_47' title='bbox 535 830 903 898; x_wconf 74' lang='lat' dir='ltr'><strong>imperialibus</strong></span> <span class='ocrx_word' id='word_1_48' title='bbox 926 835 1117 891; x_wconf 87' lang='lat' dir='ltr'><strong>edictis</strong></span> <span class='ocrx_word' id='word_1_49' title='bbox 1137 837 1424 899; x_wconf 73' lang='lat' dir='ltr'><strong>obnoxius,</strong></span> <span class='ocrx_word' id='word_1_50' title='bbox 1455 853 1580 905; x_wconf 78' lang='lat' dir='ltr'><strong>sepe</strong></span> <span class='ocrx_word' id='word_1_51' title='bbox 1608 839 1674 891; x_wconf 92' lang='lat' dir='ltr'><strong>ab</strong></span> <span class='ocrx_word' id='word_1_52' title='bbox 1700 839 1871 904; x_wconf 85' lang='lat' dir='ltr'><strong>italia,</strong></span> <span class='ocrx_word' id='word_1_53' title='bbox 1899 853 2025 907; x_wconf 83' lang='lat' dir='ltr'><strong>sepe</strong></span> <span class='ocrx_word' id='word_1_54' title='bbox 2044 837 2114 869; x_wconf 73' lang='lat'><strong>&quot;7</strong></span> 
     </span>
    </p>
   </div>
   <div class='ocr_carea' id='block_1_10' title="bbox 536 922 2112 998">
    <p class='ocr_par' dir='ltr' id='par_1_10' title="bbox 536 922 2112 998">
     <span class='ocr_line' id='line_1_10' title="bbox 536 922 2112 998; baseline 0.004 -23"><span class='ocrx_word' id='word_1_55' title='bbox 536 937 567 975; x_wconf 87' lang='lat' dir='ltr'><strong>a</strong></span> <span class='ocrx_word' id='word_1_56' title='bbox 589 922 859 989; x_wconf 76' lang='lat' dir='ltr'><strong>Calabria,</strong></span> <span class='ocrx_word' id='word_1_57' title='bbox 902 938 961 981; x_wconf 86' lang='grc' dir='ltr'><strong>ιιι</strong></span> <span class='ocrx_word' id='word_1_58' title='bbox 987 943 1146 981; x_wconf 88' lang='lat' dir='ltr'><strong>caros</strong></span> <span class='ocrx_word' id='word_1_59' title='bbox 1175 928 1333 998; x_wconf 82' lang='lat' dir='ltr'><strong>filios,</strong></span> <span class='ocrx_word' id='word_1_60' title='bbox 1366 931 1433 983; x_wconf 87' lang='lat' dir='ltr'><strong>ad</strong></span> <span class='ocrx_word' id='word_1_61' title='bbox 1461 930 1531 962; x_wconf 81' lang='grc'><strong>⁹⁰⁸</strong></span> <span class='ocrx_word' id='word_1_62' title='bbox 1556 931 1735 985; x_wconf 87' lang='lat' dir='ltr'><strong>studia</strong></span> <span class='ocrx_word' id='word_1_63' title='bbox 1772 930 2112 983; x_wconf 64' lang='lat' dir='ltr'><strong>incendebat.</strong></span> 
     </span>
    </p>
   </div>
   <div class='ocr_carea' id='block_1_11' title="bbox 536 1010 2117 1087">
    <p class='ocr_par' dir='ltr' id='par_1_11' title="bbox 536 1010 2117 1087">
     <span class='ocr_line' id='line_1_11' title="bbox 536 1010 2117 1087; baseline 0.004 -23"><span class='ocrx_word' id='word_1_64' title='bbox 536 1010 647 1066; x_wconf 80' lang='lat' dir='ltr'><strong>Nec</strong></span> <span class='ocrx_word' id='word_1_65' title='bbox 670 1026 795 1068; x_wconf 89' lang='lat' dir='ltr'><strong>ante</strong></span> <span class='ocrx_word' id='word_1_66' title='bbox 822 1032 851 1068; x_wconf 89' lang='lat' dir='ltr'><strong>a</strong></span> <span class='ocrx_word' id='word_1_67' title='bbox 881 1027 988 1070; x_wconf 89' lang='lat' dir='ltr'><strong>tam</strong></span> <span class='ocrx_word' id='word_1_68' title='bbox 1015 1020 1275 1087; x_wconf 70' lang='lat' dir='ltr'><strong>prmelaro</strong></span> <span class='ocrx_word' id='word_1_69' title='bbox 1314 1020 1498 1073; x_wconf 88' lang='lat' dir='ltr'><strong>labore</strong></span> <span class='ocrx_word' id='word_1_70' title='bbox 1534 1020 1762 1087; x_wconf 80' lang='lat' dir='ltr'><strong>destitit,</strong></span> <span class='ocrx_word' id='word_1_71' title='bbox 1780 1022 1950 1074; x_wconf 88' lang='lat' dir='ltr'><strong>donec</strong></span> <span class='ocrx_word' id='word_1_72' title='bbox 1981 1020 2117 1072; x_wconf 61' lang='lat' dir='ltr'><strong>nudo</strong></span> 
     </span>
    </p>
   </div>
   <div class='ocr_carea' id='block_1_12' title="bbox 536 1108 2117 1182">
    <p class='ocr_par' dir='ltr' id='par_1_12' title="bbox 536 1108 2117 1182">
     <span class='ocr_line' id='line_1_12' title="bbox 536 1108 2117 1182; baseline 0.004 -25"><span class='ocrx_word' id='word_1_73' title='bbox 536 1110 623 1157; x_wconf 86' lang='lat' dir='ltr'><strong>tos</strong></span> <span class='ocrx_word' id='word_1_74' title='bbox 663 1120 729 1159; x_wconf 78' lang='lat' dir='ltr'><strong>ex</strong></span> <span class='ocrx_word' id='word_1_75' title='bbox 791 1108 1014 1163; x_wconf 86' lang='lat' dir='ltr'><strong>rudibus</strong></span> <span class='ocrx_word' id='word_1_76' title='bbox 1066 1118 1174 1164; x_wconf 89' lang='lat' dir='ltr'><strong>tam</strong></span> <span class='ocrx_word' id='word_1_77' title='bbox 1223 1111 1596 1181; x_wconf 89' lang='lat' dir='ltr'><strong>spiritualibus</strong></span> <span class='ocrx_word' id='word_1_78' title='bbox 1638 1127 1801 1182; x_wconf 88' lang='lat' dir='ltr'><strong>quam</strong></span> <span class='ocrx_word' id='word_1_79' title='bbox 1851 1110 2117 1166; x_wconf 72' lang='lat' dir='ltr'><strong>saeculari-</strong></span> 
     </span>
    </p>
   </div>
   <div class='ocr_carea' id='block_1_13' title="bbox 534 1188 2116 1269">
    <p class='ocr_par' dir='ltr' id='par_1_13' title="bbox 534 1188 2116 1269">
     <span class='ocr_line' id='line_1_13' title="bbox 534 1188 2116 1269; baseline 0.007 -24"><span class='ocrx_word' id='word_1_80' title='bbox 534 1190 639 1247; x_wconf 78' lang='lat' dir='ltr'><strong>bus</strong></span> <span class='ocrx_word' id='word_1_81' title='bbox 687 1195 983 1265; x_wconf 77' lang='lat' dir='ltr'><strong>disciplinis</strong></span> <span class='ocrx_word' id='word_1_82' title='bbox 1038 1198 1186 1253; x_wconf 82' lang='lat' dir='ltr'><strong>brevi</strong></span> <span class='ocrx_word' id='word_1_83' title='bbox 1245 1199 1513 1269; x_wconf 88' lang='lat' dir='ltr'><strong>perfectos</strong></span> <span class='ocrx_word' id='word_1_84' title='bbox 1561 1188 1811 1255; x_wconf 85' lang='lat' dir='ltr'><strong>reddidit.</strong></span> <span class='ocrx_word' id='word_1_85' title='bbox 1871 1199 1958 1264; x_wconf 86' lang='lat' dir='ltr'><strong>Et,</strong></span> <span class='ocrx_word' id='word_1_86' title='bbox 1989 1201 2116 1268; x_wconf 83' lang='lat' dir='ltr'><strong>quia</strong></span> 
     </span>
    </p>
   </div>
   <div class='ocr_carea' id='block_1_14' title="bbox 535 1283 2115 1356">
    <p class='ocr_par' dir='ltr' id='par_1_14' title="bbox 535 1283 2115 1356">
     <span class='ocr_line' id='line_1_14' title="bbox 535 1283 2115 1356; baseline 0.004 -21"><span class='ocrx_word' id='word_1_87' title='bbox 535 1283 699 1351; x_wconf 88' lang='lat' dir='ltr'><strong>paulo</strong></span> <span class='ocrx_word' id='word_1_88' title='bbox 745 1292 870 1337; x_wconf 71' lang='lat' dir='ltr'><strong>ante</strong></span> <span class='ocrx_word' id='word_1_89' title='bbox 922 1287 1126 1340; x_wconf 88' lang='lat' dir='ltr'><strong>mentio</strong></span> <span class='ocrx_word' id='word_1_90' title='bbox 1182 1287 1372 1341; x_wconf 87' lang='lat' dir='ltr'><strong>incidit</strong></span> <span class='ocrx_word' id='word_1_91' title='bbox 1418 1287 1703 1354; x_wconf 65' lang='lat' dir='ltr'><strong>Calabriae,</strong></span> <span class='ocrx_word' id='word_1_92' title='bbox 1757 1286 2014 1356; x_wconf 82' lang='lat' dir='ltr'><strong>quiddam</strong></span> <span class='ocrx_word' id='word_1_93' title='bbox 2045 1286 2115 1319; x_wconf 80' lang='grc'><strong>⁹⁰¹</strong></span> 
     </span>
    </p>
   </div>
   <div class='ocr_carea' id='block_1_15' title="bbox 536 1374 2117 1450">
    <p class='ocr_par' dir='ltr' id='par_1_15' title="bbox 536 1374 2117 1450">
     <span class='ocr_line' id='line_1_15' title="bbox 536 1374 2117 1450; baseline 0.006 -26"><span class='ocrx_word' id='word_1_94' title='bbox 536 1374 681 1444; x_wconf 78' lang='lat' dir='ltr'><strong>quod</strong></span> <span class='ocrx_word' id='word_1_95' title='bbox 716 1375 912 1429; x_wconf 77' lang='lat' dir='ltr'><strong>ibidem</strong></span> <span class='ocrx_word' id='word_1_96' title='bbox 963 1379 1190 1449; x_wconf 78' lang='lat' dir='ltr'><strong>contigit</strong></span> <span class='ocrx_word' id='word_1_97' title='bbox 1219 1379 1310 1433; x_wconf 91' lang='lat' dir='ltr'><strong>illo</strong></span> <span class='ocrx_word' id='word_1_98' title='bbox 1340 1388 1625 1447; x_wconf 55' lang='lat' dir='ltr'><strong>praesente,</strong></span> <span class='ocrx_word' id='word_1_99' title='bbox 1652 1395 1756 1433; x_wconf 90' lang='lat' dir='ltr'><strong>non</strong></span> <span class='ocrx_word' id='word_1_100' title='bbox 1793 1379 1973 1450; x_wconf 78' lang='lat' dir='ltr'><strong>pigeat</strong></span> <span class='ocrx_word' id='word_1_101' title='bbox 2006 1395 2117 1434; x_wconf 89' lang='lat' dir='ltr'><strong>me-</strong></span> 
     </span>
    </p>
   </div>
   <div class='ocr_carea' id='block_1_16' title="bbox 536 1464 2117 1537">
    <p class='ocr_par' dir='ltr' id='par_1_16' title="bbox 536 1464 2117 1537">
     <span class='ocr_line' id='line_1_16' title="bbox 536 1464 2117 1537; baseline 0.004 -21"><span class='ocrx_word' id='word_1_102' title='bbox 536 1476 775 1516; x_wconf 87' lang='lat' dir='ltr'><strong>morare.</strong></span> <span class='ocrx_word' id='word_1_103' title='bbox 824 1464 1124 1534; x_wconf 86' lang='lat' dir='ltr'><strong>imperator</strong></span> <span class='ocrx_word' id='word_1_104' title='bbox 1172 1482 1293 1521; x_wconf 90' lang='lat' dir='ltr'><strong>cum</strong></span> <span class='ocrx_word' id='word_1_105' title='bbox 1326 1467 1567 1521; x_wconf 74' lang='lat' dir='ltr'><strong>exert-itn</strong></span> <span class='ocrx_word' id='word_1_106' title='bbox 1605 1468 1760 1537; x_wconf 84' lang='lat' dir='ltr'><strong>longe</strong></span> <span class='ocrx_word' id='word_1_107' title='bbox 1806 1483 1903 1536; x_wconf 88' lang='lat' dir='ltr'><strong>per</strong></span> <span class='ocrx_word' id='word_1_108' title='bbox 1954 1483 2117 1537; x_wconf 78' lang='lat' dir='ltr'><strong>agros</strong></span> 
     </span>
    </p>
   </div>
   <div class='ocr_carea' id='block_1_17' title="bbox 537 1556 2118 1630">
    <p class='ocr_par' dir='ltr' id='par_1_17' title="bbox 537 1556 2118 1630">
     <span class='ocr_line' id='line_1_17' title="bbox 537 1556 2118 1630; baseline 0.004 -20"><span class='ocrx_word' id='word_1_109' title='bbox 537 1556 733 1611; x_wconf 42' lang='lat' dir='ltr'><strong>diffuso</strong></span> <span class='ocrx_word' id='word_1_110' title='bbox 777 1558 1038 1615; x_wconf 69' lang='lat' dir='ltr'><strong>Calabriae</strong></span> <span class='ocrx_word' id='word_1_111' title='bbox 1092 1561 1228 1615; x_wconf 87' lang='lat' dir='ltr'><strong>lines</strong></span> <span class='ocrx_word' id='word_1_112' title='bbox 1282 1562 1499 1617; x_wconf 73' lang='lat' dir='ltr'><strong>tenebat</strong></span> <span class='ocrx_word' id='word_1_113' title='bbox 1554 1562 1734 1630; x_wconf 74' lang='grc'><strong>(459),</strong></span> <span class='ocrx_word' id='word_1_114' title='bbox 1806 1576 1927 1616; x_wconf 87' lang='lat' dir='ltr'><strong>cum</strong></span> <span class='ocrx_word' id='word_1_115' title='bbox 1989 1576 2118 1616; x_wconf 86' lang='lat' dir='ltr'><strong>ecce</strong></span> 
     </span>
    </p>
   </div>
   <div class='ocr_carea' id='block_1_18' title="bbox 538 1649 2118 1721">
    <p class='ocr_par' dir='ltr' id='par_1_18' title="bbox 538 1649 2118 1721">
     <span class='ocr_line' id='line_1_18' title="bbox 538 1649 2118 1721; baseline 0 -18"><span class='ocrx_word' id='word_1_116' title='bbox 538 1651 882 1718; x_wconf 87' lang='lat' dir='ltr'><strong>repentinum</strong></span> <span class='ocrx_word' id='word_1_117' title='bbox 916 1667 1106 1705; x_wconf 81' lang='lat' dir='ltr'><strong>oinnes</strong></span> <span class='ocrx_word' id='word_1_118' title='bbox 1153 1652 1357 1721; x_wconf 82' lang='lat' dir='ltr'><strong>ingenti</strong></span> <span class='ocrx_word' id='word_1_119' title='bbox 1401 1667 1602 1721; x_wconf 82' lang='lat' dir='ltr'><strong>pavore</strong></span> <span class='ocrx_word' id='word_1_120' title='bbox 1632 1650 1762 1706; x_wconf 90' lang='lat' dir='ltr'><strong>solis</strong></span> <span class='ocrx_word' id='word_1_121' title='bbox 1790 1650 2018 1719; x_wconf 86' lang='lat' dir='ltr'><strong>perculit</strong></span> <span class='ocrx_word' id='word_1_122' title='bbox 2045 1649 2118 1681; x_wconf 76' lang='grc'><strong>⁹¹⁰</strong></span> 
     </span>
    </p>
   </div>
   <div class='ocr_carea' id='block_1_19' title="bbox 538 1738 2119 1813">
    <p class='ocr_par' dir='ltr' id='par_1_19' title="bbox 538 1738 2119 1813">
     <span class='ocr_line' id='line_1_19' title="bbox 538 1738 2119 1813; baseline 0.003 -20"><span class='ocrx_word' id='word_1_123' title='bbox 538 1738 834 1808; x_wconf 88' lang='lat' dir='ltr'><strong>deliquium</strong></span> <span class='ocrx_word' id='word_1_124' title='bbox 866 1740 1012 1810; x_wconf 68' lang='grc' dir='ltr'><strong>(ΗΟ)</strong></span> <span class='ocrx_word' id='word_1_125' title='bbox 1070 1744 1181 1813; x_wconf 83' lang='lat' dir='ltr'><strong>(an.</strong></span> <span class='ocrx_word' id='word_1_126' title='bbox 1242 1744 1366 1807; x_wconf 84' lang='lat'><strong>968,</strong></span> <span class='ocrx_word' id='word_1_127' title='bbox 1409 1743 1533 1796; x_wconf 82' lang='lat' dir='ltr'><strong>Dec.</strong></span> <span class='ocrx_word' id='word_1_128' title='bbox 1576 1743 1717 1809; x_wconf 63' lang='lat'><strong>‘22.).</strong></span> <span class='ocrx_word' id='word_1_129' title='bbox 1748 1743 2013 1813; x_wconf 88' lang='lat' dir='ltr'><strong>Namque,</strong></span> <span class='ocrx_word' id='word_1_130' title='bbox 2059 1750 2119 1797; x_wconf 88' lang='lat' dir='ltr'><strong>ut</strong></span> 
     </span>
    </p>
   </div>
   <div class='ocr_carea' id='block_1_20' title="bbox 542 1816 2193 1905">
    <p class='ocr_par' dir='ltr' id='par_1_20' title="bbox 542 1816 2193 1905">
     <span class='ocr_line' id='line_1_20' title="bbox 542 1816 2193 1905; baseline 0.002 -21"><span class='ocrx_word' id='word_1_131' title='bbox 542 1831 722 1884; x_wconf 69' lang='lat' dir='ltr'><strong>audivi</strong></span> <span class='ocrx_word' id='word_1_132' title='bbox 773 1830 1097 1887; x_wconf 76' lang='lat' dir='ltr'><strong>referentem</strong></span> <span class='ocrx_word' id='word_1_133' title='bbox 1144 1834 1398 1889; x_wconf 87' lang='lat' dir='ltr'><strong>domuum</strong></span> <span class='ocrx_word' id='word_1_134' title='bbox 1450 1833 1748 1888; x_wconf 88' lang='lat' dir='ltr'><strong>Wazonem</strong></span> <span class='ocrx_word' id='word_1_135' title='bbox 1776 1835 2115 1905; x_wconf 85' lang='lat' dir='ltr'><strong>episcopum,</strong></span> <span class='ocrx_word' id='word_1_136' title='bbox 2149 1816 2193 1874; x_wconf 77' lang='grc' dir='ltr'><strong>Β</strong></span> 
     </span>
    </p>
   </div>
   <div class='ocr_carea' id='block_1_21' title="bbox 540 1921 2123 1992">
    <p class='ocr_par' dir='ltr' id='par_1_21' title="bbox 540 1921 2123 1992">
     <span class='ocr_line' id='line_1_21' title="bbox 540 1921 2123 1992; baseline 0.001 -17"><span class='ocrx_word' id='word_1_137' title='bbox 540 1935 667 1975; x_wconf 84' lang='lat' dir='ltr'><strong>eum</strong></span> <span class='ocrx_word' id='word_1_138' title='bbox 726 1921 949 1975; x_wconf 88' lang='lat' dir='ltr'><strong>multum</strong></span> <span class='ocrx_word' id='word_1_139' title='bbox 1006 1922 1111 1977; x_wconf 87' lang='lat' dir='ltr'><strong>diei</strong></span> <span class='ocrx_word' id='word_1_140' title='bbox 1166 1932 1512 1992; x_wconf 83' lang='lat' dir='ltr'><strong>superesset,</strong></span> <span class='ocrx_word' id='word_1_141' title='bbox 1564 1925 1788 1986; x_wconf 92' lang='lat' dir='ltr'><strong>vident,</strong></span> <span class='ocrx_word' id='word_1_142' title='bbox 1839 1924 2123 1978; x_wconf 67' lang='lat' dir='ltr'><strong>deliciznie</strong></span> 
     </span>
    </p>
   </div>
   <div class='ocr_carea' id='block_1_22' title="bbox 539 2014 2122 2085">
    <p class='ocr_par' dir='ltr' id='par_1_22' title="bbox 539 2014 2122 2085">
     <span class='ocr_line' id='line_1_22' title="bbox 539 2014 2122 2085; baseline 0.001 -17"><span class='ocrx_word' id='word_1_143' title='bbox 539 2031 575 2085; x_wconf 88' lang='lat' dir='ltr'><strong>p</strong></span> <span class='ocrx_word' id='word_1_144' title='bbox 612 2014 793 2068; x_wconf 76' lang='lat' dir='ltr'><strong>ulazim</strong></span> <span class='ocrx_word' id='word_1_145' title='bbox 835 2016 989 2079; x_wconf 85' lang='lat' dir='ltr'><strong>sole,</strong></span> <span class='ocrx_word' id='word_1_146' title='bbox 1037 2032 1158 2069; x_wconf 88' lang='lat' dir='ltr'><strong>cum</strong></span> <span class='ocrx_word' id='word_1_147' title='bbox 1213 2018 1391 2072; x_wconf 89' lang='lat' dir='ltr'><strong>adhuc</strong></span> <span class='ocrx_word' id='word_1_148' title='bbox 1449 2027 1695 2070; x_wconf 90' lang='lat' dir='ltr'><strong>maturus</strong></span> <span class='ocrx_word' id='word_1_149' title='bbox 1751 2014 1929 2080; x_wconf 88' lang='lat' dir='ltr'><strong>foret,</strong></span> <span class='ocrx_word' id='word_1_150' title='bbox 1979 2016 2122 2070; x_wconf 88' lang='lat' dir='ltr'><strong>diem</strong></span> 
     </span>
    </p>
   </div>
   <div class='ocr_carea' id='block_1_23' title="bbox 539 2100 2123 2175">
    <p class='ocr_par' dir='ltr' id='par_1_23' title="bbox 539 2100 2123 2175">
     <span class='ocr_line' id='line_1_23' title="bbox 539 2100 2123 2175; baseline 0 -18"><span class='ocrx_word' id='word_1_151' title='bbox 539 2105 690 2173; x_wconf 77' lang='lat' dir='ltr'><strong>quisi</strong></span> <span class='ocrx_word' id='word_1_152' title='bbox 734 2100 842 2173; x_wconf 88' lang='lat' dir='ltr'><strong>jam</strong></span> <span class='ocrx_word' id='word_1_153' title='bbox 892 2113 1357 2172; x_wconf 83' lang='lat' dir='ltr'><strong>vesperascentem</strong></span> <span class='ocrx_word' id='word_1_154' title='bbox 1407 2105 1749 2175; x_wconf 80' lang='lat' dir='ltr'><strong>nigrescere,</strong></span> <span class='ocrx_word' id='word_1_155' title='bbox 1801 2117 1856 2158; x_wconf 90' lang='lat' dir='ltr'><strong>et</strong></span> <span class='ocrx_word' id='word_1_156' title='bbox 1881 2120 1979 2158; x_wconf 91' lang='lat' dir='ltr'><strong>ceu</strong></span> <span class='ocrx_word' id='word_1_157' title='bbox 2020 2103 2123 2158; x_wconf 87' lang='lat' dir='ltr'><strong>sub</strong></span> 
     </span>
    </p>
   </div>
   <div class='ocr_carea' id='block_1_24' title="bbox 540 2196 2123 2267">
    <p class='ocr_par' dir='ltr' id='par_1_24' title="bbox 540 2196 2123 2267">
     <span class='ocr_line' id='line_1_24' title="bbox 540 2196 2123 2267; baseline -0.001 -16"><span class='ocrx_word' id='word_1_158' title='bbox 540 2209 751 2251; x_wconf 82' lang='lat' dir='ltr'><strong>noctem</strong></span> <span class='ocrx_word' id='word_1_159' title='bbox 780 2213 969 2267; x_wconf 75' lang='lat' dir='ltr'><strong>greges</strong></span> <span class='ocrx_word' id='word_1_160' title='bbox 1000 2213 1287 2267; x_wconf 84' lang='lat' dir='ltr'><strong>peccorum</strong></span> <span class='ocrx_word' id='word_1_161' title='bbox 1328 2213 1356 2250; x_wconf 92' lang='lat' dir='ltr'><strong>a</strong></span> <span class='ocrx_word' id='word_1_162' title='bbox 1388 2198 1604 2266; x_wconf 81' lang='lat' dir='ltr'><strong>pascuis</strong></span> <span class='ocrx_word' id='word_1_163' title='bbox 1632 2196 1843 2250; x_wconf 82' lang='lat' dir='ltr'><strong>stabula</strong></span> <span class='ocrx_word' id='word_1_164' title='bbox 1889 2210 2123 2264; x_wconf 76' lang='lat' dir='ltr'><strong>avesque</strong></span> 
     </span>
    </p>
   </div>
   <div class='ocr_carea' id='block_1_25' title="bbox 541 2285 2123 2358">
    <p class='ocr_par' dir='ltr' id='par_1_25' title="bbox 541 2285 2123 2358">
     <span class='ocr_line' id='line_1_25' title="bbox 541 2285 2123 2358; baseline -0.002 -17"><span class='ocrx_word' id='word_1_165' title='bbox 541 2287 745 2341; x_wconf 77' lang='lat' dir='ltr'><strong>aviaria</strong></span> <span class='ocrx_word' id='word_1_166' title='bbox 774 2298 978 2356; x_wconf 80' lang='lat' dir='ltr'><strong>petere.</strong></span> <span class='ocrx_word' id='word_1_167' title='bbox 1014 2289 1164 2344; x_wconf 88' lang='lat' dir='ltr'><strong>Unde</strong></span> <span class='ocrx_word' id='word_1_168' title='bbox 1194 2298 1461 2345; x_wconf 82' lang='lat' dir='ltr'><strong>nostrates</strong></span> <span class='ocrx_word' id='word_1_169' title='bbox 1503 2288 1592 2358; x_wconf 87' lang='lat' dir='ltr'><strong>qui</strong></span> <span class='ocrx_word' id='word_1_170' title='bbox 1647 2288 1715 2320; x_wconf 70' lang='lat'><strong>9“</strong></span> <span class='ocrx_word' id='word_1_171' title='bbox 1755 2287 1953 2341; x_wconf 84' lang='lat' dir='ltr'><strong>ibidem</strong></span> <span class='ocrx_word' id='word_1_172' title='bbox 1983 2285 2123 2340; x_wconf 75' lang='lat' dir='ltr'><strong>forte</strong></span> 
     </span>
    </p>
   </div>
   <div class='ocr_carea' id='block_1_26' title="bbox 542 2374 2121 2451">
    <p class='ocr_par' dir='ltr' id='par_1_26' title="bbox 542 2374 2121 2451">
     <span class='ocr_line' id='line_1_26' title="bbox 542 2374 2121 2451; baseline -0.003 -19"><span class='ocrx_word' id='word_1_173' title='bbox 542 2388 670 2434; x_wconf 90' lang='lat' dir='ltr'><strong>tunc</strong></span> <span class='ocrx_word' id='word_1_174' title='bbox 707 2381 953 2437; x_wconf 83' lang='lat' dir='ltr'><strong>aderant.</strong></span> <span class='ocrx_word' id='word_1_175' title='bbox 994 2379 1298 2433; x_wconf 67' lang='lat' dir='ltr'><strong>incredibili</strong></span> <span class='ocrx_word' id='word_1_176' title='bbox 1332 2396 1531 2451; x_wconf 77' lang='lat' dir='ltr'><strong>pavore</strong></span> <span class='ocrx_word' id='word_1_177' title='bbox 1565 2378 1814 2432; x_wconf 74' lang='lat' dir='ltr'><strong>exterriti</strong></span> <span class='ocrx_word' id='word_1_178' title='bbox 1839 2378 1933 2441; x_wconf 67' lang='grc' dir='ltr'><strong>Μ,</strong></span> <span class='ocrx_word' id='word_1_179' title='bbox 1960 2374 2121 2430; x_wconf 88' lang='lat' dir='ltr'><strong>nichil</strong></span> 
     </span>
    </p>
   </div>
   <div class='ocr_carea' id='block_1_27' title="bbox 538 2467 2123 2539">
    <p class='ocr_par' dir='ltr' id='par_1_27' title="bbox 538 2467 2123 2539">
     <span class='ocr_line' id='line_1_27' title="bbox 538 2467 2123 2539; baseline -0.004 -15"><span class='ocrx_word' id='word_1_180' title='bbox 538 2467 684 2524; x_wconf 64' lang='lat' dir='ltr'><strong>aliud</strong></span> <span class='ocrx_word' id='word_1_181' title='bbox 733 2483 894 2539; x_wconf 88' lang='lat' dir='ltr'><strong>quam</strong></span> <span class='ocrx_word' id='word_1_182' title='bbox 942 2469 1083 2523; x_wconf 87' lang='lat' dir='ltr'><strong>dem</strong></span> <span class='ocrx_word' id='word_1_183' title='bbox 1118 2468 1299 2538; x_wconf 86' lang='lat' dir='ltr'><strong>juditii</strong></span> <span class='ocrx_word' id='word_1_184' title='bbox 1347 2477 1540 2539; x_wconf 90' lang='lat' dir='ltr'><strong>putant</strong></span> <span class='ocrx_word' id='word_1_185' title='bbox 1579 2468 1885 2533; x_wconf 80' lang='lat' dir='ltr'><strong>imminere,</strong></span> <span class='ocrx_word' id='word_1_186' title='bbox 1930 2475 1986 2520; x_wconf 88' lang='lat' dir='ltr'><strong>et</strong></span> <span class='ocrx_word' id='word_1_187' title='bbox 2033 2480 2123 2518; x_wconf 86' lang='lat' dir='ltr'><strong>va-</strong></span> 
     </span>
    </p>
   </div>
   <div class='ocr_carea' id='block_1_28' title="bbox 538 2557 2122 2629">
    <p class='ocr_par' dir='ltr' id='par_1_28' title="bbox 538 2557 2122 2629">
     <span class='ocr_line' id='line_1_28' title="bbox 538 2557 2122 2629; baseline -0.003 -18"><span class='ocrx_word' id='word_1_188' title='bbox 538 2557 644 2613; x_wconf 70' lang='lat' dir='ltr'><strong>lila</strong></span> <span class='ocrx_word' id='word_1_189' title='bbox 694 2568 1025 2612; x_wconf 78' lang='lat' dir='ltr'><strong>arruatorum</strong></span> <span class='ocrx_word' id='word_1_190' title='bbox 1077 2575 1303 2624; x_wconf 88' lang='lat' dir='ltr'><strong>manus,</strong></span> <span class='ocrx_word' id='word_1_191' title='bbox 1354 2575 1476 2629; x_wconf 74' lang='lat' dir='ltr'><strong>qnte</strong></span> <span class='ocrx_word' id='word_1_192' title='bbox 1535 2558 1732 2612; x_wconf 87' lang='lat' dir='ltr'><strong>multas</strong></span> <span class='ocrx_word' id='word_1_193' title='bbox 1769 2560 1930 2611; x_wconf 90' lang='lat' dir='ltr'><strong>urbes</strong></span> <span class='ocrx_word' id='word_1_194' title='bbox 1977 2570 2122 2624; x_wconf 55' lang='lat' dir='ltr'><strong>egre.</strong></span> 
     </span>
    </p>
   </div>
   <div class='ocr_carea' id='block_1_29' title="bbox 536 2644 2122 2717">
    <p class='ocr_par' dir='ltr' id='par_1_29' title="bbox 536 2644 2122 2717">
     <span class='ocr_line' id='line_1_29' title="bbox 536 2644 2122 2717; baseline -0.005 -16"><span class='ocrx_word' id='word_1_195' title='bbox 536 2645 646 2714; x_wconf 61' lang='lat' dir='ltr'><strong>pi&#39;s</strong></span> <span class='ocrx_word' id='word_1_196' title='bbox 710 2646 915 2703; x_wconf 70' lang='lat' dir='ltr'><strong>viribus</strong></span> <span class='ocrx_word' id='word_1_197' title='bbox 976 2648 1308 2713; x_wconf 76' lang='lat' dir='ltr'><strong>excidisset,</strong></span> <span class='ocrx_word' id='word_1_198' title='bbox 1376 2648 1683 2717; x_wconf 87' lang='lat' dir='ltr'><strong>multosque</strong></span> <span class='ocrx_word' id='word_1_199' title='bbox 1745 2644 2122 2701; x_wconf 85' lang='lat' dir='ltr'><strong>rebellantium</strong></span> 
     </span>
    </p>
   </div>
   <div class='ocr_carea' id='block_1_30' title="bbox 538 2735 2119 2807">
    <p class='ocr_par' dir='ltr' id='par_1_30' title="bbox 538 2735 2119 2807">
     <span class='ocr_line' id='line_1_30' title="bbox 538 2735 2119 2807; baseline 0.004 -22"><span class='ocrx_word' id='word_1_200' title='bbox 538 2735 765 2805; x_wconf 75' lang='lat' dir='ltr'><strong>populos</strong></span> <span class='ocrx_word' id='word_1_201' title='bbox 816 2737 964 2791; x_wconf 84' lang='lat' dir='ltr'><strong>ferro</strong></span> <span class='ocrx_word' id='word_1_202' title='bbox 1016 2738 1453 2807; x_wconf 72' lang='grc' dir='ltr'>ιρτιίοιιιιιίεεει,</span> <span class='ocrx_word' id='word_1_203' title='bbox 1507 2739 1648 2792; x_wconf 86' lang='lat' dir='ltr'><strong>hanc</strong></span> <span class='ocrx_word' id='word_1_204' title='bbox 1705 2737 1936 2791; x_wconf 87' lang='lat' dir='ltr'><strong>alienam</strong></span> <span class='ocrx_word' id='word_1_205' title='bbox 1986 2737 2119 2791; x_wconf 87' lang='lat' dir='ltr'><strong>ruti-</strong></span> 
     </span>
    </p>
   </div>
   <div class='ocr_carea' id='block_1_31' title="bbox 539 2828 2123 2896">
    <p class='ocr_par' dir='ltr' id='par_1_31' title="bbox 539 2828 2123 2896">
     <span class='ocr_line' id='line_1_31' title="bbox 539 2828 2123 2896; baseline -0.001 -14"><span class='ocrx_word' id='word_1_206' title='bbox 539 2829 775 2884; x_wconf 87' lang='lat' dir='ltr'><strong>lantilms</strong></span> <span class='ocrx_word' id='word_1_207' title='bbox 830 2829 999 2884; x_wconf 77' lang='lat' dir='ltr'><strong>stellis</strong></span> <span class='ocrx_word' id='word_1_208' title='bbox 1036 2841 1249 2884; x_wconf 89' lang='lat' dir='ltr'><strong>noctem</strong></span> <span class='ocrx_word' id='word_1_209' title='bbox 1298 2830 1352 2884; x_wconf 91' lang='lat' dir='ltr'><strong>in</strong></span> <span class='ocrx_word' id='word_1_210' title='bbox 1401 2838 1611 2885; x_wconf 84' lang='lat' dir='ltr'><strong>tantum</strong></span> <span class='ocrx_word' id='word_1_211' title='bbox 1649 2829 1902 2896; x_wconf 80' lang='lat' dir='ltr'><strong>expavit,</strong></span> <span class='ocrx_word' id='word_1_212' title='bbox 1946 2837 2002 2880; x_wconf 89' lang='lat' dir='ltr'><strong>ut</strong></span> <span class='ocrx_word' id='word_1_213' title='bbox 2044 2828 2123 2880; x_wconf 83' lang='lat' dir='ltr'><strong>in-</strong></span> 
     </span>
    </p>
   </div>
   <div class='ocr_carea' id='block_1_32' title="bbox 539 2919 2121 2991">
    <p class='ocr_par' dir='ltr' id='par_1_32' title="bbox 539 2919 2121 2991">
     <span class='ocr_line' id='line_1_32' title="bbox 539 2919 2121 2991; baseline -0.003 -15"><span class='ocrx_word' id='word_1_214' title='bbox 539 2919 789 2976; x_wconf 73' lang='lat' dir='ltr'><strong>credibili</strong></span> <span class='ocrx_word' id='word_1_215' title='bbox 828 2919 1102 2973; x_wconf 72' lang='lat' dir='ltr'><strong>anxietate</strong></span> <span class='ocrx_word' id='word_1_216' title='bbox 1141 2921 1384 2975; x_wconf 87' lang='lat' dir='ltr'><strong>diversas</strong></span> <span class='ocrx_word' id='word_1_217' title='bbox 1412 2921 1567 2991; x_wconf 88' lang='lat' dir='ltr'><strong>quasi</strong></span> <span class='ocrx_word' id='word_1_218' title='bbox 1608 2922 1845 2974; x_wconf 73' lang='lat' dir='ltr'><strong>tutanda:</strong></span> <span class='ocrx_word' id='word_1_219' title='bbox 1874 2920 1997 2973; x_wconf 73' lang='lat' dir='ltr'><strong>vita:</strong></span> <span class='ocrx_word' id='word_1_220' title='bbox 2022 2933 2121 2971; x_wconf 85' lang='lat' dir='ltr'><strong>ex-</strong></span> 
     </span>
    </p>
   </div>
   <div class='ocr_carea' id='block_1_33' title="bbox 537 3011 2118 3080">
    <p class='ocr_par' dir='ltr' id='par_1_33' title="bbox 537 3011 2118 3080">
     <span class='ocr_line' id='line_1_33' title="bbox 537 3011 2118 3080; baseline 0.001 -16"><span class='ocrx_word' id='word_1_221' title='bbox 537 3012 775 3080; x_wconf 86' lang='lat' dir='ltr'><strong>quireret</strong></span> <span class='ocrx_word' id='word_1_222' title='bbox 808 3011 1061 3066; x_wconf 85' lang='lat' dir='ltr'><strong>latebras.</strong></span> <span class='ocrx_word' id='word_1_223' title='bbox 1095 3011 1187 3067; x_wconf 87' lang='lat' dir='ltr'><strong>Sic</strong></span> <span class='ocrx_word' id='word_1_224' title='bbox 1223 3013 1314 3066; x_wconf 80' lang='lat' dir='ltr'><strong>alii</strong></span> <span class='ocrx_word' id='word_1_225' title='bbox 1358 3014 1503 3067; x_wconf 80' lang='lat' dir='ltr'><strong>vasis</strong></span> <span class='ocrx_word' id='word_1_226' title='bbox 1533 3013 1789 3077; x_wconf 83' lang='lat' dir='ltr'><strong>vinariis,</strong></span> <span class='ocrx_word' id='word_1_227' title='bbox 1831 3012 1920 3066; x_wconf 86' lang='lat' dir='ltr'><strong>alii</strong></span> <span class='ocrx_word' id='word_1_228' title='bbox 1950 3012 2118 3074; x_wconf 90' lang='lat' dir='ltr'><strong>cistis,</strong></span> 
     </span>
    </p>
   </div>
   <div class='ocr_carea' id='block_1_34' title="bbox 537 3102 2120 3179">
    <p class='ocr_par' dir='ltr' id='par_1_34' title="bbox 537 3102 2120 3179">
     <span class='ocr_line' id='line_1_34' title="bbox 537 3102 2120 3179; baseline -0.002 -19"><span class='ocrx_word' id='word_1_229' title='bbox 537 3103 630 3161; x_wconf 74' lang='lat' dir='ltr'><strong>alii</strong></span> <span class='ocrx_word' id='word_1_230' title='bbox 662 3103 761 3162; x_wconf 65' lang='lat' dir='ltr'><strong>sub</strong></span> <span class='ocrx_word' id='word_1_231' title='bbox 792 3102 964 3164; x_wconf 71' lang='lat' dir='ltr'><strong>carris</strong></span> <span class='ocrx_word' id='word_1_232' title='bbox 996 3105 1226 3179; x_wconf 84' lang='lat' dir='ltr'><strong>turpiter</strong></span> <span class='ocrx_word' id='word_1_233' title='bbox 1255 3119 1371 3158; x_wconf 83' lang='lat' dir='ltr'><strong>sese</strong></span> <span class='ocrx_word' id='word_1_234' title='bbox 1403 3106 1722 3168; x_wconf 78' lang='lat' dir='ltr'><strong>recondunt;</strong></span> <span class='ocrx_word' id='word_1_235' title='bbox 1767 3104 1996 3174; x_wconf 78' lang='lat' dir='ltr'><strong>quisque</strong></span> <span class='ocrx_word' id='word_1_236' title='bbox 2021 3117 2120 3172; x_wconf 87' lang='lat' dir='ltr'><strong>pro</strong></span> 
     </span>
    </p>
   </div>
   <div class='ocr_carea' id='block_1_35' title="bbox 538 3195 2121 3271">
    <p class='ocr_par' dir='ltr' id='par_1_35' title="bbox 538 3195 2121 3271">
     <span class='ocr_line' id='line_1_35' title="bbox 538 3195 2121 3271; baseline -0.001 -19"><span class='ocrx_word' id='word_1_237' title='bbox 538 3200 699 3254; x_wconf 84' lang='lat' dir='ltr'><strong>lucro.</strong></span> <span class='ocrx_word' id='word_1_238' title='bbox 722 3201 847 3253; x_wconf 81' lang='lat' dir='ltr'><strong>vitae</strong></span> <span class='ocrx_word' id='word_1_239' title='bbox 895 3200 966 3234; x_wconf 74' lang='grc'><strong>’³³</strong></span> <span class='ocrx_word' id='word_1_240' title='bbox 995 3210 1272 3271; x_wconf 82' lang='lat' dir='ltr'><strong>computat</strong></span> <span class='ocrx_word' id='word_1_241' title='bbox 1306 3195 1396 3266; x_wconf 59' lang='grc' dir='ltr'><strong>κδ,</strong></span> <span class='ocrx_word' id='word_1_242' title='bbox 1429 3201 1472 3255; x_wconf 79' lang='lat' dir='ltr'><strong>si</strong></span> <span class='ocrx_word' id='word_1_243' title='bbox 1512 3197 1653 3265; x_wconf 88' lang='lat' dir='ltr'><strong>quod</strong></span> <span class='ocrx_word' id='word_1_244' title='bbox 1696 3212 1793 3266; x_wconf 86' lang='lat' dir='ltr'><strong>pro</strong></span> <span class='ocrx_word' id='word_1_245' title='bbox 1824 3198 1924 3251; x_wconf 91' lang='lat' dir='ltr'><strong>hac</strong></span> <span class='ocrx_word' id='word_1_246' title='bbox 1954 3197 2121 3250; x_wconf 84' lang='lat' dir='ltr'><strong>inusi-</strong></span> 
     </span>
    </p>
   </div>
   <div class='ocr_carea' id='block_1_36' title="bbox 541 3280 2125 3359">
    <p class='ocr_par' dir='ltr' id='par_1_36' title="bbox 541 3280 2125 3359">
     <span class='ocr_line' id='line_1_36' title="bbox 541 3280 2125 3359; baseline -0.002 -17"><span class='ocrx_word' id='word_1_247' title='bbox 541 3297 653 3342; x_wconf 89' lang='lat' dir='ltr'><strong>tata</strong></span> <span class='ocrx_word' id='word_1_248' title='bbox 702 3280 862 3342; x_wconf 83' lang='lat' dir='ltr'><strong>nocte</strong></span> <span class='ocrx_word' id='word_1_249' title='bbox 909 3290 1013 3343; x_wconf 93' lang='lat' dir='ltr'><strong>sibi</strong></span> <span class='ocrx_word' id='word_1_250' title='bbox 1070 3291 1308 3358; x_wconf 87' lang='lat' dir='ltr'><strong>reperire</strong></span> <span class='ocrx_word' id='word_1_251' title='bbox 1361 3295 1526 3359; x_wconf 84' lang='lat' dir='ltr'><strong>queat</strong></span> <span class='ocrx_word' id='word_1_252' title='bbox 1576 3285 1878 3343; x_wconf 63' lang='lat' dir='ltr'><strong>latibulum.</strong></span> <span class='ocrx_word' id='word_1_253' title='bbox 1929 3286 2125 3356; x_wconf 87' lang='lat' dir='ltr'><strong>Stupet</strong></span> 
     </span>
    </p>
   </div>
   <div class='ocr_carea' id='block_1_37' title="bbox 512 3377 2125 3451">
    <p class='ocr_par' dir='ltr' id='par_1_37' title="bbox 512 3377 2125 3451">
     <span class='ocr_line' id='line_1_37' title="bbox 512 3377 2125 3451; baseline 0.002 -20"><span class='ocrx_word' id='word_1_254' title='bbox 512 3414 515 3417; x_wconf 52' lang='grc' dir='ltr'>λ</span> <span class='ocrx_word' id='word_1_255' title='bbox 540 3392 705 3446; x_wconf 86' lang='lat' dir='ltr'><strong>super</strong></span> <span class='ocrx_word' id='word_1_256' title='bbox 728 3379 812 3430; x_wconf 77' lang='lat' dir='ltr'><strong>his</strong></span> <span class='ocrx_word' id='word_1_257' title='bbox 830 3381 1066 3446; x_wconf 87' lang='lat' dir='ltr'><strong>prudens</strong></span> <span class='ocrx_word' id='word_1_258' title='bbox 1094 3381 1461 3446; x_wconf 81' lang='lat' dir='ltr'><strong>antistes,noa</strong></span> <span class='ocrx_word' id='word_1_259' title='bbox 1486 3382 1553 3436; x_wconf 89' lang='lat' dir='ltr'><strong>de</strong></span> <span class='ocrx_word' id='word_1_260' title='bbox 1581 3380 1771 3451; x_wconf 81' lang='lat' dir='ltr'><strong>eglipsi</strong></span> <span class='ocrx_word' id='word_1_261' title='bbox 1799 3377 1945 3444; x_wconf 69' lang='lat' dir='ltr'><strong>salis,</strong></span> <span class='ocrx_word' id='word_1_262' title='bbox 1973 3378 2125 3447; x_wconf 74' lang='lat' dir='ltr'><strong>cujus</strong></span> 
     </span>
    </p>
   </div>
   <div class='ocr_carea' id='block_1_38' title="bbox 537 3469 2125 3541">
    <p class='ocr_par' dir='ltr' id='par_1_38' title="bbox 537 3469 2125 3541">
     <span class='ocr_line' id='line_1_38' title="bbox 537 3469 2125 3541; baseline -0.001 -16"><span class='ocrx_word' id='word_1_263' title='bbox 537 3469 865 3525; x_wconf 80' lang='lat' dir='ltr'><strong>naturaliter</strong></span> <span class='ocrx_word' id='word_1_264' title='bbox 915 3470 1070 3525; x_wconf 75' lang='lat' dir='ltr'><strong>facta:</strong></span> <span class='ocrx_word' id='word_1_265' title='bbox 1102 3473 1307 3541; x_wconf 88' lang='lat' dir='ltr'><strong>optime</strong></span> <span class='ocrx_word' id='word_1_266' title='bbox 1338 3481 1565 3526; x_wconf 87' lang='lat' dir='ltr'><strong>noverat</strong></span> <span class='ocrx_word' id='word_1_267' title='bbox 1595 3471 1885 3534; x_wconf 81' lang='lat' dir='ltr'><strong>rationem,</strong></span> <span class='ocrx_word' id='word_1_268' title='bbox 1919 3471 2013 3525; x_wconf 89' lang='lat' dir='ltr'><strong>sed</strong></span> <span class='ocrx_word' id='word_1_269' title='bbox 2058 3471 2125 3524; x_wconf 89' lang='lat' dir='ltr'><strong>de</strong></span> 
     </span>
    </p>
   </div>
   <div class='ocr_carea' id='block_1_39' title="bbox 542 3554 2125 3630">
    <p class='ocr_par' dir='ltr' id='par_1_39' title="bbox 542 3554 2125 3630">
     <span class='ocr_line' id='line_1_39' title="bbox 542 3554 2125 3630; baseline 0 -15"><span class='ocrx_word' id='word_1_270' title='bbox 542 3554 899 3615; x_wconf 83' lang='lat' dir='ltr'><strong>irrationabili</strong></span> <span class='ocrx_word' id='word_1_271' title='bbox 933 3566 1013 3614; x_wconf 91' lang='lat' dir='ltr'><strong>tot</strong></span> <span class='ocrx_word' id='word_1_272' title='bbox 1066 3561 1306 3615; x_wconf 86' lang='lat' dir='ltr'><strong>virorum</strong></span> <span class='ocrx_word' id='word_1_273' title='bbox 1348 3560 1568 3615; x_wconf 89' lang='lat' dir='ltr'><strong>fortium</strong></span> <span class='ocrx_word' id='word_1_274' title='bbox 1609 3560 1898 3614; x_wconf 84' lang='lat' dir='ltr'><strong>formidine</strong></span> <span class='ocrx_word' id='word_1_275' title='bbox 1923 3601 1939 3626; x_wconf 92' lang='lat'><strong>,</strong></span> <span class='ocrx_word' id='word_1_276' title='bbox 1988 3574 2125 3630; x_wconf 89' lang='lat' dir='ltr'><strong>quos</strong></span> 
     </span>
    </p>
   </div>
   <div class='ocr_carea' id='block_1_40' title="bbox 541 3648 2127 3723">
    <p class='ocr_par' dir='ltr' id='par_1_40' title="bbox 541 3648 2127 3723">
     <span class='ocr_line' id='line_1_40' title="bbox 541 3648 2127 3723; baseline 0.001 -17"><span class='ocrx_word' id='word_1_277' title='bbox 541 3650 770 3706; x_wconf 91' lang='lat' dir='ltr'><strong>minimo</strong></span> <span class='ocrx_word' id='word_1_278' title='bbox 798 3652 994 3706; x_wconf 89' lang='lat' dir='ltr'><strong>terrori</strong></span> <span class='ocrx_word' id='word_1_279' title='bbox 1035 3652 1149 3706; x_wconf 89' lang='lat' dir='ltr'><strong>fore</strong></span> <span class='ocrx_word' id='word_1_280' title='bbox 1179 3653 1559 3721; x_wconf 85' lang='lat' dir='ltr'><strong>suspicabatur</strong></span> <span class='ocrx_word' id='word_1_281' title='bbox 1586 3652 1851 3716; x_wconf 85' lang='lat' dir='ltr'><strong>hostibus,</strong></span> <span class='ocrx_word' id='word_1_282' title='bbox 1897 3648 1967 3707; x_wconf 50' lang='lat' dir='ltr'><strong>i’n‘</strong></span> <span class='ocrx_word' id='word_1_283' title='bbox 1992 3668 2127 3723; x_wconf 86' lang='lat' dir='ltr'><strong>quo-</strong></span> 
     </span>
    </p>
   </div>
   <div class='ocr_carea' id='block_1_41' title="bbox 542 3744 2128 3809">
    <p class='ocr_par' dir='ltr' id='par_1_41' title="bbox 542 3744 2128 3809">
     <span class='ocr_line' id='line_1_41' title="bbox 542 3744 2128 3809; baseline 0.001 -12"><span class='ocrx_word' id='word_1_284' title='bbox 542 3757 665 3797; x_wconf 86' lang='lat' dir='ltr'><strong>rum</strong></span> <span class='ocrx_word' id='word_1_285' title='bbox 706 3744 883 3797; x_wconf 82' lang='lat' dir='ltr'><strong>ineJio</strong></span> <span class='ocrx_word' id='word_1_286' title='bbox 913 3746 1291 3809; x_wconf 84' lang='lat' dir='ltr'><strong>consederant,</strong></span> <span class='ocrx_word' id='word_1_287' title='bbox 1335 3745 1381 3798; x_wconf 89' lang='lat' dir='ltr'><strong>si</strong></span> <span class='ocrx_word' id='word_1_288' title='bbox 1430 3760 1544 3798; x_wconf 75' lang='lat' dir='ltr'><strong>rem</strong></span> <span class='ocrx_word' id='word_1_289' title='bbox 1593 3744 1894 3799; x_wconf 87' lang='lat' dir='ltr'><strong>naturalem</strong></span> <span class='ocrx_word' id='word_1_290' title='bbox 1944 3745 2017 3799; x_wconf 89' lang='lat' dir='ltr'><strong>ita</strong></span> <span class='ocrx_word' id='word_1_291' title='bbox 2062 3745 2128 3799; x_wconf 90' lang='lat' dir='ltr'><strong>li-</strong></span> 
     </span>
    </p>
   </div>
   <div class='ocr_carea' id='block_1_42' title="bbox 543 3814 2125 3902">
    <p class='ocr_par' dir='ltr' id='par_1_42' title="bbox 543 3814 2125 3902">
     <span class='ocr_line' id='line_1_42' title="bbox 543 3814 2125 3902; baseline 0.001 -16"><span class='ocrx_word' id='word_1_292' title='bbox 543 3832 749 3888; x_wconf 78' lang='lat' dir='ltr'><strong>)nnisse</strong></span> <span class='ocrx_word' id='word_1_293' title='bbox 777 3834 844 3887; x_wconf 88' lang='lat' dir='ltr'><strong>ab</strong></span> <span class='ocrx_word' id='word_1_294' title='bbox 891 3833 998 3888; x_wconf 81' lang='lat' dir='ltr'><strong>illis</strong></span> <span class='ocrx_word' id='word_1_295' title='bbox 1054 3834 1286 3889; x_wconf 78' lang='lat' dir='ltr'><strong>fuissent</strong></span> <span class='ocrx_word' id='word_1_296' title='bbox 1332 3834 1523 3888; x_wconf 85' lang='lat' dir='ltr'><strong>auditi.</strong></span> <span class='ocrx_word' id='word_1_297' title='bbox 1575 3814 1774 3902; x_wconf 85' lang='lat' dir='ltr'><strong>Sicque</strong></span> <span class='ocrx_word' id='word_1_298' title='bbox 1804 3844 1863 3888; x_wconf 92' lang='lat' dir='ltr'><strong>ut</strong></span> <span class='ocrx_word' id='word_1_299' title='bbox 1908 3835 1963 3888; x_wconf 91' lang='lat' dir='ltr'><strong>in</strong></span> <span class='ocrx_word' id='word_1_300' title='bbox 2012 3835 2125 3889; x_wconf 88' lang='lat' dir='ltr'><strong>suis</strong></span> 
     </span>
    </p>
   </div>
   <div class='ocr_carea' id='block_1_43' title="bbox 545 3923 2130 3994">
    <p class='ocr_par' dir='ltr' id='par_1_43' title="bbox 545 3923 2130 3994">
     <span class='ocr_line' id='line_1_43' title="bbox 545 3923 2130 3994; baseline 0.003 -21"><span class='ocrx_word' id='word_1_301' title='bbox 545 3924 777 3994; x_wconf 77' lang='lat' dir='ltr'><strong>quisque</strong></span> <span class='ocrx_word' id='word_1_302' title='bbox 800 3926 993 3979; x_wconf 83' lang='lat' dir='ltr'><strong>castris</strong></span> <span class='ocrx_word' id='word_1_303' title='bbox 1018 3940 1205 3994; x_wconf 81' lang='lat' dir='ltr'><strong>parvo,</strong></span> <span class='ocrx_word' id='word_1_304' title='bbox 1228 3940 1324 3979; x_wconf 89' lang='lat' dir='ltr'><strong>ceu</strong></span> <span class='ocrx_word' id='word_1_305' title='bbox 1356 3925 1644 3990; x_wconf 86' lang='lat' dir='ltr'><strong>putabant,</strong></span> <span class='ocrx_word' id='word_1_306' title='bbox 1682 3923 1788 3978; x_wconf 77' lang='lat' dir='ltr'><strong>laeti</strong></span> <span class='ocrx_word' id='word_1_307' title='bbox 1817 3924 2130 3978; x_wconf 82' lang='lat' dir='ltr'><strong>discrimine</strong></span> 
     </span>
    </p>
   </div>
   <div class='ocr_carea' id='block_1_44' title="bbox 546 4015 2131 4087">
    <p class='ocr_par' dir='ltr' id='par_1_44' title="bbox 546 4015 2131 4087">
     <span class='ocr_line' id='line_1_44' title="bbox 546 4015 2131 4087; baseline 0.001 -20"><span class='ocrx_word' id='word_1_308' title='bbox 546 4015 853 4081; x_wconf 77' lang='lat' dir='ltr'><strong>lat‘tabaut,</strong></span> <span class='ocrx_word' id='word_1_309' title='bbox 878 4017 1116 4086; x_wconf 77' lang='lat' dir='ltr'><strong>singulos</strong></span> <span class='ocrx_word' id='word_1_310' title='bbox 1138 4018 1251 4085; x_wconf 92' lang='lat' dir='ltr'><strong>ipse</strong></span> <span class='ocrx_word' id='word_1_311' title='bbox 1280 4017 1573 4079; x_wconf 77' lang='lat' dir='ltr'><strong>circuiens,</strong></span> <span class='ocrx_word' id='word_1_312' title='bbox 1608 4016 1834 4087; x_wconf 78' lang='lat' dir='ltr'><strong>ignavia:</strong></span> <span class='ocrx_word' id='word_1_313' title='bbox 1855 4025 2131 4080; x_wconf 84' lang='lat' dir='ltr'><strong>accusare,</strong></span> 
     </span>
    </p>
   </div>
   <div class='ocr_carea' id='block_1_45' title="bbox 549 4107 2136 4175">
    <p class='ocr_par' dir='ltr' id='par_1_45' title="bbox 549 4107 2136 4175">
     <span class='ocr_line' id='line_1_45' title="bbox 549 4107 2136 4175; baseline 0 -17"><span class='ocrx_word' id='word_1_314' title='bbox 549 4107 748 4160; x_wconf 74' lang='lat' dir='ltr'><strong>inuata:</strong></span> <span class='ocrx_word' id='word_1_315' title='bbox 789 4107 1005 4161; x_wconf 84' lang='lat' dir='ltr'><strong>virtutis</strong></span> <span class='ocrx_word' id='word_1_316' title='bbox 1058 4112 1377 4163; x_wconf 82' lang='lat' dir='ltr'><strong>amm‘onere</strong></span> <span class='ocrx_word' id='word_1_317' title='bbox 1423 4107 1702 4169; x_wconf 87' lang='lat' dir='ltr'><strong>studebat,</strong></span> <span class='ocrx_word' id='word_1_318' title='bbox 1737 4120 1971 4175; x_wconf 79' lang='lat' dir='ltr'><strong>arguens</strong></span> <span class='ocrx_word' id='word_1_319' title='bbox 2010 4120 2136 4173; x_wconf 84' lang='lat' dir='ltr'><strong>pro-</strong></span> 
     </span>
    </p>
   </div>
   <div class='ocr_carea' id='block_1_46' title="bbox 550 4196 2142 4268">
    <p class='ocr_par' dir='ltr' id='par_1_46' title="bbox 550 4196 2142 4268">
     <span class='ocr_line' id='line_1_46' title="bbox 550 4196 2142 4268; baseline 0.001 -19"><span class='ocrx_word' id='word_1_320' title='bbox 550 4197 707 4251; x_wconf 84' lang='lat' dir='ltr'><strong>brose</strong></span> <span class='ocrx_word' id='word_1_321' title='bbox 725 4199 880 4261; x_wconf 89' lang='lat' dir='ltr'><strong>satis,</strong></span> <span class='ocrx_word' id='word_1_322' title='bbox 901 4200 1106 4265; x_wconf 72' lang='lat' dir='ltr'><strong>cur“&#39;,</strong></span> <span class='ocrx_word' id='word_1_323' title='bbox 1124 4201 1217 4268; x_wconf 90' lang='lat' dir='ltr'><strong>qui</strong></span> <span class='ocrx_word' id='word_1_324' title='bbox 1251 4202 1337 4254; x_wconf 91' lang='lat' dir='ltr'><strong>his</strong></span> <span class='ocrx_word' id='word_1_325' title='bbox 1354 4200 1461 4255; x_wconf 87' lang='lat' dir='ltr'><strong>orti</strong></span> <span class='ocrx_word' id='word_1_326' title='bbox 1482 4199 1684 4254; x_wconf 86' lang='lat' dir='ltr'><strong>fuerint</strong></span> <span class='ocrx_word' id='word_1_327' title='bbox 1700 4196 1855 4266; x_wconf 80' lang='lat' dir='ltr'><strong>major</strong></span> <span class='ocrx_word' id='word_1_328' title='bbox 1872 4197 2142 4267; x_wconf 75' lang='lat' dir='ltr'><strong>ibusquo-‘</strong></span> 
     </span>
    </p>
   </div>
   <div class='ocr_carea' id='block_1_47' title="bbox 554 4290 2136 4367">
    <p class='ocr_par' dir='ltr' id='par_1_47' title="bbox 554 4290 2136 4367">
     <span class='ocr_line' id='line_1_47' title="bbox 554 4290 2136 4367; baseline 0.003 -28"><span class='ocrx_word' id='word_1_329' title='bbox 554 4301 674 4341; x_wconf 88' lang='lat' dir='ltr'><strong>rum</strong></span> <span class='ocrx_word' id='word_1_330' title='bbox 706 4305 865 4344; x_wconf 89' lang='lat' dir='ltr'><strong>nemo</strong></span> <span class='ocrx_word' id='word_1_331' title='bbox 899 4290 1023 4367; x_wconf 89' lang='lat' dir='ltr'><strong>ullis</strong></span> <span class='ocrx_word' id='word_1_332' title='bbox 1048 4293 1338 4362; x_wconf 86' lang='lat' dir='ltr'><strong>aliquando</strong></span> <span class='ocrx_word' id='word_1_333' title='bbox 1381 4307 1564 4347; x_wconf 88' lang='lat' dir='ltr'><strong>rerum</strong></span> <span class='ocrx_word' id='word_1_334' title='bbox 1595 4291 1982 4362; x_wconf 84' lang='lat' dir='ltr'><strong>asperitatibus</strong></span> <span class='ocrx_word' id='word_1_335' title='bbox 2008 4306 2136 4345; x_wconf 90' lang='lat' dir='ltr'><strong>suc-</strong></span> 
     </span>
    </p>
   </div>
   <div class='ocr_carea' id='block_1_48' title="bbox 2218 563 3800 635">
    <p class='ocr_par' dir='ltr' id='par_1_48' title="bbox 2218 563 3800 635">
     <span class='ocr_line' id='line_1_48' title="bbox 2218 563 3800 635; baseline -0.005 -11"><span class='ocrx_word' id='word_1_336' title='bbox 2218 568 2513 625; x_wconf 83' lang='lat' dir='ltr'><strong>assuefacti</strong></span> <span class='ocrx_word' id='word_1_337' title='bbox 2568 570 2793 635; x_wconf 83' lang='lat' dir='ltr'><strong>fuerint,</strong></span> <span class='ocrx_word' id='word_1_338' title='bbox 2847 585 2916 624; x_wconf 73' lang='lat' dir='ltr'><strong>ex</strong></span> <span class='ocrx_word' id='word_1_339' title='bbox 2963 568 3066 624; x_wconf 89' lang='lat' dir='ltr'><strong>hoc</strong></span> <span class='ocrx_word' id='word_1_340' title='bbox 3104 565 3337 622; x_wconf 86' lang='lat' dir='ltr'><strong>naturali</strong></span> <span class='ocrx_word' id='word_1_341' title='bbox 3392 565 3525 620; x_wconf 92' lang='lat' dir='ltr'><strong>solis</strong></span> <span class='ocrx_word' id='word_1_342' title='bbox 3579 563 3800 617; x_wconf 85' lang='lat' dir='ltr'><strong>defectu</strong></span> 
     </span>
    </p>
   </div>
   <div class='ocr_carea' id='block_1_49' title="bbox 2218 653 3799 729">
    <p class='ocr_par' dir='ltr' id='par_1_49' title="bbox 2218 653 3799 729">
     <span class='ocr_line' id='line_1_49' title="bbox 2218 653 3799 729; baseline -0.006 -12"><span class='ocrx_word' id='word_1_343' title='bbox 2218 660 2414 717; x_wconf 77' lang='lat' dir='ltr'><strong>animis</strong></span> <span class='ocrx_word' id='word_1_344' title='bbox 2449 669 2555 713; x_wconf 89' lang='lat' dir='ltr'><strong>tam</strong></span> <span class='ocrx_word' id='word_1_345' title='bbox 2585 660 2746 715; x_wconf 84' lang='lat' dir='ltr'><strong>facile</strong></span> <span class='ocrx_word' id='word_1_346' title='bbox 2779 659 3096 715; x_wconf 83' lang='lat' dir='ltr'><strong>labefactari</strong></span> <span class='ocrx_word' id='word_1_347' title='bbox 3143 657 3431 729; x_wconf 83' lang='lat' dir='ltr'><strong>potuerint.</strong></span> <span class='ocrx_word' id='word_1_348' title='bbox 3468 653 3799 717; x_wconf 72' lang='lat' dir='ltr'><strong>For-tissimi.</strong></span> 
     </span>
    </p>
   </div>
   <div class='ocr_carea' id='block_1_50' title="bbox 2218 746 3799 825">
    <p class='ocr_par' dir='ltr' id='par_1_50' title="bbox 2218 746 3799 825">
     <span class='ocr_line' id='line_1_50' title="bbox 2218 746 3799 825; baseline -0.006 -16"><span class='ocrx_word' id='word_1_349' title='bbox 2218 755 2415 825; x_wconf 76' lang='lat' dir='ltr'><strong>inquit,</strong></span> <span class='ocrx_word' id='word_1_350' title='bbox 2448 754 2721 808; x_wconf 77' lang='lat' dir='ltr'><strong>bellatores</strong></span> <span class='ocrx_word' id='word_1_351' title='bbox 2746 795 2761 819; x_wconf 94' lang='lat'><strong>,</strong></span> <span class='ocrx_word' id='word_1_352' title='bbox 2803 755 2893 824; x_wconf 84' lang='lat' dir='ltr'><strong>qui</strong></span> <span class='ocrx_word' id='word_1_353' title='bbox 2922 770 3017 823; x_wconf 85' lang='lat' dir='ltr'><strong>per</strong></span> <span class='ocrx_word' id='word_1_354' title='bbox 3053 750 3196 805; x_wconf 87' lang='lat' dir='ltr'><strong>mille</strong></span> <span class='ocrx_word' id='word_1_355' title='bbox 3236 748 3591 819; x_wconf 81' lang='lat' dir='ltr'><strong>periculorum</strong></span> <span class='ocrx_word' id='word_1_356' title='bbox 3635 746 3799 817; x_wconf 78' lang='lat' dir='ltr'><strong>{acies</strong></span> 
     </span>
    </p>
   </div>
   <div class='ocr_carea' id='block_1_51' title="bbox 2216 837 3802 914">
    <p class='ocr_par' dir='ltr' id='par_1_51' title="bbox 2216 837 3802 914">
     <span class='ocr_line' id='line_1_51' title="bbox 2216 837 3802 914; baseline -0.006 -16"><span class='ocrx_word' id='word_1_357' title='bbox 2216 846 2409 898; x_wconf 76' lang='lat' dir='ltr'><strong>tociens</strong></span> <span class='ocrx_word' id='word_1_358' title='bbox 2435 846 2639 914; x_wconf 82' lang='lat' dir='ltr'><strong>egregio</strong></span> <span class='ocrx_word' id='word_1_359' title='bbox 2664 854 2830 898; x_wconf 79' lang='lat' dir='ltr'><strong>vestro</strong></span> <span class='ocrx_word' id='word_1_360' title='bbox 2865 843 3060 896; x_wconf 81' lang='lat' dir='ltr'><strong>nomini</strong></span> <span class='ocrx_word' id='word_1_361' title='bbox 3089 841 3315 911; x_wconf 81' lang='lat' dir='ltr'><strong>insignes</strong></span> <span class='ocrx_word' id='word_1_362' title='bbox 3339 838 3593 908; x_wconf 82' lang='lat' dir='ltr'><strong>rapuistis</strong></span> <span class='ocrx_word' id='word_1_363' title='bbox 3638 837 3802 890; x_wconf 76' lang='lat' dir='ltr'><strong>ricta—</strong></span> 
     </span>
    </p>
   </div>
   <div class='ocr_carea' id='block_1_52' title="bbox 2218 928 3797 1006">
    <p class='ocr_par' dir='ltr' id='par_1_52' title="bbox 2218 928 3797 1006">
     <span class='ocr_line' id='line_1_52' title="bbox 2218 928 3797 1006; baseline -0.008 -14"><span class='ocrx_word' id='word_1_364' title='bbox 2218 939 2348 1003; x_wconf 85' lang='lat' dir='ltr'><strong>rias,</strong></span> <span class='ocrx_word' id='word_1_365' title='bbox 2370 938 2589 1006; x_wconf 75' lang='lat' dir='ltr'><strong>surgite,</strong></span> <span class='ocrx_word' id='word_1_366' title='bbox 2616 952 2797 1006; x_wconf 83' lang='lat' dir='ltr'><strong>queso,</strong></span> <span class='ocrx_word' id='word_1_367' title='bbox 2826 934 2901 988; x_wconf 88' lang='lat' dir='ltr'><strong>nil</strong></span> <span class='ocrx_word' id='word_1_368' title='bbox 2934 936 3169 987; x_wconf 82' lang='lat' dir='ltr'><strong>timentes</strong></span> <span class='ocrx_word' id='word_1_369' title='bbox 3190 933 3403 1001; x_wconf 82' lang='lat' dir='ltr'><strong>surgite,</strong></span> <span class='ocrx_word' id='word_1_370' title='bbox 3436 928 3589 983; x_wconf 83' lang='lat' dir='ltr'><strong>virile</strong></span> <span class='ocrx_word' id='word_1_371' title='bbox 3615 932 3797 988; x_wconf 76' lang='lat' dir='ltr'><strong>robur,</strong></span> 
     </span>
    </p>
   </div>
   <div class='ocr_carea' id='block_1_53' title="bbox 2216 1016 3800 1099">
    <p class='ocr_par' dir='ltr' id='par_1_53' title="bbox 2216 1016 3800 1099">
     <span class='ocr_line' id='line_1_53' title="bbox 2216 1016 3800 1099; baseline -0.006 -19"><span class='ocrx_word' id='word_1_372' title='bbox 2216 1029 2354 1099; x_wconf 82' lang='lat' dir='ltr'><strong>quod</strong></span> <span class='ocrx_word' id='word_1_373' title='bbox 2391 1029 2611 1097; x_wconf 85' lang='lat' dir='ltr'><strong>turpiter</strong></span> <span class='ocrx_word' id='word_1_374' title='bbox 2633 1028 2974 1080; x_wconf 78' lang='lat' dir='ltr'><strong>dormitantes</strong></span> <span class='ocrx_word' id='word_1_375' title='bbox 3000 1024 3270 1087; x_wconf 81' lang='lat' dir='ltr'><strong>amisistis,</strong></span> <span class='ocrx_word' id='word_1_376' title='bbox 3291 1024 3557 1077; x_wconf 78' lang='lat' dir='ltr'><strong>resumite.</strong></span> <span class='ocrx_word' id='word_1_377' title='bbox 3591 1016 3800 1071; x_wconf 81' lang='lat' dir='ltr'><strong>Pudeat</strong></span> 
     </span>
    </p>
   </div>
   <div class='ocr_carea' id='block_1_54' title="bbox 2218 1110 3801 1175">
    <p class='ocr_par' dir='ltr' id='par_1_54' title="bbox 2218 1110 3801 1175">
     <span class='ocr_line' id='line_1_54' title="bbox 2218 1110 3801 1175; baseline -0.008 0"><span class='ocrx_word' id='word_1_378' title='bbox 2218 1120 2486 1175; x_wconf 78' lang='lat' dir='ltr'><strong>naturales</strong></span> <span class='ocrx_word' id='word_1_379' title='bbox 2533 1119 2901 1174; x_wconf 82' lang='lat' dir='ltr'><strong>elementorum</strong></span> <span class='ocrx_word' id='word_1_380' title='bbox 2958 1121 3092 1171; x_wconf 78' lang='lat' dir='ltr'><strong>vices</strong></span> <span class='ocrx_word' id='word_1_381' title='bbox 3140 1118 3372 1169; x_wconf 82' lang='lat' dir='ltr'><strong>horrere.</strong></span> <span class='ocrx_word' id='word_1_382' title='bbox 3433 1110 3528 1166; x_wconf 83' lang='lat' dir='ltr'><strong>Nil</strong></span> <span class='ocrx_word' id='word_1_383' title='bbox 3580 1113 3647 1164; x_wconf 83' lang='lat' dir='ltr'><strong>de</strong></span> <span class='ocrx_word' id='word_1_384' title='bbox 3686 1111 3801 1165; x_wconf 67' lang='lat' dir='ltr'><strong>rite</strong></span> 
     </span>
    </p>
   </div>
   <div class='ocr_carea' id='block_1_55' title="bbox 2217 1200 3799 1280">
    <p class='ocr_par' dir='ltr' id='par_1_55' title="bbox 2217 1200 3799 1280">
     <span class='ocr_line' id='line_1_55' title="bbox 2217 1200 3799 1280; baseline -0.007 -18"><span class='ocrx_word' id='word_1_385' title='bbox 2217 1209 2449 1280; x_wconf 83' lang='lat' dir='ltr'><strong>periculo</strong></span> <span class='ocrx_word' id='word_1_386' title='bbox 2494 1209 2700 1278; x_wconf 81' lang='lat' dir='ltr'><strong>agitur,</strong></span> <span class='ocrx_word' id='word_1_387' title='bbox 2726 1208 2900 1262; x_wconf 83' lang='lat' dir='ltr'><strong>nullus</strong></span> <span class='ocrx_word' id='word_1_388' title='bbox 2923 1207 2985 1260; x_wconf 86' lang='lat' dir='ltr'><strong>de</strong></span> <span class='ocrx_word' id='word_1_389' title='bbox 3018 1207 3220 1275; x_wconf 82' lang='lat' dir='ltr'><strong>inﬂicto</strong></span> <span class='ocrx_word' id='word_1_390' title='bbox 3251 1220 3367 1258; x_wconf 89' lang='lat' dir='ltr'><strong>cum</strong></span> <span class='ocrx_word' id='word_1_391' title='bbox 3397 1201 3577 1257; x_wconf 79' lang='lat' dir='ltr'><strong>hostili</strong></span> <span class='ocrx_word' id='word_1_392' title='bbox 3612 1200 3799 1253; x_wconf 70' lang='lat' dir='ltr'><strong>dextra</strong></span> 
     </span>
    </p>
   </div>
   <div class='ocr_carea' id='block_1_56' title="bbox 2218 1294 3800 1363">
    <p class='ocr_par' dir='ltr' id='par_1_56' title="bbox 2218 1294 3800 1363">
     <span class='ocr_line' id='line_1_56' title="bbox 2218 1294 3800 1363; baseline -0.008 -9"><span class='ocrx_word' id='word_1_393' title='bbox 2218 1316 2376 1354; x_wconf 84' lang='lat' dir='ltr'><strong>cruor</strong></span> <span class='ocrx_word' id='word_1_394' title='bbox 2426 1298 2591 1353; x_wconf 83' lang='lat' dir='ltr'><strong>stillat</strong></span> <span class='ocrx_word' id='word_1_395' title='bbox 2632 1297 2870 1363; x_wconf 85' lang='lat' dir='ltr'><strong>vulnere;</strong></span> <span class='ocrx_word' id='word_1_396' title='bbox 2921 1297 3151 1350; x_wconf 71' lang='lat' dir='ltr'><strong>innoxiae</strong></span> <span class='ocrx_word' id='word_1_397' title='bbox 3188 1304 3392 1348; x_wconf 84' lang='lat' dir='ltr'><strong>tantum</strong></span> <span class='ocrx_word' id='word_1_398' title='bbox 3439 1294 3578 1345; x_wconf 83' lang='lat' dir='ltr'><strong>hunc</strong></span> <span class='ocrx_word' id='word_1_399' title='bbox 3625 1306 3800 1343; x_wconf 75' lang='lat' dir='ltr'><strong>aereus</strong></span> 
     </span>
    </p>
   </div>
   <div class='ocr_carea' id='block_1_57' title="bbox 2217 1378 3803 1457">
    <p class='ocr_par' dir='ltr' id='par_1_57' title="bbox 2217 1378 3803 1457">
     <span class='ocr_line' id='line_1_57' title="bbox 2217 1378 3803 1457; baseline -0.008 -12"><span class='ocrx_word' id='word_1_400' title='bbox 2217 1390 2476 1446; x_wconf 73' lang='lat' dir='ltr'><strong>involvere</strong></span> <span class='ocrx_word' id='word_1_401' title='bbox 2508 1390 2763 1454; x_wconf 74' lang='lat' dir='ltr'><strong>tenebrrr,</strong></span> <span class='ocrx_word' id='word_1_402' title='bbox 2809 1404 2940 1457; x_wconf 81' lang='lat' dir='ltr'><strong>quas</strong></span> <span class='ocrx_word' id='word_1_403' title='bbox 2981 1384 3255 1456; x_wconf 81' lang='lat' dir='ltr'><strong>paululum</strong></span> <span class='ocrx_word' id='word_1_404' title='bbox 3288 1392 3404 1453; x_wconf 85' lang='lat' dir='ltr'><strong>post</strong></span> <span class='ocrx_word' id='word_1_405' title='bbox 3453 1380 3681 1435; x_wconf 75' lang='lat' dir='ltr'><strong>cernetis</strong></span> <span class='ocrx_word' id='word_1_406' title='bbox 3730 1378 3803 1411; x_wconf 84' lang='grc'><strong>⁹¹⁸</strong></span> 
     </span>
    </p>
   </div>
   <div class='ocr_carea' id='block_1_58' title="bbox 2218 1471 3800 1546">
    <p class='ocr_par' dir='ltr' id='par_1_58' title="bbox 2218 1471 3800 1546">
     <span class='ocr_line' id='line_1_58' title="bbox 2218 1471 3800 1546; baseline -0.009 -12"><span class='ocrx_word' id='word_1_407' title='bbox 2218 1479 2515 1534; x_wconf 69' lang='grc' dir='ltr'><strong>ἱςἾιιεεεοενε</strong></span> <span class='ocrx_word' id='word_1_408' title='bbox 2547 1477 2891 1546; x_wconf 85' lang='lat' dir='ltr'><strong>redintegrato</strong></span> <span class='ocrx_word' id='word_1_409' title='bbox 2922 1474 3152 1539; x_wconf 80' lang='lat' dir='ltr'><strong>lumine;</strong></span> <span class='ocrx_word' id='word_1_410' title='bbox 3181 1482 3405 1527; x_wconf 85' lang='lat' dir='ltr'><strong>celerum</strong></span> <span class='ocrx_word' id='word_1_411' title='bbox 3435 1471 3491 1524; x_wconf 86' lang='lat' dir='ltr'><strong>in</strong></span> <span class='ocrx_word' id='word_1_412' title='bbox 3537 1479 3654 1523; x_wconf 77' lang='lat' dir='ltr'><strong>tuto</strong></span> <span class='ocrx_word' id='word_1_413' title='bbox 3679 1477 3800 1521; x_wconf 67' lang='lat' dir='ltr'><strong>sunt</strong></span> 
     </span>
    </p>
   </div>
   <div class='ocr_carea' id='block_1_59' title="bbox 2220 1560 3803 1632">
    <p class='ocr_par' dir='ltr' id='par_1_59' title="bbox 2220 1560 3803 1632">
     <span class='ocr_line' id='line_1_59' title="bbox 2220 1560 3803 1632; baseline -0.006 -11"><span class='ocrx_word' id='word_1_414' title='bbox 2220 1569 2414 1622; x_wconf 81' lang='lat' dir='ltr'><strong>omnia.</strong></span> <span class='ocrx_word' id='word_1_415' title='bbox 2458 1565 2697 1620; x_wconf 83' lang='lat' dir='ltr'><strong>Tandem</strong></span> <span class='ocrx_word' id='word_1_416' title='bbox 2740 1565 2825 1619; x_wconf 85' lang='lat' dir='ltr'><strong>his</strong></span> <span class='ocrx_word' id='word_1_417' title='bbox 2872 1564 3048 1619; x_wconf 89' lang='lat' dir='ltr'><strong>verbis</strong></span> <span class='ocrx_word' id='word_1_418' title='bbox 3080 1560 3456 1632; x_wconf 78' lang='lat' dir='ltr'><strong>expergefacta</strong></span> <span class='ocrx_word' id='word_1_419' title='bbox 3500 1574 3643 1613; x_wconf 86' lang='lat' dir='ltr'><strong>vano</strong></span> <span class='ocrx_word' id='word_1_420' title='bbox 3691 1566 3803 1613; x_wconf 86' lang='lat' dir='ltr'><strong>ter-</strong></span> 
     </span>
    </p>
   </div>
   <div class='ocr_carea' id='block_1_60' title="bbox 2220 1653 3805 1727">
    <p class='ocr_par' dir='ltr' id='par_1_60' title="bbox 2220 1653 3805 1727">
     <span class='ocr_line' id='line_1_60' title="bbox 2220 1653 3805 1727; baseline -0.005 -16"><span class='ocrx_word' id='word_1_421' title='bbox 2220 1672 2343 1712; x_wconf 83' lang='lat' dir='ltr'><strong>rore</strong></span> <span class='ocrx_word' id='word_1_422' title='bbox 2385 1657 2561 1727; x_wconf 87' lang='lat' dir='ltr'><strong>s0pita</strong></span> <span class='ocrx_word' id='word_1_423' title='bbox 2623 1663 2701 1708; x_wconf 91' lang='lat' dir='ltr'><strong>tot</strong></span> <span class='ocrx_word' id='word_1_424' title='bbox 2754 1653 2978 1708; x_wconf 82' lang='lat' dir='ltr'><strong>heroum</strong></span> <span class='ocrx_word' id='word_1_425' title='bbox 3035 1661 3252 1723; x_wconf 90' lang='lat' dir='ltr'><strong>pectora</strong></span> <span class='ocrx_word' id='word_1_426' title='bbox 3303 1659 3642 1723; x_wconf 81' lang='lat' dir='ltr'><strong>agnoscunt.</strong></span> <span class='ocrx_word' id='word_1_427' title='bbox 3681 1662 3805 1717; x_wconf 64' lang='lat' dir='ltr'><strong>post</strong></span> 
     </span>
    </p>
   </div>
   <div class='ocr_carea' id='block_1_61' title="bbox 2219 1736 3801 1816">
    <p class='ocr_par' dir='ltr' id='par_1_61' title="bbox 2219 1736 3801 1816">
     <span class='ocr_line' id='line_1_61' title="bbox 2219 1736 3801 1816; baseline -0.005 -19"><span class='ocrx_word' id='word_1_428' title='bbox 2219 1745 2514 1816; x_wconf 86' lang='lat' dir='ltr'><strong>paululum,</strong></span> <span class='ocrx_word' id='word_1_429' title='bbox 2548 1743 2782 1797; x_wconf 88' lang='lat' dir='ltr'><strong>lucidmu</strong></span> <span class='ocrx_word' id='word_1_430' title='bbox 2835 1743 3021 1796; x_wconf 88' lang='lat' dir='ltr'><strong>orbem</strong></span> <span class='ocrx_word' id='word_1_431' title='bbox 3077 1740 3308 1795; x_wconf 75' lang='lat' dir='ltr'><strong>Phebea:</strong></span> <span class='ocrx_word' id='word_1_432' title='bbox 3338 1740 3608 1810; x_wconf 87' lang='lat' dir='ltr'><strong>lampadis</strong></span> <span class='ocrx_word' id='word_1_433' title='bbox 3651 1736 3801 1808; x_wconf 73' lang='grc' dir='ltr'>(ιιι)</span> 
     </span>
    </p>
   </div>
   <div class='ocr_carea' id='block_1_62' title="bbox 2222 1827 3800 1903">
    <p class='ocr_par' dir='ltr' id='par_1_62' title="bbox 2222 1827 3800 1903">
     <span class='ocr_line' id='line_1_62' title="bbox 2222 1827 3800 1903; baseline -0.006 -13"><span class='ocrx_word' id='word_1_434' title='bbox 2222 1840 2425 1892; x_wconf 88' lang='lat' dir='ltr'><strong>sensim</strong></span> <span class='ocrx_word' id='word_1_435' title='bbox 2475 1836 2529 1888; x_wconf 90' lang='lat' dir='ltr'><strong>in</strong></span> <span class='ocrx_word' id='word_1_436' title='bbox 2579 1833 2855 1903; x_wconf 90' lang='lat' dir='ltr'><strong>proprium</strong></span> <span class='ocrx_word' id='word_1_437' title='bbox 2905 1827 3191 1886; x_wconf 86' lang='lat' dir='ltr'><strong>reformari</strong></span> <span class='ocrx_word' id='word_1_438' title='bbox 3227 1832 3297 1865; x_wconf 79' lang='lat'><strong>&#39;&quot;</strong></span> <span class='ocrx_word' id='word_1_439' title='bbox 3326 1839 3564 1894; x_wconf 88' lang='lat' dir='ltr'><strong>statum;</strong></span> <span class='ocrx_word' id='word_1_440' title='bbox 3614 1828 3800 1881; x_wconf 81' lang='lat' dir='ltr'><strong>vident</strong></span> 
     </span>
    </p>
   </div>
   <div class='ocr_carea' id='block_1_63' title="bbox 2223 1919 3804 1991">
    <p class='ocr_par' dir='ltr' id='par_1_63' title="bbox 2223 1919 3804 1991">
     <span class='ocr_line' id='line_1_63' title="bbox 2223 1919 3804 1991; baseline -0.006 -10"><span class='ocrx_word' id='word_1_441' title='bbox 2223 1927 2365 1981; x_wconf 89' lang='lat' dir='ltr'><strong>diem</strong></span> <span class='ocrx_word' id='word_1_442' title='bbox 2395 1925 2553 1979; x_wconf 85' lang='lat' dir='ltr'><strong>terris</strong></span> <span class='ocrx_word' id='word_1_443' title='bbox 2586 1924 2875 1988; x_wconf 79' lang='lat' dir='ltr'><strong>redditum,</strong></span> <span class='ocrx_word' id='word_1_444' title='bbox 2917 1937 3078 1991; x_wconf 88' lang='lat' dir='ltr'><strong>quem</strong></span> <span class='ocrx_word' id='word_1_445' title='bbox 3130 1920 3291 1990; x_wconf 89' lang='lat' dir='ltr'><strong>paulo</strong></span> <span class='ocrx_word' id='word_1_446' title='bbox 3318 1931 3447 1975; x_wconf 89' lang='lat' dir='ltr'><strong>ante</strong></span> <span class='ocrx_word' id='word_1_447' title='bbox 3484 1919 3647 1974; x_wconf 89' lang='lat' dir='ltr'><strong>nimis</strong></span> <span class='ocrx_word' id='word_1_448' title='bbox 3697 1930 3804 1973; x_wconf 81' lang='lat' dir='ltr'><strong>tre-</strong></span> 
     </span>
    </p>
   </div>
   <div class='ocr_carea' id='block_1_64' title="bbox 2224 2011 3804 2087">
    <p class='ocr_par' dir='ltr' id='par_1_64' title="bbox 2224 2011 3804 2087">
     <span class='ocr_line' id='line_1_64' title="bbox 2224 2011 3804 2087; baseline -0.004 -18"><span class='ocrx_word' id='word_1_449' title='bbox 2224 2017 2539 2087; x_wconf 88' lang='lat' dir='ltr'><strong>pidantibus</strong></span> <span class='ocrx_word' id='word_1_450' title='bbox 2568 2014 2765 2069; x_wconf 87' lang='lat' dir='ltr'><strong>animis</strong></span> <span class='ocrx_word' id='word_1_451' title='bbox 2812 2023 3189 2084; x_wconf 84' lang='lat' dir='ltr'><strong>Spectaverant</strong></span> <span class='ocrx_word' id='word_1_452' title='bbox 3234 2011 3510 2075; x_wconf 84' lang='lat' dir='ltr'><strong>ablatum;</strong></span> <span class='ocrx_word' id='word_1_453' title='bbox 3563 2025 3804 2079; x_wconf 89' lang='lat' dir='ltr'><strong>suusque</strong></span> 
     </span>
    </p>
   </div>
   <div class='ocr_carea' id='block_1_65' title="bbox 2224 2099 3803 2175">
    <p class='ocr_par' dir='ltr' id='par_1_65' title="bbox 2224 2099 3803 2175">
     <span class='ocr_line' id='line_1_65' title="bbox 2224 2099 3803 2175; baseline -0.005 -13"><span class='ocrx_word' id='word_1_454' title='bbox 2224 2108 2329 2162; x_wconf 90' lang='lat' dir='ltr'><strong>itis</strong></span> <span class='ocrx_word' id='word_1_455' title='bbox 2369 2108 2531 2161; x_wconf 91' lang='lat' dir='ltr'><strong>horor</strong></span> <span class='ocrx_word' id='word_1_456' title='bbox 2572 2106 2911 2175; x_wconf 88' lang='lat' dir='ltr'><strong>postmodum</strong></span> <span class='ocrx_word' id='word_1_457' title='bbox 2960 2104 3199 2175; x_wconf 87' lang='lat' dir='ltr'><strong>jocuudo</strong></span> <span class='ocrx_word' id='word_1_458' title='bbox 3242 2099 3301 2157; x_wconf 85' lang='lat' dir='ltr'><strong>fit</strong></span> <span class='ocrx_word' id='word_1_459' title='bbox 3330 2102 3587 2157; x_wconf 87' lang='lat' dir='ltr'><strong>ludibrio.</strong></span> <span class='ocrx_word' id='word_1_460' title='bbox 3636 2101 3803 2155; x_wconf 73' lang='lat' dir='ltr'><strong>Multa</strong></span> 
     </span>
    </p>
   </div>
   <div class='ocr_carea' id='block_1_66' title="bbox 2225 2192 3808 2267">
    <p class='ocr_par' dir='ltr' id='par_1_66' title="bbox 2225 2192 3808 2267">
     <span class='ocr_line' id='line_1_66' title="bbox 2225 2192 3808 2267; baseline -0.005 -15"><span class='ocrx_word' id='word_1_461' title='bbox 2225 2199 2366 2253; x_wconf 81' lang='lat' dir='ltr'><strong>idem</strong></span> <span class='ocrx_word' id='word_1_462' title='bbox 2416 2199 2702 2267; x_wconf 88' lang='lat' dir='ltr'><strong>episcopus</strong></span> <span class='ocrx_word' id='word_1_463' title='bbox 2729 2212 2758 2250; x_wconf 88' lang='lat' dir='ltr'><strong>a</strong></span> <span class='ocrx_word' id='word_1_464' title='bbox 2790 2196 2904 2251; x_wconf 91' lang='lat' dir='ltr'><strong>suis</strong></span> <span class='ocrx_word' id='word_1_465' title='bbox 2934 2212 3061 2266; x_wconf 90' lang='lat' dir='ltr'><strong>sepe</strong></span> <span class='ocrx_word' id='word_1_466' title='bbox 3106 2209 3394 2265; x_wconf 89' lang='lat' dir='ltr'><strong>perpessus</strong></span> <span class='ocrx_word' id='word_1_467' title='bbox 3419 2234 3434 2258; x_wconf 91' lang='lat'><strong>,</strong></span> <span class='ocrx_word' id='word_1_468' title='bbox 3480 2208 3605 2247; x_wconf 89' lang='lat' dir='ltr'><strong>cum</strong></span> <span class='ocrx_word' id='word_1_469' title='bbox 3644 2192 3808 2245; x_wconf 84' lang='lat' dir='ltr'><strong>retri-</strong></span> 
     </span>
    </p>
   </div>
   <div class='ocr_carea' id='block_1_67' title="bbox 2222 2284 3809 2361">
    <p class='ocr_par' dir='ltr' id='par_1_67' title="bbox 2222 2284 3809 2361">
     <span class='ocr_line' id='line_1_67' title="bbox 2222 2284 3809 2361; baseline -0.004 -16"><span class='ocrx_word' id='word_1_470' title='bbox 2222 2292 2391 2345; x_wconf 89' lang='lat' dir='ltr'><strong>buere</strong></span> <span class='ocrx_word' id='word_1_471' title='bbox 2425 2301 2630 2361; x_wconf 89' lang='lat' dir='ltr'><strong>posset,</strong></span> <span class='ocrx_word' id='word_1_472' title='bbox 2674 2304 2796 2344; x_wconf 86' lang='lat' dir='ltr'><strong>cum</strong></span> <span class='ocrx_word' id='word_1_473' title='bbox 2827 2288 3095 2359; x_wconf 86' lang='lat' dir='ltr'><strong>pacientia</strong></span> <span class='ocrx_word' id='word_1_474' title='bbox 3126 2286 3422 2357; x_wconf 86' lang='lat' dir='ltr'><strong>superavit,</strong></span> <span class='ocrx_word' id='word_1_475' title='bbox 3462 2284 3667 2339; x_wconf 86' lang='lat' dir='ltr'><strong>nullam</strong></span> <span class='ocrx_word' id='word_1_476' title='bbox 3707 2298 3809 2352; x_wconf 87' lang='lat' dir='ltr'><strong>pro</strong></span> 
     </span>
    </p>
   </div>
   <div class='ocr_carea' id='block_1_68' title="bbox 2225 2372 3805 2449">
    <p class='ocr_par' dir='ltr' id='par_1_68' title="bbox 2225 2372 3805 2449">
     <span class='ocr_line' id='line_1_68' title="bbox 2225 2372 3805 2449; baseline -0.006 -14"><span class='ocrx_word' id='word_1_477' title='bbox 2225 2381 2418 2449; x_wconf 86' lang='lat' dir='ltr'><strong>injuria</strong></span> <span class='ocrx_word' id='word_1_478' title='bbox 2462 2396 2558 2435; x_wconf 88' lang='lat' dir='ltr'><strong>sua</strong></span> <span class='ocrx_word' id='word_1_479' title='bbox 2600 2380 2788 2434; x_wconf 89' lang='lat' dir='ltr'><strong>volens</strong></span> <span class='ocrx_word' id='word_1_480' title='bbox 2837 2379 3064 2433; x_wconf 88' lang='lat' dir='ltr'><strong>reddere</strong></span> <span class='ocrx_word' id='word_1_481' title='bbox 3102 2378 3420 2431; x_wconf 85' lang='lat' dir='ltr'><strong>vindictam.</strong></span> <span class='ocrx_word' id='word_1_482' title='bbox 3459 2372 3617 2429; x_wconf 85' lang='lat' dir='ltr'><strong>Unde</strong></span> <span class='ocrx_word' id='word_1_483' title='bbox 3669 2389 3805 2426; x_wconf 78' lang='lat' dir='ltr'><strong>cou-</strong></span> 
     </span>
    </p>
   </div>
   <div class='ocr_carea' id='block_1_69' title="bbox 2225 2463 3808 2541">
    <p class='ocr_par' dir='ltr' id='par_1_69' title="bbox 2225 2463 3808 2541">
     <span class='ocr_line' id='line_1_69' title="bbox 2225 2463 3808 2541; baseline -0.004 -17"><span class='ocrx_word' id='word_1_484' title='bbox 2225 2470 2343 2541; x_wconf 80' lang='lat' dir='ltr'><strong>tigit</strong></span> <span class='ocrx_word' id='word_1_485' title='bbox 2365 2479 2446 2537; x_wconf 91' lang='lat' dir='ltr'><strong>ut,</strong></span> <span class='ocrx_word' id='word_1_486' title='bbox 2480 2470 2606 2525; x_wconf 89' lang='lat' dir='ltr'><strong>dum</strong></span> <span class='ocrx_word' id='word_1_487' title='bbox 2657 2471 2804 2526; x_wconf 88' lang='lat' dir='ltr'><strong>cives</strong></span> <span class='ocrx_word' id='word_1_488' title='bbox 2844 2469 3202 2524; x_wconf 86' lang='lat' dir='ltr'><strong>Leodieenses</strong></span> <span class='ocrx_word' id='word_1_489' title='bbox 3249 2467 3467 2521; x_wconf 85' lang='lat' dir='ltr'><strong>domum</strong></span> <span class='ocrx_word' id='word_1_490' title='bbox 3502 2463 3623 2532; x_wconf 85' lang='lat' dir='ltr'><strong>ejus</strong></span> <span class='ocrx_word' id='word_1_491' title='bbox 3650 2463 3703 2516; x_wconf 86' lang='lat' dir='ltr'><strong>vi</strong></span> <span class='ocrx_word' id='word_1_492' title='bbox 3735 2463 3808 2518; x_wconf 83' lang='lat' dir='ltr'><strong>ir-</strong></span> 
     </span>
    </p>
   </div>
   <div class='ocr_carea' id='block_1_70' title="bbox 2204 2548 3804 2631">
    <p class='ocr_par' dir='ltr' id='par_1_70' title="bbox 2204 2548 3804 2631">
     <span class='ocr_line' id='line_1_70' title="bbox 2204 2548 3804 2631; baseline -0.008 -15"><span class='ocrx_word' id='word_1_493' title='bbox 2204 2548 2522 2631; x_wconf 27' lang='lat' dir='ltr'><strong>‘rupissent,</strong></span> <span class='ocrx_word' id='word_1_494' title='bbox 2570 2568 2626 2614; x_wconf 89' lang='lat' dir='ltr'><strong>et</strong></span> <span class='ocrx_word' id='word_1_495' title='bbox 2679 2560 2877 2614; x_wconf 87' lang='lat' dir='ltr'><strong>rubeos</strong></span> <span class='ocrx_word' id='word_1_496' title='bbox 2939 2557 3349 2613; x_wconf 84' lang='lat' dir='ltr'><strong>Wormaeensis</strong></span> <span class='ocrx_word' id='word_1_497' title='bbox 3404 2553 3515 2608; x_wconf 86' lang='lat' dir='ltr'><strong>vini</strong></span> <span class='ocrx_word' id='word_1_498' title='bbox 3571 2552 3720 2606; x_wconf 89' lang='lat' dir='ltr'><strong>rivos</strong></span> <span class='ocrx_word' id='word_1_499' title='bbox 3773 2566 3804 2605; x_wconf 84' lang='lat' dir='ltr'><strong>a</strong></span> 
     </span>
    </p>
   </div>
   <div class='ocr_carea' id='block_1_71' title="bbox 2225 2639 3804 2720">
    <p class='ocr_par' dir='ltr' id='par_1_71' title="bbox 2225 2639 3804 2720">
     <span class='ocr_line' id='line_1_71' title="bbox 2225 2639 3804 2720; baseline -0.008 -15"><span class='ocrx_word' id='word_1_500' title='bbox 2225 2660 2408 2705; x_wconf 90' lang='lat' dir='ltr'><strong>monte</strong></span> <span class='ocrx_word' id='word_1_501' title='bbox 2455 2665 2561 2720; x_wconf 91' lang='lat' dir='ltr'><strong>quo</strong></span> <span class='ocrx_word' id='word_1_502' title='bbox 2594 2664 2736 2702; x_wconf 87' lang='lat' dir='ltr'><strong>nunc</strong></span> <span class='ocrx_word' id='word_1_503' title='bbox 2773 2647 3017 2702; x_wconf 70' lang='lat' dir='ltr'><strong>recelesia</strong></span> <span class='ocrx_word' id='word_1_504' title='bbox 3049 2645 3223 2700; x_wconf 90' lang='lat' dir='ltr'><strong>sancti</strong></span> <span class='ocrx_word' id='word_1_505' title='bbox 3256 2643 3469 2697; x_wconf 84' lang='lat' dir='ltr'><strong>Martini</strong></span> <span class='ocrx_word' id='word_1_506' title='bbox 3502 2640 3656 2713; x_wconf 68' lang='lat'><strong>(“2)</strong></span> <span class='ocrx_word' id='word_1_507' title='bbox 3699 2639 3804 2694; x_wconf 84' lang='lat' dir='ltr'><strong>sita</strong></span> 
     </span>
    </p>
   </div>
   <div class='ocr_carea' id='block_1_72' title="bbox 2223 2730 3806 2810">
    <p class='ocr_par' dir='ltr' id='par_1_72' title="bbox 2223 2730 3806 2810">
     <span class='ocr_line' id='line_1_72' title="bbox 2223 2730 3806 2810; baseline -0.011 -13"><span class='ocrx_word' id='word_1_508' title='bbox 2223 2750 2330 2805; x_wconf 79' lang='lat' dir='ltr'><strong>est,</strong></span> <span class='ocrx_word' id='word_1_509' title='bbox 2378 2755 2546 2810; x_wconf 84' lang='lat' dir='ltr'><strong>usque</strong></span> <span class='ocrx_word' id='word_1_510' title='bbox 2584 2739 2637 2793; x_wconf 90' lang='lat' dir='ltr'><strong>in</strong></span> <span class='ocrx_word' id='word_1_511' title='bbox 2670 2737 2874 2792; x_wconf 83' lang='lat' dir='ltr'><strong>Mosam</strong></span> <span class='ocrx_word' id='word_1_512' title='bbox 2911 2736 3283 2798; x_wconf 79' lang='lat' dir='ltr'><strong>deduxissent,</strong></span> <span class='ocrx_word' id='word_1_513' title='bbox 3314 2732 3404 2787; x_wconf 90' lang='lat' dir='ltr'><strong>ille</strong></span> <span class='ocrx_word' id='word_1_514' title='bbox 3434 2732 3539 2786; x_wconf 86' lang='lat' dir='ltr'><strong>hoc</strong></span> <span class='ocrx_word' id='word_1_515' title='bbox 3562 2730 3806 2798; x_wconf 65' lang='lat' dir='ltr'><strong>aequani-</strong></span> 
     </span>
    </p>
   </div>
   <div class='ocr_carea' id='block_1_73' title="bbox 2223 2816 3808 2894">
    <p class='ocr_par' dir='ltr' id='par_1_73' title="bbox 2223 2816 3808 2894">
     <span class='ocr_line' id='line_1_73' title="bbox 2223 2816 3808 2894; baseline -0.009 -7"><span class='ocrx_word' id='word_1_516' title='bbox 2223 2816 2387 2886; x_wconf 74' lang='lat' dir='ltr'><strong>miter</strong></span> <span class='ocrx_word' id='word_1_517' title='bbox 2415 2829 2614 2892; x_wconf 86' lang='lat' dir='ltr'><strong>ferens,</strong></span> <span class='ocrx_word' id='word_1_518' title='bbox 2648 2827 2849 2882; x_wconf 90' lang='lat' dir='ltr'><strong>nullam</strong></span> <span class='ocrx_word' id='word_1_519' title='bbox 2878 2825 3209 2880; x_wconf 88' lang='lat' dir='ltr'><strong>adversariis</strong></span> <span class='ocrx_word' id='word_1_520' title='bbox 3238 2838 3336 2894; x_wconf 91' lang='lat' dir='ltr'><strong>pro</strong></span> <span class='ocrx_word' id='word_1_521' title='bbox 3360 2822 3462 2876; x_wconf 90' lang='lat' dir='ltr'><strong>hac</strong></span> <span class='ocrx_word' id='word_1_522' title='bbox 3494 2818 3808 2873; x_wconf 80' lang='lat' dir='ltr'><strong>temeritate</strong></span> 
     </span>
    </p>
   </div>
   <div class='ocr_carea' id='block_1_74' title="bbox 2223 2910 3808 2992">
    <p class='ocr_par' dir='ltr' id='par_1_74' title="bbox 2223 2910 3808 2992">
     <span class='ocr_line' id='line_1_74' title="bbox 2223 2910 3808 2992; baseline -0.011 -11"><span class='ocrx_word' id='word_1_523' title='bbox 2223 2926 2396 2981; x_wconf 91' lang='lat' dir='ltr'><strong>vicem</strong></span> <span class='ocrx_word' id='word_1_524' title='bbox 2450 2920 2746 2992; x_wconf 88' lang='lat' dir='ltr'><strong>rependere</strong></span> <span class='ocrx_word' id='word_1_525' title='bbox 2798 2919 3048 2989; x_wconf 89' lang='lat' dir='ltr'><strong>quesivit.</strong></span> <span class='ocrx_word' id='word_1_526' title='bbox 3090 2917 3152 2971; x_wconf 82' lang='lat' dir='ltr'><strong>Et</strong></span> <span class='ocrx_word' id='word_1_527' title='bbox 3200 2914 3450 2986; x_wconf 88' lang='lat' dir='ltr'><strong>quamvis</strong></span> <span class='ocrx_word' id='word_1_528' title='bbox 3500 2910 3808 2966; x_wconf 83' lang='lat' dir='ltr'><strong>innumeris</strong></span> 
     </span>
    </p>
   </div>
   <div class='ocr_carea' id='block_1_75' title="bbox 2225 3001 3806 3088">
    <p class='ocr_par' dir='ltr' id='par_1_75' title="bbox 2225 3001 3806 3088">
     <span class='ocr_line' id='line_1_75' title="bbox 2225 3001 3806 3088; baseline -0.013 -17"><span class='ocrx_word' id='word_1_529' title='bbox 2225 3023 2563 3088; x_wconf 89' lang='lat' dir='ltr'><strong>premeretur</strong></span> <span class='ocrx_word' id='word_1_530' title='bbox 2607 3010 2891 3072; x_wconf 86' lang='lat' dir='ltr'><strong>molestiis,</strong></span> <span class='ocrx_word' id='word_1_531' title='bbox 2933 3017 2987 3064; x_wconf 89' lang='lat' dir='ltr'><strong>et</strong></span> <span class='ocrx_word' id='word_1_532' title='bbox 3036 3008 3205 3062; x_wconf 88' lang='lat' dir='ltr'><strong>multa</strong></span> <span class='ocrx_word' id='word_1_533' title='bbox 3262 3003 3547 3058; x_wconf 82' lang='lat' dir='ltr'><strong>familiaris</strong></span> <span class='ocrx_word' id='word_1_534' title='bbox 3582 3001 3662 3056; x_wconf 87' lang='lat' dir='ltr'><strong>rei</strong></span> <span class='ocrx_word' id='word_1_535' title='bbox 3713 3014 3806 3053; x_wconf 84' lang='lat' dir='ltr'><strong>an-</strong></span> 
     </span>
    </p>
   </div>
   <div class='ocr_carea' id='block_1_76' title="bbox 2225 3087 3807 3179">
    <p class='ocr_par' dir='ltr' id='par_1_76' title="bbox 2225 3087 3807 3179">
     <span class='ocr_line' id='line_1_76' title="bbox 2225 3087 3807 3179; baseline -0.011 -19"><span class='ocrx_word' id='word_1_536' title='bbox 2225 3087 2633 3179; x_wconf 64' lang='lat' dir='ltr'><strong>glistiti,qttippe</strong></span> <span class='ocrx_word' id='word_1_537' title='bbox 2660 3102 2750 3171; x_wconf 90' lang='lat' dir='ltr'><strong>qui</strong></span> <span class='ocrx_word' id='word_1_538' title='bbox 2783 3118 2812 3154; x_wconf 89' lang='lat' dir='ltr'><strong>a</strong></span> <span class='ocrx_word' id='word_1_539' title='bbox 2841 3100 2912 3133; x_wconf 79' lang='grc'><strong>’³⁸</strong></span> <span class='ocrx_word' id='word_1_540' title='bbox 2938 3099 3068 3153; x_wconf 89' lang='lat' dir='ltr'><strong>viris</strong></span> <span class='ocrx_word' id='word_1_541' title='bbox 3096 3095 3417 3150; x_wconf 86' lang='lat' dir='ltr'><strong>militaribus</strong></span> <span class='ocrx_word' id='word_1_542' title='bbox 3438 3088 3718 3160; x_wconf 90' lang='lat' dir='ltr'><strong>episcopio</strong></span> <span class='ocrx_word' id='word_1_543' title='bbox 3739 3087 3807 3119; x_wconf 79' lang='grc'><strong>’⁸⁸</strong></span> 
     </span>
    </p>
   </div>
   <div class='ocr_carea' id='block_1_77' title="bbox 2225 3187 3807 3266">
    <p class='ocr_par' dir='ltr' id='par_1_77' title="bbox 2225 3187 3807 3266">
     <span class='ocr_line' id='line_1_77' title="bbox 2225 3187 3807 3266; baseline -0.013 -15"><span class='ocrx_word' id='word_1_544' title='bbox 2225 3196 2558 3266; x_wconf 82' lang='lat' dir='ltr'><strong>appendiciis</strong></span> <span class='ocrx_word' id='word_1_545' title='bbox 2592 3198 2833 3264; x_wconf 89' lang='lat' dir='ltr'><strong>privatus</strong></span> <span class='ocrx_word' id='word_1_546' title='bbox 2880 3199 3026 3244; x_wconf 89' lang='lat' dir='ltr'><strong>esset</strong></span> <span class='ocrx_word' id='word_1_547' title='bbox 3055 3187 3230 3249; x_wconf 87' lang='lat' dir='ltr'><strong>villis,</strong></span> <span class='ocrx_word' id='word_1_548' title='bbox 3290 3187 3422 3239; x_wconf 85' lang='lat' dir='ltr'><strong>duas</strong></span> <span class='ocrx_word' id='word_1_549' title='bbox 3475 3191 3656 3237; x_wconf 88' lang='lat' dir='ltr'><strong>tamen</strong></span> <span class='ocrx_word' id='word_1_550' title='bbox 3705 3192 3807 3232; x_wconf 86' lang='lat' dir='ltr'><strong>no-</strong></span> 
     </span>
    </p>
   </div>
   <div class='ocr_carea' id='block_1_78' title="bbox 2232 3273 3807 3347">
    <p class='ocr_par' dir='ltr' id='par_1_78' title="bbox 2232 3273 3807 3347">
     <span class='ocr_line' id='line_1_78' title="bbox 2232 3273 3807 3347; baseline -0.013 -5"><span class='ocrx_word' id='word_1_551' title='bbox 2232 3287 2439 3342; x_wconf 90' lang='lat' dir='ltr'><strong>biscum</strong></span> <span class='ocrx_word' id='word_1_552' title='bbox 2490 3285 2560 3317; x_wconf 82' lang='grc'><strong>⁹²⁰</strong></span> <span class='ocrx_word' id='word_1_553' title='bbox 2602 3282 2835 3339; x_wconf 87' lang='lat' dir='ltr'><strong>condidit</strong></span> <span class='ocrx_word' id='word_1_554' title='bbox 2895 3278 3174 3335; x_wconf 77' lang='lat' dir='ltr'><strong>:ecclcsias</strong></span> <span class='ocrx_word' id='word_1_555' title='bbox 3222 3276 3335 3347; x_wconf 82' lang='lat' dir='ltr'><strong>(an.</strong></span> <span class='ocrx_word' id='word_1_556' title='bbox 3380 3273 3529 3343; x_wconf 80' lang='lat'><strong>965),</strong></span> <span class='ocrx_word' id='word_1_557' title='bbox 3577 3285 3807 3340; x_wconf 85' lang='lat' dir='ltr'><strong>quarum</strong></span> 
     </span>
    </p>
   </div>
   <div class='ocr_carea' id='block_1_79' title="bbox 2229 3356 3808 3443">
    <p class='ocr_par' dir='ltr' id='par_1_79' title="bbox 2229 3356 3808 3443">
     <span class='ocr_line' id='line_1_79' title="bbox 2229 3356 3808 3443; baseline -0.015 -10"><span class='ocrx_word' id='word_1_558' title='bbox 2229 3394 2392 3433; x_wconf 87' lang='lat' dir='ltr'><strong>unam</strong></span> <span class='ocrx_word' id='word_1_559' title='bbox 2420 3378 2473 3432; x_wconf 92' lang='lat' dir='ltr'><strong>in</strong></span> <span class='ocrx_word' id='word_1_560' title='bbox 2503 3373 2645 3432; x_wconf 88' lang='lat' dir='ltr'><strong>beati</strong></span> <span class='ocrx_word' id='word_1_561' title='bbox 2676 3371 2823 3428; x_wconf 71' lang='lat' dir='ltr'><strong>Pauli</strong></span> <span class='ocrx_word' id='word_1_562' title='bbox 2856 3369 3029 3443; x_wconf 65' lang='lat'><strong>(“5),</strong></span> <span class='ocrx_word' id='word_1_563' title='bbox 3055 3367 3281 3421; x_wconf 88' lang='lat' dir='ltr'><strong>alteram</strong></span> <span class='ocrx_word' id='word_1_564' title='bbox 3316 3364 3369 3418; x_wconf 92' lang='lat' dir='ltr'><strong>in</strong></span> <span class='ocrx_word' id='word_1_565' title='bbox 3405 3361 3552 3416; x_wconf 88' lang='lat' dir='ltr'><strong>beati</strong></span> <span class='ocrx_word' id='word_1_566' title='bbox 3592 3356 3808 3413; x_wconf 72' lang='lat' dir='ltr'><strong>Martini</strong></span> 
     </span>
    </p>
   </div>
   <div class='ocr_carea' id='block_1_80' title="bbox 2232 3450 3808 3535">
    <p class='ocr_par' dir='ltr' id='par_1_80' title="bbox 2232 3450 3808 3535">
     <span class='ocr_line' id='line_1_80' title="bbox 2232 3450 3808 3535; baseline -0.014 -11"><span class='ocrx_word' id='word_1_567' title='bbox 2232 3471 2437 3525; x_wconf 87' lang='lat' dir='ltr'><strong>honore</strong></span> <span class='ocrx_word' id='word_1_568' title='bbox 2464 3466 2803 3524; x_wconf 83' lang='lat' dir='ltr'><strong>cnnsecravit</strong></span> <span class='ocrx_word' id='word_1_569' title='bbox 2849 3462 3021 3535; x_wconf 63' lang='lat' dir='ltr'><strong>(Mi),</strong></span> <span class='ocrx_word' id='word_1_570' title='bbox 3076 3456 3301 3530; x_wconf 81' lang='lat' dir='ltr'><strong>singulis</strong></span> <span class='ocrx_word' id='word_1_571' title='bbox 3352 3453 3573 3524; x_wconf 84' lang='lat' dir='ltr'><strong>triginta</strong></span> <span class='ocrx_word' id='word_1_572' title='bbox 3609 3450 3808 3504; x_wconf 79' lang='lat' dir='ltr'><strong>fratres</strong></span> 
     </span>
    </p>
   </div>
   <div class='ocr_carea' id='block_1_81' title="bbox 2233 3541 3809 3629">
    <p class='ocr_par' dir='ltr' id='par_1_81' title="bbox 2233 3541 3809 3629">
     <span class='ocr_line' id='line_1_81' title="bbox 2233 3541 3809 3629; baseline -0.018 -10"><span class='ocrx_word' id='word_1_573' title='bbox 2233 3561 2522 3619; x_wconf 85' lang='lat' dir='ltr'><strong>canonicos</strong></span> <span class='ocrx_word' id='word_1_574' title='bbox 2548 3557 2849 3628; x_wconf 87' lang='lat' dir='ltr'><strong>deputavit,</strong></span> <span class='ocrx_word' id='word_1_575' title='bbox 2880 3554 3108 3629; x_wconf 4' lang='lat' dir='ltr'><strong>tcrciamj</strong></span> <span class='ocrx_word' id='word_1_576' title='bbox 3142 3552 3197 3605; x_wconf 89' lang='lat' dir='ltr'><strong>in</strong></span> <span class='ocrx_word' id='word_1_577' title='bbox 3222 3544 3445 3604; x_wconf 48' lang='lat' dir='ltr'><strong>‘honore</strong></span> <span class='ocrx_word' id='word_1_578' title='bbox 3495 3543 3642 3598; x_wconf 85' lang='lat' dir='ltr'><strong>beati</strong></span> <span class='ocrx_word' id='word_1_579' title='bbox 3672 3541 3809 3595; x_wconf 77' lang='lat' dir='ltr'><strong>Lau-</strong></span> 
     </span>
    </p>
   </div>
   <div class='ocr_carea' id='block_1_82' title="bbox 2232 3635 3810 3723">
    <p class='ocr_par' dir='ltr' id='par_1_82' title="bbox 2232 3635 3810 3723">
     <span class='ocr_line' id='line_1_82' title="bbox 2232 3635 3810 3723; baseline -0.015 -13"><span class='ocrx_word' id='word_1_580' title='bbox 2232 3654 2393 3711; x_wconf 87' lang='lat' dir='ltr'><strong>rentii</strong></span> <span class='ocrx_word' id='word_1_581' title='bbox 2425 3653 2613 3723; x_wconf 67' lang='lat' dir='ltr'><strong>cu‘pit,</strong></span> <span class='ocrx_word' id='word_1_582' title='bbox 2663 3650 2757 3706; x_wconf 88' lang='lat' dir='ltr'><strong>sed</strong></span> <span class='ocrx_word' id='word_1_583' title='bbox 2788 3664 2894 3704; x_wconf 93' lang='lat' dir='ltr'><strong>non</strong></span> <span class='ocrx_word' id='word_1_584' title='bbox 2937 3645 3183 3717; x_wconf 88' lang='lat' dir='ltr'><strong>perfecit.</strong></span> <span class='ocrx_word' id='word_1_585' title='bbox 3237 3641 3404 3711; x_wconf 80' lang='lat' dir='ltr'><strong>Cujus</strong></span> <span class='ocrx_word' id='word_1_586' title='bbox 3444 3635 3646 3708; x_wconf 84' lang='lat' dir='ltr'><strong>corpus</strong></span> <span class='ocrx_word' id='word_1_587' title='bbox 3688 3639 3810 3706; x_wconf 82' lang='lat' dir='ltr'><strong>post</strong></span> 
     </span>
    </p>
   </div>
   <div class='ocr_carea' id='block_1_83' title="bbox 2233 3726 3810 3815">
    <p class='ocr_par' dir='ltr' id='par_1_83' title="bbox 2233 3726 3810 3815">
     <span class='ocr_line' id='line_1_83' title="bbox 2233 3726 3810 3815; baseline -0.013 -14"><span class='ocrx_word' id='word_1_588' title='bbox 2233 3747 2302 3801; x_wconf 68' lang='grc'><strong>12</strong></span> <span class='ocrx_word' id='word_1_589' title='bbox 2328 3746 2671 3815; x_wconf 83' lang='lat' dir='ltr'><strong>episcOpatus</strong></span> <span class='ocrx_word' id='word_1_590' title='bbox 2714 3756 2885 3795; x_wconf 87' lang='lat' dir='ltr'><strong>annos</strong></span> <span class='ocrx_word' id='word_1_591' title='bbox 2918 3749 3078 3793; x_wconf 74' lang='lat' dir='ltr'><strong>terra:</strong></span> <span class='ocrx_word' id='word_1_592' title='bbox 3100 3743 3188 3791; x_wconf 81' lang='lat' dir='ltr'><strong>est</strong></span> <span class='ocrx_word' id='word_1_593' title='bbox 3226 3731 3497 3788; x_wconf 86' lang='lat' dir='ltr'><strong>redditum</strong></span> <span class='ocrx_word' id='word_1_594' title='bbox 3532 3729 3591 3783; x_wconf 87' lang='lat' dir='ltr'><strong>in</strong></span> <span class='ocrx_word' id='word_1_595' title='bbox 3623 3726 3810 3783; x_wconf 49' lang='lat' dir='ltr'><strong>teccle.</strong></span> 
     </span>
    </p>
   </div>
   <div class='ocr_carea' id='block_1_84' title="bbox 2233 3819 3504 3900">
    <p class='ocr_par' dir='ltr' id='par_1_84' title="bbox 2233 3819 3504 3900">
     <span class='ocr_line' id='line_1_84' title="bbox 2233 3819 3504 3900; baseline -0.014 -9"><span class='ocrx_word' id='word_1_596' title='bbox 2233 3837 2313 3891; x_wconf 92' lang='lat' dir='ltr'><strong>sia</strong></span> <span class='ocrx_word' id='word_1_597' title='bbox 2337 3837 2484 3891; x_wconf 88' lang='lat' dir='ltr'><strong>beati</strong></span> <span class='ocrx_word' id='word_1_598' title='bbox 2514 3831 2731 3888; x_wconf 80' lang='lat' dir='ltr'><strong>Martini</strong></span> <span class='ocrx_word' id='word_1_599' title='bbox 2758 3833 2871 3900; x_wconf 86' lang='lat' dir='ltr'><strong>(an.</strong></span> <span class='ocrx_word' id='word_1_600' title='bbox 2903 3828 3028 3893; x_wconf 77' lang='lat'><strong>971,</strong></span> <span class='ocrx_word' id='word_1_601' title='bbox 3058 3824 3177 3881; x_wconf 84' lang='lat' dir='ltr'><strong>Oct.</strong></span> <span class='ocrx_word' id='word_1_602' title='bbox 3203 3823 3294 3894; x_wconf 73' lang='lat'><strong>27)</strong></span> <span class='ocrx_word' id='word_1_603' title='bbox 3332 3819 3504 3893; x_wconf 69' lang='grc'><strong>(445).</strong></span> 
     </span>
    </p>
   </div>
   <div class='ocr_carea' id='block_1_85' title="bbox 2595 3956 3437 4023">
    <p class='ocr_par' dir='ltr' id='par_1_85' title="bbox 2595 3956 3437 4023">
     <span class='ocr_line' id='line_1_85' title="bbox 2595 3956 3437 4023; baseline -0.015 -2"><span class='ocrx_word' id='word_1_604' title='bbox 2595 3965 2684 4020; x_wconf 76' lang='grc'><strong>25.</strong></span> <span class='ocrx_word' id='word_1_605' title='bbox 2724 3964 2802 4019; x_wconf 87' lang='lat' dir='ltr'><strong>De</strong></span> <span class='ocrx_word' id='word_1_606' title='bbox 2840 3960 3047 4019; x_wconf 83' lang='lat' dir='ltr'><strong>Nokero</strong></span> <span class='ocrx_word' id='word_1_607' title='bbox 3078 3957 3145 3990; x_wconf 82' lang='grc'><strong>⁹²¹</strong></span> <span class='ocrx_word' id='word_1_608' title='bbox 3177 3956 3437 4023; x_wconf 68' lang='lat' dir='ltr'><strong>epist-apo.</strong></span> 
     </span>
    </p>
   </div>
   <div class='ocr_carea' id='block_1_86' title="bbox 2307 4081 3807 4160">
    <p class='ocr_par' dir='ltr' id='par_1_86' title="bbox 2307 4081 3807 4160">
     <span class='ocr_line' id='line_1_86' title="bbox 2307 4081 3807 4160; baseline -0.017 0"><span class='ocrx_word' id='word_1_609' title='bbox 2307 4103 2642 4160; x_wconf 87' lang='lat' dir='ltr'><strong>Snbstitutus</strong></span> <span class='ocrx_word' id='word_1_610' title='bbox 2690 4109 2777 4155; x_wconf 91' lang='lat' dir='ltr'><strong>est</strong></span> <span class='ocrx_word' id='word_1_611' title='bbox 2832 4097 3101 4151; x_wconf 87' lang='lat' dir='ltr'><strong>Everacro</strong></span> <span class='ocrx_word' id='word_1_612' title='bbox 3132 4092 3202 4124; x_wconf 73' lang='grc'><strong>’³³</strong></span> <span class='ocrx_word' id='word_1_613' title='bbox 3249 4088 3318 4143; x_wconf 76' lang='grc'><strong>46</strong></span> <span class='ocrx_word' id='word_1_614' title='bbox 3358 4086 3607 4142; x_wconf 80' lang='lat' dir='ltr'><strong>Nokerus</strong></span> <span class='ocrx_word' id='word_1_615' title='bbox 3641 4081 3807 4154; x_wconf 68' lang='lat' dir='ltr'><strong>(uti),</strong></span> 
     </span>
    </p>
   </div>
   <div class='ocr_carea' id='block_1_87' title="bbox 2238 4173 3810 4268">
    <p class='ocr_par' dir='ltr' id='par_1_87' title="bbox 2238 4173 3810 4268">
     <span class='ocr_line' id='line_1_87' title="bbox 2238 4173 3810 4268; baseline -0.018 -17"><span class='ocrx_word' id='word_1_616' title='bbox 2238 4210 2434 4268; x_wconf 80' lang='lat' dir='ltr'><strong>genere</strong></span> <span class='ocrx_word' id='word_1_617' title='bbox 2487 4193 2702 4263; x_wconf 86' lang='lat' dir='ltr'><strong>quidem</strong></span> <span class='ocrx_word' id='word_1_618' title='bbox 2752 4188 3087 4241; x_wconf 78' lang='lat' dir='ltr'><strong>Alamannus</strong></span> <span class='ocrx_word' id='word_1_619' title='bbox 3128 4180 3314 4252; x_wconf 67' lang='lat'><strong>(“7),</strong></span> <span class='ocrx_word' id='word_1_620' title='bbox 3368 4177 3487 4244; x_wconf 47' lang='lat' dir='ltr'><strong>sed,</strong></span> <span class='ocrx_word' id='word_1_621' title='bbox 3520 4173 3810 4268; x_wconf 70' lang='lat' dir='ltr'><strong>admodum</strong></span> 
     </span>
    </p>
   </div>
   <div class='ocr_carea' id='block_1_88' title="bbox 2239 4259 3813 4351">
    <p class='ocr_par' dir='ltr' id='par_1_88' title="bbox 2239 4259 3813 4351">
     <span class='ocr_line' id='line_1_88' title="bbox 2239 4259 3813 4351; baseline -0.018 -9"><span class='ocrx_word' id='word_1_622' title='bbox 2239 4259 2386 4342; x_wconf 72' lang='lat' dir='ltr'><strong>omni</strong></span> <span class='ocrx_word' id='word_1_623' title='bbox 2446 4259 2657 4338; x_wconf 78' lang='lat' dir='ltr'><strong>morum</strong></span> <span class='ocrx_word' id='word_1_624' title='bbox 2705 4277 2971 4351; x_wconf 78' lang='lat' dir='ltr'><strong>elegantia</strong></span> <span class='ocrx_word' id='word_1_625' title='bbox 3042 4272 3364 4342; x_wconf 80' lang='lat' dir='ltr'><strong>insignitus,</strong></span> <span class='ocrx_word' id='word_1_626' title='bbox 3410 4274 3638 4338; x_wconf 84' lang='lat' dir='ltr'><strong>paterna</strong></span> <span class='ocrx_word' id='word_1_627' title='bbox 3684 4259 3813 4317; x_wconf 76' lang='lat' dir='ltr'><strong>dile-</strong></span> 
     </span>
    </p>
   </div>
   <div class='ocr_carea' id='block_1_89' title="bbox 1799 4395 2476 4456">
    <p class='ocr_par' dir='ltr' id='par_1_89' title="bbox 1799 4395 2476 4456">
     <span class='ocr_line' id='line_1_89' title="bbox 1799 4395 2476 4456; baseline -0.009 0"><span class='ocrx_word' id='word_1_628' title='bbox 1799 4400 2036 4456; x_wconf 63' lang='lat' dir='ltr'><strong>VARUS</strong></span> <span class='ocrx_word' id='word_1_629' title='bbox 2072 4395 2476 4455; x_wconf 75' lang='lat' dir='ltr'><strong>LECTIONES.</strong></span> 
     </span>
    </p>
   </div>
   <div class='ocr_carea' id='block_1_90' title="bbox 623 4513 1860 4585">
    <p class='ocr_par' dir='ltr' id='par_1_90' title="bbox 623 4513 1860 4585">
     <span class='ocr_line' id='line_1_90' title="bbox 623 4513 1860 4585; baseline 0.003 -21"><span class='ocrx_word' id='word_1_630' title='bbox 623 4513 939 4585; x_wconf 49' lang='lat' dir='ltr'><strong>“fdus”.</strong></span> <span class='ocrx_word' id='word_1_631' title='bbox 1014 4517 1087 4550; x_wconf 81' lang='grc'><strong>⁹⁰⁸</strong></span> <span class='ocrx_word' id='word_1_632' title='bbox 1109 4515 1179 4576; x_wconf 81' lang='lat' dir='ltr'><strong>ab</strong></span> <span class='ocrx_word' id='word_1_633' title='bbox 1209 4516 1330 4571; x_wconf 73' lang='lat' dir='ltr'><strong>L2.</strong></span> <span class='ocrx_word' id='word_1_634' title='bbox 1402 4516 1473 4550; x_wconf 73' lang='grc' dir='ltr'><strong>’θ’</strong></span> <span class='ocrx_word' id='word_1_635' title='bbox 1500 4515 1767 4585; x_wconf 79' lang='lat' dir='ltr'><strong>quoddam</strong></span> <span class='ocrx_word' id='word_1_636' title='bbox 1807 4514 1860 4568; x_wconf 72' lang='grc' dir='ltr'>ι.</span> 
     </span>
    </p>
   </div>
   <div class='ocr_carea' id='block_1_91' title="bbox 552 4583 1594 4650">
    <p class='ocr_par' dir='ltr' id='par_1_91' title="bbox 552 4583 1594 4650">
     <span class='ocr_line' id='line_1_91' title="bbox 552 4583 1594 4650; baseline 0 -13"><span class='ocrx_word' id='word_1_637' title='bbox 552 4583 607 4637; x_wconf 65' lang='lat' dir='ltr'><strong>AI.</strong></span> <span class='ocrx_word' id='word_1_638' title='bbox 685 4583 755 4616; x_wconf 70' lang='lat'><strong>’“</strong></span> <span class='ocrx_word' id='word_1_639' title='bbox 781 4594 993 4650; x_wconf 57' lang='lat' dir='ltr'><strong>reputat</strong></span> <span class='ocrx_word' id='word_1_640' title='bbox 1028 4587 1079 4640; x_wconf 61' lang='grc' dir='ltr'><strong>Α..</strong></span> <span class='ocrx_word' id='word_1_641' title='bbox 1178 4587 1248 4619; x_wconf 71' lang='grc'><strong>’⁸⁵</strong></span> <span class='ocrx_word' id='word_1_642' title='bbox 1277 4588 1327 4640; x_wconf 87' lang='lat' dir='ltr'><strong>hi</strong></span> <span class='ocrx_word' id='word_1_643' title='bbox 1367 4583 1594 4638; x_wconf 37' lang='lat' dir='ltr'><strong>additi.</strong></span> 
     </span>
    </p>
   </div>
   <div class='ocr_carea' id='block_1_92' title="bbox 1937 4511 2417 4583">
    <p class='ocr_par' dir='ltr' id='par_1_92' title="bbox 1937 4511 2417 4583">
     <span class='ocr_line' id='line_1_92' title="bbox 1937 4511 2417 4583; baseline -0.006 -16"><span class='ocrx_word' id='word_1_644' title='bbox 1937 4514 2005 4546; x_wconf 69' lang='grc' dir='ltr'>ἰο</span> <span class='ocrx_word' id='word_1_645' title='bbox 2028 4512 2259 4583; x_wconf 89' lang='lat' dir='ltr'><strong>percutit</strong></span> <span class='ocrx_word' id='word_1_646' title='bbox 2279 4511 2332 4564; x_wconf 80' lang='grc'><strong>3.</strong></span> <span class='ocrx_word' id='word_1_647' title='bbox 2363 4511 2417 4564; x_wconf 72' lang='grc'><strong>4.</strong></span> 
     </span>
    </p>
   </div>
   <div class='ocr_carea' id='block_1_93' title="bbox 1693 4583 2267 4637">
    <p class='ocr_par' dir='ltr' id='par_1_93' title="bbox 1693 4583 2267 4637">
     <span class='ocr_line' id='line_1_93' title="bbox 1693 4583 2267 4637; baseline -0.003 0"><span class='ocrx_word' id='word_1_648' title='bbox 1693 4584 1763 4615; x_wconf 80' lang='grc'><strong>⁹¹⁶</strong></span> <span class='ocrx_word' id='word_1_649' title='bbox 1791 4584 2016 4637; x_wconf 88' lang='lat' dir='ltr'><strong>cernitis</strong></span> <span class='ocrx_word' id='word_1_650' title='bbox 2047 4587 2093 4636; x_wconf 83' lang='lat' dir='ltr'><strong>i.</strong></span> <span class='ocrx_word' id='word_1_651' title='bbox 2118 4583 2171 4635; x_wconf 74' lang='lat'><strong>‘2.</strong></span> <span class='ocrx_word' id='word_1_652' title='bbox 2213 4585 2267 4635; x_wconf 76' lang='grc' dir='ltr'><strong>ὅ.</strong></span> 
     </span>
    </p>
   </div>
   <div class='ocr_carea' id='block_1_94' title="bbox 2495 4492 3810 4569">
    <p class='ocr_par' dir='ltr' id='par_1_94' title="bbox 2495 4492 3810 4569">
     <span class='ocr_line' id='line_1_94' title="bbox 2495 4492 3810 4569; baseline -0.012 -8"><span class='ocrx_word' id='word_1_653' title='bbox 2495 4509 2564 4541; x_wconf 82' lang='grc'><strong>⁹¹¹</strong></span> <span class='ocrx_word' id='word_1_654' title='bbox 2594 4506 2799 4560; x_wconf 84' lang='lat' dir='ltr'><strong>deestl.</strong></span> <span class='ocrx_word' id='word_1_655' title='bbox 2824 4505 2882 4559; x_wconf 72' lang='lat'><strong>2.</strong></span> <span class='ocrx_word' id='word_1_656' title='bbox 2916 4504 2970 4557; x_wconf 75' lang='lat'><strong>&#39;5.</strong></span> <span class='ocrx_word' id='word_1_657' title='bbox 3045 4500 3114 4533; x_wconf 67' lang='grc' dir='ltr'>ἠ</span> <span class='ocrx_word' id='word_1_658' title='bbox 3144 4496 3416 4569; x_wconf 83' lang='lat' dir='ltr'><strong>perterriti</strong></span> <span class='ocrx_word' id='word_1_659' title='bbox 3442 4495 3529 4569; x_wconf 23' lang='grc' dir='ltr'>αξη*</span> <span class='ocrx_word' id='word_1_660' title='bbox 3573 4492 3648 4569; x_wconf 63' lang='grc' dir='ltr'>ἰξ</span> <span class='ocrx_word' id='word_1_661' title='bbox 3676 4493 3810 4546; x_wconf 80' lang='lat' dir='ltr'><strong>deest</strong></span> 
     </span>
    </p>
   </div>
   <div class='ocr_carea' id='block_1_95' title="bbox 2343 4563 3814 4633">
    <p class='ocr_par' dir='ltr' id='par_1_95' title="bbox 2343 4563 3814 4633">
     <span class='ocr_line' id='line_1_95' title="bbox 2343 4563 3814 4633; baseline -0.013 2"><span class='ocrx_word' id='word_1_662' title='bbox 2343 4582 2411 4614; x_wconf 85' lang='grc'><strong>⁹¹⁷</strong></span> <span class='ocrx_word' id='word_1_663' title='bbox 2441 4580 2735 4633; x_wconf 85' lang='lat' dir='ltr'><strong>reformare</strong></span> <span class='ocrx_word' id='word_1_664' title='bbox 2767 4577 2815 4629; x_wconf 80' lang='grc'><strong>1.</strong></span> <span class='ocrx_word' id='word_1_665' title='bbox 2846 4574 2900 4628; x_wconf 73' lang='grc'><strong>2.</strong></span> <span class='ocrx_word' id='word_1_666' title='bbox 2923 4574 2977 4628; x_wconf 77' lang='lat'><strong>3.</strong></span> <span class='ocrx_word' id='word_1_667' title='bbox 3075 4563 3307 4623; x_wconf 52' lang='lat' dir='ltr'><strong>&quot;‘deest</strong></span> <span class='ocrx_word' id='word_1_668' title='bbox 3337 4567 3388 4620; x_wconf 78' lang='grc'><strong>1.</strong></span> <span class='ocrx_word' id='word_1_669' title='bbox 3464 4564 3535 4598; x_wconf 77' lang='grc'><strong>⁸⁸⁸</strong></span> <span class='ocrx_word' id='word_1_670' title='bbox 3562 4563 3814 4618; x_wconf 84' lang='lat' dir='ltr'><strong>eoiscouo</strong></span> 
     </span>
    </p>
   </div>
   <div class='ocr_carea' id='block_1_96' title="bbox 555 4637 3414 4725">
    <p class='ocr_par' dir='ltr' id='par_1_96' title="bbox 555 4637 3414 4725">
     <span class='ocr_line' id='line_1_96' title="bbox 555 4637 3414 4725; baseline -0.007 -12"><span class='ocrx_word' id='word_1_671' title='bbox 555 4654 607 4713; x_wconf 79' lang='grc'><strong>1.</strong></span> <span class='ocrx_word' id='word_1_672' title='bbox 638 4653 690 4709; x_wconf 72' lang='lat'><strong>2.</strong></span> <span class='ocrx_word' id='word_1_673' title='bbox 716 4655 771 4711; x_wconf 79' lang='lat'><strong>5.</strong></span> <span class='ocrx_word' id='word_1_674' title='bbox 822 4637 917 4686; x_wconf 43' lang='grc' dir='ltr'><strong>δ”)</strong></span> <span class='ocrx_word' id='word_1_675' title='bbox 940 4637 1060 4710; x_wconf 83' lang='lat' dir='ltr'><strong>cum</strong></span> <span class='ocrx_word' id='word_1_676' title='bbox 1082 4658 1220 4712; x_wconf 84' lang='lat' dir='ltr'><strong>deest</strong></span> <span class='ocrx_word' id='word_1_677' title='bbox 1247 4637 1326 4710; x_wconf 36' lang='grc' dir='ltr'><strong>ἐξ-</strong></span> <span class='ocrx_word' id='word_1_678' title='bbox 1377 4637 1446 4687; x_wconf 56' lang='grc'><strong>⁸⁵⁸</strong></span> <span class='ocrx_word' id='word_1_679' title='bbox 1468 4637 1707 4710; x_wconf 84' lang='lat' dir='ltr'><strong>nochero</strong></span> <span class='ocrx_word' id='word_1_680' title='bbox 1728 4655 1782 4708; x_wconf 80' lang='grc'><strong>5.</strong></span> <span class='ocrx_word' id='word_1_681' title='bbox 1803 4669 2037 4725; x_wconf 84' lang='lat' dir='ltr'><strong>semper:</strong></span> <span class='ocrx_word' id='word_1_682' title='bbox 2062 4654 2321 4721; x_wconf 79' lang='lat' dir='ltr'><strong>copiosior</strong></span> <span class='ocrx_word' id='word_1_683' title='bbox 2346 4652 2442 4704; x_wconf 79' lang='lat' dir='ltr'><strong>hoc</strong></span> <span class='ocrx_word' id='word_1_684' title='bbox 2467 4649 2782 4710; x_wconf 55' lang='lat' dir='ltr'><strong>loco,textus</strong></span> <span class='ocrx_word' id='word_1_685' title='bbox 2805 4644 2903 4699; x_wconf 70' lang='lat' dir='ltr'><strong>Cll.</strong></span> <span class='ocrx_word' id='word_1_686' title='bbox 2976 4644 3045 4677; x_wconf 78' lang='grc'><strong>⁹¹¹</strong></span> <span class='ocrx_word' id='word_1_687' title='bbox 3063 4639 3324 4696; x_wconf 89' lang='lat' dir='ltr'><strong>euerardo</strong></span> <span class='ocrx_word' id='word_1_688' title='bbox 3360 4637 3414 4691; x_wconf 82' lang='grc'><strong>5.</strong></span> 
     </span>
    </p>
   </div>
   <div class='ocr_carea' id='block_1_97' title="bbox 2040 4763 2254 4821">
    <p class='ocr_par' dir='ltr' id='par_1_97' title="bbox 2040 4763 2254 4821">
     <span class='ocr_line' id='line_1_97' title="bbox 2040 4763 2254 4821; baseline 0.005 -1"><span class='ocrx_word' id='word_1_689' title='bbox 2040 4763 2254 4821; x_wconf 63' lang='lat' dir='ltr'><strong>NOTAE</strong></span> 
     </span>
    </p>
   </div>
   <div class='ocr_carea' id='block_1_98' title="bbox 556 4878 2132 4950">
    <p class='ocr_par' dir='ltr' id='par_1_98' title="bbox 556 4878 2132 4950">
     <span class='ocr_line' id='line_1_98' title="bbox 556 4878 2132 4950; baseline -0.006 -9"><span class='ocrx_word' id='word_1_690' title='bbox 556 4886 698 4941; x_wconf 86' lang='lat' dir='ltr'><strong>rium</strong></span> <span class='ocrx_word' id='word_1_691' title='bbox 732 4884 951 4950; x_wconf 74' lang='lat' dir='ltr'><strong>litterm;</strong></span> <span class='ocrx_word' id='word_1_692' title='bbox 1006 4885 1301 4950; x_wconf 83' lang='lat' dir='ltr'><strong>Chapeav.,</strong></span> <span class='ocrx_word' id='word_1_693' title='bbox 1335 4880 1377 4942; x_wconf 85' lang='lat' dir='ltr'><strong>l.</strong></span> <span class='ocrx_word' id='word_1_694' title='bbox 1409 4879 1510 4936; x_wconf 77' lang='grc'><strong>190</strong></span> <span class='ocrx_word' id='word_1_695' title='bbox 1531 4921 1545 4940; x_wconf 87' lang='grc'><strong>.</strong></span> <span class='ocrx_word' id='word_1_696' title='bbox 1590 4894 1656 4935; x_wconf 71' lang='lat' dir='ltr'><strong>ex</strong></span> <span class='ocrx_word' id='word_1_697' title='bbox 1707 4879 1831 4950; x_wconf 66' lang='lat' dir='ltr'><strong>cod.</strong></span> <span class='ocrx_word' id='word_1_698' title='bbox 1859 4878 2132 4950; x_wconf 76' lang='lat' dir='ltr'><strong>Lohiensi;</strong></span> 
     </span>
    </p>
   </div>
   <div class='ocr_carea' id='block_1_99' title="bbox 554 4948 2135 5027">
    <p class='ocr_par' dir='ltr' id='par_1_99' title="bbox 554 4948 2135 5027">
     <span class='ocr_line' id='line_1_99' title="bbox 554 4948 2135 5027; baseline -0.004 -15"><span class='ocrx_word' id='word_1_699' title='bbox 554 4957 690 5027; x_wconf 84' lang='lat' dir='ltr'><strong>Opp.</strong></span> <span class='ocrx_word' id='word_1_700' title='bbox 722 4948 966 5027; x_wconf 13' lang='lat' dir='ltr'><strong>Ratheﬁrii</strong></span> <span class='ocrx_word' id='word_1_701' title='bbox 1000 4957 1084 5027; x_wconf 89' lang='lat' dir='ltr'><strong>ed.</strong></span> <span class='ocrx_word' id='word_1_702' title='bbox 1113 4948 1386 5027; x_wconf 72' lang='lat' dir='ltr'><strong>Ballerini,</strong></span> <span class='ocrx_word' id='word_1_703' title='bbox 1418 4948 1913 5027; x_wconf 50' lang='lat' dir='ltr'><strong>p._4_59:_tllrLYita</strong></span> <span class='ocrx_word' id='word_1_704' title='bbox 1942 4948 2135 5005; x_wconf 80' lang='lat' dir='ltr'><strong>Balde-</strong></span> 
     </span>
    </p>
   </div>
   <div class='ocr_carea' id='block_1_100' title="bbox 589 5017 1812 5060">
    <p class='ocr_par' dir='ltr' id='par_1_100' title="bbox 589 5017 1812 5060">
     <span class='ocr_line' id='line_1_100' title="bbox 589 5017 1812 5060; baseline 0 0"><span class='ocrx_word' id='word_1_705' title='bbox 589 5017 653 5060; x_wconf 69' lang='lat'><strong>:&#39;..:</strong></span> <span class='ocrx_word' id='word_1_706' title='bbox 686 5027 721 5060; x_wconf 90' lang='grc' dir='ltr'><strong>ιι</strong></span> <span class='ocrx_word' id='word_1_707' title='bbox 776 5043 840 5060; x_wconf 71' lang='grc' dir='ltr'><strong>...ι</strong></span> <span class='ocrx_word' id='word_1_708' title='bbox 893 5026 1030 5060; x_wconf 67' lang='lat' dir='ltr'><strong>Iani</strong></span> <span class='ocrx_word' id='word_1_709' title='bbox 1109 5044 1136 5060; x_wconf 75' lang='grc' dir='ltr'><strong><em>μ</em></strong></span> <span class='ocrx_word' id='word_1_710' title='bbox 1186 5023 1248 5060; x_wconf 67' lang='lat' dir='ltr'><strong>ut</strong></span> <span class='ocrx_word' id='word_1_711' title='bbox 1300 5017 1431 5060; x_wconf 74' lang='lat' dir='ltr'><strong>unn&#39;</strong></span> <span class='ocrx_word' id='word_1_712' title='bbox 1474 5020 1553 5060; x_wconf 65' lang='lat' dir='ltr'><strong>QQ</strong></span> <span class='ocrx_word' id='word_1_713' title='bbox 1603 5017 1666 5060; x_wconf 85' lang='lat' dir='ltr'><strong>tv</strong></span> <span class='ocrx_word' id='word_1_714' title='bbox 1718 5019 1812 5060; x_wconf 69' lang='lat' dir='ltr'><strong>73H</strong></span> 
     </span>
    </p>
   </div>
   <div class='ocr_carea' id='block_1_101' title="bbox 556 5026 1030 5060">
    <p class='ocr_par' dir='ltr' id='par_1_101' title="bbox 556 5026 1030 5060">
     <span class='ocr_line' id='line_1_101' title="bbox 556 5026 1030 5060; baseline 0 0"><span class='ocrx_word' id='word_1_715' title='bbox 776 5043 840 5060; x_wconf 63' lang='grc' dir='ltr'>ιλιι</span> <span class='ocrx_word' id='word_1_716' title='bbox 893 5026 908 5060; x_wconf 78' lang='grc'><strong>1</strong></span> 
     </span>
    </p>
   </div>
   <div class='ocr_carea' id='block_1_102' title="bbox 2244 4859 3811 4933">
    <p class='ocr_par' dir='ltr' id='par_1_102' title="bbox 2244 4859 3811 4933">
     <span class='ocr_line' id='line_1_102' title="bbox 2244 4859 3811 4933; baseline -0.011 -3"><span class='ocrx_word' id='word_1_717' title='bbox 2244 4888 2400 4931; x_wconf 87' lang='lat' dir='ltr'><strong>racro</strong></span> <span class='ocrx_word' id='word_1_718' title='bbox 2451 4874 2515 4927; x_wconf 88' lang='lat' dir='ltr'><strong>de</strong></span> <span class='ocrx_word' id='word_1_719' title='bbox 2551 4869 2811 4926; x_wconf 89' lang='lat' dir='ltr'><strong>miraculo</strong></span> <span class='ocrx_word' id='word_1_720' title='bbox 2844 4867 2935 4922; x_wconf 88' lang='lat' dir='ltr'><strong>illo</strong></span> <span class='ocrx_word' id='word_1_721' title='bbox 2977 4864 3342 4933; x_wconf 88' lang='lat' dir='ltr'><strong>conscriptum</strong></span> <span class='ocrx_word' id='word_1_722' title='bbox 3372 4859 3647 4933; x_wconf 75' lang='lat' dir='ltr'><strong>Chronico</strong></span> <span class='ocrx_word' id='word_1_723' title='bbox 3669 4862 3811 4933; x_wconf 78' lang='lat' dir='ltr'><strong>inse-</strong></span> 
     </span>
    </p>
   </div>
   <div class='ocr_carea' id='block_1_103' title="bbox 2242 4929 3814 5012">
    <p class='ocr_par' dir='ltr' id='par_1_103' title="bbox 2242 4929 3814 5012">
     <span class='ocr_line' id='line_1_103' title="bbox 2242 4929 3814 5012; baseline -0.013 -11"><span class='ocrx_word' id='word_1_724' title='bbox 2242 4929 2385 5001; x_wconf 72' lang='lat' dir='ltr'><strong>ruit.</strong></span> <span class='ocrx_word' id='word_1_725' title='bbox 2401 4944 2700 5012; x_wconf 72' lang='lat' dir='ltr'><strong>Cliapeav.,</strong></span> <span class='ocrx_word' id='word_1_726' title='bbox 2717 4940 2751 5012; x_wconf 78' lang='lat' dir='ltr'><strong>_l</strong></span> <span class='ocrx_word' id='word_1_727' title='bbox 2772 4981 2786 5004; x_wconf 97' lang='lat'><strong>,</strong></span> <span class='ocrx_word' id='word_1_728' title='bbox 2815 4936 2939 5012; x_wconf 47' lang='lat'><strong>19:5.</strong></span> <span class='ocrx_word' id='word_1_729' title='bbox 2960 4929 3398 5012; x_wconf 50' lang='lat' dir='ltr'><strong>Quemdilrrum&quot;</strong></span> <span class='ocrx_word' id='word_1_730' title='bbox 3418 4929 3814 5010; x_wconf 79' lang='lat' dir='ltr'><strong>supposititium</strong></span> 
     </span>
    </p>
   </div>
   <div class='ocr_carea' id='block_1_104' title="bbox 2242 5001 3810 5060">
    <p class='ocr_par' dir='ltr' id='par_1_104' title="bbox 2242 5001 3810 5060">
     <span class='ocr_line' id='line_1_104' title="bbox 2242 5001 3810 5060; baseline -0.006 0"><span class='ocrx_word' id='word_1_731' title='bbox 2242 5030 2363 5060; x_wconf 60' lang='lat' dir='ltr'><strong>ease</strong></span> <span class='ocrx_word' id='word_1_732' title='bbox 2395 5001 2573 5060; x_wconf 47' lang='lat' dir='ltr'><strong>«locu-il</strong></span> <span class='ocrx_word' id='word_1_733' title='bbox 2599 5001 2841 5060; x_wconf 24' lang='grc' dir='ltr'><strong>νινε-111611.</strong></span> <span class='ocrx_word' id='word_1_734' title='bbox 2878 5009 2916 5060; x_wconf 91' lang='grc' dir='ltr'><strong>Ι.</strong></span> <span class='ocrx_word' id='word_1_735' title='bbox 2951 5006 3072 5060; x_wconf 82' lang='grc'><strong>188.</strong></span> <span class='ocrx_word' id='word_1_736' title='bbox 3097 5005 3208 5059; x_wconf 75' lang='lat' dir='ltr'><strong>Cft‘.</strong></span> <span class='ocrx_word' id='word_1_737' title='bbox 3241 5001 3615 5055; x_wconf 87' lang='lat' dir='ltr'><strong>Leodiensinm</strong></span> <span class='ocrx_word' id='word_1_738' title='bbox 3651 5012 3810 5054; x_wconf 82' lang='lat' dir='ltr'><strong>cano-</strong></span> 
     </span>
    </p>
   </div>
  </div>
