4094 5252
543 282 675 338 1091

1076 277 1404 334 llERlGElll
1434 279 1522 334 E'l'
1549 279 1850 335 ANSELMI
1877 278 2107 335 GESTA

2234 276 2348 336 [ες.
2383 277 2639 334 rauca.
2682 276 2875 335 TRAJ.
2920 243 3232 334 nemo.

3668 283 3811 335 1093

495 440 502 446 .
539 394 685 448 diem
719 390 984 446 :ecclcsite
1035 406 1089 444 ιιι
1113 392 1321 446 'nonore
1345 401 1546 446 sanctae
1572 392 1751 447 crucis
1780 393 2124 448 fundamenta
2155 399 2203 454 Α
2234 392 2378 445 unde
2422 391 2489 446 15
2525 391 2786 448 fratribus
2822 393 2997 448 victus
3026 401 3083 448 et
3111 391 3340 448 vestitus
3389 390 3582 447 solatia
3623 395 3827 464 pende-

538 484 735 538 ihidem
787 483 973 537 locare
1019 483 1240 541 stmluit.
1303 483 1624 538 henelicium
1673 484 1816 552 quod
1871 501 1938 539 ex
1987 486 2128 539 dono

540 572 780 641 episcopi
811 572 1049 634 tenebat,
1083 571 1206 624 illuc
1251 573 1565 636 destinavit,
1611 582 1736 626 voto
1776 574 1999 642 insuper
2026 575 2123 628 ad-

539 666 673 718 dens
727 662 972 732 quicquit
1036 662 1104 715 de
1154 677 1252 716 suo
1296 662 1378 714 vel
1429 662 1657 717 haberet
1712 662 1796 716 vel
1849 663 2130 719 habiturus

538 761 706 807 esset.
760 751 966 805 Verum
998 750 1087 803 ubi
1126 750 1290 818 impio
1323 750 1435 813 jam
1479 751 1626 804 dicto
1665 752 1944 820 pervasori
1981 767 2130 805 com-

542 855 756 912 pertum
810 852 893 898 est
937 859 1002 898 eo
1050 843 1152 897 loci
1200 843 1412 896 fundari
1459 835 1786 904 aecclesi'am,
1819 843 1907 896 ubi
1941 857 2125 896 arcem

541 934 646 987 sibi
698 948 835 986 vana
893 947 987 1001 spe
1033 931 1269 986 futuram
1323 932 1392 963 ⁸³⁵
1443 932 1824 1002 speponderat,
1871 947 1977 985 non
2015 931 2130 985 sine

543 1026 728 1080 multis
758 1025 995 1096 querelis
1025 1034 1188 1093 atque
1229 1025 1490 1080 conviciis
1528 1025 1764 1080 recurrit
1802 1025 1870 1078 ad
1921 1025 2130 1094 episco-

542 1131 691 1185 pum;
731 1116 879 1170 illum
906 1115 1144 1186 perfidia:
1170 1124 1390 1170 accusat
1414 1125 1467 1169 et
1503 1114 1710 1168 fraudis
1745 1113 2128 1178 Alemannicaz,

542 1208 633 1277 qui
693 1207 1016 1262 sententiam
1046 1215 1336 1270 mutasset,
1395 1216 1556 1274 atque
1603 1206 1692 1259 ubi
1753 1207 1869 1276 ipse
1905 1207 2127 1260 domum

542 1300 896 1370 postulasset,
939 1299 1010 1354 ibi
1041 1298 1201 1352 fallax
1237 1299 1534 1368 promissor
1575 1299 1872 1353 mcclesiam
1916 1299 2126 1354 fundari

545 1393 875 1446 mandasset.
910 1391 1204 1459 Episcopus
1225 1402 1404 1443 autem
1425 1399 1611 1444 contra
1638 1391 1811 1459 magis
1837 1401 1896 1443 ut
1920 1406 2126 1444 morem

552 1489 768 1549 gereret
820 1480 1200 1550 armipotentis
1241 1480 1309 1515 ’³⁸⁵
1341 1493 1604 1548 persona,
1656 1494 1818 1547 quam
1849 1479 2124 1534 deservire

544 1575 731 1629 volens
761 1574 982 1636 falatize,
1014 1573 1103 1625 diu
1145 1582 1325 1625 manet
1374 1572 1426 1625 in
1467 1571 1858 1626 dissimulando
1897 1571 2016 1640 ejus
2046 1573 2125 1627 rei

542 1665 979 1727 conscientiam;
1025 1674 1185 1732 atque
1230 1664 1295 1716 ad
1352 1663 1796 1718 satisfaciendum
1848 1663 1924 1726 ei,
1972 1665 2125 1733 cujus

544 1760 786 1813 moribus
840 1759 1069 1813 habebat
1115 1760 1410 1821 deservire,
1445 1758 1498 1812 in
1532 1757 1623 1812 tali
1657 1759 1916 1828 temporis
1947 1774 2132 1814 neccs-
2158 1771 2204 1828 Β

544 1852 725 1912 sitate.
769 1852 883 1920 ipso
921 1860 1206 1920 prmsente,
1241 1859 1606 1905 memoratum
1640 1851 1900 1906 accersiri
1962 1850 2127 1918 jussit

543 1943 916 2011 przepositum,
946 1942 1075 2011 quid
1107 1951 1305 2004 struat,
1336 1956 1443 2010 qua
1484 1956 1600 2011 spe,
1635 1957 1740 2011 qua
1770 1942 1978 2004 lidutia,
2023 1959 2116 1997 cu-

537 2034 696 2103 jusre
723 2034 876 2104 jussu
925 2033 1026 2088 hoc
1066 2033 1291 2102 cmperit
1317 2033 1412 2096 93",
1449 2047 1555 2087 non
1595 2033 1712 2088 sine
1763 2032 1930 2086 multa
1973 2033 2126 2103 quasi

545 2129 914 2200 indignatione
946 2130 1166 2200 rogitat.
1211 2130 1302 2184 llle
1330 2139 1508 2183 autem
1540 2145 1661 2184 cum
1703 2145 1914 2185 summa
1945 2131 2126 2185 humi-

544 2220 716 2285 litate,
749 2221 895 2274 nullo
923 2221 1244 2275 temeritatis
1274 2221 1472 2286 studio,
1505 2236 1603 2291 pro
1631 2221 1832 2276 nullius
1881 2223 2008 2277 odio
2031 2223 2125 2286 ’38,

547 2312 714 2365 immo
778 2313 880 2366 hoc
933 2313 1002 2366 oh
1087 2311 1468 2380 Redemptoris
1534 2313 1760 2382 ejusque
1818 2314 2130 2367 reverenda:

545 2405 726 2460 crucis
774 2405 1070 2474 impensius
1115 2405 1406 2474 optinenda
1463 2405 1740 2475 sull‘ragia,
1785 2407 1852 2460 ad
1902 2406 1974 2438 ’”
2027 2406 2129 2460 hoc

547 2510 667 2550 sese
693 2511 812 2550 esse
841 2497 1130 2551 adductum
1172 2497 1478 2564 respondet.
1519 2495 1758 2560 Terram,
1797 2496 1994 2565 inquit,
2031 2495 2130 2548 ibi-

545 2585 662 2640 dem
685 2586 853 2640 inveni
876 2603 1090 2640 vacuam
1114 2603 1208 2655 per
1233 2587 1422 2639 multos
1445 2584 1610 2641 annos
1632 2585 1859 2656 alicujus
1884 2585 2130 2638 utilitatis

547 2676 866 2740 immunem;
922 2677 1086 2730 visum
1131 2687 1207 2731 est
1255 2677 1384 2730 milii
1448 2677 1594 2731 illaut
1645 2677 1893 2732 rrcclesire
1938 2686 2131 2731 sancta:

549 2767 742 2830 crucis,
792 2767 944 2836 cujus
991 2779 1037 2820 et
1089 2767 1432 2836 fundamenta
1480 2778 1685 2821 struere
1720 2769 1868 2836 crrpi,
1903 2768 2130 2820 maxime

545 2874 655 2912 esse
685 2858 948 2912 idoneam.
982 2859 1135 2924 Quod
1163 2860 1207 2912 si
1242 2859 1312 2892 ’W
1349 2860 1504 2914 aliter
1535 2870 1738 2921 vestrm,
1771 2860 1962 2912 domne
1989 2874 2131 2928 pt'w-

529 2951 650 3014 sul,
689 2952 830 3004 sedet
871 2952 1163 3016 sententia,
1207 2953 1312 3006 sive
1355 2951 1521 3021 placet
1564 2952 1750 3004 domus
1803 2950 1896 3002 Dei
1938 2950 2134 3019 [iunia-

548 3035 736 3096 mcnta'
771 3043 824 3096 in
871 3048 1174 3112 pra'donum
1213 3045 1524 3096 commutari
1557 3042 1838 3112 refugium,
1894 3041 1968 3094 nil
2017 3057 2131 3093 mra

2234 494 2441 539 rentur.

2301 595 2390 648 27.
2417 595 2494 650 De
2513 596 2742 650 ecclesiis
2765 598 2934 652 sancti
2958 597 3195 668 Dyonisii
3217 606 3264 651 et
3290 612 3416 651 sane
3441 597 3458 649 i
3482 597 3768 653 Johannis.

2311 705 2428 760 Alia
2466 706 2851 761 uichilominus
2884 708 3050 777 ipsius
3094 707 3442 762 amminiculo
3474 709 3694 762 condita
3748 719 3828 762 est

2233 799 2462 853 ecclesia
2513 815 2541 852 a
2593 799 2856 854 Nithardo
2921 801 3142 854 custode
3190 799 3411 867 majoris
3470 801 3721 855 ecclesia:
3775 803 3826 854 in

2240 888 2447 943 honore
2507 887 2651 942 beati
2703 889 2957 960 martyris
3009 889 3272 960 Dyouisii.
3324 890 3381 944 ln
3430 907 3534 960 qua
3589 893 3828 961 primum

2232 978 2449 1049 quidem
2490 977 2560 1032 20
2587 979 2952 1050 aggregati’“
2997 988 3123 1033 sunt
3170 979 3447 1045 canonici,
3499 983 3828 1050 procedente

2229 1089 2360 1127 vero
2388 1082 2630 1142 tempore
2665 1074 2865 1128 additis
2893 1074 3078 1128 decem
3109 1073 3160 1126 in
3198 1074 3552 1128 tricenarium
3585 1075 3826 1144 ipsorum

2233 1180 2492 1219 numerus
2521 1165 2785 1220 excrevit.
2819 1165 2937 1234 Ipse
2983 1177 3114 1218 vero
3161 1174 3420 1232 praetcrea
3471 1179 3574 1216 suo
3609 1164 3829 1217 nomine

2235 1256 2525 1310 ecclesiam
2556 1257 2607 1308 in
2646 1256 2854 1310 honore
2880 1255 3020 1310 beati
3046 1254 3308 1309 Johannis
3332 1254 3681 1322 evangelista:
3703 1270 3830 1308 con-

2231 1347 2430 1399 struxit
2460 1345 2611 1415 (457)
2663 1354 2716 1398 ct
2763 1345 3061 1407 dedicavit,
3090 1343 3159 1398 50
3192 1344 3391 1398 fratres
3431 1345 3732 1399 cmrooicos
3763 1345 3828 1398 axl

2231 1438 2573 1491 serviendum
2624 1438 2733 1491 Deo
2760 1438 3067 1498 ordinavit,
3102 1435 3296 1490 fundos
3324 1451 3354 1489 a
3387 1452 3445 1490 se
3491 1437 3827 1505 adquisitos,

2231 1531 2372 1582 unde
2403 1528 2673 1583 suflicicns
2707 1529 2811 1582 illis
2861 1529 3038 1582 victus
3084 1537 3138 1580 et
3188 1531 3418 1582 vestitus
3454 1538 3630 1590 esset,
3665 1527 3831 1594 depu-

2233 1621 2400 1682 tavit,
2432 1635 2736 1688 corpusque
2782 1636 2936 1672 suum
2961 1661 2975 1677 .
3005 1619 3147 1689 quod
3175 1628 3229 1672 et
3267 1618 3473 1672 factum
3517 1618 3828 1681 cernimus,

2235 1711 2432 1764 ibidem
2470 1711 2688 1780 sepeliri
2725 1711 3023 1764 mandavit.

2265 1841 2441 1896 28’".
2484 1841 2696 1908 Quanta
2747 1842 2826 1894 illi
2865 1859 2994 1896 cura
3057 1859 3182 1911 erga
3246 1840 3549 1895 educandos
3593 1855 3793 1910 pueros

2967 1912 3143 1981 fuerit.

2307 2023 2536 2078 Maxima
2574 2026 2648 2079 illi
2681 2025 2826 2080 circa
2861 2024 3169 2080 educandos
3218 2039 3418 2094 pueros
3461 2034 3582 2080 erat
3629 2023 3832 2079 sollici-

2231 2119 2388 2182 tudo,
2420 2120 2748 2188 eosdemque
2785 2134 2908 2173 cum
2953 2118 3354 2173 mcclesiasticis
3398 2118 3706 2187 disciplinis
3744 2118 3827 2170 in-

2232 2212 2554 2274 struendos,
2607 2212 2743 2264 adeo
2805 2220 2862 2264 ttt
2919 2224 3264 2279 quocumque
3316 2209 3399 2262 vel
3445 2210 3514 2261 ad
3565 2209 3823 2277 proxima

2237 2303 2319 2356 vel
2349 2303 2414 2355 ad
2440 2295 2730 2372 longinqua
2765 2301 2876 2354 loca
2919 2299 3066 2367 (£58)
3104 2308 3393 2368 pergeret,
3424 2297 3669 2352 scolares
3698 2298 3826 2350 ado-

2239 2391 2543 2456 lescentes,
2592 2391 2682 2459 qui
2716 2390 2808 2443 uni
2838 2405 2903 2442 ex
2935 2387 3232 2457 capellanis
3261 2387 3361 2440 sub
3392 2388 3674 2441 artissima
3722 2401 3825 2438 non

2230 2482 2388 2536 aliter
2431 2496 2591 2550 quam
2649 2481 2700 2533 in
2750 2478 2913 2533 scolis
2961 2486 3221 2547 parerent
3271 2476 3589 2545 disciplina,
3643 2491 3824 2530 scema

2231 2573 2484 2634 duceret,
2529 2584 2764 2638 eumque
2814 2569 2900 2622 his
2941 2567 3205 2621 librorum
3259 2568 3471 2634 copiam
3529 2577 3825 2632 ceteraque

2230 2677 2380 2716 arma
2408 2661 2638 2716 scolaria
2687 2657 3029 2713 circumferri
3062 2656 3288 2712 faceret.
3339 2656 3542 2726 Sicque
3573 2656 3742 2710 ﬁebat
3767 2665 3823 2708 ut

2232 2766 2367 2820 quos
2397 2751 2718 2819 plerumque
2748 2749 2909 2803 rudes
2954 2756 3009 2802 ct
3059 2747 3341 2801 illiteratos
3369 2761 3398 2798 a
3447 2746 3696 2800 claustro
3731 2746 3825 2798 ah-

2233 2841 2483 2893 dnsissct
2503 2879 2516 2902 ,
2549 2847 2603 2894 et
2632 2839 2780 2908 ipsos
2809 2854 2945 2907 quos
2975 2838 3126 2906 prius
3155 2837 3448 2907 magistros
3482 2838 3821 2897 habuerunt,

2235 2930 2286 2984 in
2319 2931 2622 2985 litterarum
2653 2931 2988 2999 perfectione
3021 2929 3312 2983 redeuntes
3336 2938 3683 2998 superarent.
3717 2926 3820 2981 Sed

2235 3035 2429 3075 vereor
2478 3035 2548 3074 ne
2583 3021 2956 3090 hujuscemodi
3009 3035 3068 3074 se
3117 3028 3369 3073 tueantur
3408 3021 3696 3089 exemplo,
3734 3021 3822 3088 qui

547 3131 784 3186 intererit
808 3133 873 3164 ⁸⁸³
904 3134 1050 3187 bona:
1071 3132 1354 3187 voluntatis
1377 3150 1398 3197 ;
1421 3135 1466 3186 si
1491 3151 1593 3204 qua
1617 3145 1692 3186 est
1720 3149 1783 3186 ea:
1807 3148 1906 3194 me,
1934 3147 2127 3184 merces

2234 3125 2264 3165 e
2305 3110 2604 3164 scolarihus
2636 3111 2736 3164 alis
2785 3113 2838 3164 in
2890 3111 3071 3165 curias
3107 3125 3292 3180 regum
3337 3122 3393 3165 et
3442 3114 3821 3182 episcoporum

548 3224 678 3276 mihi
701 3241 732 3277 a
766 3223 874 3277 Deo
905 3240 1008 3277 non
1047 3224 1231 3277 deerit.
1262 3222 1324 3278 Si
1353 3226 1470 3294 quis
1495 3235 1674 3278 autem
1715 3240 1778 3276 ne
1811 3225 1921 3277 lia’c
1953 3221 2134 3275 (eccle-

547 3317 642 3369 sia:
674 3317 726 3394 in
752 3317 947 3368 honore
971 3315 1064 3370 Dei
1081 3328 1470 3370 consummetnr
1486 3318 1555 3350 ’"
1578 3319 1851 3378 obstiterit,
1871 3317 2135 3386 superlioc

547 3404 746 3474 peccati
771 3404 1014 3458 immunis
1043 3403 1210 3477 [esse]
1242 3423 1342 3460 non
1379 3408 1585 3475 poterit.
1621 3407 1857 3461 Audiens
1886 3408 1985 3461 hoc
2023 3407 2137 3474 epi-

552 3511 769 3566 scopus,
793 3496 904 3565 jam
931 3498 1117 3550 sedato
1147 3499 1318 3562 vultu,
1343 3499 1497 3566 quasi
1527 3499 1662 3551 iram
1697 3498 1995 3567 reprimens
2025 3515 2036 3550 :
2073 3496 2133 3550 Si

548 3588 674 3656 quid
707 3586 876 3650 aliud,
921 3588 1115 3658 inquit,
1144 3588 1212 3641 ibi
1259 3591 1518 3657 cirpisses,
1552 3606 1646 3658 pro
1672 3599 1812 3642 certo
1844 3589 1898 3640 id
1926 3588 2126 3656 frustra

549 3688 704 3741 esset,
736 3676 968 3749 ﬁdesque
1011 3681 1178 3732 amico
1218 3680 1486 3747 promissis
1525 3678 1828 3732 inconrulsa
1879 3691 2131 3732 maneret.

550 3769 616 3822 At
665 3785 803 3822 nunc
849 3768 1271 3838 quandoquidem
1322 3771 1556 3822 salvator
1597 3769 1766 3821 crucis
1805 3784 1917 3821 sine
1947 3767 2133 3821 vexillo

552 3859 692 3912 hunc
750 3859 920 3911 locum
966 3875 1058 3928 per
1107 3869 1155 3911 te
1207 3860 1469 3912 destinare
1515 3857 1696 3921 voluit,
1748 3857 1885 3926 quod
1937 3857 2135 3925 (cepisti

548 3951 914 4002 inconcussum
965 3949 1410 4013 conservabimus,
1460 3951 1620 4001 immo
1685 3965 1803 4018 qua:
1846 3951 2134 4019 poterimus

549 4038 908 4108 supplementa
933 4039 1398 4107 suppeditnbimns.
1424 4037 1690 4108 lnjnriam
1725 4055 1946 4106 namque
1973 4036 2133 4091 Crea-

553 4129 656 4180 tori
700 4129 1011 4195 inferimns,
1059 4131 1102 4181 si
1149 4129 1444 4198 posthabito
1490 4128 1560 4159 ⁸⁸³
1593 4145 1652 4182 eo
1691 4128 1762 4160 ’“
1805 4145 1946 4197 spem
1987 4143 2134 4182 vana:

554 4217 742 4272 salutis
771 4235 823 4271 in
850 4220 1013 4272 armis
1053 4219 1322 4272 hominum
1357 4221 1708 4289 posuerimus.
1759 4217 1840 4273 Ita
1892 4219 2134 4287 profecto

553 4308 706 4362 dolus
744 4309 861 4377 ejus
893 4313 981 4379 qui
1012 4312 1123 4380 jam
1160 4311 1343 4380 rapina
1392 4311 1555 4364 animi
1588 4319 1906 4380 pervaserat
1941 4311 2132 4364 :eccle-

555 4402 792 4466 siastica,
826 4403 1166 4458 laudabiliter
1197 4405 1331 4458 satis
1358 4403 1659 4473 splendida,
1701 4404 1986 4458 admodum
2022 4419 2125 4456 non

2239 3213 2470 3272 quemnt
2493 3212 2893 3272 etumpere,et,
2912 3204 3412 3274 disciplinrejngum
3437 3205 3820 3264 detrectantes.

2238 3297 2444 3351 levitati
2474 3298 2713 3351 animum
2744 3298 2874 3352 dare
2897 3299 3252 3357 contendunt,
3275 3312 3410 3366 quos
3433 3311 3534 3365 ego
3546 3294 3620 3326 ’δ’
3644 3295 3822 3349 felices

2231 3391 2589 3460 judicaverim
2611 3433 2625 3455 ,
2663 3393 2706 3446 si
2739 3391 2790 3446 in
2821 3391 2968 3446 nullo
2997 3390 3064 3444 ab
3093 3391 3248 3445 istius
3272 3388 3504 3456 exempli
3539 3387 3817 3456 disriplina

2237 3485 2688 3538 exorbitaverint.
2724 3481 2858 3536 Nam
2891 3483 2935 3536 si
2975 3497 3118 3536 nunc
3173 3483 3431 3549 temporis
3463 3481 3605 3533 inter
3632 3480 3822 3548 strepi-

2237 3586 2325 3628 tus
2372 3573 2651 3627 curiarum
2701 3573 2885 3626 studia
2934 3573 3196 3626 bonarum
3230 3572 3436 3624 arcium
3489 3572 3622 3623 haut
3668 3584 3822 3622 secus

2238 3679 2400 3734 quam
2429 3663 2479 3716 in
2507 3661 2816 3716 claustrim
2858 3662 3041 3731 quiete
3065 3661 3373 3716 constiterit
3405 3659 3608 3727 valere,
3648 3660 3715 3712 de
3744 3674 3822 3711 re-

2238 3752 2475 3807 missiori
2527 3751 2593 3804 ad
2643 3752 2909 3806 arciorem
2941 3752 3180 3807 discendi
3235 3753 3374 3804 viam
3407 3767 3514 3805 non
3567 3765 3820 3816 negamus

2237 3843 2516 3897 convolari
2550 3842 2771 3896 debere.
2805 3841 2900 3895 Sin
2928 3850 3106 3894 autem
3141 3842 3298 3910 longe
3325 3851 3408 3895 est
3439 3859 3527 3896 res
3551 3857 3582 3896 c
3614 3854 3819 3896 contra.

2236 3935 2350 3998 rio,
2380 3934 2545 3987 immo
2591 3935 2714 4002 quia
2737 3933 2809 3965 ⁹⁸⁰
2855 3944 2959 3998 est,
3016 3941 3193 3987 cesset
3252 3932 3392 3986 ultra
3441 3933 3646 3988 lasciva
3697 3944 3818 3986 a‘tas

2237 4023 2400 4078 falsas
2425 4023 2767 4078 instabilitati
2792 4039 2902 4078 suae
2926 4038 3121 4077 causas
3148 4024 3506 4092 prmtendere,
3531 4025 3659 4094 quia
3685 4023 3816 4089 quod

2238 4117 2292 4170 in
2321 4115 2712 4184 tranquillitate
2757 4116 2982 4171 claustri
3019 4115 3293 4182 neglexit,
3321 4129 3511 4167 verum
3563 4125 3648 4167 cst
3683 4114 3816 4183 quod

2236 4224 2577 4276 nequaquam
2609 4209 2660 4261 in
2691 4208 3070 4262 tumultuantis
3095 4207 3263 4262 seculi
3289 4205 3508 4260 turbine
3536 4209 3710 4276 possit
3737 4222 3814 4259 as-

2237 4299 2418 4367 sequi,
2448 4300 2802 4368 qnamque'“
2831 4315 2863 4353 ο
2887 4300 2931 4353 si
2961 4299 3162 4354 nostris
3193 4299 3529 4366 temporibus
3563 4310 3672 4352 tam
3719 4315 3808 4351 au-

2237 4407 2326 4445 rea
2359 4400 2578 4458 possent
2611 4391 2852 4445 revocari
2886 4391 3069 4445 secula
3091 4432 3106 4454 ,
3137 4400 3192 4444 ut
3221 4391 3273 4443 in
3306 4389 3530 4457 capellis
3563 4400 3673 4442 tam
3725 4390 3814 4442 im-

556 4493 768 4558 fraude,
806 4495 901 4549 sed
949 4497 1208 4550 industria
1243 4497 1507 4566 pontificis
1549 4495 1932 4564 compescitur.
1971 4492 2125 4548 rEdi-
2161 4484 2209 4542 D
2238 4484 2507 4553 peratoris
2537 4499 2699 4553 quam
2729 4485 3104 4554 episcoporum
3151 4482 3224 4536 nil
3268 4483 3441 4552 magis
3475 4491 3814 4552 appeteretur

559 4585 737 4638 ficium
778 4585 1033 4642 (ecclesiae
1064 4601 1183 4640 cum
1217 4585 1456 4640 claustro
1485 4594 1540 4638 et
1573 4585 1824 4651 congruis
1871 4599 1968 4653 pro
2016 4583 2157 4636 loco-

555 4676 785 4732 ollicinis
812 4689 1219 4733 consummatur
1244 4677 1313 4710 m
1344 4678 1639 4746 eademque
1684 4676 1737 4729 in
1783 4676 1982 4728 honore
2013 4688 2138 4727 san-

555 4777 658 4822 cta:
709 4771 886 4825 crucis
932 4770 1204 4836 dedicata,
1257 4770 1404 4842 agris
1475 4779 1529 4823 ct
1589 4768 1811 4823 decimis
1861 4765 2132 4830 donatur;

2239 4592 2401 4644 quam
2431 4591 2553 4628 cum
2585 4577 2890 4629 litterarum
2940 4575 3120 4629 studio
3166 4590 3376 4628 tuorum
3411 4573 3722 4641 disc-plina!
3748 4574 3811 4625 At

2239 4685 2382 4724 nunc
2411 4668 2619 4736 quia’“
2648 4669 2808 4738 longe
2853 4684 2942 4724 res
2985 4678 3068 4724 est
3115 4679 3333 4731 contra,
3369 4683 3468 4721 nos
3509 4680 3724 4736 quoque
3749 4667 3808 4717 ad

2241 4771 2488 4814 nostrum
2522 4759 2814 4815 Notkcrum
2853 4773 3212 4816 revertamur.

1843 4898 2074 4953 VARUE
2112 4895 2517 4951 LECTlONFS.

625 5018 695 5044 ΙΙΙ
749 5019 883 5044 -Ι---ι
934 5021 964 5043 ’ἱ
1057 5019 1076 5044 ι
1207 5020 1276 5044 01R
1322 5020 1599 5044 -_...:....c!-
1657 5020 1674 5044 ι
1741 5018 1774 5044 ο
1822 5017 1851 5044 τ
1990 5018 2056 5044 .ζῖ
2091 5017 2284 5042 ληίην-ον’
